4038 6308
312 246 426 306 609

1748 232 2221 293 DlSSERTATlO.

3514 228 3622 284 OlO

316 361 457 427 lusa,
480 358 662 426 dubia,
684 366 739 415 et
760 354 1173 429 amphibologia:
1199 354 1352 427 plena
1375 353 1502 410 sint.
1525 353 1595 408 At
1612 351 1734 408 talia
1758 352 1923 409 fuisse
1950 353 2001 414 Α
2029 349 2205 422 Pythii
2248 357 2503 419 responsa
2530 341 2809 409 conﬁnxit,
2835 356 2955 399 cum
2981 341 3091 413 jam
3116 339 3309 413 Apollo
3330 355 3519 399 versus
3546 344 3624 400 fa-

327 454 668 514 et'hnicorum
698 456 916 512 oracula
944 456 1021 511 sic
1050 462 1274 511 eventus
1302 452 1567 525 probavit,
1594 461 1651 507 ut
1680 452 1732 507 id
1755 451 1922 508 Catci-

315 553 423 609 lius
451 568 556 608 non
584 553 819 625 potuerit
847 550 1094 607 inliciari.

394 645 476 701 Ad
531 643 675 700 aliud
733 644 912 715 itaque
967 641 1206 713 confugit
1255 641 1731 713 propugnaculum,
1787 640 1928 698 unde

320 748 509 797 contra
551 737 978 795 Christianorum
1019 738 1250 807 impetus
1276 736 1410 791 deos
1447 750 1595 800 suos,
1636 749 1929 805 eorumque

319 833 731 905 superstitiosos
760 831 938 889 cultus
969 830 1177 886 felicius
1213 846 1272 886 se
1310 829 1656 886 defensurum
1700 829 1927 885 arbitra-

322 936 431 982 tur.
465 925 634 997 Urget
662 940 791 996 ergo
823 938 1105 993 reSponsa,
1134 938 1254 994 qua:
1280 931 1431 978 vates
1460 922 1511 976 in
1551 921 1762 992 templis
1801 920 1928 977 red-

319 1019 456 1075 dere
496 1018 762 1075 solebant.
798 1015 1089 1073 Contendit
1137 1015 1280 1071 enim
1324 1014 1445 1070 illos
1490 1016 1541 1068 in
1592 1013 1778 1069 iisdem
1819 1013 1932 1069 suis

325 1109 561 1180 templis,
587 1109 676 1165 ubi
698 1108 829 1165 deos
858 1108 1101 1162 habitare
1120 1107 1502 1178 opinabantur,
1531 1106 1714 1162 divino
1742 1121 1929 1161 eorum

326 1201 510 1258 afﬂatu
530 1216 592 1257 ac
620 1200 840 1257 numine
860 1200 1048 1272 plenos
1074 1198 1250 1254 futura
1275 1199 1608 1268 prmdixisse,
1631 1214 1695 1253 ac
1718 1198 1933 1254 dedisse

325 1293 591 1350 cautelam
624 1292 898 1363 periculis,
938 1290 1142 1347 morbis
1180 1289 1463 1356 medelam,
1508 1304 1658 1360 spem
1696 1288 1929 1356 afﬂicns,

325 1395 381 1443 et
409 1386 528 1442 aliis
574 1385 826 1441 solatium
876 1391 969 1438 aut
1016 1385 1281 1439 levamen.
1316 1381 1509 1436 Verum
1552 1381 1822 1453 quomodo
1859 1381 1932 1436 dii

326 1480 407 1536 illi
454 1479 571 1535 haac
623 1486 880 1550 praestare
926 1477 1248 1548 patuissent,
1293 1491 1429 1547 quos
1470 1477 1732 1532 Minucius
1774 1476 1934 1547 plane

327 1574 545 1630 ﬁctitius
574 1615 590 1640 ,
632 1573 917 1643 nullosque
943 1586 1064 1629 esse
1114 1588 1368 1642 perquam
1409 1571 1810 1628 evidentissime
1839 1572 1934 1627 de-

327 1675 727 1724 monstraverat
745 1665 768 1719 ?

402 1760 482 1818 Ne
510 1771 687 1817 tamen
732 1759 949 1831 petitam
987 1776 1053 1815 ex
1089 1758 1374 1825 vaticiniis,
1413 1757 1624 1813 illorum
1667 1756 1741 1812 uti
1784 1767 1932 1826 puta-

329 1854 457 1911 bant
485 1853 707 1921 ethnici,
746 1852 929 1908 afflatu
961 1852 1140 1919 editis,
1173 1852 1711 1923 argumentationem,
1744 1866 1935 1921 quam-

328 1948 413 2005 vis
433 1947 545 2019 jam
569 1961 835 2013 eversam,
866 1945 1121 2002 declinari
1148 1944 1395 2000 Cat-cilius
1421 1954 1753 2008 causaretur,
1783 1944 1934 2014 plura

329 2039 535 2097 idcirco
574 2048 736 2108 atque
765 2036 1062 2093 celebriora
1099 2047 1278 2091 vatum
1318 2051 1573 2106 responsa
1626 2035 1934 2105 singillatim

330 2133 590 2198 confutat,
641 2147 706 2188 ac
750 2131 1070 2188 Christianis
1112 2146 1390 2202 perperam
1434 2130 1593 2200 objici
1647 2130 1881 2187 ostendit
1922 2151 1935 2185 :

337 2246 357 2280 ι
403 2227 536 2295 Qua:
563 2242 692 2283 vero
724 2266 740 2293 ,
771 2236 826 2282 et
853 2234 1052 2298 quanta
1085 2225 1155 2282 de
1177 2224 1409 2280 oraculis
1438 2227 1777 2295 prosequar?
1814 2224 1944 2279 Post

334 2330 564 2378 mortem
596 2321 959 2393 Amphiaraus
983 2330 1211 2377 ventura
1235 2320 1529 2389 respondit,
1558 2321 1647 2389 qui
1674 2316 1943 2389 proditum

336 2414 404 2471 iri
427 2430 487 2471 se
517 2415 586 2470 ob
607 2414 808 2471 monile
832 2414 900 2470 ab
922 2428 1091 2469 uxore
1115 2412 1359 2469 nescivit.
1401 2431 1419 2465 ι
1452 2410 1724 2484 Eriphyla:
1746 2427 1942 2468 nomen

334 2507 463 2565 huic
497 2508 598 2564 fuit
637 2509 951 2579 Amphiarai
985 2507 1158 2574 uxori,
1205 2505 1275 2562 de
1322 2522 1426 2577 qua
1473 2506 1714 2561 Cicero:
1758 2522 1780 2559 ι
1826 2505 1947 2561 Eri-

254 2608 271 2622 '
339 2603 557 2677 phylam
584 2603 894 2675 accepimus
933 2603 985 2657 in
1026 2601 1223 2657 fabulis
1260 2615 1324 2657 ea
1362 2599 1676 2670 cupiditate,
1722 2609 1779 2655 ut
1820 2615 1940 2656 cum

340 2696 572 2752 vidisset
611 2696 835 2763 monile,
870 2705 929 2751 ut
953 2695 1165 2766 opinor,
1189 2708 1256 2749 ex
1282 2708 1416 2748 auro
1456 2702 1511 2748 et
1549 2693 1799 2764 gemmis,
1850 2713 1869 2746 ι
1914 2709 1944 2748 a

337 2788 597 2861 Polynice
622 2788 881 2854 oblatum,
904 2806 923 2839 ι
963 2786 1362 2859 pulchritudine
1388 2785 1505 2856 ejus
1532 2787 1770 2853 incensa,
1802 2786 1946 2842 salu-

339 2892 451 2938 tem
499 2882 598 2937 viri
642 2881 898 2953 proderet
925 2880 1303 2953 i(Cicer.~lib.
1342 2894 1419 2949 ιχ,
1447 2880 1501 2934 in
1533 2879 1785 2947 Verrem,
1824 2895 1945 2951 pag.

2025 458 2149 500 cere
2169 440 2438 496 desiisset.
2481 459 2499 491 ι
2534 438 2666 507 Quae
2689 435 2873 508 procul
2899 435 3063 491 dubio
3091 434 3378 506 desumpta
3402 445 3624 493 suntex

2028 534 2115 592 his
2159 533 2435 591 Ciceronis
2473 531 2649 588 verbis
2692 547 2706 585 :
2747 550 2766 585 ι
2813 530 3140 586 Herodotum
3190 546 3257 584 an
3297 530 3625 587 veraciorem

2028 629 2222 684 ducam
2255 628 2461 683 Ennio?
2488 625 2625 680 Num
2648 624 2825 679 minus
2847 624 2934 678 ille
2958 623 3134 694 potuit
3158 621 3226 678 de
3240 620 3442 689 Crasso,
3467 636 3627 694 quam

2029 721 2098 777 de
2128 719 2331 793 Pyrrho
2360 720 2560 791 fingere
2594 717 2832 773 Ennius?
2854 716 2984 785 Quis
3014 716 3155 772 enim
3186 726 3291 783 εει,
3323 714 3413 787 qui
3442 714 3630 772 credat

2034 812 2300 883 Apollinis
2321 827 2385 867 ex
2412 811 2635 867 oraculo
2665 810 2769 865 hoc
2792 824 2913 866 esse
2937 823 3288 879 responsum:

2280 926 2373 977 Aio
2396 932 2468 987 te,
2488 924 2701 984 )Eacida,
2722 924 2966 975 Romanos
2989 926 3194 975 vincere
3217 936 3380 987 posse.

2034 1036 2274 1091 Primum
2297 1035 2458 1090 latine
2486 1050 2775 1106 numquam
2815 1033 3010 1105 Apollo
3047 1035 3259 1090 locutus
3288 1042 3394 1090 est.
3428 1032 3634 1090 Deinde

2038 1130 2137 1184 ista
2168 1143 2291 1184 sors
2315 1128 2547 1184 inaudita
2576 1127 2784 1183 Graacis
2825 1136 2927 1182 est.
2978 1126 3250 1183 Praeterea
3277 1125 3467 1198 Pyrrhi
3494 1136 3632 1180 tem-

2034 1221 2251 1293 poribus
2276 1221 2385 1291 jam
2409 1220 2602 1292 Apollo
2627 1234 2817 1276 versus
2839 1218 3019 1275 facere
3045 1218 3301 1275 desierat.
3325 1218 3633 1286 Posu'emo,

2037 1328 2359 1384 quamquam
2387 1327 2603 1383 semper
2629 1310 2769 1379 fuit,
2799 1320 2858 1366 ut
2886 1310 3027 1382 apud
3060 1311 3287 1366 Ennium
3320 1320 3404 1368 cst
3433 1353 3446 1376 ,
3488 1311 3635 1366 stoli-

2038 1406 2165 1462 dum
2195 1406 2537 1462 [Eacidarum
2589 1421 2884 1477 genus.....
2928 1417 3105 1461 tamen
3136 1406 3274 1462 hanc
3302 1405 3640 1478 amphibolo-

2037 1501 2178 1571 giam
2213 1515 2399 1556 versus
2426 1500 2729 1572 intelligere
2768 1501 3035 1573 potuisset
3058 1542 3072 1564 ,
3105 1502 3321 1557 vincere
3357 1513 3409 1558 te
3435 1502 3638 1557 Roma-

2040 1611 2161 1662 nos,
2194 1594 2360 1650 nihilo
2386 1596 2557 1665 magis
2587 1592 2640 1649 in
2675 1609 2754 1658 se,
2785 1609 2945 1665 quam
2978 1594 3030 1648 in
3062 1594 3336 1650 Romanos
3362 1595 3637 1651 valere....

1962 1707 2009 1768 Β
2040 1687 2147 1743 Sed
2174 1688 2315 1758 quod
2357 1699 2518 1758 caput
2545 1698 2647 1755 est,
2679 1703 2776 1744 cur
2807 1690 2909 1742 isto
2939 1687 3101 1743 modo
3124 1689 3234 1758 jam
3266 1691 3479 1746 oracula
3517 1691 3640 1746 Del-

2039 1780 2160 1851 phis
2204 1796 2308 1836 non
2352 1781 2607 1848 eduntur,
2634 1797 2738 1836 non
2772 1780 2934 1838 modo
2967 1791 3148 1837 nostra
3178 1792 3357 1849 mtate,
3400 1783 3494 1839 sed
3530 1783 3641 1856 jam

2037 1875 2162 1942 diu;
2208 1875 2319 1946 jam
2370 1885 2428 1931 ut
2480 1875 2610 1932 nihil
2652 1881 2820 1946 possit
2850 1891 2973 1934 esse
2998 1878 3361 1949 contemptius
3394 1898 3414 1933 ι
3445 1879 3641 1951 (Cicer.

2038 1969 2133 2025 lib.
2158 1985 2196 2025 ιι
2225 1970 2288 2024 de
2316 1967 2513 2037 Divin.,
2545 1986 2664 2042 pag.
2689 1969 2819 2038 296,
2854 1971 2951 2026 lin.
2986 1971 3103 2043 21).

2116 2062 2377 2133 lntelligis
2430 2078 2559 2119 sane
2610 2074 2865 2133 quantum
2916 2064 3139 2120 deducta
3192 2080 3254 2121 ex
3306 2064 3644 2122 ethnicorum

2040 2154 2273 2210 oraculis
2316 2155 2369 2210 in
2408 2155 2624 2211 illorum
2673 2156 2949 2228 religionis
2988 2156 3214 2228 gratiam
3252 2159 3648 2230 argumentatio

2045 2247 2114 2301 ab
2139 2247 2369 2317 ipsomet
2400 2247 2662 2303 Cicerone
2705 2250 3026 2305 infirmetur.
3057 2251 3123 2305 Et
3150 2261 3296 2307 certe
3325 2262 3522 2323 praeter
3563 2268 3649 2308 ra-

2048 2341 2221 2394 tiones
2266 2339 2337 2395 ab
2378 2355 2445 2396 eo
2489 2341 2702 2406 allatas,
2750 2342 2898 2397 solus
2924 2342 3013 2399 ille
3050 2344 3389 2400 oraculorum
3430 2355 3556 2403 ante
3592 2357 3649 2404 et

2047 2433 2215 2488 multo
2266 2433 2437 2503 magis
2486 2442 2608 2505 post
2647 2433 2890 2491 Oratoris
2927 2445 3139 2493 mtatem
3179 2437 3442 2505 defectus,
3486 2448 3649 2512 atque

2046 2540 2235 2581 eorum
2277 2525 2695 2599 amphibologia,
2728 2527 3013 2585 manifeste
3050 2528 3380 2586 demonstrat
3411 2530 3542 2585 nihil
3578 2546 3648 2587 ex

2047 2620 2157 2675 illis
2187 2622 2240 2675 in
2272 2620 2610 2675 ethnicorum
2653 2620 2928 2694 religionis
2966 2623 3191 2695 gratiam
3229 2638 3389 2696 posse
3429 2624 3644 2681 confici.

2046 2713 2215 2770 Recte
2243 2714 2406 2785 igitur
2431 2713 2555 2769 inde
2589 2723 2777 2770 contra
2809 2714 3084 2771 Cmcilium
3121 2716 3366 2788 aliosque
3404 2717 3649 2774 ethnicos

2049 2822 2157 2863 non
2191 2807 2365 2862 solum
2396 2805 2680 2876 Minucius,
2711 2806 2804 2863 sed
2834 2807 2924 2863 alii
2950 2808 3110 2865 etiam
3138 2811 3497 2881 antiquissimi
3527 2827 3650 2868 nos-

2051 2900 2118 2955 tri
2147 2901 2442 2971 scriptores
2471 2900 2828 2971 argumentati
2849 2911 2992 2969 sunt,
3021 2901 3095 2957 ttti
3127 2901 3254 2957 alibi
3281 2904 3649 2974 patefecimus.

340 2981 470 3048 167,
501 2980 598 3037 lin.
631 2982 665 3037 5
687 2979 728 3053 ).
788 2980 894 3037 Sed
935 2980 1005 3035 de
1050 2978 1379 3049 Amphiarao
1411 2978 1522 3049 jam
1560 2977 1942 3047 disputavimus

2055 2994 2284 3050 Consule
2314 2994 2511 3061 adhuc,
2541 2993 2585 3049 si
2611 2993 2782 3056 lubet.
2813 3002 2973 3064 atque
2997 3003 3219 3062 attente,
3250 2996 3295 3051 si
3323 3006 3494 3060 vacat,
3537 2996 3653 3068 lege

340 3074 522 3149 (Tom.
554 3091 572 3131 ι
600 3074 854 3147 Apparat.
905 3072 1002 3128 lib.
1050 3089 1128 3140 ιιι,
1160 3072 1376 3128 dissert.
1401 3070 1456 3139 2,
1488 3086 1606 3141 cap.
1639 3069 1731 3136 20,
1758 3078 1863 3125 art.
1887 3068 1942 3137 2,

2055 3103 2171 3158 quae
2219 3086 2481 3143 Eusebius
2520 3086 2590 3142 de
2635 3060 2899 3153 oraculis,
2927 3060 3222 3158 eorumque
3259 3060 3653 3159 amphibologia

340 3185 465 3241 pag.
498 3167 685 3240 1117).
727 3166 920 3224 Citatis
964 3180 1128 3237 porro
1172 3165 1242 3221 ibi
1290 3164 1644 3233 scriptoribus
1688 3162 1947 3233 adiunges

340 3279 464 3320 mus
512 3263 919 3335 Hieronymum,
961 3261 1054 3332 qui
1094 3259 1391 3326 Ciceronis,
1425 3258 1748 3329 Minuciique
1778 3256 1945 3312 nostri

340 3356 668 3413 sententiam
702 3354 783 3411 sic
807 3352 1123 3425 comprobat
1149 3368 1165 3407 :
1200 3369 1218 3402 ι
1257 3349 1514 3423 Eripher
1543 3350 1740 3405 dicitur
1765 3349 1946 3420 prodi-

342 3452 492 3510 disse
516 3449 924 3521 Amphiaraum,
948 3457 1005 3505 et
1022 3448 1179 3503 saluti
1209 3447 1307 3502 viri
1334 3446 1536 3503 monile
1562 3461 1783 3501 aureum
1810 3460 1946 3516 prae-

343 3544 531 3611 tulisse
569 3560 589 3594 ι
623 3541 988 3615 (Hieronym..
1013 3540 1108 3596 lib.
1145 3555 1162 3594 ι
1191 3539 1309 3593 adv.
1337 3539 1600 3594 Jorinian.
1632 3540 1765 3594 circ.
1798 3537 1943 3609 lin.).

344 3637 481 3694 Vide
506 3636 706 3705 adhuc,
735 3636 782 3691 si
808 3636 1010 3703 lubeat,
1041 3635 1095 3690 in
1135 3633 1328 3706 Odyss.
1378 3633 1597 3689 Homeri
1635 3632 1728 3689 lib.
1770 3649 1846 3703 χι,
1888 3648 1939 3688 v.

342 3731 452 3788 325
477 3729 714 3795 scholia;
743 3738 799 3786 et
826 3728 879 3783 in
902 3727 1112 3800 Virgilii
1137 3726 1231 3784 lib.
1255 3742 1309 3781 γι
1335 3724 1554 3782 Αἱιιείά.
1607 3741 1660 3780 v.
1701 3726 1773 3782 M
1818 3728 1945 3783 Ser-

344 3824 416 3880 vii
449 3823 845 3879 annotationes.

416 3915 620 3973 Deinde
646 3931 773 3972 vero
804 3933 824 3968 ‹
859 3914 1117 3983 Tiresias,
1143 3935 1161 3967 ι
1185 3915 1259 3970 ait
1278 3921 1466 3969 auctor
1491 3920 1695 3979 noster,
1728 3932 1749 3965 ι
1769 3927 1947 3969 εωθιιε

344 4013 523 4070 futura
568 4011 800 4077 videbat,
842 4011 931 4082 qui
972 4010 1257 4082 prtesentia
1304 4024 1410 4064 non
1453 4009 1685 4065 videbat.
1742 4029 1762 4061 ι
1792 4009 1950 4064 Prius

343 4114 527 4163 autem
557 4105 768 4171 Cicero,
812 4120 878 4160 ex
908 4119 1016 4175 quo
1056 4118 1149 4157 sua
1182 4103 1271 4159 ille
1296 4101 1506 4157 videtur
1543 4102 1832 4168 delibasse,
1864 4101 1949 4156 di-

342 4210 490 4257 serte
519 4198 794 4256 affirmat:
840 4217 859 4250 ι
899 4201 1169 4270 Augurem
1216 4196 1502 4264 Tiresiam,
1538 4213 1697 4268 quem
1732 4198 1943 4268 sapien-

347 4305 455 4351 tem
505 4294 710 4365 lingunt
747 4301 940 4363 poetae,
989 4289 1555 4362 ntmtquaminducunt
1582 4292 1952 4363 deplorantem

347 4388 644 4444 caecitatem
686 4400 837 4442 suam
865 4405 886 4439 ι
916 4384 1050 4456 (Cic.
1082 4385 1175 4440 lib.
1209 4401 1239 4438 v
1266 4383 1504 4450 Tuscul.,
1537 4399 1656 4455 pag.
1694 4384 1814 4450 194,
1854 4384 1947 4439 lin.

2048 3197 2113 3236 ex
2146 3182 2393 3251 ipsismet
2415 3180 2646 3237 ethnicis
2672 3181 3025 3252 scriptoribus
3072 3180 3252 3237 retulit
3299 3181 3478 3254 (Tom.
3504 3199 3520 3237 ι
3548 3185 3657 3254 Ap-

2047 3283 2245 3345 parat.,
2271 3288 2394 3345 pag.
2425 3273 2548 3329 770.
2583 3274 2780 3329 Euseb.
2815 3273 2909 3328 lib.
2938 3289 2970 3326 v
3007 3271 3245 3346 Prwpar.
3280 3273 3501 3347 Evang.,
3531 3290 3651 3347 cap.

2048 3366 2137 3430 18,
2170 3367 2238 3423 19
2266 3375 2323 3422 et
2351 3381 2472 3438 pag.
2500 3364 2608 3423 208
2648 3375 2702 3422 ct
2725 3381 2877 3438 seqq.
2926 3365 2999 3423 lib
3048 3382 3119 3435 vr,
3159 3383 3281 3440 cap.
3315 3368 3369 3436 1,
3404 3383 3523 3440 pag.
3544 3369 3656 3427 256

2047 3470 2100 3516 et
2129 3458 2330 3533 seqq.).

2121 3552 2299 3610 Unum
2342 3553 2426 3611 his
2465 3553 2700 3627 adjicere
2746 3554 2898 3610 nobis
2941 3553 3118 3622 liceat,
3158 3569 3227 3611 ex
3264 3553 3452 3611 eodem
3482 3553 3659 3611 adhuc

2048 3647 2307 3704 Cicerone
2346 3649 2598 3719 decerpta
2636 3648 2822 3715 fuisse,
2869 3662 2990 3718 qua:
3030 3648 3288 3703 continuo
3316 3647 3453 3704 dixit
3481 3647 3656 3704 Minu-

2047 3744 2165 3799 cius
2210 3764 2223 3798 :
2274 3744 2664 3799 Demosthenes
2694 3741 2836 3812 quod
2876 3742 3040 3797 sciret
3081 3755 3340 3812 responsa
3384 3742 3654 3809 simulata,

2046 3843 2350 3909 φιλιππίζειν
2402 3836 2650 3909 Pythiam
2718 3835 3065 3907 querebatur.
3127 3854 3147 3887 ι
3220 3834 3373 3906 Apud
3432 3835 3656 3891 latinum

2047 3932 2329 3986 enimvero
2352 3930 2631 3985 Oratorem
2662 3929 2855 3985 litteris
2882 3926 3192 3984 mandatum
3213 3927 3473 3998 legimus:
3504 3946 3525 3979 ι
3557 3927 3657 3984 De-

2053 4022 2367 4080 mosthenes
2391 4022 2630 4093 quidem,
2661 4023 2751 4094 qui
2777 4021 2998 4077 abhinc
3020 4035 3192 4077 annos
3216 4034 3383 4092 prope
3408 4035 3503 4077 ccc
3532 4019 3655 4090 fuit,

2049 4103 2176 4189 jam.
2206 4128 2315 4173 tum
2361 4121 2668 4188 φιλιππίζειν
2696 4115 2943 4187 Pythiam
2976 4114 3211 4181 dicebat,
3257 4113 3312 4170 id
3355 4126 3459 4182 e5t,
3505 4115 3656 4186 quasi

2055 4227 2177 4267 cum
2227 4210 2476 4281 Philippo
2518 4209 2712 4264 facere.
2765 4207 2879 4263 Hoc
2920 4215 3098 4263 autem
3143 4221 3211 4263 eo
3257 4209 3567 4279 spectabat,
3601 4217 3661 4266 ut

2057 4321 2176 4362 eam
2213 4319 2243 4359 a
2287 4303 2536 4374 Philippo
2576 4310 2885 4372 corruptam
2917 4299 3126 4356 diceret
3154 4298 3351 4373 (Cicer.
3386 4301 3476 4356 lib.
3510 4315 3544 4355 Il
3595 4301 3660 4357 de

2058 4399 2258 4466 Divin.,
2290 4412 2412 4470 pag.
2444 4394 2573 4461 296,
2614 4394 2709 4448 Ιίιι.
2738 4390 2853 4464 ⁸58).
2887 4391 3025 4460 Quid
3065 4402 3245 4447 autem
3276 4391 3342 4446 ad
3379 4391 3658 4461 explican-

348 4481 416 4536 17
447 4478 487 4552 ).
558 4479 844 4535 Poetarum
888 4487 1065 4532 autem
1121 4477 1339 4532 nomine
1376 4477 1419 4532 si
1460 4491 1669 4547 grmcos
1704 4492 1942 4548 compre-

2058 4448 2411 4470 ------,τ-ο-
2814 4448 2827 4464 ι
2898 4448 2933 4460 η
3453 4448 3464 4461 .

2055 4494 2177 4550 dam
2205 4492 2443 4548 auctoris
2486 4488 2654 4544 nostri
2700 4496 2937 4543 mentem
2968 4485 3188 4554 clarius,
3221 4494 3275 4541 et
3300 4484 3368 4541 ad
3407 4485 3657 4542 refellen-

350 4572 559 4635 ltendit,
591 4571 881 4627 Homerum
913 4584 1099 4626 eorum
1128 4570 1422 4640 principem
1456 4568 1595 4624 haud
1620 4568 1777 4625 dubie
1806 4570 1951 4627 desi-

348 4676 495 4740 gnat,
541 4666 631 4739 qui
674 4665 896 4723 Tiresia:
935 4667 1230 4721 cmeitatem
1271 4663 1463 4736 Odyss.
1507 4677 1565 4727 χ,
1595 4679 1647 4718 ν.
1676 4662 1782 4719 492
1806 4664 1950 4721 ceci-

350 4763 449 4817 nit.
475 4760 643 4831 llujus
671 4760 722 4815 in
751 4757 1139 4816 commentario
1166 4757 1287 4814 dum
1315 4758 1459 4813 illius
1488 4758 1748 4814 caecitatis
1775 4773 1950 4815 causae

351 4858 720 4929 proferuntur.
761 4854 996 4911 Tertiam
1023 4852 1244 4909 Ovidius
1274 4851 1576 4923 suppeditat
1609 4893 1623 4916 ,
1664 4852 1787 4922 quia
1828 4866 1949 4907 cum

350 4951 670 5027 sententiam
699 4950 767 5005 de
788 4949 1030 5005 mulieris
1068 4948 1277 5017 virique
1324 4946 1600 5017 voluptate
1631 4957 1820 5002 contra
1860 4945 1954 5002 Ju-

354 5048 512 5104 nonis
561 5045 868 5118 opinionem
908 5044 1156 5109 tulisset,
1196 5044 1264 5096 ab
1297 5056 1362 5097 ea
1403 5048 1702 5097 excaecatus
1755 5039 1953 5097 dicitur

355 5139 535 5212 (Ovid.
553 5139 650 5195 lib.
674 5155 732 5194 tu
752 5137 1090 5208 Metamorp.,
1112 5134 1140 5207 §
1159 5134 1215 5202 4,
1242 5150 1361 5207 pag.
1382 5133 1489 5191 106
1509 5132 1953 5205 ctseqq.).Quar-

350 5242 463 5290 tam
502 5231 615 5297 alii,
652 5231 794 5304 quod
824 5231 1090 5287 lavantem
1120 5228 1411 5284 Minervam
1441 5228 1677 5285 vidisset.
1738 5228 1813 5283 De
1860 5227 1954 5282 illo

352 5328 480 5385 alibi
509 5327 863 5384 disseruimus
919 5323 1415 5400 (Tom.tApparat.
1445 5324 1535 5379 lib.
1588 5340 1686 5390 ttt,
1736 5323 1953 5380 dissert.

353 5422 412 5489 2,
441 5437 560 5494 cap.
586 5421 680 5486 20,
710 5430 815 5476 art.
842 5422 898 5486 4,
933 5436 987 5492 p.
1010 5418 1198 5487 1186).
1221 5420 1290 5474 At
1321 5418 1445 5474 hinc
1485 5425 1634 5474 certe
1683 5417 1958 5488 intelliges

355 5530 467 5587 quo
507 5514 628 5585 jure
665 5513 925 5569 Minucius
972 5522 1155 5568 noster
1200 5512 1346 5567 illum
1397 5510 1745 5581 irrideat,‘qui
1781 5509 1951 5581 gloria

356 5610 517 5666 batur
557 5609 730 5664 futura
770 5606 1084 5679 prazvidcre,
1115 5606 1207 5679 qui
1238 5606 1524 5677 praesentia
1566 5620 1671 5661 non
1711 5603 1949 5660 videbat.

430 5701 598 5774 Magis
634 5702 852 5768 serium,
902 5717 1003 5758 nec
1040 5702 1216 5757 minus
1263 5714 1448 5755 verum
1495 5698 1624 5753 illttd
1667 5706 1769 5764 est,
1812 5696 1953 5766 quod

358 5793 696 5858 continenter
738 5793 933 5866 adjecit
974 5812 987 5850 :
1030 5794 1103 5850 De
1125 5792 1333 5867 Pyrrho
1376 5811 1395 5844 ι
1444 5791 1652 5848 Ennius
1692 5789 1955 5863 Apollinis

2053 4587 2153 4643 dos
2176 4584 2422 4642 Gentiles
2451 4581 2686 4639 validius
2715 4579 2946 4652 proferri
2974 4578 3193 4650 potest?

2627 4724 2919 4764 ARTICULUS
2957 4723 3037 4764 Ill.

2059 4829 2377 4901 Proponitur
2406 4825 2599 4884 Caecilii
2625 4833 2999 4896 argumentum,
3029 4840 3130 4896 quo
3153 4821 3371 4891 probare
3397 4821 3574 4877 nititur
3595 4820 3659 4878 ob

2130 4921 2359 4995 auspicia
2386 4930 2431 4974 et
2462 4917 2679 4991 auguria
2709 4935 2741 4971 a
2778 4915 3024 4985 Sttlpitio,
3053 4915 3289 4981 Claudio,
3323 4912 3502 4978 Jtmio,
3534 4912 3662 4969 Fla-

2130 5016 2288 5070 minio
2334 5022 2377 5069 et
2404 5012 2588 5068 Crasso
2614 5017 2903 5080 contempta
2928 5048 2942 5073 ,
2991 5006 3342 5062 Romanorum
3387 5006 3659 5074 exercitus,

2128 5113 2227 5167 diis
2252 5106 2643 5174 vindicantibus,
2663 5115 2816 5177 atque
2842 5102 2970 5160 adeo
2999 5099 3371 5168 eminentibus,
3399 5116 3579 5169 emas,
3602 5116 3664 5155 ac

2130 5205 2454 5279 proﬂigatos.

2127 5320 2296 5375 Instat
2330 5316 2507 5373 adhuc
2530 5312 2797 5379 Caecilius,
2840 5320 2896 5368 et
2937 5317 3257 5383 argumento
3298 5324 3365 5366 ex
3406 5309 3665 5381 auSpiciis

2054 5425 2111 5472 et
2139 5412 2380 5486 auguriis
2409 5410 2665 5477 deducto,
2697 5408 2830 5465 deos
2859 5420 3051 5476 reapse
3079 5405 3347 5462 exsistere
3381 5404 3666 5461 evidenter

2057 5505 2273 5579 probari
2305 5519 2465 5575 posse
2494 5505 2767 5573 opinatus,
2799 5496 2933 5555 illud
2961 5497 3122 5553 variis
3146 5495 3409 5569 exemplis
3450 5494 3668 5552 firmare

2057 5615 2121 5656 ac
2155 5597 2398 5656 smbilire
2426 5595 2641 5651 molitur
2683 5612 2696 5649 ι
2728 5610 2747 5645 ι
2776 5590 3129 5662 Frequentius
3164 5608 3186 5643 ι
3215 5590 3439 5653 etenim,
3473 5603 3670 5660 quem~

2057 5690 2346 5749 admodum
2375 5688 2465 5744 ille
2486 5688 2743 5758 loquitur,
2795 5704 2815 5738 ι
2847 5699 3006 5756 quam
3055 5682 3390 5749 volebamus,
3438 5681 3664 5738 deorum

2058 5784 2402 5862 praesentiam
2431 5787 2736 5852 contempta
2768 5776 3010 5852 auspicia
3038 5783 3341 5834 contestata
3372 5782 3524 5835 sunt.
3576 5770 3670 5832 Sic
