4038 6308
454 240 553 311 till

1733 244 1820 305 DE
1859 241 2114 305 MlNUCll
2152 245 2450 309 OCTAVIO

3640 249 3736 307 612

456 373 592 430 Allia
623 370 1141 429 nomeninfaustum.
1181 387 1199 423 ι
1230 366 1644 425 Celeberrimam
1678 364 1747 421 ibi
1781 372 1934 422 notat
1962 363 2053 419 Al-
2080 363 2133 425 A
2161 366 2343 422 irrisit.
2372 389 2391 421 ι
2435 368 2565 437 Quis
2595 366 2788 425 horum
2830 367 3113 426 verborum
3152 380 3343 424 sensus
3375 366 3462 433 sit,
3495 364 3551 419 ﬁt
3578 367 3735 435 perci-

454 467 683 522 lienscm
716 465 947 533 cladem,
988 482 1089 536 qua
1121 464 1397 519 Romanus
1437 462 1729 530 exercitus,
1758 461 1844 516 cui
1873 457 2057 529 Sulpi-

455 558 561 614 tius
607 559 852 614 tribunus
888 559 1114 614 militmn
1162 555 1480 628 przepositus
1526 554 1721 619 fuerat,
1750 552 1817 610 ad
1859 551 2056 609 Alliam

456 649 679 717 flunten,
736 656 789 704 et
841 649 1071 719 lapidem
1122 648 1487 713 undecimum,
1535 661 1565 701 a
1610 644 1800 713 Gallis,
1845 643 2059 700 Brenno

458 741 619 807 duce,
669 756 840 797 cmsus
891 742 1168 813 fususque,
1212 750 1266 795 et
1314 739 1454 797 Urbs
1506 740 1574 795 ab
1631 740 1696 795 iis
1746 745 1900 810 capta
1952 745 2057 793 est.

456 836 815 904 Quamobrem
847 834 988 891 diem
1013 835 1185 903 illum,
1212 836 1279 891 dc
1301 851 1405 906 quo
1430 844 1605 890 tamen
1626 851 1735 891 non
1759 850 1863 889 una
1888 833 2059 904 scrip-

455 937 631 984 torum
664 930 900 983 onmium
929 937 1011 983 est
1058 928 1347 994 sententia,
1390 926 1531 984 inter
1564 927 1843 993 infaustos,
1888 936 2057 993 atros,

460 1022 802 1091 nefastosque
831 1020 1087 1091 deinceps
1110 1020 1440 1076 habuerunt.
1484 1020 1553 1075 Et
1578 1029 1727 1075 certe
1763 1018 1954 1075 Cicero
1991 1016 2061 1073 ad

458 1113 693 1167 Atticum
724 1112 942 1182 scripsit
973 1129 987 1164 :
1023 1131 1042 1164 ι
1077 1112 1305 1183 Maiores
1330 1113 1499 1167 nostri
1531 1110 1876 1168 funestiorem
1918 1109 2061 1166 diem

452 1223 575 1263 esse
607 1209 893 1263 voluerunt
931 1207 1186 1263 Alliensis
1230 1222 1443 1278 pugna,
1473 1222 1635 1277 quam
1672 1205 1833 1262 Urbis
1858 1214 2061 1275 captaa;

451 1299 575 1367 quia
624 1299 727 1354 hoc
776 1301 975 1354 malum
1026 1314 1092 1355 ex
1136 1298 1262 1354 alio.
1304 1317 1323 1351 ι
1374 1298 1535 1354 Plura
1576 1299 1665 1369 qui
1712 1296 2060 1364 desiderabit,

449 1390 608 1446 adeat
656 1390 866 1447 Livium
900 1391 1116 1447 Decade
1158 1392 1212 1455 1,
1246 1391 1340 1447 lib.
1372 1406 1426 1459 v,
1470 1406 1593 1462 pag.
1626 1390 1698 1447 85
1728 1398 1784 1446 et
1807 1404 1965 1461 seq.;
2012 1394 2070 1444 et

452 1482 548 1539 lib.
596 1499 672 1553 vt,
718 1483 836 1549 init.
886 1499 1008 1556 pag.
1058 1482 1150 1540 92.
1199 1483 1509 1540 Cornelium
1557 1482 1799 1538 Tacitum
1846 1481 1940 1537 lib.
1991 1495 2066 1536 xv

450 1578 646 1632 Annal.
679 1593 803 1650 pag.
840 1579 962 1645 195,
1007 1586 1063 1634 et
1100 1578 1196 1634 lib.
1236 1594 1274 1633 ιι
1308 1578 1470 1646 Hist,
1500 1592 1622 1647 cap.
1665 1576 1789 1633 250.
1826 1575 2064 1633 Gellium

450 1669 545 1724 lib.
578 1686 631 1735 v,
678 1686 798 1741 cap.
832 1672 920 1726 17.
951 1670 1278 1726 Macrobium
1312 1670 1409 1725 lib.
1450 1687 1468 1725 ι
1508 1668 1781 1725 Saturnal.
1815 1682 1936 1738 cap.
1971 1667 2063 1721 17.

2162 459 2356 529 piatur,
2390 460 2782 517 observandum
2814 471 2897 517 est
2921 460 3063 532 quod
3093 459 3384 516 Suetonius
3427 460 3478 514 in
3506 458 3622 514 Vita
3639 459 3735 515 0c-

2161 554 2285 608 tavii
2305 555 2527 626 Augusti
2550 553 2773 609 tradidit
2801 572 2814 607 :
2849 573 2868 607 ι
2897 553 3101 621 Parthi,
3130 572 3149 606 ι
3175 551 3367 624 inquit,
3401 570 3419 603 ι
3444 552 3735 607 Armeniam

2160 646 2447 703 vindicauti
2497 648 2654 703 facile
2698 656 3000 711 cesserunt,
3053 655 3109 704 et
3146 648 3297 719 signa
3332 646 3601 712 militaria,
3630 662 3738 717 qua:

2162 738 2231 795 Μ.
2263 740 2480 807 Crasso,
2511 750 2565 796 et
2587 734 2657 795 Μ.
2683 740 2920 797 Antonio
2941 740 3275 806 ademerant,
3308 739 3607 811 reposcenti
3632 740 3741 794 red-

2161 833 2413 889 diderunt
2440 853 2458 887 ι
2495 834 2675 906 (Suet.
2709 835 2761 889 in
2800 832 2917 890 Vita
2946 833 3177 891 Octavia.
3194 834 3328 905 Aug.
3360 832 3408 904 ς.
3436 830 3643 905 21).Ex
3667 831 3740 888 his

2162 929 2359 1000 quippe
2391 931 2571 986 verbis
2594 930 2769 1002 colligi
2797 940 2973 1002 potest
2999 930 3143 985 hunc
3171 945 3294 986 esse
3319 928 3559 985 auctoris
3588 930 3739 985 nostri

2162 1034 2416 1077 sensum:
2450 1022 2517 1078 Et
2560 1032 2617 1079 ut
2656 1038 2686 1077 a
2720 1022 2935 1079 Parthis
2985 1022 3134 1090 signa
3176 1023 3428 1078 militaria
3491 1025 3741 1093 Augustus

2164 1125 2492 1186 reposceret,
2525 1131 2589 1171 ea
2616 1114 2873 1181 Crassus,
2907 1116 3103 1187 Spretis
3143 1115 3377 1172 dirarum
3410 1116 3742 1188 imprecation-

2163 1207 2344 1272 nibus,
2373 1208 2647 1263 amiserat.
2668 1207 2799 1264 Inde
2826 1207 3017 1265 Cicero
3045 1208 3386 1280 paucioribus
3411 1206 3591 1264 verbis
3615 1209 3742 1265 idem

2168 1301 2442 1358 memoria:
2483 1302 2872 1358 mandaverat:
2927 1320 2946 1354 ι
2984 1301 3052 1357 Μ.
3099 1300 3295 1358 Crasso
3333 1300 3461 1374 quid
3507 1301 3748 1359 acciderit

2165 1393 2431 1462 videmus,
2460 1393 2698 1451 dirarum
2728 1395 3139 1451 obnuntiatione
3167 1395 3408 1468 neglecta
3439 1416 3461 1448 ι
3494 1395 3630 1468 (Cic.
3658 1393 3743 1451 lib.

2166 1501 2203 1543 ιι
2233 1488 2296 1542 de
2325 1489 2519 1557 Divin.,
2562 1505 2684 1561 pag.
2716 1490 2843 1557 260,
2888 1489 2982 1544 lin.
3016 1489 3088 1545 ‘26
3117 1488 3159 1562 ).
3224 1488 3332 1545 Sed
3382 1488 3554 1545 fusius
3596 1499 3745 1545 totam

2166 1584 2305 1640 hanc
2320 1583 2598 1640 historiam
2614 1584 3016 1656 descripserunt
3038 1581 3360 1640 Plutarchus
3386 1583 3439 1638 in
3467 1584 3580 1657 Vita
3604 1582 3749 1639 Cras-

2163 1677 2208 1732 si
2241 1687 2370 1733 tom.
2402 1694 2442 1746 1,
2477 1693 2595 1750 pag.
2630 1678 2736 1735 552
2764 1688 2819 1734 et
2848 1693 3002 1749 seqq.
3056 1678 3190 1733 Dion
3222 1676 3441 1734 Cassius
3472 1677 3567 1732 lib.
3596 1692 3745 1732 χχιιι

450 1765 799 1821 Plutarchum
826 1774 955 1821 tom.
981 1768 1085 1822 uiti
1107 1765 1231 1822 Vita
1255 1764 1468 1822 Camilli
1496 1780 1618 1836 pag.
1648 1765 1749 1820 157
1778 1774 1836 1820 et
1863 1774 1996 1818 tom.
2028 1776 2062 1816 ιι

2171 1768 2372 1825 llistor.
2427 1749 2613 1837 Rom.,
2666 1786 2787 1842 pag.
2822 1768 2922 1825 121
2955 1778 3010 1826 et
3038 1786 3191 1842 seqq.
3238 1769 3431 1826 Florus
3471 1769 3564 1825 lib.
3604 1786 3655 1826 tv
3689 1770 3749 1825 de

450 1859 655 1928 Quaest.
694 1859 853 1913 Rom.
887 1875 1007 1930 pag.
1038 1858 1170 1916 269.

529 1953 644 2006 Alia
677 1951 874 2006 deinde
914 1952 1122 2007 funesta
1151 1960 1454 2023 spreturum
1493 1949 1876 2021 auspiciorum,
1905 1956 2065 2017 atque

456 2045 806 2115 auguriorum
860 2044 1105 2114 exempla
1161 2045 1412 2114 proponit
1460 2052 1717 2114 urgetque
1763 2039 2062 2096 Caecilius:

457 2156 477 2189 ι
504 2136 712 2192 Claudii
739 2147 792 2194 et
826 2137 969 2215 Junii
1008 2152 1114 2193 non
1150 2138 1389 2206 pratlinm
1432 2136 1484 2192 in
1513 2135 1733 2202 Poenos,
1774 2133 1870 2188 sed
1901 2130 2066 2187 ferale

453 2230 787 2302 naufragium
815 2240 898 2287 cst
926 2248 939 2283 :
970 2238 1025 2286 et
1053 2240 1111 2286 ut
1139 2228 2061 2301 Thrasymenusliomanorumsan-

453 2322 618 2393 guine
643 2320 814 2393 major
848 2333 1013 2388 esset,
1058 2332 1113 2378 et
1148 2322 1390 2384 decolor,
1424 2321 1632 2392 sprevit
1667 2319 1891 2389 auguria
1933 2316 2061 2372 Fla-

450 2415 668 2469 minius.
686 2434 707 2466 ι
732 2415 861 2482 Qua:
891 2414 1107 2485 quidem
1138 2416 1318 2470 ontnia
1339 2412 1529 2469 Cicero
1559 2413 1721 2485 paulo
1746 2411 2064 2483 explicatius

453 2525 517 2565 ac
544 2509 854 2575 dilucidius,
887 2510 976 2564 ubi
1009 2510 1235 2566 Balbum
1266 2509 1507 2566 Stoicum
1536 2507 1745 2575 eodem,
1790 2520 1855 2560 ac
1893 2505 2067 2561 Czeci-

451 2602 575 2665 lius,
629 2602 790 2657 modo
839 2617 935 2673 pro
986 2602 1090 2658 diis
1140 2602 1253 2657 suis
1302 2601 1663 2671 disputantem
1710 2597 2064 2667 introducitg

459 2714 480 2747 ι
517 2694 661 2750 Nihil
687 2711 785 2751 nos
807 2696 870 2750 P.
893 2694 1126 2763 Claudii,
1160 2694 1302 2750 bello
1324 2694 1528 2749 Punico
1557 2695 1752 2764 primo,
1790 2690 2066 2747 temeritas

452 2788 713 2855 movebit,
744 2788 837 2858 qui
861 2788 1022 2843 etiam
1055 2800 1151 2858 per
1173 2788 1356 2857 iocum
1376 2786 1513 2843 deos
1542 2784 1793 2851 irridens,
1821 2799 1942 2839 cum
1970 2798 2065 2839 ca-

456 2896 557 2936 vea
608 2880 821 2937 liberati
875 2880 1005 2951 pulli
1058 2897 1165 2936 non
1214 2889 1589 2951 pascerentur,
1647 2879 1816 2949 mergi
1864 2891 1961 2933 eos
2010 2876 2067 2931 in

2167 1862 2346 1919 Gestis
2366 1862 2548 1930 Rom.,
2578 1879 2697 1934 cap.
2729 1862 2816 1920 ll.
2840 1864 3126 1934 Eutropius
3146 1864 3240 1920 lib.
3268 1880 3324 1920 v1
3352 1863 3554 1919 Hister.
3580 1861 3746 1930 Rom.,

2167 1966 2293 2014 ante
2316 1957 2501 2015 ﬁnem.
2529 1956 2768 2014 Velleius
2797 1956 3113 2014 Paterculus
3142 1958 3234 2015 lib.
3266 1974 3304 2013 tt
3329 1954 3467 2014 llist.
3502 1966 3623 2014 ante
3651 1973 3751 2013 me-

2165 2051 2332 2118 dium,
2362 2058 2418 2107 at
2435 2066 2522 2122 itte
2552 2049 2643 2106 alii
2664 2049 2858 2122 quibus
2886 2048 3259 2122 adjungcndus
3284 2058 3369 2107 est
3391 2048 3637 2106 Valerius
3655 2047 3750 2104 lla-

2167 2147 2361 2209 xirnus,
2377 2146 2597 2216 quieam
2614 2142 2767 2201 sicuti
2781 2142 3030 2201 Caecilius
3044 2144 3127 2200 bis
3141 2141 3320 2199 verbis
3343 2143 3576 2200 absolvit
3599 2161 3610 2196 :
3635 2161 3653 2193 ι
3674 2141 3754 2198 Sic

2162 2237 2236 2294 dii
2254 2237 2421 2308 spreti
2433 2236 2853 2305 excandescunt,
2873 2237 2950 2292 sic
2966 2237 3197 2292 humana
3211 2236 3433 2292 consilia
3446 2235 3755 2307 castigantur

2165 2331 2255 2387 ubi
2273 2345 2331 2387 se
2342 2331 2655 2411 coelestibus
2668 2329 2963 2402 prmferunt
2994 2348 3012 2383 ι
3041 2326 3345 2402 (ναΜιαας.
3364 2329 3456 2385 lib.
3475 2346 3513 2395 ι,
3534 2345 3577 2383 c.
3599 2326 3626 2400 §
3650 2324 3748 2397 11).

2772 2461 3061 2502 Αητιευιῦε
3091 2462 3165 2501 IV.

2170 2561 2438 2629 Quomodo
2464 2561 2728 2619 Hinucius
2752 2562 2986 2631 superius
3022 2560 3218 2617 Caecilii
3266 2570 3624 2632 argumentum
3649 2558 3752 2613 aliis

2240 2655 2449 2728 Reguli,
2500 2656 2756 2720 Mancini,
2790 2653 2973 2723 Pauli,
3003 2671 3065 2710 ac
3088 2653 3225 2709 Julii
3250 2653 3471 2712 Cesaris
3501 2653 3752 2726 exsuplis,

2241 2754 2475 2823 funditus
2504 2759 2711 2817 euertat,
2750 2750 2837 2805 ubi
2875 2750 2939 2806 de
2975 2749 3228 2806 solistinto
3272 2750 3522 2821 tripudio.

2244 2864 2508 2935 Superius
2552 2861 2753 2920 Caecilii
2810 2872 3186 2935 argumentum
3239 2862 3553 2934 priusquam
3596 2860 3755 2918 solvat

455 2989 650 3045 aquam
691 2974 875 3044 jussit,
914 2981 973 3029 ιη
1011 2974 1257 3031 biberem
1283 2972 1535 3043 quoniam
1566 2986 1689 3028 esse
1717 2970 1942 3026 nollem,
1964 2969 2069 3037 Qui
2171 2956 2457 3024 Minucius,
2510 2955 2640 3011 illud
2669 2957 2749 3010 sic
2777 2956 2975 3027 repetit
3001 2973 3013 3009 :
3045 2975 3064 3009 ι
3087 2954 3344 3012 Claudius
3367 2965 3426 3011 et
3455 2951 3751 3018 Flaminius,

459 3064 624 3129 risus,
653 3066 829 3121 classe
864 3064 1100 3133 devicta,
1143 3064 1339 3120 multas
1366 3064 1468 3134 ipsi
1499 3064 1785 3136 lacrymas,
1817 3075 2062 3133 magnam

2171 3061 2227 3108 et
2245 3051 2438 3108 Junius
2467 3050 2591 3107 ideo
2619 3046 2889 3107 ciereitus
2918 3049 3294 3121 perdiderunt,
3325 3047 3472 3120 quod
3494 3048 3746 3119 pullorum

454 3159 654 3229 papulo
700 3157 948 3213 Romano
990 3157 1197 3213 cladem
1261 3156 1462 3213 attulit.
1518 3156 1657 3225 Quid
1703 3155 1906 3227 collega
1951 3154 2062 3219 eius

2172 3144 2494 3200 solistimum
2551 3142 2845 3214 tripudium
2900 3141 3322 3214 exspectandum
3379 3158 3490 3199 non
3547 3151 3750 3212 putave-

453 3250 644 3308 Junius
673 3251 863 3306 eodem
895 3250 1080 3308 bello?
1106 3250 1293 3307 Nonne
1320 3258 1639 3322 tempestate
1668 3250 1895 3305 classem
1925 3249 2064 3302 ami-
2174 3247 2321 3294 runt.
2345 3257 2365 3291 ι
2393 3236 2533 3308 Quid
2572 3238 2642 3293 sit
2679 3248 2858 3295 autem
2901 3236 3229 3293 solistimum
3262 3235 3554 3308 tripudium
3582 3250 3645 3291 ex
3670 3230 3753 3288 Ci-

452 3343 543 3411 sit,
581 3359 703 3399 cunt
732 3343 985 3415 auSpiciis
1023 3359 1132 3400 non
1163 3343 1467 3415 paruisset?
1500 3343 1688 3414 Itaque
1715 3343 1780 3399 Ρ.
1809 3342 2068 3398 Claudius
2172 3347 2391 3397 Gemite.
2423 3332 2514 3402 qui
2541 3331 2677 3387 illud
2704 3330 2982 3387 diVinaItdi
3033 3345 3205 3402 genus
3242 3329 3516 3401 repudiat.
3561 3329 3753 3384 discere

461 3453 490 3491 a
537 3438 736 3509 populo
779 3437 1168 3493 condemnatus
1206 3448 1321 3504 est;
1352 3438 1540 3494 Junius
1582 3453 1769 3494 necem
1810 3437 1925 3507 ipse
1964 3436 2062 3491 sibi

2170 3427 2348 3497 quivis
2376 3425 2596 3498 poterit.
2625 3426 2717 3482 Sic
2742 3434 2923 3481 autem
2961 3425 3196 3482 Orator:
3235 3443 3254 3478 ι
3280 3424 3481 3481 Attulit
3516 3424 3572 3479 in
3605 3434 3751 3480 cavea

452 3530 737 3585 conscivit.
758 3527 819 3584 C.
863 3529 1187 3585 Flaminium
1214 3529 1486 3595 Caecilius,
1515 3529 1775 3601 religione
1800 3529 2067 3600 neglecta,
2174 3519 2347 3589 pullos
2397 3518 2462 3585 i8,
2495 3521 2584 3589 qui
2611 3533 2679 3575 ex
2727 3532 2794 3575 eo
2828 3518 2948 3590 ipso
2987 3519 3298 3574 nominatur
3333 3515 3614 3589 pullarius.
3666 3514 3748 3570 ila

460 3622 723 3679 cecidisse
774 3622 913 3694 apud
960 3622 1391 3693 Thrasymenum
1441 3623 1648 3691 scribit,
1693 3638 1816 3679 cum
1870 3636 2067 3693 magno
2166 3624 2296 3670 sunt
2337 3614 2498 3686 igitur
2528 3627 2657 3670 aves
2707 3612 3052 3670 internuntiae
3096 3612 3280 3679 Jovis,
3323 3624 3448 3683 quae
3484 3618 3753 3683 pascantur

454 3715 771 3787 reipubliczc
818 3715 1065 3771 vulnere.
1116 3714 1358 3784 Quorum
1402 3715 1570 3772 exitio
1618 3716 1840 3787 intelligi
1888 3723 2070 3786 potest
2164 3721 2341 3763 necne
2367 3705 2499 3778 quid
2538 3705 2742 3763 refert?
2771 3706 2916 3761 Nihil
2943 3704 3012 3762 ad
3039 3704 3302 3777 auspicia.
3332 3704 3441 3762 Sed
3472 3706 3598 3776 quia
3632 3715 3741 3758 cum

457 3825 644 3866 eorum
679 3810 920 3881 imperiis
959 3809 1368 3879 Rempublicam
1409 3809 1931 3881 ampliﬁcatamqui
1975 3825 2062 3865 re-

2169 3810 2462 3869 pascuntur
2488 3813 2712 3854 necesse
2753 3806 2839 3855 est
2874 3798 3076 3870 aliquid
3103 3814 3175 3854 ex
3205 3811 3300 3853 ore
3328 3795 3548 3863 cadere,
3576 3804 3629 3851 et
3651 3803 3747 3849 ter-

452 3903 741 3974 ligiouibus
779 3904 1089 3975 paruissent
1140 3922 1160 3956 ι
1199 3901 1398 3976 (Cicer.
1429 3902 1525 3958 lib.
1554 3917 1591 3958 ιι
1636 3903 1701 3957 de
1743 3901 1875 3958 Nat.
1918 3902 2061 3957 deor.
2170 3909 2283 3950 ram
2341 3895 2544 3965 pavire,
2592 3895 2941 3967 terripavium
3001 3898 3195 3967 primo,
3238 3896 3379 3965 post’
3412 3888 3748 3964 terripudium

455 4012 577 4068 pag.
608 3998 736 4063 2N,
780 3997 875 4053 lin.
916 3996 1030 4070 45).
1059 3996 1325 4068 Numquid
1364 4012 1497 4054 vero
1539 3996 1738 4053 auditis
1779 3996 1866 4052 his
1895 3995 2059 4052 Tullii
2165 3988 2369 4044 dictum
2392 3997 2506 4055 est;
2542 3990 2646 4044 hoc
2669 3989 2882 4059 quidem
2907 3990 3017 4059 jam
3055 3988 3349 4060 tripudium
3380 3986 3596 4043 dicitur.
3624 3983 3744 4040 Cum

461 4088 665 4157 verbis,
692 4089 884 4159 quibus
909 4091 1089 4145 omnia
1117 4104 1147 4143 a
1174 4089 1389 4145 chilio
1418 4088 1559 4144 dicta
1590 4088 1750 4144 simul
1776 4088 2062 4144 continen-
2167 4082 2326 4152 igitur
2371 4081 2476 4138 otia
2528 4080 2641 4153 iam
2695 4083 2931 4139 caditex
2972 4099 3067 4139 ore
3112 4084 3272 4154 pulli,
3317 4091 3429 4139 tum
3472 4076 3748 4151 auspicanti

462 4192 567 4246 tur,
599 4182 648 4237 ei
688 4197 907 4253 prorsus
936 4181 1308 4254 refragaberis,
1338 4182 1430 4253 qui
1458 4180 1525 4237 ad
1555 4183 1642 4237 illa
1671 4182 1919 4239 eumdem
1944 4181 2064 4237 Cte-
2168 4178 2456 4248 tripudium
2507 4178 2831 4235 solistimum
2883 4180 3148 4236 nuntiavit
3183 4199 3203 4234 ι
3239 4179 3452 4253 (Cicer.
3487 4182 3582 4237 lib.
3612 4192 3650 4233 tt
3695 4175 3749 4229 de

460 4274 645 4330 cilium
689 4277 993 4347 respexisse
1026 4273 1423 4347 suspicabitur?
1462 4274 1618 4343 Quod
1654 4276 1701 4331 si
1732 4283 1912 4332 tamen
1940 4290 2066 4347 per-

458 4382 678 4423 suasum
709 4366 909 4424 babeas
936 4384 1060 4425 eum
1088 4367 1156 4424 ad
1198 4368 1301 4423 alia
1329 4378 1605 4437 spectasse
1633 4367 1875 4439 ejusdem
1904 4369 2062 4425 Cice-

2171 4269 2365 4336 Divin.,
2395 4286 2518 4345 pag.
2548 4272 2674 4341 289,
2707 4272 2802 4329 litt.
2844 4275 2915 4331 33
2945 4273 2987 4345 ).
3016 4275 3239 4331 Frustra
3281 4274 3445 4345 igitur
3471 4274 3676 4346 quidam
3702 4270 3748 4324 in

2166 4364 2402 4435 auctoris
2431 4367 2599 4422 nostri
2631 4375 2796 4433 textu,
2829 4368 3261 4423 solenmissimum
3292 4378 3393 4439 pro
3421 4368 3742 4429 solistimum,

459 4460 610 4515 ronis
640 4462 779 4529 loca,
810 4462 900 4518 ubi
924 4477 1111 4518 rursus
1131 4462 1200 4518 de
1220 4462 1389 4518 tribus
1412 4462 1518 4517 illis
1541 4461 1789 4531 ducibus,
1819 4464 1915 4519 sed
1942 4463 2063 4519 bre-
2088 4451 2144 4513 Β
2166 4457 2365 4529 corrigi
2394 4458 2698 4545 voluerunt.
2740 4458 2873 4515 Nam
2904 4459 3006 4516 hoc
3035 4461 3251 4516 nomine
3275 4460 3495 4531 proprie
3523 4458 3652 4516 illud
3677 4455 3747 4512 si-

462 4552 581 4608 vius
608 4554 812 4622 retulit,
845 4554 931 4609 vel
961 4555 1051 4610 ubi
1080 4569 1326 4612 seorsum
1362 4553 1432 4609 de
1460 4552 1622 4610 Junio
1648 4566 1705 4610 et
1738 4553 1984 4623 Claudio,
2011 4566 2067 4612 et

460 4645 590 4701 alibi
619 4645 687 4702 de
712 4645 973 4702 Flaminio
1011 4646 1199 4704 eadem
1240 4648 1491 4718 copiosus
1531 4650 1784 4711 narravit,
1821 4648 1914 4703 tibi
1957 4664 2065 4706 non

460 4742 681 4796 omnino
710 4741 1128 4813 repugnabimus
1151 4741 1343 4813 (idem,
1382 4742 1477 4798 lib.
1512 4743 1627 4797 nde
1655 4742 1909 4813 Divinat.,
1934 4759 2059 4819 pag.

460 4832 564 4890 281
601 4847 654 4892 et
680 4834 812 4900 289,
842 4850 906 4891 ac
933 4835 1029 4890 lib.
1061 4850 1111 4902 ι,
1140 4851 1260 4907 pag.
1282 4835 1432 4909 268).
1470 4834 1545 4892 De
1566 4834 1672 4894 illis
1697 4844 1875 4895 autem
1903 4850 2068 4912 agunt

461 4945 677 5001 quoque
703 4929 951 4986 Valerius
977 4916 1258 4992 Maximus,
1288 4928 1740 4999 quemadmodum
1767 4929 1835 4988 de
1863 4931 2066 4989 Flami-

464 5022 553 5075 nio
583 5020 761 5077 Livius
782 5064 796 5088 ,
827 5019 1169 5088 Plutarchus,
1207 5020 1422 5091 Florus,
1450 5014 1608 5093 atque
1638 5023 1691 5081 in
1719 5025 1905 5095 primis
1941 5023 2061 5082 Ovi-

462 5114 602 5181 dius,
631 5116 722 5185 qui
752 5115 893 5171 hanc
921 5116 973 5171 in
996 5130 1112 5172 rem
1145 5127 1411 5186 expresse
1440 5117 1638 5173 cecinit
1667 5134 1680 5172 ε

587 5233 697 5300 Sint
721 5235 805 5285 tibi
824 5234 1095 5300 Flaminius
1113 5235 1551 5300 Thrasymenaque
1569 5235 1735 5287 littora
1757 5240 1935 5298 testes,

646 5297 745 5349 Per
771 5298 997 5350 volucres
1015 5312 1185 5362 aequos
1208 5297 1360 5351 multa
1378 5297 1589 5350 monere
1605 5300 1747 5350 deos.

957 5382 1143 5448 (0vid.,
1168 5383 1421 5435 l.v1Fast.
1446 5398 1496 5447 ρ.
1517 5381 1653 5447 685.)

532 5486 640 5543 Sed
675 5485 741 5541 de
779 5485 881 5542 hac
909 5486 1133 5544 historia
1184 5488 1362 5544 adhuc
1400 5488 1454 5544 in
1503 5488 1757 5560 sequenti
1788 5488 2055 5546 disserta-

463 5579 630 5646 tione,
650 5577 863 5657 aliquid
890 5578 1046 5635 nobis
1088 5579 1398 5636 dicendmn.

532 5671 814 5727 Postremo
841 5670 1123 5727 Caecilius:
1156 5690 1175 5724 ι
1204 5672 1269 5728 Ει
1295 5680 1351 5727 ιιι
1391 5672 1620 5729 Parthos
1664 5672 1816 5745 signa
1844 5682 2059 5745 repeta-

2168 4551 2511 4621 guiticabant,
2546 4553 2687 4625 quod
2717 4568 2782 4609 ex
2815 4568 2911 4609 ore
2950 4553 3079 4624 pulli
3133 4554 3187 4609 in
3239 4552 3473 4609 solidum
3513 4552 3741 4610 cadebat.

2168 4644 2352 4718 Neque
2382 4647 2454 4703 ibi
2487 4656 2712 4716 tantum,
2745 4646 2841 4704 sed
2875 4648 3020 4719 prius
3047 4648 3240 4705 Cicero
3287 4646 3498 4704 dixerat
3531 4667 3546 4705 :
3573 4667 3593 4700 ι
3626 4645 3749 4701 Nos-

2168 4743 2236 4799 tri
2262 4743 2477 4815 quidem
2508 4744 2849 4815 magistratus
2876 4743 3130 4813 auspiciis
3155 4752 3380 4799 utuntur
3409 4742 3639 4806 coactis;
3671 4752 3748 4793 ne~

2167 4852 2321 4894 cesse
2351 4838 2497 4893 enim
2519 4846 2622 4903 est,
2652 4835 2756 4892 oll‘a
2779 4836 3011 4906 objecta,
3046 4837 3243 4893 cadere
3273 4837 3503 4892 frustum
3532 4850 3598 4890 ex
3630 4830 3743 4904 pulli

2167 4946 2283 4997 ore,
2313 4945 2434 4986 cum
2466 4931 2719 5001 pascitur.
2740 4929 2893 4995 Quod
2912 4938 3090 4985 autem
3117 4931 3375 4999 scriptum
3405 4928 3632 4993 habetis,
3658 4934 3740 4980 aut

2166 5025 2457 5096 tripudium
2489 5026 2626 5092 fieri,
2658 5025 2707 5080 si
2745 5039 2812 5080 ex
2838 5023 3059 5096 ea°quid
3097 5024 3150 5078 in
3201 5024 3436 5079 solidum
3465 5019 3737 5083 ceciderit,

2167 5116 2270 5173 hoc
2289 5132 2500 5189 quoque
2518 5116 2663 5188 quod
2685 5117 2796 5172 dixi
2817 5126 3086 5183 coactum,
3118 5116 3408 5185 tripudium
3434 5114 3739 5171 solistimum

2168 5209 2347 5265 dicitis
2384 5227 2403 5262 ι
2430 5208 2675 5282 (ibidem,
2710 5222 2834 5280 pag.
2865 5206 2995 5277 260,
3022 5209 3119 5263 lin.
3149 5208 3262 5280 15).
3280 5207 3474 5264 Sedde
3500 5207 3581 5262 his
3606 5206 3741 5276 plura

2168 5303 2493 5371 Brissonius,
2524 5318 2649 5374 qua:
2677 5313 2730 5358 te
2780 5302 2976 5373 legisse
3008 5301 3366 5374 proculdubio
3392 5315 3499 5358 non
3531 5297 3742 5372 poenite-

2160 5396 2236 5451 bit
2268 5395 2534 5468 (Brisson.
2576 5396 2670 5452 lib.
2704 5411 2723 5451 ι
2752 5394 3015 5462 Formul.,
3060 5410 3184 5468 pag.
3218 5394 3367 5467 157).

2233 5487 2479 5544 Posthac
2507 5487 2771 5543 Minucius
2797 5488 3009 5557 objecta
3040 5503 3071 5543 a
3108 5487 3334 5544 Caecilio
3361 5486 3606 5558 exempla
3631 5482 3739 5538 aliis
3804 5565 3813 5570 ‘

2159 5581 2316 5652 plane
2344 5582 2626 5653 oppositis,
2649 5596 2769 5652 qua:
2792 5596 2824 5636 a
2849 5579 3118 5653 Cypriano
3146 5581 3372 5638 totidem
3404 5595 3542 5652 pene
3568 5574 3735 5633 verbis

2165 5690 2261 5747 pro
2315 5688 2465 5731 more
2513 5674 2784 5745 descripta
2822 5683 2967 5740 sunt,
3012 5674 3251 5731 infirmat
3299 5675 3613 5746 penitusque
3656 5668 3740 5723 dc—

460 5782 617 5837 mus,
658 5766 900 5824 dirarum
951 5765 1367 5838 imprecationes
1417 5765 1641 5824 Crassus
1689 5778 1745 5823 et
1775 5769 1971 5825 meruit
2007 5776 2062 5827 et
2165 5768 2323 5826 struit
2367 5766 2645 5841 (Cypriani.
2691 5768 2782 5826 lib.
2826 5767 2891 5823 de
2942 5766 3082 5824 uel.
3112 5767 3298 5838 canit,
3334 5783 3451 5840 pag.
3482 5766 3592 5837 l5).
3622 5762 3738 5818 Nam
