4038 6308
296 288 403 346 615

1707 276 2177 338 DISSERTATIO.

3494 270 3602 349 sit

298 408 364 462 iis
407 406 687 478 perspicue
726 404 1059 465 demonstrat
1089 406 1205 465 sive
1233 401 1461 463 servatis
1512 394 1889 469 hujuscemodi
1918 396 1969 456 Α
1999 393 2203 463 (Aurel.
2259 394 2400 452 Vict.
2455 396 2518 451 de
2568 394 2707 453 Viris
2754 399 2965 468 illuslr.,
3013 414 3133 472 cap.
3180 400 3320 475 59.)
3388 402 3597 460 Etenim

297 500 554 571 auspiciis
585 512 639 558 et
670 504 925 573 auguriis,
975 505 1087 559 sive
1145 501 1340 569 spretis
1388 513 1450 552 ac
1480 493 1768 566 neglectis,
1806 503 1891 543 res

296 609 406 648 non
436 592 610 648 uiinus
650 592 897 659 feliciter,
950 604 1041 650 aut
1068 592 1355 649 infeliciter
1407 586 1632 644 ducibus
1665 582 1889 655 quibus.

296 684 421 741 dam
481 685 728 742 cessisse.
783 685 951 744 Recte
994 704 1122 759 ergo
1174 686 1299 741 inde
1347 682 1522 753 arguit
1560 695 1625 735 ex
1678 677 1745 732 iis
1786 691 1892 731 non

298 793 461 850 posse
499 779 723 835 deorum
756 783 1099 852 praesentiam
1129 776 1510 837 demonstrari.
1541 774 1619 829 Ac
1661 772 1891 844 primum

296 870 549 942 quidem:
586 891 606 924 «
629 871 792 941 Quid,
815 893 833 926 ι
870 874 1059 945 inquit,
1104 870 1414 943 «Regulus?
1448 868 1637 923 Nonne
1672 861 1892 931 auguria

296 965 550 1031 servavit,
582 975 635 1021 et
649 975 839 1035 captus
861 966 976 1021 est?
1001 986 1019 1019 ι
1053 965 1169 1022 Jam
1198 981 1326 1021 vero
1348 960 1682 1017 ostendunus
1699 956 1766 1012 Μ.
1797 958 1895 1012 At-

297 1056 469 1111 tilium
500 1056 764 1127 Regulum
796 1072 825 1112 a
858 1056 1062 1125 Pmnis,
1093 1072 1228 1128 quos
1262 1054 1401 1110 haud
1447 1050 1616 1108 semel
1670 1050 1896 1114 vicerat,

293 1160 529 1221 captum,
570 1150 1049 1222 crudelissimaque
1075 1162 1247 1206 morte
1287 1149 1665 1219 interemptum
1709 1144 1895 1199 fuisse.

293 1240 458 1313 Atqui
497 1240 568 1297 ab
610 1242 705 1298 illo
748 1253 875 1298 ante
917 1242 1056 1299 hanc
1101 1258 1330 1315 pugnam
1362 1242 1580 1312 auguria
1625 1252 1775 1293 more
1806 1244 1895 1291 so-

295 1334 390 1390 lito
420 1334 726 1404 observata,
764 1352 831 1392 ex
860 1334 1008 1392 hisce
1034 1334 1207 1408 colligi
1242 1342 1416 1406 potest
1446 1330 1647 1388 Valerii
1674 1326 1895 1385 Maximi

299 1426 499 1493 verbis,
529 1426 729 1499 quibus
755 1426 929 1499 palam
961 1427 1242 1499 proﬁtetur
1270 1442 1329 1481 se
1361 1425 1571 1481 nescire
1600 1431 1774 1478 utrum
1807 1419 1897 1477 ille

302 1539 322 1574 «
350 1521 403 1576 in
435 1521 541 1586 his,
570 1537 688 1592 qua:
718 1521 784 1577 ad
811 1522 1108 1578 custodiam
1147 1521 1421 1593 religionis
1462 1520 1751 1591 pertinent,
1781 1531 1898 1572 om-

295 1629 392 1669 nes
433 1628 541 1668 non
587 1616 922 1685 przrcesserit
956 1634 975 1667 ι
1013 1612 1215 1688 (Valer.
1251 1612 1416 1681 Μαι,
1459 1611 1552 1667 lib.
1592 1628 1628 1677 ι,
1686 1624 1802 1682 cap.
1844 1608 1895 1674 1,

293 1706 322 1779 §
352 1706 463 1779 H).
493 1706 753 1776 Quocirca
770 1708 1115 1779 ‘Augustinus
1144 1706 1268 1762 inde
1300 1722 1421 1761 cum
1455 1715 1677 1760 aucmre
1704 1709 1894 1758 nostro

295 1801 567 1856 concludit
614 1800 876 1872 Regulum
916 1802 1162 1871 exemplo
1214 1816 1314 1855 suo
1361 1797 1649 1853 docuisse:
1699 1793 1891 1849 «Nihil

294 1894 429 1951 deos
470 1895 535 1950 ad
565 1896 719 1951 istam
763 1894 1111 1965 temporalem
1145 1895 1455 1951 felicitatem
1498 1892 1611 1949 suis
1640 1891 1897 1962 prodesse

299 1986 635 2053 cultoribus;
664 1986 1098 2058 quandoquidem
1130 1987 1219 2041 ille
1246 2002 1430 2041 eorum
1458 1984 1672 2041 deditus
1702 1982 1890 2049 cultui,

299 2084 354 2133 et
383 2078 579 2145 victus,
608 2086 663 2134 et
691 2074 932 2147 captivus
966 2078 1229 2133 abductus
1256 2095 1268 2132 :
1302 2086 1358 2133 et
1385 2077 1473 2147 qui
1508 2075 1678 2132 noluit
1719 2073 1892 2141 aliter,

294 2187 453 2242 quam
484 2187 578 2242 per
603 2186 697 2226 eos
719 2171 1015 2241 iuraverat,
1049 2171 1248 2235 facere,
1284 2185 1424 2225 novo
1463 2184 1524 2225 ac
1564 2169 1710 2240 prius
1740 2168 1895 2222 inau-

295 2262 429 2330 dito,
458 2264 787 2334 nimiumque
810 2264 1051 2320 horribili
1093 2263 1339 2334 supplicii
1370 2278 1569 2335 genere
1599 2261 1891 2327 cruciatus,

295 2356 595 2412 exstinctus
621 2363 704 2411 est
735 2354 1019 2429 i(August.
1050 2355 1140 2411 lib.
1171 2373 1185 2411 ι
1212 2356 1275 2410 de
1296 2354 1471 2421 Civit.,
1502 2371 1622 2425 cap.
1654 2355 1741 2420 15,
1776 2370 1896 2426 pag.

298 2446 427 2519 ιδ).
1289 2444 1301 2454 ³
1817 2432 1835 2456 ⁸

368 2540 673 2599 Secundum
698 2542 958 2598 Minucius
984 2543 1289 2612 exemplqu
1320 2541 1507 2597 statuit
1534 2538 1586 2596 in
1615 2536 1891 2595 Mancino:

304 2652 322 2686 «
352 2634 451 2701 Qui
484 2633 821 2704 religionem,
861 2655 879 2687 ι
916 2636 969 2689 ut
1000 2634 1094 2690 ille
1126 2635 1383 2706 loquitur,
1426 2653 1443 2686 «
1480 2630 1667 2702 tendit,
1714 2643 1768 2690 et
1798 2635 1898 2690 sub

292 2727 483 2799 jugum
513 2726 708 2782 missus
732 2736 835 2794 est,
872 2736 927 2782 et
974 2726 1206 2783 deditus.
1237 2747 1255 2780 ι
1288 2730 1358 2782 At
1384 2742 1513 2784 sane
1554 2742 1663 2799 quo
1703 2728 1900 2782 certius

297 2828 384 2875 est
429 2819 735 2875 Mancinum
791 2828 912 2890 post
955 2818 1183 2875 infausta
1237 2820 1495 2876 adversus
1546 2819 1901 2875 Numantinos

298 2915 503 2984 prrelia,
553 2913 605 2968 in
648 2931 834 2970 eorum
880 2914 1165 2969 adductum
1227 2913 1390 2971 fuisse
1440 2916 1775 2980 servitutem,
1836 2929 1902 2969 eo

298 3006 445 3063 dictu
471 3005 766 3073 difficilius,
815 3023 918 3077 qua
960 3008 1169 3062 ratione
1202 3006 1516 3078 religioneut
1558 3005 1793 3062 tenuisse
1819 3006 1903 3060 di-

2007 506 2021 539 ι
2049 500 2264 545 senatus
2287 510 2305 542 ι
2342 501 2477 547 teste
2499 493 2657 547 etiam
2685 493 3076 563 PauloOrosio,
3107 515 3125 547 «
3149 495 3367 551 dissolvi
3400 494 3595 565 (mitius,

1995 592 2049 639 et
2088 583 2389 640 Mancinum
2434 585 2555 641 dedi
2583 586 2921 643 Numantinis
2953 592 3237 662 percepit,
3270 591 3360 663 qui
3392 592 3593 647 nudato

1996 689 2243 745 corpore,
2279 677 2522 733 manilms
2551 688 2673 750 post
2712 689 2918 751 tergum
2953 682 3228 749 revinetis,
3261 691 3386 738 ante
3415 692 3597 753 portas

1996 766 2444 825 Numantiuorum
2496 774 2795 840 espositus,
2853 774 3029 844 ibique
3073 790 3241 845 usque
3287 776 3338 832 in
3385 778 3598 832 noctem

2000 876 2243 925 manens,
2278 878 2306 916 a
2338 862 2450 918 suis
2480 864 2746 932 desertus,
2775 866 2843 920 ab
2874 866 3117 923 hostibus
3137 879 3312 923 autem
3345 884 3451 924 non
3484 885 3602 924 sus-

1989 959 2207 1023 ceptus,
2265 955 2611 1026 lacrymabile
2652 958 2889 1029 utrisque
2920 961 3282 1030 spectaculum
3315 960 3539 1033 prtebuit
3576 982 3595 1015 ι

1999 1045 2192 1117 (Oros.
2228 1046 2321 1103 lib.
2351 1064 2384 1101 v
2427 1046 2591 1117 Hist.,
2618 1066 2736 1121 cap.
2767 1050 2800 1107 4
2830 1050 2873 1124 ).
2923 1036 3111 1109 Nonne
3144 1070 3271 1125 ergo
3303 1063 3410 1109 tam
3444 1055 3603 1109 mise-

2000 1141 2187 1196 rabilis
2214 1140 2452 1197 consulis
2497 1142 2802 1213 exemplum
2849 1146 3017 1216 magis
3050 1147 3173 1202 facit
3203 1163 3301 1218 pro
3347 1147 3563 1204 Caecilio
3585 1190 3600 1215 ,

1999 1235 2091 1305 qui
2130 1250 2195 1291 eo
2251 1236 2520 1292 coniicere
2568 1232 2780 1310 poterat
2829 1237 3130 1295 Mancinum
3185 1241 3345 1296 tantis
3399 1258 3599 1298 cresunt

1999 1328 2165 1385 fuisse
2211 1329 2400 1402 plagis,
2444 1332 2567 1402 quia
2607 1330 2830 1387 deorum
2884 1335 3121 1403 auspicia
3170 1344 3224 1391 et
3277 1326 3596 1407 religionem

2000 1423 2317 1494 spreverat?

2075 1515 2274 1572 Verum
2326 1516 2548 1573 Orosius
2575 1517 2775 1574 ibidem
2820 1534 2918 1575 nos
2944 1519 3201 1576 admonet
3241 1522 3381 1579 hunc
3402 1539 3470 1579 ex
3497 1523 3602 1589 illis

2002 1616 2167 1663 unum
2197 1623 2337 1677 esse,
2364 1626 2393 1665 a
2443 1611 2636 1682 quibus
2670 1630 2689 1663 «
2711 1614 2969 1683 quantum
3009 1612 3060 1668 in
3093 1612 3221 1685 ipsis
3272 1612 3390 1680 fuit,
3422 1618 3603 1689 prodi—

2000 1701 2083 1772 gia
2115 1717 2182 1757 ex
2219 1717 2369 1757 more
2394 1711 2578 1758 curata
2621 1710 2743 1759 Sunt
2782 1721 2800 1756 ι
2837 1703 3045 1777 (lbid.),
3067 1714 3121 1761 et
3152 1715 3326 1763 tamen
3355 1709 3423 1765 ab
3450 1725 3605 1766 arus-

2001 1790 2207 1865 picibus
2230 1794 2561 1850 fallaciarum
2592 1797 2949 1854 structoribus
2974 1797 3230 1869 deceptus
3263 1811 3368 1856 est.
3400 1802 3599 1870 Quam-

2000 1882 2188 1941 obrem
2234 1888 2566 1958 Augustinus
2598 1887 2735 1944 ridet
2785 1890 2898 1945 inec
2926 1890 3039 1961 ipsa
3072 1892 3314 1961 auguria,
3363 1895 3604 1965 petitque

2000 1993 2067 2032 an
2094 1978 2185 2032 alii
2222 1980 2347 2048 pulli
2379 1989 2564 2034 contra
2598 1980 2935 2035 Numantiam
2968 1993 3339 2051 processerant
3365 1984 3600 2057 (Augus-

2002 2072 2099 2127 tin.
2126 2072 2220 2129 lib.
2246 2088 2301 2127 ιιι
2331 2073 2394 2128 de
2416 2071 2590 2139 Civil.,
2614 2091 2733 2147 cap.
2764 2076 2855 2142 21,
2890 2092 3012 2148 pag.
3035 2078 3153 2148 80).
3176 2079 3454 2150 Perpende
3474 2096 3602 2151 ergo

2001 2182 2069 2221 an
2097 2166 2374 2222 Mancinus
2409 2183 2475 2222 eo
2518 2183 2681 2224 sensu
2730 2170 3047 2240 religionem
3101 2173 3337 2229 tenuisse
3373 2173 3605 2241 dicatur,

1996 2260 2117 2330 quia
2153 2274 2303 2315 more
2335 2260 2495 2315 solito
2544 2261 2959 2327 sacriﬁcaverat,
2989 2278 3053 2319 ac
3082 2261 3396 2322 fallentibus
3423 2283 3566 2340 augu
3591 2299 3599 2308 ~

1996 2353 2164 2418 ribus,
2217 2353 2453 2421 auspicia
2487 2353 2587 2408 sibi
2637 2354 2864 2423 proiiitia
2904 2369 3027 2411 esse
3069 2355 3386 2413 crediderit.

2069 2442 2283 2500 Certius
2333 2445 2514 2514 itaque
2568 2452 2651 2500 est
2697 2448 3035 2518 prepositum
3088 2446 3340 2504 deindea
3370 2448 3605 2506 Minucio

2000 2540 2312 2610 exemplum
2356 2539 2530 2605 Pauli,
2564 2539 2652 2609 qui
2700 2538 2840 2594 sieut
2885 2539 2975 2595 ille
3019 2540 3111 2605 ait,
3173 2559 3191 2593 «
3220 2541 3390 2611 pullos
3416 2541 3612 2599 edaces

2004 2632 2213 2700 habuit,
2239 2654 2256 2687 ι
2314 2644 2478 2705 atque
2525 2634 2645 2688 ideo
2688 2633 2897 2711 felicem
2953 2636 3155 2690 exitum
3192 2637 3608 2709 prursagientes,

2012 2748 2029 2781 «
2055 2739 2229 2784 tamen
2254 2745 2377 2784 cum
2401 2728 2605 2799 majore
2626 2729 2938 2800 reipublicae
2967 2740 3114 2800 parte
3137 2741 3437 2801 prostratus
3459 2743 3560 2787 cst.
3585 2752 3604 2784 ι

2010 2823 2082 2877 De
2113 2820 2383 2877 Cannensi
2424 2837 2597 2893 pugna
2631 2821 2890 2892 loquitur,
2927 2837 3088 2894 quam
3126 2840 3315 2879 omnes
3353 2825 3612 2881 Romana:

2008 2914 2266 2981 historiae,
2301 2914 2499 2984 aliique
2539 2915 2830 2983 scriptores
2861 2922 2914 2969 et
2944 2915 3128 2980 Paulo,
3162 2925 3217 2972 et
3240 2916 3498 2972 Romanis
3527 2917 3610 2973 fu-

2009 3007 2373 3062 nestissimam
2419 3005 2585 3061 fuisse
2616 3007 2867 3073 fatentur,
2914 3021 2981 3087 ac.
3022 3006 3211 3062 Livius
3248 3007 3470 3064 Alliensi
3512 3024 3613 3064 no-

298 3110 471 3158 catur.
504 3098 717 3155 Ethnici
744 3099 1007 3170 siquidem
1038 3101 1328 3171 scriptores
1362 3099 1501 3155 haud
1530 3100 1760 3154 obscure
1789 3109 1898 3155 tes-
1926 3104 1972 3165 C
2007 3102 2211 3158 bilitate
2230 3117 2413 3172 parem
2463 3118 2587 3157 esse
2627 3112 2907 3159 asseverat
2942 3103 3083 3173 (Liv.
3138 3104 3235 3160 lib.
3262 3122 3393 3172 χχιι,
3421 3106 3470 3180 ς.
3497 3106 3613 3181 50).

301 3197 572 3251 tifieantur
599 3195 750 3249 illum
772 3192 972 3248 idcirco
1006 3194 1166 3247 tantis
1197 3193 1589 3248 calamitatibus
1616 3191 1898 3258 afﬂictum,

298 3289 425 3361 quia
459 3287 645 3343 invitis
691 3303 753 3342 ac
784 3287 1174 3343 reluctantibus
1214 3286 1465 3357 auspiciis
1494 3286 1704 3358 diisqu'e
1757 3288 1899 3355 suis,

298 3380 499 3437 bellum
545 3362 878 3449 susceperat.
922 3378 1093 3444 Audi,
1144 3392 1358 3448 qumso,
1411 3378 1588 3433 Titqu
1645 3368 1897 3434 Livium:

308 3475 410 3532 «C.
462 3473 687 3531 Hostilio
733 3472 979 3530 Mancino
1008 3473 1229 3527 consule
1276 3468 1632 3538 sacrificante,
1667 3473 1794 3544 pulli
1826 3489 1895 3529 ex

301 3582 465 3624 eavea
502 3568 878 3631 evolaverunt;
937 3563 1321 3621 conscendenti
1368 3565 1420 3620 in
1477 3580 1695 3629 navem,
1740 3574 1795 3620 ut
1849 3566 1901 3620 in

306 3658 617 3732 Hispaniam
640 3658 1094 3730 proﬁcisceretur,
1124 3656 1318 3712 accidit
1342 3657 1513 3712 audiri
1545 3674 1557 3711 :
1590 3656 1763 3722 Mane,
1791 3674 1905 3712 ma-

307 3773 394 3823 ne,
427 3753 704 3820 Mancine;
738 3768 859 3824 qua:
890 3753 1125 3823 auspicia
1160 3751 1329 3805 tristia
1364 3750 1529 3807 fuisse
1560 3761 1754 3807 eventu
1784 3752 1906 3821 pro—

305 3849 487 3904 batum
519 3857 599 3903 est
627 3865 646 3899 ι
686 3843 826 3919 (Liv.
859 3846 1010 3916 epit.,
1043 3843 1136 3900 lib.
1168 3843 1277 3915 ιν).
1310 3842 1552 3899 Valerius
1581 3854 1758 3899 autem
1800 3843 1912 3899 Ma-

304 3944 482 3998 ximus
523 3942 637 3997 haec
689 3940 846 4013 paulo
900 3939 1138 4004 uberius,
1187 3939 1381 4009 hisque
1436 3938 1614 3993 verbis
1667 3947 1908 4007 enarrat,

312 4036 577 4093 «Consuli
618 4035 885 4102 Mancino,
945 4035 997 4089 in
1056 4032 1363 4104 Hispaniam
1412 4033 1571 4099 ituro,
1618 4030 1733 4089 huic
1781 4049 1905 4102 pro-

307 4133 449 4202 digia
506 4130 840 4187 acciderunt.
899 4128 1030 4184 Cum
1089 4127 1292 4183 Lavinii
1345 4127 1664 4182 sacrificium
1722 4125 1906 4185 facere

307 4224 491 4290 vellet,
524 4223 650 4295 pulli
699 4238 859 4279 cavea
890 4222 1093 4285 emissi,
1149 4220 1201 4274 in
1251 4220 1546 4290 proximam
1580 4220 1782 4292 sylvam
1827 4218 1909 4274 fu-

307 4326 525 4391 gerunt,
565 4331 882 4386 summaque
923 4314 1197 4387 diligentia
1252 4314 1482 4385 qua-siti,
1542 4310 1766 4384 reperiri
1814 4322 1908 4370 ne-

307 4412 613 4486 quiverunt.
655 4411 897 4481 Cumque
922 4410 990 4465 ab
1046 4409 1293 4464 Herculis
1323 4418 1499 4480 portu,
1532 4424 1638 4480 quo
1680 4408 1907 4480 pedibus

2010 3194 2106 3250 Rei
2153 3194 2315 3266 igitur
2354 3204 2517 3251 certae
2566 3195 2880 3267 neminique
2929 3196 3215 3268 incognita:
3263 3199 3446 3268 plures
3495 3199 3612 3254 dari

2012 3296 2177 3343 testes
2222 3287 2357 3342 nihil
2409 3302 2632 3344 necesse
2680 3298 2784 3343 est.
2834 3288 2941 3345 Sed
2972 3289 3272 3347 audiendus
3309 3291 3488 3361 Cotta,
3524 3295 3614 3365 qui

2007 3379 2148 3450 apud
2176 3378 2493 3435 Ciceronem
2523 3380 2647 3436 inde
2667 3380 2841 3451 arguit
2868 3381 3063 3437 nullam
3095 3397 3218 3440 esse
3236 3383 3462 3439 deorum
3490 3400 3616 3455 pro-

2007 3472 2302 3529 videntiam
2343 3490 2356 3526 :
2401 3468 2457 3526 Si
2512 3473 2656 3527 enim
2694 3472 3046 3540 «hominum,
3099 3476 3309 3545 generi,
3336 3494 3355 3526 i
3406 3477 3615 3547 inquit,

2010 3568 2390 3637 consulebant,
2446 3585 2584 3625 «cur
2626 3570 2850 3625 Paulum
2883 3568 3084 3627 Canna:
3126 3572 3495 3628 sustulerunt?
3523 3589 3621 3629 cur

2011 3664 2301 3720 Pomorum
2341 3660 2642 3716 crudelitati
2674 3660 2888 3732 Reguli,
2928 3661 2996 3717 de
3036 3678 3143 3733 quo
3184 3678 3311 3719 mox
3350 3666 3616 3735 loqueba-

2011 3774 2151 3825 mur,
2203 3771 2401 3826 corpus
2423 3764 2507 3810 est
2557 3755 2929 3826 praebitum?»
2960 3755 3116 3830 (Cic.
3178 3757 3253 3814 lib
3282 3773 3337 3812 tn
3380 3758 3444 3812 de
3486 3739 3617 3813 Nat.

2012 3849 2197 3917 Deor.,
2230 3865 2350 3922 pag.
2381 3848 2511 3916 252,
2542 3849 2638 3906 lin.
2672 3849 2704 3904 7
2731 3859 2779 3903 et
2809 3847 2989 3921 seqq.)
3029 3849 3167 3917 Quin
3199 3851 3360 3907 etiam
3393 3852 3624 3923 ipsemet

2013 3943 2205 4000 Cicero
2234 3943 2361 3998 hinc
2388 3942 2662 3998 concludit
2692 3944 2842 3998 nulla
2892 3957 3014 3999 esse
3068 3943 3295 4000 deorum
3343 3947 3581 4016 auspicia
3603 3988 3619 4012 ,

2009 4038 2205 4111 quibus
2245 4036 2442 4091 Paulus
2470 4037 2664 4106 paruit,
2694 4050 2794 4091 nec
2822 4036 3001 4091 minus
3039 4036 3234 4093 cecidit
3264 4038 3314 4092 in
3351 4038 3623 4096 Cannensi

2013 4147 2183 4202 pugna
2207 4145 2327 4186 cum
2350 4129 2590 4185 exercitu
2614 4128 2805 4200 (Idem,
2827 4129 2918 4185 lib.
2943 4144 2980 4185 ιι
2999 4130 3062 4183 de
3087 4130 3322 4199 divinat.,
3342 4148 3464 4205 pag.
3490 4132 3620 4203 289,

2010 4224 2106 4279 litt.
2138 4221 2252 4296 24).

2081 4317 2285 4373 Eodem
2324 4315 2501 4371 adhuc
2528 4314 2690 4371 modo
2722 4330 2782 4372 ea
2815 4315 3013 4373 ibidem
3040 4317 3349 4386 confirmat,
3382 4335 3500 4391 qua:
3529 4321 3616 4375 nl-

2014 4410 2143 4465 timo
2192 4409 2314 4464 loco
2352 4408 2421 4464 de
2468 4406 2611 4463 Julio
2656 4404 2868 4463 Caesare
2912 4418 3102 4465 auctor
3158 4420 3445 4478 memorat,
3496 4414 3621 4468 eum

308 4515 647 4579 pervenerat,
680 4520 872 4562 navem
917 4503 1326 4569 conscenderet,
1358 4503 1478 4558 talis
1512 4519 1614 4558 vox
1644 4502 1762 4561 sine
1794 4502 1904 4559 ullo
1932 4493 1985 4554 1)
2012 4502 2365 4559 renitentibus
2421 4502 2722 4573 spretisque
2780 4502 3020 4572 auguriis
3072 4496 3124 4558 et
3171 4504 3455 4574 auspiciis,
3496 4512 3625 4560 ante

308 4611 528 4657 auctore
547 4599 614 4656 ad
644 4614 801 4655 aures
835 4597 950 4669 ejus
980 4597 1256 4668 pervenit:
1290 4584 1552 4664 Mancine,
1584 4613 1761 4653 mane.
1791 4589 1906 4664 Qua

308 4693 531 4750 territus
573 4708 694 4750 cum
745 4691 935 4746 itinere
974 4705 1260 4753 converso,
1294 4686 1535 4746 Genuam
1569 4692 1822 4760 petisset,
1852 4700 1908 4745 et

307 4803 362 4842 tn
393 4785 647 4856 scapham
674 4794 819 4841 esset
852 4785 1145 4855 ingressus,
1177 4783 1365 4854 anguis
1393 4784 1605 4838 eximim
1638 4783 1907 4854 magnitu-

308 4877 453 4936 dinis
490 4878 657 4944 visus,
706 4892 737 4932 e
778 4884 1069 4947 conspectu
1097 4875 1244 4930 abiit.
1304 4874 1444 4943 Ergo
1471 4888 1753 4930 numerum
1785 4890 1908 4943 pro-

310 4973 576 5045 digiorum
600 4987 823 5040 numero
843 4970 1205 5026 calamitatum
1232 4969 1686 5041 requavit,infelici
1711 4964 1905 5040 pugna,

300 5066 453 5138 turpi
490 5065 713 5132 ﬁndere,
744 5063 1018 5119 deditione
1060 5061 1268 5119 funesta
1305 5060 1540 5136 i(Valer.
1567 5062 1729 5129 Max},
1756 5062 1908 5129 lib.t,

311 5172 431 5227 cap.
467 5156 521 5222 6,
555 5152 583 5229 §
638 5155 737 5226 7).
797 5154 1131 5225 Prmcipitem
1175 5155 1390 5226 itaque,
1423 5154 1572 5210 addit
1614 5152 1737 5222 ille,
1790 5153 1915 5208 Fla-

312 5249 487 5316 minii,
516 5249 586 5306 de
630 5264 738 5321 quo
789 5248 946 5321 paulo
983 5257 1108 5304 ante
1142 5246 1518 5315 disseruimus,
1552 5262 1915 5319 vesanamque

312 5346 769 5416 perseverantiam
812 5342 1137 5397 subsecutus
1169 5344 1270 5398 est.

385 5437 668 5507 Quomodo
698 5437 857 5508 igitur
904 5438 1218 5507 religionem
1268 5437 1520 5504 servavit,
1553 5438 1643 5508 qui
1679 5456 1697 5489 «
1720 5435 1912 5492 adver-

311 5545 436 5586 sum
477 5528 865 5597 Numantinos,
899 5547 916 5579 ι
950 5530 1087 5584 sicut
1112 5529 1364 5585 Aurelius
1389 5527 1578 5584 Victor
1607 5527 1781 5586 adhuc
1804 5545 1920 5600 per-

313 5621 486 5685 hibet,
527 5639 546 5672 ι
568 5620 871 5676 vetantibus
916 5621 1128 5687 avibus,
1156 5627 1212 5678 et
1243 5621 1424 5676 nescio
1456 5637 1559 5693 qua
1586 5637 1718 5677 voce
1758 5638 1919 5678 revo-

315 5721 477 5769 caute
504 5712 869 5784 profectus...
902 5713 953 5768 in
985 5713 1133 5784 leges
1158 5711 1392 5770 hostium
1426 5713 1601 5771 fredus
1632 5714 1917 5786 percussit,

319 5820 427 5877 quo
457 5818 553 5877 per
582 5812 826 5863 senatum
845 5805 1166 5878 improbato,
1190 5805 1525 5865 Numantinis
1540 5806 1914 5867 deditusest?»

2010 4597 2257 4653 brumam
2304 4597 2355 4651 in
2400 4584 2640 4650 Africam
2690 4595 2919 4652 feliciter
2974 4598 3264 4669 navigasse
3305 4613 3370 4653 ac
3400 4597 3618 4654 vicisse.

2013 4688 2161 4744 Hauc
2221 4688 2503 4744 enimvero
2554 4687 2608 4743 in
2661 4703 2775 4743 rem
2820 4688 2936 4743 haec
2983 4689 3252 4760 ipsissima
3302 4700 3428 4746 sunt
3483 4691 3625 4751 illius

2010 4782 2253 4837 Oratoris
2299 4782 2498 4837 verba:
2540 4780 2721 4849 «Quid
2766 4780 2881 4852 ipse
2926 4777 3141 4838 Caesar?
3173 4784 3304 4839 Cum
3348 4770 3381 4839 ai
3409 4800 3626 4843 sununo

2013 4874 2299 4945 haruspice
2335 4884 2666 4939 moneretur,
2711 4891 2777 4931 ne
2825 4880 2876 4930 in
2923 4876 3158 4933 Africam
3204 4888 3331 4943 ante
3373 4880 3622 4935 brumam

2014 4968 2424 5035 transmitteret,
2476 4984 2658 5025 nonne
2712 4970 3047 5024 transmisit?
3091 4971 3242 5039 Quod
3272 4972 3326 5029 ni
3384 4952 3626 5045 fecisset,

2016 5077 2179 5116 unum
2212 5061 2262 5115 in
2296 5062 2471 5118 locum
2513 5077 2703 5118 omnes
2743 5063 3174 5119 adversariorum
3208 5066 3380 5136 capite
3424 5082 3655 5124 conve—‘

2018 5154 2225 5209 nissent
2268 5174 2287 5207 ι
2315 5151 2528 5225 (Cicer.
2570 5155 2726 5221 ibid.,
2762 5171 2884 5227 pag.
2922 5157 3052 5222 286,
3098 5158 3195 5216 lin.
3234 5159 3302 5215 15
3331 5171 3385 5216 et
3414 5161 3622 5239 seqq).

2018 5244 2155 5302 Tum
2189 5247 2275 5302 ille
2318 5248 2659 5303 continenter
2700 5249 2838 5316 hrec,
2892 5264 3012 5321 qua)
3049 5250 3118 5305 ad
3162 5254 3401 5309 auctoris
3450 5257 3624 5313 nostri

2022 5339 2361 5410 propositum
2382 5343 2614 5397 maxime
2654 5338 2875 5409 faciunt,
2913 5343 3152 5413 adjecit:
3187 5365 3205 5397 «
3229 5346 3366 5415 Quid
3394 5363 3495 5419 ego
3530 5349 3629 5403 ba-

2019 5436 2293 5506 ruspieum
2336 5450 2611 5506 responsa:
2639 5450 3057 5494 commemorem
3091 5437 3341 5513 (possem
3372 5443 3631 5515 equidem

2020 5528 2473 5602 innumerabilia)
2516 5545 2636 5601 quae
2666 5539 2758 5585 aut
2787 5531 2964 5586 nullos
2995 5522 3300 5593 habuerunt
3325 5538 3503 5595 exitus
3532 5553 3631 5597 aut

2021 5623 2361 5678 contrarios?
2390 5642 2407 5674 ι
2460 5621 2629 5678 Totus
2658 5639 2816 5693 porro
2848 5624 2934 5681 hic
2981 5635 3034 5681 et
3064 5627 3205 5684 alius
3239 5630 3634 5689 describendas

2025 5728 2169 5774 esset
2201 5718 2475 5774 Ciceronis
2503 5718 2662 5787 liber,
2694 5718 2738 5774 si
2769 5721 2950 5775 omnia
2977 5721 3181 5780 referre
3210 5724 3492 5794 vellemus,
3523 5729 3634 5799 qui—

2026 5809 2127 5867 bus
2150 5809 2457 5883 hujusmodi
2481 5811 2868 5883 auspiciorum,
2888 5814 3221 5891 aliarumque
3242 5819 3635 5882 divinationum
