4038 6308
446 253 552 312 615

1723 245 1812 302 DE
1851 238 2110 302 MINUCII
2139 239 2438 300 OCTAVIO

3648 231 3750 290 616

449 371 739 426 vanitatem
777 366 1128 425 demonstrat.
1157 362 1264 422 Sed
1289 363 1413 436 quia
1439 362 1490 419 id
1519 361 1730 433 longius
1767 361 1923 428 foret,
1971 360 2036 415 ad
2064 369 2114 424 Α
2142 359 2285 428 guit?
2306 357 2495 413 Nonne
2521 354 2651 410 satis
2681 360 2866 425 aperte
2898 351 3178 410 declarare
3204 350 3423 408 videtur
3447 349 3746 422 prioribus,

451 462 595 518 hunc
641 463 854 527 librum,
884 459 1234 527 eamdemque
1263 459 1334 513 ob
1360 472 1572 512 causam
1606 457 1671 510 ad
1714 453 2003 510 Eusebium
2024 495 2038 520 ,

451 565 507 612 et
553 555 929 628 Augustinum,
975 553 1229 608 adversus
1259 551 1348 607 illa
1388 550 1634 606 similiter
1671 550 2041 620 disputantes,

454 651 774 707 mittendum
801 659 852 705 te
878 663 996 704 esse
1017 648 1181 704 satius
1202 647 1452 702 duximus
1473 645 1696 718 (Euseb.
1723 644 1815 701 lib.
1838 660 1876 699 lt
1899 642 2046 698 Pro:-

455 761 569 816 par.
602 743 826 814 Evang.,
860 756 978 810 cap.
1021 742 1039 794 't
1068 749 1126 796 et
1169 755 1344 810 seqq.,
1378 753 1494 809 cap.
1535 739 1602 793 15
1633 747 1686 793 et
1714 754 1901 809 seqq;
1934 739 2044 791 Au-

453 837 651 910 gustin.
694 837 788 892 lib.
822 851 874 890 ιν
903 836 966 889 de
993 834 1167 898 Civit.,
1195 848 1294 902 cap
1319 832 1408 899 29,
1443 847 1560 902 pag.
1597 831 1699 888 109
1729 840 1784 887 et
1811 846 1964 902 seqq.
1994 839 2049 885 et

450 929 544 985 lib.
566 929 630 984 de
655 928 795 993 Diu,
815 936 946 983 tom.
981 942 1053 993 vt,
1079 941 1199 998 pag.
1223 925 1328 980 505
1347 935 1402 981 et
1425 923 1628 996 seqq.).
1661 924 1734 978 Ex
1763 924 1828 978 iis
1847 933 2052 996 autem,

451 1034 611 1096 atque
632 1040 696 1079 ex
724 1023 982 1077 hactenus
1004 1021 1310 1091 diSputatis,
1338 1019 1444 1075 cito
1472 1019 1732 1090 facileque
1753 1017 2046 1088 perspicies

451 1133 608 1190 quam
639 1117 848 1172 infirma
877 1112 1162 1172 sitCaecilii
1188 1123 1243 1170 et
1265 1113 1493 1167 aliorum
1520 1111 1798 1183 gentilium
1825 1110 1892 1166 ad
1921 1125 2046 1180 pro-

449 1211 678 1269 bandam
702 1210 926 1266 deorum
958 1224 1176 1266 suorum
1209 1206 1550 1277 prmsentiam
1581 1205 1807 1262 deducta
1847 1220 1918 1260 ex
1949 1219 2043 1258 au-

448 1310 614 1382 guriis
649 1316 703 1365 et
730 1305 984 1379 auspiciis
1032 1305 1444 1377 argumentatio.

1057 1421 1284 1495 CAPUT
1311 1436 1432 1492 xx.

453 1593 789 1636 EXI’ENDITUB
833 1590 1126 1634 GENERALIS
1159 1588 1360 1629 lllNUCIl
1396 1586 1697 1638 RESPONSIO,
1750 1589 1852 1636 QUA
1895 1586 2045 1626 MIRA-

523 1693 680 1741 CULA,
713 1690 974 1739 OBACULA,
1007 1687 1264 1736 AUSPICIA,
1297 1687 1545 1735 AUGURIA,
1576 1685 1787 1731 SOINIA,
1821 1685 1889 1724 ET
1921 1683 2042 1722 ALIA

2148 453 2238 523 qui
2285 452 2336 506 in
2382 466 2466 515 ea,
2514 464 2618 521 qua
2661 448 2827 504 creati
2874 448 3104 512 fuerant,
3146 445 3431 501 sanctitate
3473 453 3531 499 et
3581 443 3752 514 gratia

2150 553 2583 618 perseverarunt,
2619 541 2918 612 simplicem
2947 541 3168 595 omnino
3185 539 3370 606 fuisse,
3393 537 3749 608 spiritualem,

2151 647 2204 694 et
2227 637 2294 692 ab
2310 638 2453 692 omni
2478 651 2697 707 prorsus
2717 652 2777 691 re
2798 648 3056 704 corporea
3075 640 3337 688 secretam
3367 627 3750 686 substantiam?

2152 732 2282 800 Quae
2307 733 2449 786 enim
2501 731 2606 786 alia
2644 745 2673 784 a
2704 730 2852 795 mali,
2901 729 2991 798 qui
3044 726 3288 797 ejusdem
3323 741 3445 781 cum
3498 724 3607 779 illis
3655 738 3751 777 na-

2156 837 2291 884 tura:
2335 836 2528 893 erant,
2582 827 2684 882 nisi
2712 824 3026 896 simplicitas
3064 822 3363 878 sanctitatis
3400 819 3601 875 amissa
3651 817 3754 873 dici

2153 926 2372 994 potest?
2398 921 2532 978 Nam
2571 936 2668 976 eos
2714 929 2834 990 post
2878 928 3154 987 peccatum
3199 924 3364 970 vocat
3391 913 3567 968 adhuc
3601 929 3620 963 (
3649 911 3757 981 spi-

2151 1017 2317 1082 ritus,
2353 1034 2370 1066 ι
2414 1015 2509 1070 sed
2542 1013 2772 1068 terrenis
2822 1010 3032 1065 labibus
3063 1018 3118 1063 et
3157 1004 3547 1078 cupiditatibus
3572 1004 3757 1074 degra-

2151 1115 2321 1162 vatos.
2353 1105 2470 1161 Non
2503 1106 2652 1176 plura
2683 1104 2754 1160 ibi
2791 1103 2883 1158 ille
2915 1100 3135 1156 tradidit
3174 1100 3244 1155 de
3288 1099 3502 1154 illorqu
3535 1108 3756 1162 natura,

2143 1200 2218 1256 'de
2264 1215 2368 1271 qua
2395 1216 2494 1255 nos
2538 1200 2590 1256 in
2633 1198 2797 1268 priori
2829 1197 3130 1269 Apparatus
3159 1202 3330 1260 tomo,
3367 1201 3423 1249 et
3452 1193 3506 1246 in
3533 1206 3758 1262 sequen-

2145 1292 2288 1347 tibus
2325 1289 2793 1346 dissertationibus
2824 1287 3014 1360 (Tom.
3068 1302 3086 1341 ι
3131 1286 3412 1356 Apparat.,
3465 1298 3587 1354 pag.
3626 1282 3759 1338 191-

2146 1384 2253 1438 555
2282 1395 2333 1438 et
2355 1399 2506 1453 seqq.
2537 1381 2643 1437 988
2670 1389 2726 1436 et
2753 1376 2954 1451 seqq.).
2982 1377 3091 1434 Nec
3120 1376 3290 1448 magis
3314 1375 3598 1432 enucleate
3619 1374 3762 1431 edis-

2148 1476 2337 1541 seruit,
2385 1491 2504 1545 qua:
2533 1473 2642 1528 sint
2669 1473 2774 1528 illa:
2798 1483 3025 1528 terrente
3057 1469 3226 1536 labes,
3252 1469 3445 1540 quibus
3469 1467 3748 1537 pristinam

2148 1571 2461 1626 substantia:
2492 1569 2890 1640 simplicitatem
2922 1568 3236 1623 amiserunt.
3263 1565 3402 1621 Nulli
3434 1575 3612 1620 tamen
3654 1564 3752 1620 mi-

2148 1679 2268 1718 rum
2297 1663 2349 1716 id
2381 1678 2500 1718 esse
2522 1661 2702 1727 debet,
2732 1659 3164 1732 quandoquidem
3194 1657 3263 1714 ad
3295 1655 3588 1713 refellenda
3621 1672 3757 1712 vana

520 1782 989 1826 exrnaonnmama
1014 1782 1150 1822 aruo
1187 1779 1445 1821 ETHNICOS
1475 1779 1788 1827 FACTA,NON
1817 1779 1886 1816 ex
1915 1775 2047 1817 neo-
2077 1776 2122 1834 B
2151 1757 2501 1812 Etlinieorum
2542 1763 2852 1826 argumenta
2900 1754 3001 1810 sibi
3045 1754 3176 1808 satis
3218 1766 3340 1808 esse
3380 1753 3587 1822 putavit
3618 1750 3757 1806 indi-

521 1881 628 1919 ιιωι
659 1879 868 1919 SUOBUH
897 1876 1223 1925 POTESTATE,
1254 1874 1351 1913 εει)
1373 1874 1639 1913 DEMONUH
1668 1871 1960 1913 FRAUDIBUS
1976 1869 2043 1910 AC

523 1970 828 2013 Ρλεετισιιε
866 1968 1133 2010 PROFECTA
1161 1966 1282 2007 εεεε
1310 1966 1685 2006 ΒΕΜΟΝδΤΒΔΤ.

974 2107 1265 2149 ABTICULUS
1308 2106 1516 2146 PRIMUS.

455 2238 669 2304 Qualem
709 2234 969 2290 Minucius
1000 2232 1248 2302 putaverit
1293 2246 1400 2285 esse
1439 2230 1729 2285 dwmonum
1774 2236 2044 2292 naturam,

522 2342 567 2387 et
611 2347 763 2402 quant
805 2340 936 2384 recte
981 2327 1110 2381 dixit
1147 2326 1266 2380 illos
1304 2326 1484 2396 poetis,
1536 2322 1873 2394 philosophis,
1907 2337 1966 2373 ac
1994 2320 2047 2373 in

520 2424 699 2495 primis
741 2421 948 2477 Platoni
991 2429 1038 2474 et
1082 2418 1318 2483 Socrati,
1365 2427 1518 2487 atque
1570 2417 1724 2470 etiam
1775 2413 1943 2485 Magia
1989 2428 2049 2465 ac

522 2516 780 2588 prwcipue
824 2513 1065 2569 Holstani
1094 2513 1253 2584 fuisse
1281 2511 1534 2582 cognitos.

519 2680 663 2748 Quas
705 2676 968 2732 Minucius
994 2674 1301 2745 singillatim
1333 2677 1600 2727 everterat
1647 2667 1846 2724 Ctecilii
1878 2676 2043 2723 etate-

449 2785 744 2841 rorumque
768 2769 1053 2841 gentilium
1094 2763 1606 2837 argumentationes,
1635 2760 1733 2815 has
1760 2760 1903 2831 ipsas
1932 2761 2046 2816 sive

449 2877 516 2921 ex
546 2862 798 2932 auspiciis
841 2871 897 2916 et
923 2859 1181 2930 auguriis,
1219 2859 1333 2911 sive
1374 2870 1442 2910 ex
1475 2852 1703 2908 oraculis
1731 2861 1786 2908 et
1817 2852 2046 2922 pracdic-

452 2955 705 3022 tionibus,
733 2954 846 3010 sive
869 2969 934 3009 ex
969 2951 1194 3008 somniis
1238 2957 1294 3005 et
1343 2947 1462 3003 aliis
1492 2946 1920 3018 quibuscumque
1947 2960 2044 3001 ex-

452 3048 821 3107 traordinariis
860 3045 1085 3112 effectis,
1129 3042 1404 3114 prodigiis,
1429 3051 1590 3112 atque
1620 3045 1793 3105 veris,
1840 3039 1914 3094 uti
1947 3054 2048 3109 pu.

2150 1863 2274 1904 care
2303 1859 2514 1919 quanta:
2541 1848 2870 1913 subtilitatis,
2898 1846 3154 1918 agilitatis
3180 1859 3244 1900 ac
3267 1844 3540 1900 tenuitatis
3557 1844 3631 1899 sit
3651 1843 3760 1899 da:-

2152 1957 2370 1998 monunz
2404 1951 2613 2008 natura,
2662 1941 2821 2012 idque
2852 1957 2958 1994 non
3005 1939 3166 1996 modo
3193 1939 3643 2010 pltil050pborum
3694 1954 3760 1993 ac

2153 2044 2452 2102 poetaruut,
2493 2050 2678 2090 verum
2728 2034 2888 2089 etiam
2935 2032 3232 2104 Magorum,
3272 2032 3465 2102 quibus
3495 2029 3758 2104 refragari

2153 2142 2258 2183 non
2289 2136 2552 2197 poterant,
2604 2126 2923 2182 confirmare
2951 2124 3282 2180 testimonio.

2225 2222 2381 2276 Plato
2419 2230 2619 2284 autem,
2653 2220 2728 2274 ait
2751 2219 2862 2286 ille,
2899 2238 2917 2272 ‹
2953 2220 3004 2273 in
3046 2217 3332 2289 Symposio
3359 2224 3607 2272 naturam
3642 2214 3760 2271 dae-

2152 2327 2369 2367 monum
2412 2312 2714 2377 exprimere
2754 2311 3073 2367 connititur.
3117 2309 3248 2364 Vult
3285 2310 3430 2365 enim
3464 2323 3589 2364 esse
3620 2308 3756 2364 sub-

2150 2408 2402 2463 stantiam
2453 2407 2592 2461 inter
2645 2405 2927 2462 mortalem
2975 2403 3482 2474 imniortalemque,
3535 2402 3588 2458 id
3643 2412 3755 2470 est,

2150 2501 2292 2556 inter
2320 2517 2518 2570 corpus
2554 2509 2609 2556 et
2635 2501 2881 2571 Spiritum
2921 2500 3184 2564 mediam,
3213 2499 3412 2556 terreni
3463 2497 3759 2569 ponderis,

2149 2602 2204 2648 et
2235 2594 2472 2649 caelestis
2512 2593 2747 2649 levitatis
2782 2592 3111 2648 admixtione
3147 2601 3479 2648 concretam.
3517 2611 3536 2643 ι
3591 2591 3660 2646 Et
3698 2607 3764 2648 re

2149 2686 2366 2758 quidem
2387 2701 2515 2742 vera
2538 2685 2652 2742 haec
2675 2697 2801 2740 sunt
2828 2685 2972 2740 illius
2994 2687 3046 2740 in
3069 2685 3231 2740 citato
3246 2683 3532 2756 Symposio
3553 2681 3760 2739 verba:

2157 2797 2176 2832 (
2217 2778 2380 2834 Vides
2435 2788 2485 2834 te
2525 2794 2592 2833 eo
2637 2777 2940 2843 devenisse,
3000 2786 3060 2832 ut
3105 2778 3361 2832 Amorem
3414 2776 3576 2831 deum
3633 2789 3764 2832 esse

2153 2872 2375 2927 minime
2415 2871 2729 2928 existimes?
2763 2869 2900 2938 Quid
2945 2885 3096 2941 ergo,
3132 2870 3390 2940 inquam?
3422 2869 3556 2924 Nttm
3602 2884 3763 2924 mor-

2154 2963 2276 3018 talis
2326 2973 2410 3019 est
2469 2963 2684 3017 Amor?
2738 2961 3108 3033 Nequaquam.
3165 2961 3497 3032 Ecquidnam
3555 2962 3765 3032 igitur?

2155 3056 2326 3112 Sicuti
2363 3057 2414 3110 in
2455 3055 2826 3126 superioribus
2857 3055 3108 3122 diximus,
3139 3055 3340 3126 aliquid
3372 3055 3762 3111 intermedium

451 3145 657 3210 tabaut,
700 3141 972 3198 miraculis
1023 3139 1358 3208 dcsumptas,
1411 3135 1652 3208 generali
1697 3135 2044 3205 responsione

2155 3151 2295 3205 inter
2346 3150 2576 3205 mortale
2628 3160 2683 3204 et
2737 3148 3060 3204 immortale.
3118 3147 3259 3216 Quid
3309 3162 3462 3220 ergo,
3520 3149 3763 3204 Diotime

452 3241 704 3296 dissolvit
743 3252 805 3293 ac
857 3236 1073 3307 penitus
1118 3232 1354 3289 conficit.
1401 3230 1628 3287 Omissis
1677 3238 1857 3286 autem
1911 3228 2049 3282 bene

453 3332 659 3398 multis,
693 3345 812 3398 quae
841 3325 1050 3383 etiamsi
1081 3341 1298 3397 prorsus
1321 3323 1532 3379 insolita
1562 3321 1900 3386 videbuntur,
1928 3319 2049 3375 solo

453 3436 630 3482 tamen
661 3439 788 3480 casu
818 3423 954 3477 facta
987 3422 1214 3482 fuerant,
1254 3420 1306 3474 in
1340 3419 1626 3489 ipsummet
1664 3415 1866 3470 invadit
1899 3428 2050 3470 erro-

452 3520 549 3586 ris,
589 3519 855 3588 totiusque
884 3514 1159 3587 pravitatis
1193 3519 1391 3584 caput,
1440 3510 1525 3566 vel
1553 3520 1612 3564 ut
1638 3510 1754 3579 ipse
1782 3509 2045 3580 loquitur,

450 3612 518 3668 ad
549 3611 688 3667 illius
739 3610 960 3676 fontem,
1007 3607 1150 3662 unde
1189 3605 1365 3661 omnis
1401 3604 1574 3674 caligo
1620 3603 1874 3668 manavit,
1921 3616 2048 3672 ape-

451 3705 695 3762 riendum
737 3701 1067 3775 aggreditur.
1103 3700 1265 3755 Docet
1295 3699 1475 3769 itaque
1509 3696 1771 3760 omnium,
1805 3710 1924 3765 quae
1954 3709 2049 3750 ex-

451 3807 533 3854 tra
562 3805 876 3854 consuetum
927 3809 1105 3850 rerum
1151 3791 1396 3847 ordinem
1439 3787 1578 3859 apud
1617 3787 1865 3844 ethnicos
1910 3786 2045 3841 facta

452 3889 891 3962 perhibebantur,
925 3902 1032 3942 non
1075 3885 1314 3955 ipsorum
1351 3883 1526 3948 deos,_
1560 3881 1655 3936 sed
1705 3881 1874 3936 malos
1931 3881 2044 3935 da:-

449 3997 642 4040 otoncs
667 3997 789 4038 esse
830 3995 1018 4036 revera
1044 3989 1313 4034 auctores.
1359 3973 1627 4045 Quidquid
1653 3983 1830 4030 autem
1861 3972 1932 4028 ibi
1957 3973 2045 4028 ille

448 4079 634 4143 refert,
663 4075 717 4132 id
756 4074 1057 4148 Cyprianus
1079 4071 1356 4144 (Cyprian.
1383 4071 1446 4125 de
1471 4069 1673 4124 Idolor.
1705 4069 1889 4135 vanit.,
1922 4082 2041 4138 pag.

448 4175 521 4230 15
565 4183 620 4229 et
664 4175 855 4243 seqq.)
901 4185 1031 4234 suo,
1065 4178 1122 4223 ut
1163 4181 1306 4236 saepe
1343 4165 1598 4232 vidimus,
1630 4179 1780 4218 more
1807 4162 1861 4217 in
1888 4177 2042 4217 suum

454 4286 474 4320 (
494 4267 562 4323 de
585 4265 851 4321 [dolorum
881 4264 1114 4318 vanitate
1135 4280 1154 4314 ι
1201 4261 1393 4315 librum
1419 4258 1707 4314 transtulit.
1736 4256 2047 4312 Lactantius

449 4359 702 4432 (Lactan.
732 4357 826 4412 lib.
857 4373 912 4422 tt,
955 4371 1073 4424 cap.
1107 4355 1173 4410 M
1204 4361 1259 4408 ct
1285 4368 1460 4424 seqq.,
1491 4366 1612 4423 pag.
1647 4349 1755 4404 216
1782 4360 1836 4404 et
1861 4347 2039 4418 seqq.)

445 4467 660 4524 quoque
687 4450 830 4506 idem
875 4457 1246 4522 argumentum
1295 4445 1464 4501 fusius
1510 4453 1859 4516 prosecutus,
1890 4442 2042 4512 plura

2149 3242 2390 3313 Magnus,
2420 3241 2747 3308 oSocrates,
2797 3240 3012 3296 daemon
3063 3259 3076 3295 :

2149 3344 2332 3404 μετιξὺ
2384 3344 2486 3392 itm
2533 3342 2643 3390 θεοῦ
2692 3358 2784 3402 τε,
2837 3338 2921 3388 καὶ
2962 3334 3396 3395 θνητοῦευιιιηίς
3444 3336 3585 3389 enim
3639 3335 3764 3389 daa-

2151 3442 2372 3484 m0uum
2402 3435 2588 3482 natura
2613 3427 2752 3482 inter
2781 3425 2944 3481 deum
2993 3435 3050 3481 et
3097 3425 3379 3482 mortalem
3435 3425 3765 3483 intermedia

2153 3520 2328 3599 (Plat.
2381 3521 2623 3592 Sympos.
2674 3533 2808 3576 tom.
2840 3537 2878 3587 ι,
2913 3536 3032 3590 pag.
3075 3519 3241 3592 202).
3279 3540 3298 3573 ›
3331 3519 3416 3576 Ab
3455 3521 3769 3591 Augustino

2151 3626 2330 3670 autem
2367 3612 2630 3670 'discimus
2670 3613 2937 3670 daemonia
2971 3614 3042 3669 ab
3084 3613 3313 3684 Apuleio
3350 3612 3624 3670 Platonico
3658 3612 3769 3672 de.

2152 3706 2316 3773 finiri,
2377 3725 2396 3757 (
2427 3705 2676 3761 animalia
2719 3706 2901 3760 animo
2946 3703 3178 3775 passiva,
3213 3715 3395 3761 mente
3435 3704 3754 3772 rationalia,

2149 3815 2375 3872 corpore
2413 3799 2580 3867 aeria,
2620 3811 2863 3870 tempore
2887 3808 3112 3866 aeterna,
3160 3819 3179 3852 ι
3216 3809 3342 3870 post
3379 3815 3530 3855 suam
3559 3815 3767 3871 nempe

2148 3895 2500 3960 creationem,
2548 3895 2594 3949 si
2638 3894 2708 3950 ibi
2752 3894 2841 3950 ille
2871 3893 3112 3949 Platonis
3153 3894 3392 3965 magistri
3428 3894 3513 3948 sui
3535 3893 3762 3964 opinio-

2148 4005 2272 4046 nem
2315 3989 2576 4059 sequitur.
2627 3987 2878 4060 (August.
2930 3987 3022 4043 lib.
3084 4003 3137 4043 ιι(
3182 3987 3246 4042 de
3291 3984 3444 4041 Civit.
3496 4003 3617 4058 cap.
3672 3987 3758 4055 8,

2150 4100 2270 4156 pag.
2327 4082 2487 4155 221.)

2220 4174 2339 4230 Non
2398 4175 2575 4232 minus
2624 4183 2802 4232 autem
2841 4175 2954 4231 noti
3003 4182 3159 4232 erant
3199 4173 3476 4232 daemones
3515 4173 3758 4242 Socrati,

2155 4287 2176 4322 ι
2207 4269 2298 4339 qui
2341 4268 2407 4324 ad
2452 4277 2694 4336 nutum,»
2731 4267 2806 4324 ait
2835 4267 3116 4332 Minucius,
3155 4287 3175 4321 (
3200 4277 3256 4325 et
3280 4267 3590 4336 arbitrium,
3619 4267 3771 4323 assi-

2149 4361 2327 4419 dentis
2378 4362 2480 4418 sibi
2538 4362 2834 4430 daemonis,
2889 4363 2968 4418 vel
3024 4361 3331 4418 declinabat
3391 4363 3601 4433 negotia
3657 4362 3759 4418 vel

2149 4443 2393 4529 petebat:
2418 4476 2437 4509 ι
2466 4465 2558 4510 aut
2586 4456 2723 4511 sicut
2750 4464 2930 4526 postea
2955 4453 3425 4527 dixitCyprianus,
3451 4473 3469 4506 (
3492 4455 3680 4509 instrui
3697 4471 3769 4512 se

3127 3248 3228 3294 Πᾶν
3274 3246 3368 3312 γὰρ
3415 3252 3470 3297 τὸ
3524 3245 3766 3309 δαιμόνων

447 4547 611 4605 etiam
658 4561 723 4602 ex
767 4553 990 4600 auctore
1031 4551 1216 4597 nostro
1244 4548 1516 4596 mutuatus
1543 4548 1655 4605 est;
1696 4538 2044 4610 quemadmo-

2153 4561 2206 4608 et
2233 4551 2344 4622 regi
2379 4551 2447 4605 ad
2483 4550 2747 4606 daemonis
2773 4549 3053 4606 arbitrium
3078 4549 3401 4620 prtedicabat
3435 4569 3454 4602 ι
3477 4548 3768 4623 (Cyprian.

445 4642 595 4708 dum,
621 4642 734 4710 ipse
760 4639 1020 4696 Minucius
1037 4653 1102 4693 ex
1119 4636 1448 4692 Tertulliano
1468 4634 1719 4707 (Tertull.
1746 4634 2040 4706 Apologet.,

445 4753 565 4809 cap.
616 4735 689 4791 22
725 4743 780 4791 et
809 4734 993 4804 seqq.)
1048 4747 1144 4787 sua
1173 4730 1536 4800 desumpsisse
1587 4727 1730 4783 haud
1775 4728 2044 4784 immerito

444 4831 674 4887 videtur.
703 4827 815 4885 Nec
842 4827 1039 4884 desunt
1087 4825 1249 4880 etiam
1289 4824 1379 4878 alii
1409 4824 1502 4878 illo
1551 4822 1726 4878 adhuc
1777 4823 2044 4894 antiquio-

446 4938 535 4980 res
573 4922 828 4979 Eeclesite
873 4920 1084 4985 Patres,
1136 4917 1226 4989 qui
1255 4918 1336 4972 his
1381 4916 1576 4972 similia
1615 4917 1830 4987 scriptis
1875 4916 2041 4972 tradi-

447 5018 596 5081 dere,
622 5032 758 5089 quos
779 5015 916 5071 infra
933 5029 1033 5070 suo
1055 5015 1174 5069 loco
1193 5012 1503 5068 citabimus.

519 5111 650 5180 Quae
689 5118 870 5167 autem
916 5109 985 5164 ab
1016 5109 1146 5179 ipso.-
1180 5105 1401 5163 dicenda
1449 5115 1621 5171 erant,
1665 5115 1726 5161 ut
1754 5106 1822 5160 ab
1871 5105 2042 5160 omni-

447 5204 550 5260 bus
595 5202 803 5258 facilius
859 5201 1082 5272 intelligi
1143 5208 1397 5271 possent,
1454 5200 1603 5270 prius
1663 5197 2040 5269 explicandum

447 5312 569 5354 esse
613 5295 766 5352 duxit
811 5295 1053 5366 quinam,
1091 5293 1312 5365 eujusve
1360 5302 1565 5348 naturae
1595 5293 1704 5348 sint
1744 5291 2039 5358 daemones,

445 5406 510 5448 ac
543 5389 612 5447 de
648 5389 752 5446 illis
779 5390 855 5446 sic
876 5391 1061 5446 statuit
1091 5408 1104 5444 :
1143 5409 1162 5442 ‹
1197 5389 1431 5461 Spiritus
1457 5398 1599 5453 sunt,
1627 5409 1646 5441 ι
1683 5388 1873 5460 inquit,
1912 5407 1930 5440 t
1961 5388 2041 5443 in-

447 5483 664 5550 sinceri,
694 5483 834 5554 vagi,
861 5499 891 5538 a
919 5482 1126 5539 caelesti
1152 5482 1336 5554 vigore
1366 5482 1595 5538 terrenis
1620 5481 1828 5536 labibus
1868 5490 1924 5538 et
1942 5496 2040 5537 cu-

447 5575 760 5647 piditatibus
802 5574 1095 5647 degravati.
1140 5573 1230 5630 Isti
1274 5574 1436 5645 igitur
1477 5575 1697 5645 spiritus
1732 5574 2044 5646 simplicita-

449 5677 561 5726 tem
585 5668 899 5724 substantiae
925 5683 1060 5735 sum,
1090 5667 1266 5724 onusti
1306 5677 1363 5723 et
1396 5668 1633 5724 immersi
1659 5669 1828 5737 vrtiis,
1857 5668 2041 5741 perdi-

446 5764 662 5822 derunt.
697 5785 715 5817 »
767 5763 956 5822 Nonne
993 5773 1173 5820 autem
1196 5763 1282 5820 his
1315 5764 1491 5821 verbis
1517 5763 1779 5820 bonorum
1826 5767 2045 5836 angelo-

446 5873 591 5930 rum,
638 5858 1013 5934 malorumque
1053 5857 1168 5914 sive
1202 5857 1508 5918 dmntonum
1558 5867 1804 5914 naturam
1853 5858 2044 5916 distin-

2147 4643 2212 4699 de
2255 4643 2394 4698 Idot.
2443 4641 2616 4698 Vanit.
2678 4658 2796 4714 pag.
2837 4644 2907 4699 15
2947 4654 3003 4699 et
3053 4642 3120 4697 14
3162 4641 3204 4714 ).
3255 4641 3582 4712 Augustinus
3627 4657 3771 4698 vero

2147 4752 2337 4794 rursus
2402 4746 2585 4792 narrat
2642 4734 2770 4807 quid
2833 4734 2902 4792 de
2968 4735 3060 4790 illo
3114 4734 3380 4804 Apuleius
3447 4733 3767 4790 Platonicus

2144 4829 2425 4900 scripserit
2464 4826 2715 4903 (August.
2764 4828 2858 4884 lib.
2900 4844 2975 4883 vu
3014 4827 3077 4882 de
3120 4827 3268 4882 Civil.
3314 4841 3436 4898 cap.
3502 4827 3590 4888 14.
3626 4841 3761 4899 pag.

2146 4922 2321 4994 202).
2371 4923 2441 4977 At
2488 4922 2557 4978 de
2611 4922 2712 4978 hoc
2753 4921 2896 4978 bello
2943 4921 3072 4976 tanti
3107 4920 3637 4990 philosophicomite
3690 4936 3765 4976 ac

2148 5013 2397 5082 custode,
2438 5014 2522 5070 vel
2559 5014 2701 5070 sicut
2725 5015 2800 5068 ait
2825 5012 3213 5078 Tertullianus,
3257 5012 3574 5084 pmdagogo,
3618 5013 3765 5070 alibi

2151 5108 2528 5165 disseruimus.
2568 5108 2720 5165 Alios
2763 5123 2925 5177 porro
2959 5107 3308 5179 philosophos
3350 5118 3539 5163 auctor
3565 5118 3768 5166 noster

2147 5217 2254 5258 non
2303 5202 2452 5268 citat,
2493 5201 2632 5256 haud
2672 5202 2832 5258 dubie
2874 5202 2999 5273 quia
3043 5203 3245 5258 nemini
3292 5202 3510 5257 etltnico
3571 5202 3766 5274 ignota

2146 5305 2261 5351 erat
2311 5295 2527 5350 illorum
2595 5295 2662 5351 de
2715 5295 3052 5352 daemonibus
3098 5296 3304 5367 opinio,
3341 5311 3442 5353 nec
3482 5296 3590 5353 ulla
3635 5308 3770 5355 erat

2146 5404 2339 5460 magna
2419 5386 2690 5459 fusiusque
2769 5388 3086 5460 explicanda
3165 5391 3438 5445 contentio
3493 5391 3674 5461 (Tom.
3746 5407 3766 5447 t

2147 5484 2401 5555 Apparet.
2435 5499 2555 5555 pag.
2591 5485 2731 5540 1115
2759 5493 2814 5540 et
2841 5484 3035 5554 1115).

2219 5575 2365 5634 ldem
2421 5592 2551 5632 sane
2592 5576 2876 5632 dicendum
2931 5577 3000 5633 dc
3052 5578 3243 5648 poetis,
3291 5593 3428 5649 quos
3479 5577 3562 5632 his
3636 5587 3766 5632 tan-

2149 5683 2258 5730 tum
2305 5672 2516 5729 duobus
2543 5672 2742 5738 verbis,
2777 5691 2796 5724 ‹
2830 5672 3013 5729 Poetae
3048 5672 3245 5740 sciunt,
3276 5690 3295 5725 ι
3342 5687 3442 5727 nec
3475 5670 3638 5726 ullius
3660 5687 3770 5726 uo-

2149 5768 2293 5822 miue
2355 5767 2670 5838 designato,
2733 5774 2897 5822 testes
2956 5766 3195 5822 adhibet.
3272 5764 3380 5822 Sed
3434 5764 3503 5822 de
3563 5772 3761 5834 poeta.

2147 5875 2292 5927 rum,
2337 5867 2496 5935 atque
2539 5859 2703 5918 etiam
2727 5859 3187 5935 fphilosomtorum
3223 5857 3292 5916 de
3322 5865 3512 5916 natura
3537 5857 3756 5917 damo-
