4038 6308
324 309 429 365 (il7

1730 315 2196 376 DlSSERTA'I‘lO.

3523 328 3626 382 Gl8

325 440 452 480 num
482 424 846 495 opinionibus,
877 425 927 482 in
951 426 1213 497 superiori
1242 427 1542 498 Apparatus
1568 436 1714 487 tomo
1738 440 1914 487 actum
1943 437 1993 495 Α
2023 434 2199 490 Laert.
2248 433 2404 489 Proc.
2449 434 2476 509 §
2522 451 2563 505 ι,
2595 436 2783 508 Apulei
2810 454 2825 505 ;
2857 439 3074 511 Apolog.
3107 453 3227 511 pag.
3270 441 3393 510 100,
3426 451 3552 499 ιοιιι.
3585 461 3624 499 ι.

322 528 429 584 est,
472 528 528 573 et
569 520 618 574 in
646 521 993 591 sequentibus
1023 521 1198 576 adhuc
1225 533 1409 593 agetur
1447 522 1604 592 (Ibid.
1666 541 1785 596 pag.
1811 527 1915 582 991

322 619 377 665 et
429 627 546 682 seq.
577 612 851 669 dissertet.
890 615 945 669 in
973 613 1213 671 Lactant.
1267 631 1384 686 cap.
1428 616 1520 678 20,
1573 626 1676 671 art.
1735 618 1814 687 4;
1866 627 1923 674 et

308 704 376 759 in
400 704 707 761 Tertullian.
741 722 861 778 cap.
897 707 985 772 lt),
1012 719 1114 765 art.
1148 708 1228 780 5).

327 847 333 852 .
396 799 633 871 Denique
682 800 870 873 Magis,
919 803 996 857 uti
1039 803 1303 860 Minucius
1348 815 1555 873 noster,
1598 815 1760 878 atque
1788 807 1918 863 Ter-

325 892 616 964 tullianus,
671 903 727 950 et
781 896 1088 952 Laclantius
1137 898 1324 954 aiunt.
1388 900 1584 971 cogniti
1635 911 1760 956 sunt
1794 901 1918 957 dm-

308 1001 531 1044 ,mones.
566 988 763 1060 Ecquis
794 1005 926 1045 vero
956 1004 1049 1047 eos
1074 990 1272 1047 melius
1309 1006 1637 1062 cognoscere
1682 1002 1914 1063 poterat,

319 1096 482 1153 quam
538 1080 700 1154 Magi,
756 1083 847 1153 qui
907 1084 1062 1139 sicuti
1123 1085 1272 1139 citati
1324 1100 1356 1139 a
1419 1084 1573 1141 nobis
1626 1091 1917 1155 scriptores

320 1174 699 1245 testiﬁcantur,
758 1176 1074 1232 eorumdem
1130 1176 1434 1234 daemonum
1488 1178 1666 1248 impiis
1711 1180 1918 1235 artibus

318 1281 382 1323 ac
428 1268 716 1339 prazstigiis
774 1284 839 1326 ea
898 1268 1124 1337 faciunt,
1179 1271 1373 1343 quibus
1425 1270 1658 1327 illudunt
1688 1272 1917 1329 incautis

318 1359 647 1427 hominibus,
686 1376 750 1418 ac
794 1364 1053 1419 miracula
1091 1380 1151 1420 se
1182 1364 1347 1421 edere
1385 1365 1742 1435 persuadent?
1776 1365 1917 1436 Quin

315 1453 484 1510 immo
510 1456 557 1510 si
598 1454 866 1511 Clementi
905 1456 1271 1513 Alexandrino
1306 1457 1599 1524 credimus,
1635 1458 1774 1531 Magi
1836 1460 1915 1515 illi

315 1548 493 1619 palam
545 1547 865 1620 jactitabant
914 1550 1192 1607 ministros
1236 1551 1572 1624 famulosque
1612 1567 1673 1610 se
1715 1552 1916 1611 habere

313 1640 613 1709 daemones,
642 1657 778 1714 quos
814 1644 1144 1702 carminibus
1171 1646 1284 1702 suis
1310 1646 1555 1705 fecerant
1590 1650 1912 1706 necessitate

310 1735 553 1793 adactos.
608 1736 766 1804 Vide,
819 1738 864 1794 si
902 1738 1091 1806 lubet,
1159 1754 1279 1810 quae
1332 1741 1387 1798 in
1433 1740 1916 1800 hunc'Clementis

311 1828 663 1887 Alexandrini
731 1832 905 1887 locum
970 1833 1384 1901 annotavimus,
1439 1846 1494 1890 et
1559 1835 1777 1892 citatum
1834 1836 1907 1894 ibi
1936 1842 1986 1904 B

311 1936 344 1977 a
389 1922 544 1979 nobis
584 1923 898 1991 Eusebium,
945 1926 1035 1996 qui
1076 1941 1142 1981 ex
1188 1926 1351 1981 variis
1390 1927 1743 1998 scriptoribus
1787 1930 1910 2001 plu-

311 2014 449 2070 rima
497 2014 566 2071 de
614 2015 950 2073 daemonibus
994 2019 1292 2091 congessit.
1352 2021 1426 2075 De
1484 2020 1763 2078 Lactantio
1813 2041 1912 2079 au-

314 2113 421 2161 tem
462 2117 517 2162 et
538 2107 867 2163 Tertulliano
893 2124 991 2164 nos
1019 2125 1120 2166 suo
1161 2111 1283 2167 loco
1311 2110 1706 2182 diSputabimus
1763 2114 1915 2186 (Ter-

310 2199 408 2255 tul.
447 2202 666 2274 Apolog.
697 2217 816 2273 cap.
846 2201 948 2269 22;
998 2203 1242 2260 Lactant.
1286 2205 1377 2260 lib.
1420 2222 1478 2260 ιι.
1514 2205 1746 2261 Institut.
1788 2225 1909 2279 cap.

311 2295 400 2363 1-4,
428 2310 551 2367 pag.
588 2295 729 2364 216;
761 2297 1014 2367 Clemens
1058 2297 1351 2355 Alexnndr.
1382 2300 1644 2354 Admonit.
1677 2302 1744 2355 ad
1770 2311 1906 2373 gent.

306 2402 431 2461 pag.
461 2389 554 2455 59;
585 2388 739 2445 Tom.
772 2391 823 2445 1.
853 2391 1105 2462 Apparut.
1141 2408 1261 2463 pag.
1300 2391 1481 2463 i259).

381 2483 664 2539 Daunones
723 2501 884 2555 porro
948 2485 1113 2554 Magis
1179 2487 1424 2557 cognitos
1486 2486 1656 2544 fuisse
1719 2487 1914 2559 probat

303 2575 567 2633 Minucius
591 2589 797 2643 noster,
828 2579 1070 2647 Ostanis,
1102 2594 1196 2635 seu
1226 2580 1478 2637 llostanis
1514 2582 1723 2638 illorum
1768 2583 1913 2653 prin-

304 2669 438 2741 cipis
501 2675 835 2728 auctoritate.
908 2672 1035 2729 lliec
1086 2682 1262 2729 autem
1322 2685 1448 2729 sunt
1502 2674 1618 2744 ejus
1684 2674 1847 2731 verba
1895 2692 1907 2729 :

309 2781 330 2815 ι
384 2763 583 2819 Eorum
604 2805 621 2831 ,
650 2765 898 2822 videlicet
949 2766 1250 2822 dtemonum
1274 2810 1289 2833 ,
1318 2767 1593 2839 Magorum
1620 2770 1835 2840 eloquio
1858 2780 1915 2827 et

303 2860 519 2931 negotio
537 2860 739 2930 primus
764 2861 1029 2918 Hosmnes
1068 2862 1185 2935 (ms.
1213 2880 1322 2935 reg.
1340 2862 1620 2935 Sostanes)
1642 2873 1696 2919 ct
1724 2878 1911 2920 verum

302 2953 471 3011 Deum
520 2957 708 3012 merita
760 2956 1040 3028 majestate
1093 2957 1475 3029 prosequitur;
1522 2967 1579 3014 et
1641 2957 1909 3029 Angelos,

301 3047 354 3104 id
384 3058 496 3114 est,
534 3049 810 3107 ministros
860 3060 914 3106 et
947 3053 1165 3107 nuntios
1214 3052 1331 3120 Dei,
1380 3052 1475 3108 sed
1517 3053 1652 3120 veri,
1689 3052 1911 3124 ejusque

300 3143 630 3199 venerationi
662 3144 811 3199 novit
846 3147 1125 3212 assistere,
1165 3154 1222 3200 ut
1251 3154 1306 3203 et
1333 3155 1466 3201 nutu
1498 3148 1637 3217 ipso,
1672 3157 1727 3202 et
1758 3148 1911 3204 vultu

2025 526 2276 599 Apparat,
2309 544 2424 599 pag.
2459 530 2586 586 550.

2098 620 2453 691 Exposuimus
2508 626 2769 681 hactenus
2819 627 2946 696 quid
3000 628 3259 685 Minucius
3314 640 3498 688 uoster
3554 631 3623 688 de

2024 724 2212 770 natura
2267 716 2592 783 daemonum,
2646 735 2754 776 non
2811 730 2918 779 tam
2967 737 3033 778 ex
3077 738 3196 791 sua,
3249 726 3325 779 uti
3375 726 3618 794 videtur,

2023 823 2181 878 quam
2233 810 2514 881 gentilium
2557 813 3019 884 pbiIOSOphorum,
3077 829 3377 887 poetarum,
3419 832 3474 877 et
3510 821 3622 876 Ma-

2021 916 2211 972 gorum
2261 905 2609 975 Opinionibus
2651 908 2905 966 traditum
2943 909 3110 967 fuisse
3157 914 3619 984 docuerit..Quo-

2022 995 2184 1051 modo
2217 1011 2395 1053 autem
2432 1002 2596 1057 exiis
2642 1002 2734 1058 ille
2783 1005 3053 1070 ostendat,
3097 1022 3202 1061 non
3251 1009 3495 1064 lictorum
3551 1011 3621 1066 ab

2023 1088 2267 1146 Etlinicis
2318 1091 2540 1149 deorum
2580 1109 2767 1164 opera,
2814 1097 2907 1153 sed
2960 1098 3272 1155 earumdem
3314 1102 3619 1158 daemonum

2024 1184 2311 1253 prwstigiis
2345 1199 2407 1240 ea
2449 1186 2584 1241 facta
2611 1203 2752 1252 esse,
2786 1205 2905 1260 quae
2944 1201 3093 1246 extra
3127 1202 3335 1249 natura:
3371 1195 3620 1252 ordinem

2021 1276 2311 1347 contigisse
2341 1275 2672 1345 ferebantur,
2698 1281 2808 1351 jam
2838 1285 3256 1341 examinandum
3283 1297 3385 1344 est.

2622 1412 2918 1455 ARTICULUS
2949 1415 3007 1454 ll.

2022 1508 2366 1581 Exponuntur
2420 1513 2637 1569 Minucii
2682 1526 3011 1587 argumenta,
3049 1517 3228 1589 quibus
3284 1517 3617 1588 demonstrat,

2094 1620 2184 1658 cur
2245 1616 2292 1661 et
2349 1608 2603 1677 quomodo
2662 1607 2949 1663 dwmonurn
2999 1609 3189 1665 artibus
3236 1628 3296 1665 ac
3349 1615 3621 1685 prwstigiis

2095 1711 2152 1749 ea
2202 1698 2373 1751 omnia
2414 1702 2551 1770 facta
2593 1700 2711 1765 sint,
2765 1716 2885 1770 qua:
2926 1719 3082 1771 supra
3116 1715 3379 1759 consuetas
3424 1716 3623 1761 natura:

2094 1789 2222 1843 vires
2261 1788 2440 1856 e/I'ecta
2465 1792 2799 1860 videbantur;
2843 1795 2928 1848 ubi
2966 1794 3117 1866 plura
3157 1796 3220 1852 de
3255 1800 3484 1869 somniis,
3525 1816 3618 1854 va-

2088 1882 2178 1936 riis
2205 1882 2443 1949 sortibus,
2479 1901 2540 1939 ac
2567 1895 2735 1939 vatum
2766 1886 2959 1957 furore.

2092 2016 2334 2074 Vidimus
2368 2020 2420 2074 in
2461 2021 2728 2092 superiori
2759 2023 2990 2080 articulo
3040 2040 3144 2096 qua
3192 2026 3399 2082 ratione
3441 2027 3618 2082 illinu-

2016 2110 2131 2166 cius
2185 2111 2381 2167 dixerit
2432 2112 2706 2170 dainiones
2768 2118 3014 2173 amisisse
3074 2138 3092 2172 ι
3127 2120 3445 2176 substantia:
3498 2136 3613 2177 sua:

2016 2203 2408 2274 simplicitatem
2439 2223 2486 2272 ι,
2547 2208 2627 2260 vel
2675 2209 2811 2262 sicut
2865 2210 3062 2264 niitiori
3117 2214 3281 2267 verbo
3339 2215 3607 2283 interpres

2015 2298 2133 2368 ejus
2164 2298 2473 2355 Lactantius
2508 2301 2723 2369 effatur,
2762 2322 2781 2355 ι
2813 2304 3127 2359 substantia:
3166 2307 3403 2362 cmlesuis
3452 2310 3620 2381 digni-

2015 2399 2202 2456 tatem,
2246 2411 2263 2444 ι
2300 2392 2350 2447 id
2397 2403 2498 2458 est,
2529 2396 2894 2463 pncstautiam
2917 2407 2971 2452 et
2996 2398 3398 2467 excellentiam,
3449 2418 3612 2472 quam

2016 2484 2128 2537 suis
2175 2485 2425 2540 nimirum
2484 2487 2715 2555 peccatis
2774 2489 3109 2545 fmdaveruut
3140 2490 3405 2561 (Lactant.
3433 2495 3526 2551 lib.
3556 2514 3616 2553 ιι.

2017 2573 2247 2630 Institut.
2281 2591 2403 2647 cap.
2434 2578 2522 2643 14,
2567 2594 2688 2648 pag.
2718 2578 3020 2651 2t6).Cmn
3054 2585 3212 2654 igitur
3244 2586 3436 2642 merito
3460 2587 3617 2644 dam-

2016 2670 2129 2724 nati
2177 2686 2365 2725 eorum
2405 2687 2596 2742 pinnas
2635 2673 2811 2741 luunt,
2858 2694 2877 2728 ‹
2914 2677 2982 2732 ad
3012 2679 3262 2735 solatium
3298 2682 3619 2741 calamitatis

2016 2779 2130 2845 sua:
2165 2784 2184 2818 ι
2228 2775 2286 2821 ιιι
2331 2767 2406 2821 ait
2460 2767 2663 2823 Auctor
2712 2778 2918 2836 noster,
2964 2780 3019 2827 et
3040 2788 3137 2829 nos
3157 2775 3292 2831 intra
3325 2778 3623 2848 explicabi-

2016 2873 2158 2924 mus,
2198 2877 2217 2911 ι
2256 2874 2361 2914 non
2392 2859 2644 2916 desinunt
2674 2862 2864 2931 perditi
2904 2884 2922 2915 ι
2952 2865 3061 2937 jam
3090 2866 3334 2923 homines
3363 2870 3612 2938 perdere,

2014 2966 2218 3023 eosque
2273 2968 2306 3007 a
2363 2953 2475 3008 veri
2524 2954 2614 3009 Dei
2674 2956 2818 3010 cultu
2866 2969 3112 3024 avocant,
3163 2974 3228 3014 ac
3275 2964 3616 3033 prmcipitant

2016 3042 2069 3096 in
2132 3060 2293 3101 omne
2345 3046 2548 3100 erroris
2601 3050 2931 3119 scelerisque
2990 3065 3162 3120 genus
3223 3051 3491 3123 (Dissert.
3558 3059 3616 3112 in

2014 3136 2278 3205 Lactant.,
2311 3153 2430 3208 cap.
2461 3138 2552 3203 20,
2576 3148 2682 3195 art.
2716 3139 2795 3213 6).
2830 3142 3031 3198 Eadem
3059 3145 3249 3201 iisdem
3275 3162 3408 3216 pene
3433 3150 3618 3206 verbis

301 3234 506 3291 domini
534 3235 705 3292 territi
751 3239 1190 3294 contremiscunt.
1237 3239 1383 3295 Idem
1429 3239 1593 3295 etiam
1631 3240 1907 3297 dwmones
1933 3245 1979 3308 ρ
2013 3230 2148 3287 di!"
2193 3232 2514 3304 CyprianuS.
2563 3244 2617 3290 θι
2657 3244 2881 3306 uterque
2907 3238 3151 3308 sequitur
3198 3239 3611 3313 Tertullianum.

299 3328 532 3402 prodidit
572 3339 834 3397 terrenos,
881 3346 1065 3402 vagos,
1108 3331 1454 3388 humanitatis
1485 3333 1757 3389 inimicos.
1797 3351 1817 3386 ι
1857 3332 1906 3389 Is

298 3438 427 3495 ergo
457 3422 722 3480 Hostanes
750 3424 948 3480 dicitur
994 3423 1268 3496 Magorum
1303 3426 1505 3495 primus
1554 3444 1573 3477 ι
1604 3425 1839 3497 eloquio,
1878 3445 1898 3480 ›

300 3517 352 3573 id
380 3528 485 3585 eSt,
522 3516 786 3585 doctrina,
834 3518 951 3575 sive
997 3520 1225 3591 magiam
1255 3519 1481 3579 docendi
1523 3521 1749 3589 peritia;
1795 3538 1814 3571 ‹
1848 3529 1905 3576 et

298 3610 572 3681 negotio,»
605 3609 708 3667 hoc
727 3620 831 3677 est,
862 3628 1030 3684 opere
1058 3622 1114 3667 et
1151 3612 1379 3668 artibus.
1411 3616 1481 3667 At
1507 3611 1713 3667 Plinius
1732 3612 1903 3684 scrip-

295 3706 369 3762 sit
396 3705 540 3763 hunc
571 3706 823 3763 Ostanem
850 3724 946 3765 seu
990 3708 1304 3777 Hostanem,
1346 3708 1474 3764 dum
1519 3709 1571 3763 in
1611 3706 1901 3765 Persarum

296 3799 442 3856 bello
490 3799 724 3857 Xerxem
780 3802 1162 3869 comitaretur,
1218 3802 1352 3860 artis
1422 3802 1645 3872 magica:
1694 3802 1899 3857 semina

295 3893 561 3964 sparsisse
608 3909 947 3967 quocumque
979 3896 1353 3963 commeabat,
1420 3899 1515 3952 sed
1571 3910 1602 3950 a
1675 3895 1899 3967 quihus-

295 3987 420 4044 dam
467 3988 834 4060 Zoroastrem,
884 3994 953 4048 ab
992 3992 1112 4047 aliis
1142 3992 1562 4047 Proconnesium
1600 3991 1690 4046 illo
1736 3990 1898 4061 paulo

293 4081 626 4153 antiquiores
654 4086 864 4142 censeri
914 4087 1075 4158 (Plin.
1107 4087 1203 4143 lib.
1242 4104 1346 4143 xxx
1375 4086 1567 4142 Natur.
1610 4086 1743 4142 Hist.
1774 4102 1893 4160 cap.

294 4190 336 4241 t,
383 4190 504 4247 pag.
558 4176 711 4250 726.)
761 4179 1025 4236 Eusebius
1082 4197 1214 4237 vero
1262 4181 1417 4236 nobis
1466 4181 1685 4237 exhibet
1733 4181 1894 4237 citata

294 4283 326 4324 a
376 4269 676 4343 Porpliyrio
726 4274 992 4345 Apollinis
1050 4276 1327 4341 carmina,
1399 4275 1593 4346 quibus
1665 4274 1895 4331 Ostanes

292 4364 599 4436 appellatur
639 4384 653 4423 :
684 4374 865 4440 Μένων
888 4370 962 4439 εί
989 4377 1200 4441 ἄριστος,
1241 4370 1541 4440 «Magorum
1570 4369 1888 4424 maximus.»

291 4456 454 4516 Prius
473 4476 602 4516 vero
629 4461 746 4533 ipse
790 4464 1054 4520 Eusebius
1083 4465 1294 4521 dixerat
1315 4465 1570 4533 scriptum
1596 4463 1664 4518 ab
1692 4462 1893 4519 Ostanc

291 4552 683 4612 Octateuchum
715 4556 986 4624 volumen,
1021 4558 1074 4612 in
1122 4574 1227 4628 quo
1270 4557 1338 4613 de
1385 4557 1518 4623 Deo,
1552 4557 1627 4611 uti
1667 4564 1891 4611 annotat
1928 4589 1937 4596 ς

2012 3326 2183 3399 iisque
2228 3327 2560 3394 Lactantius,
2601 3345 2666 3385 ac
2710 3331 3034 3388 Prudentius
3064 3334 3443 3407 sutl‘ragantur.
3484 3339 3614 3396 Om-

2010 3421 2166 3475 nibus
2206 3430 2384 3477 autem
2434 3421 2537 3476 illis
2575 3429 2862 3491 prmiverat
2906 3425 3197 3495 Tatianus,
3231 3446 3388 3499 quem
3432 3432 3615 3503 legere

2009 3514 2232 3584 poteris,
2280 3524 2443 3586 atque
2484 3515 2536 3571 in
2583 3517 2772 3586 primis
2804 3521 3183 3590 Augustinum,
3234 3526 3322 3594 qui
3380 3525 3495 3581 haec
3528 3526 3614 3582 fn~

2004 3607 2118 3662 sius
2147 3609 2488 3679 prosequitur
2527 3607 2802 3680 (Cyprian.
2845 3610 2935 3666 lib.
2984 3612 3048 3667 de
3074 3613 3215 3668 ldot.
3271 3615 3437 3672 Vanit.
3484 3635 3607 3691 pag.

2008 3703 2078 3759 15
2098 3718 2112 3767 ;
2136 3701 2364 3758 Tertull.
2394 3704 2616 3775 Apotog.
2650 3720 2767 3775 cap.
2796 3706 2901 3772 22;
2932 3708 3153 3764 Lactan.
3185 3710 3278 3765 lib.
3304 3706 3605 3773 It'lnstitut.

2004 3810 2123 3865 cap.
2175 3796 2265 3860 14,
2324 3812 2442 3868 pag.
2486 3796 2616 3863 218;
2646 3797 2898 3854 Prudent.
2949 3801 3124 3871 hymn.
3174 3803 3226 3857 in
3254 3804 3315 3860 S.
3372 3804 3604 3866 Vincent.

2003 3899 2173 3959 θίγοι».
2206 3888 2278 3945 20
2307 3898 2359 3945 et
2385 3890 2476 3955 2t;
2504 3888 2715 3944 Tatian.
2749 3890 2896 3946 Orat.
2925 3904 3088 3947 contr.
3121 3893 3287 3950 Gram.
3321 3911 3443 3966 pag.
3479 3900 3608 3968 155;

2002 3983 2230 4054 August.
2271 3983 2363 4039 lib.
2397 3999 2455 4040 tl.
2499 3982 2723 4039 deCivit.
2758 4000 2876 4057 cap.
2911 3985 3000 4053 25,
3049 3997 3103 4043 et
3145 4002 3322 4061 seqq.,
3357 4005 3475 4063 pag.
3510 3994 3601 4060 55,

2000 4085 2056 4132 et
2092 4078 2295 4147 seqq.).

2071 4170 2324 4239 Quamvis
2375 4179 2554 4228 autem
2606 4172 2880 4228 daemones
2940 4173 3221 4232 amiserint
3278 4178 3597 4238 substantiae

2000 4278 2112 4318 sua:
2163 4262 2565 4334 simplicitatem
2611 4272 2667 4319 et
2707 4264 3046 4336 dignitatem,
3100 4283 3476 4328 remanserunt
3523 4282 3605 4329 ta~

1999 4372 2122 4412 men
2184 4375 2203 4407 ι
2247 4357 2471 4427 spiritus
2494 4356 2788 4420 insinceri,
2821 4376 2840 4409 ι
2903 4367 2960 4412 ιιι
3010 4357 3248 4429 loquitur
3302 4362 3594 4433 Minucius,

2005 4471 2023 4504 ι
2053 4462 2107 4508 et
2151 4456 2293 4525 vagi,
2337 4474 2355 4506 ι
2403 4470 2524 4524 qua:
2565 4452 2822 4527 Cypriani
2866 4470 3080 4524 quoque
3122 4458 3280 4512 verba
3327 4468 3468 4523 sunt,
3504 4461 3603 4516 sed

2005 4567 2018 4596 ι
2063 4555 2273 4612 tenues,
2315 4566 2334 4598 ι
2391 4556 2484 4601 aut
2532 4547 2671 4602 sicut
2716 4546 2791 4601 ait
2833 4546 3167 4616 Lactantius,
3199 4569 3218 4601 ι
3270 4551 3486 4621 spiritus
3518 4562 3603 4609 tc-

294 4640 578 4712 ιιίηυοευε,
629 4664 694 4720 ac
735 4649 803 4706 de
842 4652 973 4721 ipsis
1021 4650 1163 4706 haud
1210 4649 1374 4708 dubie
1403 4649 1745 4706 άωιιιοηίυυε
1782 4647 1891 4704 dis.
1914 4648 1969 4710 Β
1999 4656 2131 4695 nues
2170 4649 2225 4695 et
2256 4640 2856 4711 incomprehensibiles.
2896 4661 2916 4693 ›
2957 4640 3063 4697 Sua
3108 4652 3286 4699 autem
3317 4646 3599 4717 tenuitate,

295 4744 601 4806 potaverat,
652 4757 717 4799 ac
775 4744 928 4813 cujus
984 4743 1050 4802 de
1109 4760 1289 4799 rerum
1354 4752 1544 4800 natura
1594 4745 1891 4799 doctrinam

294 4827 487 4899 reliqui
532 4844 721 4886 omnes
783 4835 952 4891 secuti
1000 4847 1125 4892 sunt
1168 4836 1408 4903 (Euseb.
1438 4837 1532 4893 lib.
1567 4853 1619 4904 v,
1651 4835 1888 4908 Prtepar.

293 4921 495 4996 Evang.
550 4940 668 4995 cap.
702 4924 790 4989 14,
839 4940 958 4997 pag.
1001 4924 1128 4981 202.
1158 4930 1305 4981 Idem
1334 4931 1430 4986 lib.
1464 4947 1503 4997 ι,
1543 4946 1662 5001 cap.
1714 4929 1887 4985 ultim.

293 5029 417 5086 pag.
464 5015 580 5089 42).
616 5016 681 5071 Et
721 5025 869 5074 certe
899 5018 1225 5090 Augustinus
1271 5018 1387 5075 h:rc
1423 5019 1491 5075 de
1532 5021 1723 5077 eodem
1756 5022 1892 5077 Hos-

295 5116 420 5164 tane
472 5111 599 5165 citat
661 5108 912 5182 Cypriani
965 5112 1175 5168 verba:
1230 5131 1248 5164 ‹
1282 5111 1520 5182 Quorum
1551 5112 1891 5186 (Magorum)

293 5203 599 5276 praecipuus
636 5204 923 5272 linatanes,
966 5214 1024 5262 ct
1061 5206 1286 5263 formam
1317 5209 1430 5264 veri
1462 5208 1558 5264 Dei
1581 5219 1739 5281 negat
1762 5225 1892 5266 con-

289 5296 429 5367 spici
476 5312 657 5368 posse,
710 5307 766 5355 et
809 5300 1046 5371 Angelos
1095 5316 1254 5357 veros
1282 5301 1395 5357 sedi
1424 5302 1542 5372 ejus
1567 5303 1699 5360 dicit
1725 5304 1893 5361 assis-

292 5396 433 5445 tere.
468 5408 488 5442 s
540 5389 649 5447 Sed
693 5390 807 5447 haec
849 5391 1151 5464 Cyprianus
1178 5409 1251 5451 ex
1291 5393 1527 5450 Minucio
1561 5406 1765 5461 nostro,
1811 5398 1892 5452 uti

290 5483 524 5552 assolet,
558 5486 913 5557 proculdubio
944 5497 1217 5544 mutuatus
1244 5487 1439 5544 fuerat.
1476 5488 1728 5558 Ejusdem
1757 5505 1886 5561 por-

295 5584 383 5627 l'0-
410 5578 668 5636 Hosranis
705 5582 1035 5639 mentionem
1072 5583 1273 5638 iaciunt
1320 5582 1593 5649 Laertius,
1630 5582 1891 5649 Apuleius

297 5671 356 5720 el
406 5661 519 5728 alii.
574 5687 775 5735 nosque
823 5674 949 5730 alibi
1001 5675 1071 5732 de
1122 5676 1217 5731 illo
1257 5676 1560 5730 audivimus
1602 5674 1888 5731 Tatianum

296 5756 654 5814 disserentem
709 5757 957 5830 (Ausum-
1008 5770 1100 5825 lib.
1153 5786 1225 5827 vn
1266 5770 1330 5824 de
1366 5768 1567 5839 Bapits.
1624 5783 1746 5838 cap.
1797 5768 1889 5834 tt,

297 5866 421 5927 pag.
459 5850 584 5919 185,
609 5860 741 5910 tom.
771 5866 854 5916 Ix;
878 5850 1065 5925 Cypr.,
1090 5851 1184 5907 lib.
1214 5865 1277 5908 ae
1300 5862 1443 5913 Not.
1480 5861 1611 5923 Van.
1645 5876 1767 5936 pag.
1799 5862 1888 5931 υς

740 5951 1022 6016 Panos.
1068 5947 1174 6015 lli.

1995 4732 2310 4796 subtilitate,
2364 4743 2526 4804 atque
2560 4733 2800 4804 agilitate
2827 4753 2847 4786 ί
2900 4733 3066 4789 vitam
3102 4735 3335 4807 turbant,
3371 4755 3391 4790 ι
3426 4741 3601 4811 pergit

1991 4824 2253 4880 Minucius
2297 4834 2502 4892 noster,
2533 4842 2596 4880 ac
2635 4836 2758 4896 post
2786 4842 2910 4883 eum
2941 4827 3265 4899 Cyprianus,
3321 4849 3340 4883 ‹
3375 4846 3595 4891 somnos

1992 4919 2313 4991 inquietant,
2376 4919 2677 4990 irrepentes
2742 4922 2906 4978 etiam
2965 4924 3285 4992 corporibus
3338 4926 3589 4997 occulte,

1993 5016 2212 5071 morbos
2235 5018 2458 5086 tingunt,
2486 5026 2690 5072 terrent
2711 5024 2940 5080 mentes.
2966 5017 3208 5073 membra
3230 5019 3590 5091 distorquent,

1994 5117 2052 5164 ut
2096 5107 2163 5163 ad
2210 5109 2290 5163 sui
2343 5107 2544 5163 cultum
2596 5118 2810 5178 Cogattt,
2851 5129 2870 5162 ›
2907 5121 2959 5164 et
3009 5109 3077 5163 ab
3116 5108 3422 5167 homimbus
3450 5122 3592 5170 tam-

1995 5216 2153 5272 quam
2223 5201 2336 5256 veri
2389 5200 2463 5255 dii
2518 5199 2766 5257 colantur
2819 5201 3217 5267 etadorentur,
3281 5213 3442 5275 atque
3502 5222 3593 5264 sa-

1997 5309 2158 5351 nasse
2203 5308 2299 5349 eos
2342 5292 2647 5358 videantur,
2691 5308 2918 5363 quorum
2961 5294 3325 5353 valetudinem
3376 5297 3599 5356 vitiave-

1995 5398 2137 5444 tant.
2188 5387 2391 5442 Eadem
2431 5386 2613 5442 verbis
2654 5386 2815 5456 paulo
2855 5386 3085 5444 diversis
3129 5389 3441 5447 Lactantius
3496 5402 3597 5451 tra-
3668 5380 3675 5385 ’

1992 5483 2144 5540 didit.
2203 5482 2310 5537 Sed
2370 5480 2426 5535 hi
2480 5494 2668 5535 omnes
2726 5496 3113 5550 przecnrsorem
3168 5485 3592 5560 magistrumque

1993 5577 2297 5632 habuerunt
2343 5572 2753 5637 Tertullianum,
2812 5573 2902 5641 qui
2948 5573 3049 5628 illis
3078 5574 3247 5630 facem
3293 5578 3376 5634 his
3410 5582 3592 5639 verbis

1992 5671 2304 5742 praetulerat
2355 5687 2368 5723 :
2438 5689 2457 5721 ι
2497 5667 2743 5738 Suppetit
2801 5666 2924 5733 illis,
2958 5686 2977 5719 ι
3038 5669 3405 5742 daemonibus,
3468 5696 3487 5727 ς
3520 5678 3588 5732 ad

1994 5772 2277 5834 utramque
2326 5760 2678 5818 substantiam
2727 5760 2976 5823 hominis,
3017 5780 3034 5813 ι
3085 5761 3189 5818 hoc
3239 5775 3341 5831 est,
3391 5783 3589 5834 corpus

1994 5866 2051 5919 et
2093 5857 2349 5925 animum,
2387 5873 2405 5905 ‹
2438 5854 2738 5915 adeundam
2780 5853 3067 5913 subtilitas.
3115 5865 3167 5905 ot
3211 5855 3439 5914 tenuitas
3466 5872 3591 5923 sua,

3049 5940 3128 6009 :70
