4038 6308
512 302 620 361 619

1791 295 1880 352 DE
1922 290 2185 354 MINUCII
2223 293 2525 354 OCTAVIO

3690 295 3778 361 620

513 428 740 486 Multum
800 421 1172 495 spiritualibus
1227 418 1432 476 viribus
1487 415 1650 477 licet;
1709 424 1767 470 ut
1817 417 2112 471 invisibiles
2142 419 2186 478 A
2217 415 2476 471 divinitus
2499 413 2753 486 inspirata
2781 425 2900 469 esse
2914 411 3236 484 garrientes.
3265 411 3399 471 Nam
3425 431 3447 468 ς
3472 414 3631 472 multa
3654 431 3775 488 sunt,

519 531 576 576 et
602 517 945 574 insensibiles
999 518 1049 570 itt
1096 515 1310 577 ellcctu,
1354 529 1402 580 p:
1430 512 1534 565 tius
1573 526 1736 580 qnam
1767 512 1816 563 in
1857 519 1978 564 actu
2019 525 2117 563 suo

518 619 810 682 appareant
861 629 878 662 ι
932 607 1143 681 (Cyot'.
1193 608 1286 662 lib.
1337 608 1398 658 de
1443 603 1644 658 Idolor.
1687 604 1843 657 canit.
1898 618 2014 674 pag.
2052 605 2117 657 15

513 713 571 757 ct
612 705 698 768 14;
752 703 993 758 Lactant.
1028 701 1120 755 lib.
1171 716 1226 754 tt.
1256 697 1489 753 Institttt.
1534 714 1651 766 cap.
1701 697 1933 767 M,pag.
1983 697 2111 762 218;

518 798 840 853 Tertullian.
883 797 1148 866 Apologet.
1185 809 1304 864 cap.
1354 793 1446 860 22,
1501 809 1627 863 pag.
1679 789 1797 863 25).
1836 791 1910 846 Ea
1959 791 2116 860 igitur

515 894 770 950 invisibili
801 904 1008 948 naturae
1040 900 1096 947 et
1124 892 1316 946 virium
1338 889 1634 944 subtilitate
1662 887 1921 942 miracula
1951 886 2114 941 edere

518 986 862 1053 videbantur,
887 1002 1005 1056 quze
1042 983 1264 1040 minime
1287 982 1538 1038 miracula
1571 989 1718 1036 sunt.

584 1077 789 1133 Incauti
818 1079 1096 1133 enimvero
1142 1091 1205 1131 ac
1261 1074 1466 1132 creduli
1499 1072 1739 1130 Gentiles
1800 1091 1818 1124 ‹
1858 1069 2115 1142 prodesse

513 1186 608 1228 eos
658 1151 866 1241 putant,
899 1172 972 1226 ait
992 1170 1326 1237 Lactantius,
1346 1185 1467 1226 cum
1494 1182 1691 1223 nocere
1713 1166 1986 1231 desinunt,
2022 1163 2115 1233 qui

509 1267 645 1322 nihil
683 1266 826 1322 aliud
869 1275 1095 1337 possunt
1123 1281 1282 1337 quam
1315 1279 1532 1320 nocere.
1570 1262 1985 1336 (Lactant.,loc.
2019 1260 2112 1314 cit.

507 1372 565 1429 p.
580 1359 732 1431 219.)
748 1357 878 1413 Nam
894 1359 969 1413 uti
987 1373 1110 1414 mox
1122 1357 1374 1424 diximus,
1391 1354 1943 1426 atqueTertullianus,
1959 1360 2113 1406 antea

509 1469 642 1510 vero
661 1454 939 1520 Tatianus,
958 1461 1015 1509 et
1032 1464 1214 1524 postea
1232 1451 1493 1507 Eusebius
1520 1465 1578 1503 as
1590 1458 1882 1510 seruet‘ant,
1916 1445 2115 1500 laidunt

505 1546 777 1613 homines,
824 1545 1028 1601 morbis
1077 1546 1341 1616 affligunt,
1369 1559 1431 1599 ac
1453 1558 1572 1597 cum
1605 1541 1862 1596 desinunt
1889 1539 2109 1603 laedere,

506 1640 578 1694 ab
635 1641 794 1711 mgris
837 1641 1138 1706 avolantes,
1186 1639 1514 1709 remotisque
1559 1637 1858 1702 maleficiis,
1895 1649 2115 1690 curasse

503 1735 816 1792 creduntur.
854 1735 1129 1791 Similibus
1156 1749 1367 1805 quoque
1415 1731 1680 1787 machinis
1700 1772 1715 1794 ,
1748 1746 1810 1786 ac
1839 1729 1979 1784 dolis
2008 1728 2112 1782 alia

2223 511 2413 581 inquit,
2463 525 2530 564 ex
2585 511 2820 564 historiis
2871 509 3077 579 prolata
3131 511 3358 574 somnia,
3414 512 3592 565 mauis
3614 511 3780 568 Phala-

2221 605 2386 666 ridis,
2456 602 2580 672 (Zyri
2649 604 2992 670 superioris,
3057 605 3244 658 matris
3333 603 3598 676 Dionysii,
3655 606 3780 662 I’mni

2219 695 2527 758 Amilcarts,
2565 695 2869 758 Annibalis,
2923 694 2983 750 P.
3024 695 3262 752 Decii....
3294 696 3400 752 Sed
3431 695 3542 750 haec
3561 707 3780 762 externa,

2219 787 2289 842 ob
2310 802 2537 856 eantque
2565 803 2780 842 causam
2812 789 2990 859 ignota
3023 790 3177 845 nobis
3200 799 3348 856 sunt,
3376 791 3621 844 nonnulla
3643 792 3780 846 etiam

2222 885 2344 938 ficta
2392 882 2641 937 fortasse.
2681 901 2700 934 ι
2749 883 2877 938 Post
2920 883 3134 956 longam
3185 899 3318 940 vero
3375 883 3443 940 de
3490 884 3784 955 quibuslibet

2219 977 2444 1032 somniis
2485 977 2922 1046 disputationem,
2971 977 3250 1034 concludit
3279 977 3486 1034 nullum
3509 979 3660 1034 deum
3681 994 3781 1035 esse

2219 1070 2432 1125 illorum
2489 1069 2825 1134 δίκαιοι-ειη,
2877 1085 2940 1126 ac
2980 1071 3198 1126 ductam
3243 1071 3404 1126 exiis
3434 1071 3782 1127 divinationem

2219 1179 2340 1219 cum
2397 1165 2612 1219 caeteris
2666 1179 2888 1234 prorsus
2915 1165 3308 1235 explodendam
3337 1180 3460 1221 esse
3485 1167 3784 1238 pronuntiat.

2218 1255 2356 1328 (Cic.
2412 1256 2506 1310 lib.
2573 1272 2634 1324 ιι,
2692 1260 2758 1312 de
2787 1257 3042 1324 Dittt'nat.,
3071 1273 3190 1328 pag.
3245 1258 3374 1321 299.
3413 1259 3506 1314 lin.
3551 1259 3640 1324 25;
3669 1259 3783 1314 Ibid.

2218 1363 2342 1420 pag.
2396 1349 2522 1415 501,
2576 1350 2670 1404 lin.
2731 1351 2800 1407 10
2841 1359 2896 1406 et
2940 1349 3120 1422 seqq.)
3151 1351 3292 1405 Nihil
3324 1352 3484 1423 igitur
3507 1352 3786 1408 Cateiliira-

2222 1442 2368 1497 tione
2419 1443 2642 1511 rutilius,
2685 1459 2788 1514 qua
2832 1460 2897 1500 ex
2930 1444 3280 1501 Ethnicorum
3330 1445 3553 1501 somniis
3579 1461 3786 1517 praesen-

2221 1536 2348 1591 tiant
2405 1537 2632 1594 deorum
2689 1554 2906 1594 suorum
2961 1541 3177 1610 probari
3236 1554 3396 1611 posse
3451 1541 3566 1612 ipse
3612 1542 3785 1612 aliique

2217 1632 2451 1702 gentiles
2498 1633 2918 1690 somniaverant.
2979 1633 3038 1690 Si
3089 1635 3216 1705 quid
3280 1636 3424 1691 enim
3484 1636 3536 1691 in
3592 1636 3786 1701 illis,de

2218 1726 2413 1796 quibus
2459 1725 2758 1797 disputant,
2812 1728 3224 1784 estraordinarii
3267 1728 3449 1795 fuerit,
3506 1729 3606 1785 hoc
3642 1730 3786 1784 Mittu-

504 1832 747 1902 prodigia
801 1841 857 1888 et
905 1831 1163 1886 miracula
1220 1831 1395 1887 facere
1420 1827 1797 1891 credebantur,
1829 1825 1896 1880 de
1918 1824 2112 1894 quibus
2142 1829 2190 1890 Β
2219 1819 2355 1884 cius,
2383 1829 2545 1890 atque
2566 1821 2656 1875 alii
2685 1822 3042 1892 antiquissimi
3089 1823 3343 1877 Ecclesia:
3370 1833 3570 1894 patres,
3610 1823 3786 1878 damo-

507 1939 672 1994 supra
699 1924 1053 1979 disseruimus
1071 1922 1405 1986 (Tertullian.
1441 1921 1542 1974 loc.
1572 1917 1920 1983 cit.;Tatian.
1955 1915 2103 1970 Orat.

506 2030 668 2073 contr.
702 2017 867 2073 Grato.
915 2017 1167 2088 pag.157;
1196 2016 1400 2074 Euseb.
1432 2015 1525 2070 lib.
1563 2030 1596 2068 v
1629 2013 1866 2086 Prwpar.
1903 2029 2103 2083 evang.,

501 2128 616 2184 cap.
647 2115 702 2178 2,
727 2114 994 2184 pag.i8i;
1026 2114 1183 2182 Supr.
1204 2128 1324 2183 cap.
1352 2113 1438 2176 19,
1461 2121 1562 2166 art.
1589 2112 1613 2165 I
1645 2123 1698 2166 et
1725 2109 1925 2181 seqq.).

572 2207 837 2262 Przeterea
889 2225 907 2258 ι
940 2206 1098 2275 Magi,
1141 2207 1214 2260 ait
1246 2205 1528 2271 Minucius,
1564 2203 1822 2275 qttidquid
1859 2201 2107 2257 miraculi

501 2298 715 2366 ludunt,
749 2315 844 2370 per
888 2299 1163 2354 dtetnones
1209 2298 1450 2363 faciunt;
1497 2298 1604 2352 illis
1640 2297 2000 2368 aspirantibus
2052 2302 2108 2350 et

498 2389 932 2452 infundentibus.
967 2390 1269 2462 praestigias
1314 2390 1504 2456 edunt,
1545 2391 1629 2445 vel
1669 2405 1787 2460 quae
1827 2404 1934 2443 non
1980 2395 2108 2442 sunt

497 2482 692 2550 videri,
748 2483 834 2540 vel
878 2499 996 2554 quae
1039 2493 1164 2539 sunt
1211 2499 1319 2538 non
1371 2482 1563 2538 videri.
1602 2502 1621 2534 ι
1680 2481 1868 2537 Nonne
1921 2490 2100 2535 autem

496 2577 565 2634 ad
617 2577 759 2634 hunc
811 2579 954 2634 illius
1004 2579 1180 2633 locum
1233 2587 1346 2632 tum
1400 2575 1722 2647 respiciebat
1767 2575 2099 2640 Lactantius,

495 2686 617 2725 cum
677 2669 893 2740 scripsit
941 2686 956 2724 :
1013 2687 1031 2719 ι
1070 2669 1344 2740 Magorum
1389 2683 1478 2722 ars
1529 2669 1708 2722 omnis
1761 2683 1824 2722 ac
1867 2667 2101 2733 potentia

495 2763 714 2831 horttm,
759 2763 1071 2828 dwmonum,
1110 2761 1534 2832 aspirationibus
1561 2769 1796 2823 constat,
1847 2775 1876 2812 a
1908 2759 2104 2829 quibus

493 2856 762 2923 invocati,
819 2857 966 2910 visus
1025 2854 1300 2908 hominum
1358 2852 1646 2923 prtestigiis
1697 2851 2101 2906 obcaacaotibus

497 2948 707 3014 fallunt,
756 2957 816 3004 ut
860 2963 966 3002 non
1014 2947 1232 3002 videant
1271 2961 1334 3002 ea
1377 2962 1498 3018 quae
1542 2953 1687 3009 sunt,
1731 2953 1786 3000 et
1815 2945 1998 3000 videre
2043 2958 2103 2998 se

497 3055 691 3113 putent
715 3043 826 3109 illa,
873 3057 993 3114 quae
1021 3058 1126 3096 non
1160 3042 1326 3096 sunt?
1358 3040 1623 3112 (Lactant.
1661 3039 1752 3095 lib.
1783 3056 1839 3105 ll,
1874 3055 1972 3110 cap
2012 3039 2098 3106 14,

494 3150 619 3206 pag.
653 3133 809 3205 218).
844 3137 912 3190 At
940 3145 1227 3205 utrumque
1259 3135 1342 3190 his
1367 3134 1546 3190 verbis
1577 3144 1940 3190 anteverterat
1969 3132 2103 3212 Ter-

2220 1928 2348 1966 num
2416 1913 2692 1969 fraudibus
2745 1929 2807 1970 ac
2852 1914 3075 1970 fallaciis
3109 1916 3451 1972 tribuendum
3499 1932 3618 1973 esse
3669 1916 3786 1972 haud

2217 2006 2530 2064 dubitanter
2551 2018 2884 2066 asseverant.

2284 2103 2352 2156 At
2397 2101 2586 2158 iisdem
2637 2102 2778 2158 dolis
2824 2105 3216 2176 prmstigiisque
3270 2123 3289 2155 ι
3320 2115 3518 2172 sortes,
3556 2126 3574 2160 ι
3619 2107 3687 2161 ait
3707 2105 3786 2161 Mi-

2212 2194 2404 2249 nucius
2444 2209 2508 2250 ac
2553 2196 2804 2252 similiter
2834 2199 3152 2270 Cyprianus,
3190 2219 3210 2251 ι
3246 2209 3438 2272 regunt
3473 2220 3492 2253 ι
3529 2199 3778 2273 (Cyprian.

2213 2287 2309 2342 lib.
2363 2289 2427 2341 de
2473 2288 2615 2344 ldol.
2661 2289 2832 2346 Vnm‘t.
2883 2307 3004 2362 pag.
3054 2294 3169 2361 15).
3217 2293 3325 2349 Sed
3373 2309 3493 2364 qum
3528 2305 3647 2349 sunt
3691 2295 3787 2349 ista:

2217 2391 2414 2446 sortes,
2465 2383 2508 2435 si
2553 2397 2578 2434 a
2628 2383 2784 2438 nobis
2811 2385 3006 2455 aliquis
3043 2387 3302 2456 requirat,
3345 2387 3472 2442 huic
3517 2387 3785 2458 responde-

2209 2474 2386 2530 bimus
2454 2475 2698 2546 ipsismet
2759 2477 3038 2534 Ciceronis
3106 2481 3319 2546 verbis,
3373 2482 3570 2553 quibus
3635 2492 3785 2539 sortes

2215 2584 2235 2617 ‹
2271 2567 2410 2622 idem
2450 2570 2840 2638 prepemodum
2872 2585 2993 2628 esse
3022 2572 3200 2639 docet,
3231 2573 3372 2644 quod
3403 2575 3632 2642 micare,
3665 2573 3786 2646 quod

2211 2660 2346 2715 talos
2368 2661 2730 2731 jacere,quod
2763 2673 3012 2720 tesseras.
3068 2666 3275 2733 Quibus
3329 2669 3604 2724 temeritas
3649 2679 3696 2722 et
3713 2683 3788 2724 ca.

2209 2770 2323 2818 sus,
2372 2770 2478 2809 non
2522 2757 2678 2810 ratio-
2707 2772 2807 2812 nec
2859 2759 3143 2814 consilium
3188 2761 3344 2816 valet.
3398 2761 3534 2817 Tota
3588 2777 3671 2818 res
3718 2769 3788 2817 est

2208 2846 2426 2902 inventa
2448 2847 2693 2916 fallaciis,
2746 2860 2840 2906 aut
2867 2851 2934 2906 ad
2973 2862 3258 2923 quaestum,
3297 2861 3388 2909 aut
3441 2856 3510 2910 ad
3554 2857 3791 2927 supersti-

2209 2941 2407 3007 tiones,
2450 2953 2544 2996 aut
2582 2943 2649 2996 ad
2679 2957 2944 2999 errorem.
2988 2964 3007 2998 ι
3040 2945 3235 3018 (Cicer.
3269 2947 3359 3005 lib.
3395 2950 3494 3006 cit.
3529 2964 3646 3022 pag.
3676 2950 3786 3018 291,

2207 3031 2301 3088 lin.
2332 3033 2444 3104 17.)
2492 3035 2621 3101 Qua:
2670 3037 2830 3107 igitur
2869 3038 3042 3108 major
3093 3043 3347 3108 amentia,
3379 3058 3544 3113 quam
3599 3043 3790 3100 effutire

2210 3125 2307 3182 has
2333 3139 2510 3184 sortes
2535 3131 2604 3184 ab
2631 3131 2811 3202 aliquo
2836 3133 2946 3203 regi
2975 3131 3099 3201 deo,
3132 3135 3220 3206 qui
3241 3137 3287 3190 si
3330 3135 3470 3192 deus
3500 3153 3657 3195 verus
3699 3146 3786 3205 est,

496 3230 791 3285 tullianus:
829 3247 848 3281 ς
884 3229 1018 3301 Magi
1068 3230 1234 3284 multa
1281 3229 1644 3284 circulationis
1693 3227 1978 3299 praestigiis
2024 3229 2104 3283 lu-
2130 3233 2174 3296 C
2209 3230 2301 3274 τιιιι
2340 3223 2574 3288 mentiri,
2605 3233 2698 3278 aut
2725 3223 2909 3282 fallere
2941 3241 3233 3299 numquam
3276 3231 3488 3298 potuit?

498 3323 724 3379 dunt....
759 3323 1018 3378 habentes
1065 3323 1230 3378 semel
1282 3323 1630 3378 invitatorum
1679 3323 1996 3394 angelorum
2049 3330 2103 3376 et

499 3416 806 3472 dwmonum
860 3418 1198 3473 assistentetn
1248 3418 1348 3473 sibi
1400 3427 1742 3488 potestatem.
1783 3437 1800 3470 ι
1850 3415 2099 3489 (Tertull.

499 3513 718 3586 Apolog.
768 3528 887 3584 cap.
934 3513 1025 3582 25,
1075 3529 1196 3585 pag.
1258 3512 1377 3585 24).
1433 3513 1549 3568 Jam
1583 3528 1712 3569 vero
1771 3510 2102 3567 Clementem

499 3605 922 3660 Alexandrinum
972 3605 1273 3661 audivimus
1327 3605 1618 3672 dicentem,
1653 3605 1832 3676 Magos
1885 3603 2105 3675 gloriari

501 3700 790 3770 impietatis
843 3716 955 3756 sua:
1011 3700 1288 3754 ministros
1342 3699 1544 3754 habere
1607 3699 1913 3763 dmmonas‘,
1969 3712 2106 3768 quos

499 3793 835 3849 advocabant
896 3793 1008 3850 suis
1076 3792 1425 3858 carminibus,
1477 3792 1686 3862 sibique
1739 3800 1938 3863 praesto
1986 3805 2107 3846 esse

498 3889 916 3961 compellebant,
961 3900 1142 3961 atque,
1189 3899 1247 3944 ut
1290 3890 1366 3943 ait
1394 3887 1569 3942 adhuc
1615 3887 1946 3951 Lactantius,
1997 3886 2106 3941 suis

499 3982 632 4052 ipsis
684 3983 899 4039 ciebant
952 3983 1285 4049 nominibus,
1327 3982 1523 4052 quibus
1574 3982 1784 4037 scilicet
1833 3983 1884 4036 in
1938 3983 2106 4035 sacris

504 4076 798 4148 Scripturis
820 4078 1178 4148 appellantur.
1210 4076 1360 4131 Alios
1389 4091 1518 4130 vero
1551 4086 1746 4146 praeter
1773 4075 2108 4132 Christianos

506 4176 676 4224 testes
716 4167 762 4223 si
805 4169 1103 4236 desideras,
1161 4168 1247 4224 adi
1296 4168 1611 4234 Eusebium,
1668 4183 1730 4222 ac
1787 4169 1968 4238 plures
2017 4169 2109 4222 tibi

505 4260 600 4316 ille
627 4259 1004 4331 suppeditabit,
1045 4277 1111 4316 ex
1135 4261 1328 4332 quibus
1356 4260 1592 4316 ostendit
1623 4276 1727 4314 non
1758 4263 1910 4319 alios.
1945 4276 2105 4331 quarti

506 4355 782 4410 d:emones
825 4355 1082 4410 malefica:
1128 4355 1258 4409 artis
1301 4354 1369 4409 ab
1400 4353 1549 4407 initio
1589 4353 1752 4408 fuisse
1797 4355 2106 4424 magistros.

507 4446 774 4513 (Lactant.
803 4447 896 4502 lib.
928 4447 1021 4503 cit.
1049 4464 1168 4518 cap.
1205 4447 1289 4512 16,
1321 4461 1446 4518 pag.
1477 4445 1607 4510 2‘23;
1654 4447 1850 4501 Euseb.
1903 4446 1999 4501 lib.
2048 4462 2104 4511 v,

507 4523 1149 4615 Ῥῆἶὲῗευαηρηοηρ.
1206 4545 1260 4610 8,
1321 4557 1441 4614 pag.
1493 4543 1596 4597 195
1649 4551 1704 4597 et
1757 4555 1932 4614 seqq.;
1969 4541 2103 4599 Ibid.

505 4653 626 4710 cap.
661 4639 745 4704 10,
779 4654 897 4710 pag.
927 4636 1077 4711 199).

581 4733 725 4788 Satis
771 4734 880 4804 jam
927 4748 995 4789 ex
1049 4732 1129 4787 Itis
1171 4741 1314 4804 patet
1343 4747 1502 4804 quam
1548 4748 1684 4789 vana
1724 4734 1964 4806 falsaque
1995 4737 2110 4790 elo-

511 4827 748 4896 qttcttlitP
783 4841 974 4898 pompa
1007 4825 1255 4882 Caecilius
1284 4825 1604 4882 Christianis
1631 4827 1925 4899 objecerit:
1963 4849 1981 4882 t
2005 4831 2110 4886 Per

511 4919 751 4986 quietem
799 4917 931 4970 deos
961 4918 1226 4982 videmus,
1274 4919 1543 4984 audimus,
1594 4923 1934 4991 agnoscimus
1973 4937 2110 4992 quos

511 5009 675 5077 impie
725 5024 820 5078 per
868 5009 1009 5064 diem
1070 5027 1347 5079 negamus,
1402 5013 1670 5080 nolumus,
1718 5016 2041 5085 pejeramtts.
2085 5035 2105 5069 ι

513 5100 874 5168 Quamobrem
903 5102 1157 5157 Octavius
1178 5103 1391 5158 Minucii
1417 5113 1472 5159 et
1503 5114 1818 5160 cmterorutn
1850 5106 2112 5162 Christia-

509 5209 702 5250 norum
759 5198 1014 5263 nomine,
1077 5211 1140 5251 ac
1201 5207 1384 5267 postea
1445 5199 1746 5268 Cyprianus
1795 5201 2110 5271 simpliciter

509 5287 859 5356 respondent,
891 5303 995 5343 non
1026 5289 1176 5356 deos,
1207 5290 1299 5345 sed
1329 5289 1603 5345 daemonas
1631 5305 1769 5356 esse,
1801 5295 1889 5362 qui
1919 5311 1937 5343 ‹
1967 5307 2110 5347 som-

510 5393 613 5434 nos
674 5381 1002 5450 inquietant,
1044 5400 1064 5434 ›
1122 5383 1207 5436 vel
1265 5384 1421 5438 sicuti
1471 5383 1780 5438 Lactantius
1836 5385 2105 5455 loquitur,

511 5493 533 5525 ε
569 5474 791 5530 somniis
841 5476 1050 5530 animos
1101 5485 1324 5544 terrent,
1362 5496 1380 5530 ι
1423 5485 1478 5533 et
1529 5488 1682 5531 antea
1720 5478 2106 5548 Tertullianus,

513 5583 533 5616 ί
567 5567 775 5622 somnia
801 5568 1123 5622 immittunt»
1153 5569 1426 5641 (Cyprian.
1453 5569 1518 5622 de
1549 5567 1746 5623 Idolor.
1791 5568 1958 5624 Vanit.
1982 5586 2103 5642 pag.

504 5659 595 5716 15:
649 5661 891 5717 Lactant.
955 5661 1048 5715 lib.
1106 5677 1163 5716 ιι.
1233 5661 1406 5715 Instit.
1463 5675 1581 5731 cap.
1647 5662 1747 5728 14,
1806 5677 1924 5732 pag.
1975 5662 2106 5730 219;

500 5749 730 5809 Tertull.
782 5755 1001 5826 ApoIOg.
1060 5769 1180 5823 cap.
1249 5754 1338 5818 25,
1392 5771 1516 5826 pag.
1575 5753 1689 5824 24).
1742 5754 1879 5822 Quin
1944 5758 2106 5812 etiam

2286 3316 2545 3371 Eumdem
2605 3331 2734 3373 vero
2784 3319 3102 3377 Ciceronem
3159 3336 3226 3378 ne
3269 3324 3368 3379 sibi
3419 3325 3546 3396 ipsi,
3604 3339 3785 3398 quaeso,

2209 3425 2472 3482 opponas.
2506 3417 2598 3484 qui
2639 3417 2788 3486 prius
2829 3417 3039 3474 dixerat
3069 3429 3269 3474 sortem
3318 3437 3426 3477 non
3466 3432 3790 3479 contemnen-

2210 3504 2357 3573 dam,
2386 3525 2404 3559 ι
2431 3507 2474 3562 si
2499 3518 2552 3564 et
2583 3511 2958 3567 auctoritatem
2989 3513 3148 3568 habet
3182 3515 3483 3584 vetustatis,
3502 3526 3558 3572 et
3585 3532 3660 3572 ea:
3684 3524 3790 3570 sunt

2211 3609 2386 3656 sortes
2411 3643 2426 3670 ,
2481 3617 2614 3673 quas
2662 3618 2693 3657 e
2743 3613 2882 3660 terra
2909 3606 3084 3661 editas
3123 3607 3450 3677 accepimus,
3493 3624 3612 3681 qua:
3634 3618 3790 3663 tamen

2212 3694 2404 3761 ductae,
2449 3706 2506 3749 ut
2531 3697 2585 3750 in
2613 3712 2728 3752 rem
2749 3709 2874 3770 apte
2897 3700 3113 3764 cadant,
3147 3702 3259 3756 fieri
3294 3716 3454 3771 posse
3481 3703 3644 3759 credo
3669 3699 3789 3756 divi-

2212 3789 2376 3843 nitus.
2415 3807 2435 3841 ›
2493 3789 2649 3859 (Ibid.
2703 3792 2795 3846 lib.
2850 3810 2887 3857 ι,
2938 3809 3058 3865 pag.
3113 3795 3242 3862 291,
3294 3796 3386 3852 lin.
3457 3795 3578 3869 21.)
3629 3795 3792 3851 Priore

2212 3880 2476 3950 siquidem
2513 3883 2582 3938 de
2610 3883 2948 3941 Divinatione
2977 3888 3029 3941 in
3059 3887 3196 3943 libro
3236 3888 3462 3945 fratrem
3489 3905 3645 3946 suum
3693 3889 3790 3943 hac

2212 3974 2577 4043 proferentem
2602 3977 2824 4033 inducit.
2859 3980 2926 4034 At
2950 3981 3096 4035 illum
3119 3982 3174 4036 in
3217 3985 3524 4053 posteriore
3551 3981 3788 4045 conftat,

2213 4069 2596 4140 contenditque
2641 4072 2841 4127 nullam
2882 4075 3118 4129 sortibus
3168 4075 3473 4134 habendam
3523 4077 3700 4134 fidem.
3745 4073 3789 4129 Si

2214 4176 2347 4230 quas
2379 4177 2507 4217 vero
2529 4164 2784 4220 divinitus
2801 4165 2989 4221 ductas
3014 4183 3136 4224 esse
3165 4169 3418 4236 credidit,
3449 4173 3502 4226 in
3535 4169 3638 4226 hoc
3659 4181 3792 4225 erro-

2215 4255 2291 4309 ris
2319 4257 2560 4326 arguitur
2602 4273 2724 4313 cum
2771 4261 2882 4315 suis
2909 4263 3214 4331 gentilibus,
3263 4265 3351 4333 qui
3398 4263 3552 4321 falsis
3598 4264 3694 4320 diis
3741 4275 3790 4317 ea

2215 4350 2574 4422 adscripsere,
2619 4370 2740 4423 quto
2764 4354 3094 4422 dmmonum,
3117 4359 3196 4412 uti
3218 4358 3418 4420 dictum
3447 4369 3553 4426 est,
3596 4355 3792 4414 fallaciis

2215 4443 2351 4497 facta
2380 4454 2553 4499 erant.
2593 4446 2668 4502 De
2699 4446 2778 4501 Itis
2801 4463 2964 4519 porro
2995 4451 3221 4520 aliisque
3267 4453 3506 4509 senibus
3540 4451 3790 4508 Danielem

2214 4537 2550 4593 Classenium
2577 4582 2591 4606 ,
2661 4550 2717 4596 ct
2772 4541 3042 4600 Caesarem
3104 4545 3464 4618 Bulengerum
3531 4545 3790 4603 consulere

2137 4637 2191 4698 1)
2221 4633 2423 4701 poteris
2447 4632 2709 4704 (Classen.
2757 4635 2848 4692 lib.
2894 4654 2931 4703 ι,
2977 4637 3222 4712 Theolog.
3268 4651 3443 4713 gent.,
3473 4657 3596 4712 cap.
3626 4641 3678 4700 5;
3706 4637 3793 4687 Βαο

2216 4725 2356 4797 leng.
2393 4727 2486 4783 lib.
2520 4729 2585 4783 dc
2615 4729 2872 4798 δον-εὕρω,
2905 4733 3060 4803 etc.).

2289 4821 2420 4876 Alite
2437 4833 2615 4879 autem
2645 4836 2769 4879 sunt
2793 4837 2986 4894 sortes,
3024 4847 3044 4880 ‹
3076 4844 3212 4894 quae,
3243 4848 3263 4877 ι
3295 4830 3433 4882 sicut
3464 4826 3606 4883 idem
3627 4825 3791 4882 Cicero

2214 4913 2488 4976 observat.
2523 4936 2543 4967 ‹
2579 4917 2956 4972 vaticinatione
2987 4915 3296 4986 funduntur,
3327 4934 3448 4990 quae
3481 4919 3692 4975 oracuia
3717 4929 3790 4970 ve-

2215 5008 2331 5060 rius
2349 5008 2576 5062 dicimus
2601 5005 2796 5080 (Cicer.
2828 5009 2932 5064 loc.
2957 5009 3071 5073 cit.,
3092 5025 3210 5081 pag.
3229 5011 3357 5076 291,
3393 5013 3486 5068 lin.
3514 5013 3628 5082 12).
3666 5032 3684 5064 ›
3715 5009 3789 5064 Ea:

2214 5109 2392 5155 autem
2413 5103 2466 5155 in
2499 5101 2686 5170 primis
2709 5115 2829 5157 esse
2846 5103 3114 5170 videntur,
3138 5118 3271 5174 quas
3300 5105 3598 5166 dtentones.
3627 5115 3790 5172 quem-

2217 5192 2504 5246 admodum
2532 5192 2796 5248 Minucius
2837 5195 3010 5264 palam
3061 5205 3356 5259 asseverat,
3409 5211 3472 5252 ac
3517 5197 3788 5268 Cyprianus

2216 5290 2438 5345 totidem
2469 5291 2648 5346 verbis
2702 5293 2920 5361 repetit,
2973 5293 3184 5348 vatibus
3222 5294 3498 5364 inspirant,
3564 5293 3650 5364 qui
3693 5287 3790 5360 qui-

2215 5384 2337 5439 dem
2364 5385 2492 5439 dum
2523 5395 2722 5440 navant
2747 5387 3000 5458 auspiciis
3049 5387 3306 5443 faciendis
3350 5401 3592 5458 operam,
3626 5404 3644 5436 ι
3679 5397 3792 5437 non-

2214 5491 2504 5548 numquam
2559 5487 2806 5534 extorum
2867 5480 3026 5534 fibras
3073 5482 3332 5544 animant,
3378 5479 3555 5536 avium
3606 5476 3786 5531 volatus

2211 5569 2533 5639 gubernant.
2573 5589 2591 5621 ι
2624 5585 2687 5626 ac
2725 5572 2939 5628 tandem
2963 5573 3282 5629 earumdem
3306 5583 3485 5628 vatum
3510 5559 3785 5626 ministerio

2217 5679 2236 5713 ι
2268 5665 2483 5719 oracula
2510 5663 2752 5720 efﬁciunt
2778 5664 2926 5720 falsis
2952 5667 3194 5736 pluribus
3219 5666 3450 5722 involuta
3472 5683 3494 5708 ο
3528 5653 3780 5725 ιϐγρτίειηο

2210 5757 2274 5812 de
2304 5757 2507 5814 Idofor.
2563 5756 2722 5826 Van.,
2775 5773 2898 5829 pag.
2958 5758 3070 5820 14).
3129 5759 3280 5804 Nam
3328 5757 3506 5806 autem
3562 5747 3710 5802 doce!
3756 5757 3782 5795 a

498 5843 613 5915 ipse
655 5842 846 5900 Cicero
886 5847 1028 5896 ΐεπτο
1052 5861 1159 5896 ιιοη
1213 5848 1386 5909 notuit
1428 5847 1658 5919 gentiles
1693 5863 1840 5915 suos,
1891 5852 2103 5908 somnia
2207 5851 2560 5911 daemonibus.
2589 5866 2814 5911 αιιονυηι
2845 5838 3021 5897 media
3054 5840 3194 5898 ίηῑθι*
3227 5842 3396 5900 θείω
3443 5848 3609 5899 εἷκε
3650 5850 3778 5894 πλοῖ·
