4038 6308
407 324 512 379 (ίὲὖ

1717 324 1805 378 DE
1834 322 2089 379 .lllNUCll
2129 325 2429 384 OCTAVIO

3603 341 3700 398 624

403 455 468 495 ac
517 439 636 508 igne
687 437 810 492 torti
853 437 1081 504 acriore,
1114 437 1444 508 cogebantur
1484 437 1552 492 ab
1592 436 1835 494 obsessis
1873 455 1988 495 cor-

2103 448 2254 511 μὸνον,
2280 449 2361 498 καὶ
2383 452 2549 513 ὄψεται
2579 455 2674 508 πῶς
2695 447 2759 500 δι’
2785 452 2933 506 αὐτοῦ
2964 453 3184 517 δαίμονες
3207 458 3295 519 μὲν
3323 456 3554 521 φεύγουσι,
3585 480 3701 521 μω-

404 531 629 601 poribus
655 530 922 586 excedere
961 545 1024 584 ac
1073 531 1247 600 palam
1305 530 1454 585 fateri
1495 547 1553 586 se
1597 531 1812 586 illorum
1842 530 2004 586 elice.

402 634 551 680 tuum
582 622 922 678 insolitorum
953 622 1112 678 fuisse
1138 636 1412 679 auctores.

476 716 608 783 Quae
662 730 791 770 vero
839 715 944 769 sint
982 731 1042 770 ea
1081 714 1508 772 Christianorum
1557 719 1740 786 verba,
1792 729 1846 775 et
1887 735 2005 789 quae

405 823 610 878 preces,
641 809 719 864 sic
741 807 1003 862 Minucius
1036 818 1219 863 noster
1248 809 1501 879 explicat.
1533 827 1553 860 ‹
1583 810 1825 880 Adjurati
1858 811 2002 864 enim

408 917 504 970 per
528 903 695 956 Deum
718 915 900 954 verum
930 908 986 955 et
1011 900 1208 966 solum,
1234 902 1406 968 inviti,
1450 902 1632 957 miseri
1681 903 2001 972 corporibus

402 993 802 1058 inhorrescunt,
827 999 884 1047 et
924 991 1011 1045 vel
1039 992 1293 1047 exsiliunt
1317 993 1518 1060 statim,
1555 996 1637 1048 vel
1677 1001 2006 1049 evanescunt

400 1086 685 1156 gradatim,
719 1083 1026 1155 prouttides
1057 1085 1307 1154 patientis
1333 1085 1566 1157 adjuvat,
1599 1097 1688 1141 aut
1707 1087 1879 1159 gratia
1909 1102 2004 1142 cu-

398 1180 570 1234 rantis
615 1179 834 1248 aspirat.
873 1198 892 1231 ι
951 1178 1055 1234 Sed
1089 1181 1204 1234 haec
1260 1180 1418 1251 paulo
1468 1181 1632 1236 fusius
1675 1181 1999 1252 Cyprianus,

393 1271 482 1341 qui
511 1281 564 1327 et
584 1271 828 1342 quaedam
859 1271 1003 1327 illius
1018 1273 1181 1328 verba
1205 1282 1478 1328 mutuatus
1500 1284 1602 1330 est.
1634 1293 1650 1324 ι
1689 1274 1776 1340 lli,
1805 1274 1995 1345 inquit,

396 1363 627 1433 :uljurati
666 1380 764 1434 per
791 1367 957 1420 Deum
1002 1381 1186 1420 verum
1219 1381 1248 1420 a
1279 1366 1455 1433 nobis,
1508 1367 1684 1421 statim
1725 1367 1922 1422 cedunt
1949 1377 2004 1422 et

393 1458 648 1525 fatentur,
692 1468 747 1514 et
793 1458 862 1515 de
891 1460 1130 1516 obsessis
1174 1462 1493 1530 corporibus
1531 1461 1679 1516 exire
1700 1472 1985 1531 coguntur.

394 1550 590 1606 Videas
623 1551 742 1606 illos
781 1561 965 1608 nostra
1015 1569 1166 1621 voce,
1222 1562 1278 1609 et
1329 1555 1640 1624 operatione
1706 1557 2001 1625 majestatis

390 1644 614 1699 occultae
647 1645 825 1716 flagris
853 1646 1007 1712 caedi,
1041 1647 1164 1717 igne
1204 1649 1414 1711 torreri,
1455 1649 1793 1703 incremento
1826 1663 1999 1717 paena:

392 1739 735 1806 prOpagantis
781 1739 1021 1805 extendi,
1079 1739 1304 1810 ejulare,
1382 1756 1622 1811 gemere,
1683 1742 1995 1811 deprecari;

2112 550 2214 592 τείσ.
2236 543 2285 592 δὲ
2310 544 2538 604 παίνεται,
2562 551 2740 612 μιγείη.
2761 546 2810 595 δὲ
2831 551 2961 597 πᾶσα
2981 555 3063 597 ausi
3091 556 3374 615 φαρμακεία.
3395 569 3506 603 twn
3516 570 3700 617 ργηται.

2115 649 2134 683 ι
2175 632 2362 687 Veniat
2385 643 2439 688 et
2469 635 2713 705 quisquis
2739 651 2800 691 ea
2831 653 2952 707 quae
2996 637 3230 693 diximus
3269 641 3502 710 experiri
3541 641 3700 711 cupit,

2108 735 2266 796 atque
2304 727 2356 781 in
2389 728 2581 784 mediis
2613 727 2742 800 ipsis
2777 730 3086 786 daemonum
3136 734 3441 805 pra‘stigiis,
3491 747 3541 789 et.
3589 751 3704 791 ora-

2108 819 2348 874 culorum
2391 819 2633 887 lallaciis,
2683 837 2746 879 ae
2790 825 2978 893 magiae
3010 825 3286 896 prodigiis,
3331 825 3484 896 signo
3511 827 3700 894 crucis,

2113 926 2234 981 qua:
2259 913 2399 983 apud
2433 914 2578 983 ipsos
2607 914 2840 970 ludibrio
2863 926 2965 976 est.
2999 927 3200 986 utatur,
3240 919 3525 989 solumque
3558 918 3706 975 Chri-

2107 1013 2246 1060 stum
2275 1006 2546 1073 nominet;
2578 1023 2703 1062 mnx
2743 1009 2943 1066 videbit
2966 1026 3124 1082 quam
3153 1013 3260 1066 cito
3285 1027 3381 1082 per
3419 1015 3589 1082 ipsum
3622 1017 3700 1068 fu-

2106 1107 2298 1167 gentur
2321 1099 2621 1167 daemones,
2663 1112 2878 1158 cessent
2905 1105 3145 1168 oracula,
3178 1119 3269 1159 ars
3295 1104 3470 1160 omnis
3502 1105 3700 1176 magica

2107 1189 2453 1262 veneficaque
2506 1204 2830 1249 evanescant
2862 1214 2882 1247 ›
2920 1195 2938 1265 (
2977 1195 3259 1264 Athanas.,
3292 1197 3385 1252 lib.
3432 1197 3496 1252 de
3534 1197 3704 1254 Inrar.

2118 1281 2271 1336 γετὸ.
2303 1328 2320 1350 ,
2351 1300 2474 1355 pag.
2499 1286 2569 1342 75
2595 1298 2648 1342 et
2677 1286 2766 1342 88.
2794 1287 2927 1344 Ibid.
2959 1304 3078 1361 pag.
3102 1288 3218 1362 89).

2176 1376 2439 1433 Minucius
2480 1390 2660 1435 autem
2704 1396 2768 1436 ac
2797 1381 3179 1448 Tertullianus,
3235 1384 3435 1455 aliique
3481 1401 3511 1440 a
3555 1387 3703 1441 nobis

2105 1471 2216 1540 jam
2267 1472 2468 1528 laudati
2521 1485 2839 1532 constanter
2886 1486 3200 1533 asseverant
3264 1478 3394 1533 illud
3439 1494 3545 1534 non
3599 1481 3709 1535 solo

2104 1564 2281 1618 crucis
2326 1563 2526 1619 Christi
2583 1567 2738 1636 signo
2771 1567 2909 1633 ﬁeri,
2942 1568 3036 1623 sed
3077 1569 3504 1624 Christianorum
3553 1572 3707 1626 etiam

2105 1658 2549 1726 adjurationibus.
2582 1661 2712 1728 Quis
2734 1672 2938 1728 autem,
2975 1665 3074 1718 nisi
3102 1665 3193 1735 qui
3225 1681 3286 1721 se
3325 1666 3498 1732 ipsum
3540 1683 3708 1722 excze-

2105 1765 2228 1807 care
2259 1753 2406 1819 velit,
2439 1762 2626 1822 aperte
2665 1770 2771 1810 non
2810 1755 3008 1820 videat,
3061 1771 3218 1828 quam
3261 1756 3314 1811 id
3348 1766 3557 1812 certum
3605 1759 3700 1823 sit,

392 1830 532 1885 unde
565 1831 807 1895 veniant,
838 1842 891 1886 et
920 1832 1134 1902 quando
1185 1833 1486 1899 discedant,
1541 1835 1669 1904 ipsis
1713 1837 1873 1889 etiam
1905 1835 1988 1905 qui

2102 1860 2162 1898 ac
2185 1845 2384 1916 saepius
2420 1845 2616 1901 factum
2670 1857 2724 1903 et
2777 1850 3073 1904 testatum?
3103 1849 3207 1905 Sed
3246 1850 3370 1905 inde
3401 1850 3708 1907 conﬁrmari

387 1938 448 1977 se
475 1923 658 1978 colunt
689 1923 1028 1980 audientibus
1057 1925 1325 1993 conﬁteri,
1369 1927 1451 1981 vel
1505 1927 1762 1981 exsiliunt
1789 1928 1992 1994 statim,

387 2018 472 2072 vel
499 2030 828 2072 evanesctmt
873 2020 1156 2088 gradatim,
1190 2030 1346 2090 prout
1387 2021 1517 2076 ﬁdes
1549 2022 1800 2091 patientis
1839 2021 1995 2091 adju-

390 2119 502 2174 vat,
545 2121 636 2164 aut
665 2111 838 2182 gratia
860 2115 1099 2167 curantis
1131 2114 1334 2183 aspirat
1356 2111 1542 2184 (Cypr’.
1568 2113 1631 2166 de
1653 2112 1794 2168 ldol.
1814 2113 1993 2176 vanit.,

389 2217 512 2272 pag.
543 2201 652 2274 M).
709 2202 909 2258 Eadem
941 2204 1032 2258 ille
1087 2204 1206 2259 aliis
1238 2206 1290 2258 in
1350 2205 1498 2260 libris
1543 2205 1769 2276 aliisque
1819 2204 1996 2260 verbis

385 2297 600 2365 repetit,
628 2311 748 2365 qua:
771 2297 1020 2352 omnibus
1046 2297 1224 2367 legere
1274 2313 1395 2353 cum
1439 2309 1743 2367 promptum
1793 2298 1882 2364 sit,
1912 2313 1994 2352 .ea

385 2387 475 2442 hic
513 2403 617 2442 non
660 2389 1075 2444 transcribemus
1108 2390 1275 2462 (Idem
1306 2392 1401 2447 lib.
1434 2392 1502 2445 ad
1535 2391 1728 2446 Donat.
1781 2408 1903 2463 pag.
1937 2395 1992 2457 ις

390 2487 447 2534 et
477 2480 570 2534 lib.
599 2481 667 2533 ad
697 2481 1036 2546 Demetrium,
1070 2499 1188 2554 pag.
1241 2481 1390 2554 191).

455 2572 747 2642 Utriusque
793 2574 1031 2644 vestigiis
1058 2575 1256 2630 insistit
1287 2575 1622 2643 Lactantius,
1677 2591 1740 2631 ac
1787 2577 1855 2631 de
1899 2577 1992 2632 iis-

383 2667 507 2721 dem
537 2666 869 2722 daemonibus
897 2667 1030 2722 dixit
1059 2685 1074 2725 :
1113 2687 1130 2718 ι
1159 2668 1361 2735 Justos,
1392 2669 1442 2724 id
1475 2679 1578 2734 est,
1617 2671 1854 2724 cultores
1896 2670 1990 2724 Dei

387 2766 656 2824 metuunt,
679 2760 832 2828 cujus
863 2763 1080 2816 nomine
1110 2761 1340 2832 adjurati
1366 2761 1434 2817 de
1476 2763 1792 2834 corporibus
1831 2779 1991 2818 exce-

381 2855 548 2920 dunt,
583 2869 810 2923 quorum
834 2855 1014 2910 verbis
1045 2865 1318 2927 tamquam
1352 2855 1536 2927 ﬁagris
1566 2858 1854 2923 verberati,
1881 2873 1988 2912 non

383 2947 544 3004 modo
585 2962 643 3002 se
671 2947 946 3004 daemones
980 2963 1101 3004 esse
1141 2950 1484 3015 confitentur,
1541 2951 1635 3006 sed
1680 2952 1838 3006 etiam
1888 2967 1988 3005 no-

382 3042 526 3095 mina
571 3055 666 3096 sua
714 3039 901 3107 edunt,
943 3040 1032 3095 illa
1062 3057 1182 3111 qum
1217 3044 1270 3096 in
1317 3044 1534 3114 templis
1571 3044 1884 3112 adorantur,
1933 3054 1991 3101 et

379 3134 522 3203 quod
555 3133 869 3204 plerumque
895 3148 1076 3188 coram
1105 3136 1405 3192 cultoribus
1455 3138 1566 3192 suis
1599 3137 1822 3204 faciunt,
1878 3154 1984 3194 non

2105 1939 2279 1994 adhuc
2323 1949 2524 2011 potest,
2581 1943 2722 2011 quod
2753 1944 2822 1999 ab
2848 1953 3069 2001 auctore
3096 1955 3307 2011 nostro,
3346 1959 3399 2003 et
3445 1946 3708 2019 Cypriane

2111 2035 2385 2105 adjicitur,
2422 2057 2441 2088 ‹
2476 2047 2636 2109 prout
2664 2038 2798 2094 ﬁdes
2839 2040 3092 2109 patientis
3131 2039 3369 2111 adjuvat,
3417 2053 3507 2096 aut
3544 2041 3708 2113 gratia

2101 2132 2339 2186 curantis
2382 2137 2608 2202 aspis-at,
2649 2152 2668 2185 ι
2715 2133 2767 2188 id
2811 2141 2916 2196 est,
2951 2142 3108 2204 prout
3165 2134 3338 2203 major
3389 2144 3483 2189 aut
3543 2136 3710 2190 minor

2099 2232 2184 2278 est
2213 2223 2348 2278 ﬁdes
2383 2223 2684 2280 dmtnonem
2735 2226 3008 2295 patientis,
3049 2225 3128 2280 vel
3162 2226 3335 2297 major
3387 2236 3481 2282 aut
3537 2229 3707 2282 minor

2106 2317 2277 2386 gratia
2305 2315 2598 2371 Christiani
2627 2317 2944 2388 adjurantis,
2971 2319 3180 2374 daemon
3223 2318 3386 2374 citius
3415 2328 3511 2374 aut
3559 2321 3710 2390 paulo

2105 2408 2310 2463 tardius
2337 2409 2572 2478 ejicitur.
2601 2408 2800 2465 Verum
2831 2412 2945 2466 sive
2977 2412 3137 2473 illico,
3180 2412 3296 2468 sive
3332 2421 3450 2483 post
3497 2413 3709 2468 brevem

2098 2515 2306 2554 moram
2362 2503 2594 2572 aliquam
2660 2502 2871 2558 daemon
2924 2504 3229 2572 ejiceretur,
3283 2513 3410 2560 tunc
3466 2505 3709 2576 profecto

2097 2596 2389 2663 cogebatur
2409 2596 2528 2666 quis
2555 2596 2671 2665 ipse
2699 2609 2847 2652 esset
2869 2598 3081 2668 publice
3118 2599 3387 2654 conﬁteri.
3425 2598 3708 2671 Quaprop-

2110 2700 2190 2745 ter
2213 2690 2477 2746 Minucius
2514 2693 3035 2762 argumentationem
3067 2707 3240 2760 suam,
3287 2694 3551 2764 ipsosmet
3583 2692 3708 2748 Eth-

2095 2786 2246 2842 nieos
2292 2786 2637 2856 alloquendo,
2675 2788 2753 2842 sic
2791 2787 3018 2842 absolvit
3050 2806 3061 2841 :
3098 2807 3116 2837 ‹
3148 2787 3282 2858 ipsis
3324 2787 3576 2849 testibus.
3617 2801 3707 2843 eos

2095 2880 2371 2935 daemonas
2412 2880 2480 2936 de
2530 2897 2589 2936 se
2618 2880 3000 2937 conﬁtentibus
3029 2883 3256 2937 credite.
3299 2903 3316 2934 ι
3361 2883 3536 2938 Antea
3585 2895 3708 2936 vero

2094 2974 2459 3031 Tertullianus
2526 2975 2637 3046 pari
2685 2975 2846 3032 modo
2895 2979 3156 3032 adversus
3201 2976 3422 3033 eosdem
3471 2977 3704 3048 gentiles

2093 3067 2436 3138 diSputaudo,
2467 3067 2551 3122 his
2580 3085 2675 3125 eos
2704 3070 3128 3140 compellaverat
3173 3069 3352 3124 verbis
3381 3087 3395 3122 :
3433 3087 3451 3121 ι
3491 3069 3706 3126 Credite

2091 3159 2198 3215 illis
2222 3160 2630 3233 (daemonibus),
2663 3177 2784 3216 cum
2827 3178 3011 3217 verum
3061 3163 3129 3218 de
3154 3177 3212 3217 se
3262 3161 3581 3233 loquuntur,
3618 3162 3706 3232 qui

383 3227 565 3297 utique
595 3226 645 3280 in
675 3226 1024 3296 opprobrium
1071 3229 1377 3300 religionis;
1425 3233 1546 3301 quia
1580 3249 1678 3289 nec
1710 3233 1837 3299 Deo,
1891 3249 1988 3304 per

2099 3252 2474 3308 mentientibus
2501 3253 2746 3311 creditis.
2778 3253 2946 3309 Nemo
2977 3253 3042 3309 ad
3085 3269 3240 3309 suum
3269 3253 3510 3309 dedecus
3552 3270 3700 3311 men-

379 3334 540 3389 quem
569 3319 910 3389 adjurantur;
941 3336 1040 3377 nec
1075 3323 1257 3392 justis,
1299 3341 1526 3396 quorum
1564 3342 1696 3382 voce
1728 3337 1985 3398 torquen-

381 3423 490 3479 tur,
528 3415 745 3470 mentiri
796 3426 1021 3487 possunt
1061 3417 1368 3488 (Lactant.,
1402 3420 1497 3476 lib.
1545 3437 1582 3476 ιι
1632 3419 1832 3490 Instit.,
1861 3438 1980 3494 cap.

379 3508 470 3570 ιι,
497 3522 615 3577 pag.
645 3507 794 3578 218).

453 3601 623 3656 Antea
678 3616 802 3656 vero
863 3601 1093 3674 ipsemet
1150 3603 1407 3661 Minucius
1482 3617 1664 3664 noster
1729 3609 1978 3665 dixerat:

387 3711 405 3740 ‹
442 3683 562 3761 Ipse
586 3691 847 3748 Saturnus
869 3705 923 3749 et
969 3696 1207 3767 Serapis,
1257 3708 1310 3752 et
1348 3699 1588 3770 Jupiter,
1645 3710 1698 3756 et
1726 3702 1984 3772 quidquid

379 3785 682 3856 daamonum
706 3788 903 3855 colitis,
944 3790 1064 3844 victi
1088 3791 1292 3857 dolore,
1325 3794 1466 3864 quod
1489 3806 1612 3849 sunt
1637 3796 1981 3867 eloquuntur,

381 3893 480 3933 nec
508 3879 692 3950 utique
739 3879 794 3934 in
837 3881 1220 3950 turpitudinem
1262 3885 1364 3947 sui,
1422 3887 1693 3942 nonnullis
1745 3901 1982 3945 vestrum

377 3971 770 4034 assistentibus.
804 3973 1160 4030 mentiuntur.
1196 3996 1215 4028 ι
1243 3977 1313 4031 At
1333 3977 1696 4034 Tertullianus
1723 3980 1984 4039 Ethnicos

378 4074 538 4137 urget
564 4067 724 4137 longe
755 4067 1145 4135 vehementius,
1177 4084 1377 4138 eosque
1391 4072 1645 4129 audacter
1662 4085 1987 4144 provocatut

381 4158 658 4228 quodlibet
683 4159 902 4229 hujusce
927 4161 1000 4216 rei
1025 4161 1320 4230 periculum
1342 4163 1558 4231 faciant,
1591 4183 1653 4221 ac
1670 4168 1985 4224 nisidarmo-

381 4267 479 4306 nes
507 4267 534 4303 a
567 4253 758 4322 quovis
779 4252 1091 4310 Christiano
1115 4256 1367 4325 adjurati,
1398 4268 1505 4312 tum
1526 4259 1614 4330 qui
1634 4260 1734 4330 ipsi
1765 4262 1984 4331 sintpa-

378 4343 486 4399 iam
505 4343 877 4409 conﬁteantur,
888 4347 997 4400 vult
1009 4356 1262 4418 optatque
1277 4349 1498 4419 hujusce
1514 4349 1800 4407 Christiani
1820 4356 1986 4425 proti-

380 4451 503 4499 nus.
529 4435 784 4492 eteodem
805 4437 855 4490 in
885 4437 1004 4493 loco
1039 4438 1188 4494 fundi
1220 4441 1532 4512 sanguinem
1566 4444 1814 4514 (Tertull.
1843 4449 1985 4517 Apo-

382 4531 654 4601 log.,cap.
705 4531 798 4599 9.5,
831 4547 955 4602 pag.
1001 4532 1118 4603 9,5).
1165 4533 1349 4604 Neque
1381 4537 1432 4590 in
1477 4538 1735 4603 animum,
1779 4556 1984 4609 quaeso,

2092 3345 2238 3412 titur,
2269 3347 2395 3414 quin
2439 3345 2617 3416 potius
2645 3345 2711 3400 ad
2764 3346 3046 3402 honorem.
3079 3347 3244 3417 Magis
3272 3345 3405 3402 ﬁdes
3459 3351 3704 3416 proxima

2089 3448 2174 3493 est
2233 3439 2492 3495 adversus
2547 3441 2868 3511 semetipsos
2919 3439 3257 3506 conﬁtentes,
3295 3454 3455 3508 quam
3503 3457 3602 3511 pro
3648 3454 3706 3496 se

2090 3525 2221 3593 ipsis
2250 3535 2512 3598 negantes
2542 3546 2560 3579 ›
2597 3525 2846 3596 (Tertull.
2877 3525 3123 3598 Apolog.,
3155 3541 3275 3594 cap.
3318 3525 3410 3590 25,
3456 3541 3582 3597 pag.
3613 3526 3700 3581 25.

2088 3616 2226 3673 Ibid.
2258 3635 2374 3691 pag.
2412 3619 2532 3689 25).
2583 3619 2715 3674 Tam
2771 3630 2916 3674 certa
2944 3628 3146 3686 autem,
3183 3629 3289 3672 tam
3339 3617 3623 3674 manifesta
3653 3627 3705 3673 et

2088 3711 2298 3783 publica
2353 3724 2469 3767 crat
2524 3713 2643 3767 hzec
2691 3711 2993 3767 dmmonum
3044 3710 3347 3774 confessio;
3396 3720 3454 3764 ut
3504 3711 3702 3766 ibidem

2090 3804 2453 3861 Tertullianus
2511 3815 2824 3863 constanter
2873 3805 3105 3861 afﬁrmet
3159 3805 3261 3861 hac
3300 3807 3416 3875 ipsa
3472 3819 3702 3860 consuc-

2088 3898 2233 3954 visse
2263 3914 2431 3954 novos
2464 3898 2576 3954 ﬁeri
2605 3899 2967 3955 Christianos.
3205 3969 3207 3972 η

2160 3992 2289 4062 Quis
2312 4009 2439 4065 ergo
2479 4008 2586 4048 non
2639 3993 2922 4048 mirabitur
2960 3992 3220 4064 quosdam
3277 4000 3478 4050 nostra;
3525 3991 3696 4049 aetatis

2087 4084 2442 4151 Christianos,
2475 4086 2638 4140 immo
2665 4086 2823 4141 etiam
2855 4097 2909 4141 et
2953 4085 3232 4141 catholicae
3283 4085 3410 4141 ﬁdei
3466 4095 3698 4142 seetato-

2088 4196 2198 4247 res,
2228 4196 2295 4236 eo
2317 4180 2600 4236 devenisse
2637 4189 2694 4233 ut
2735 4178 2890 4234 editis
2923 4178 3188 4249 publicam
3240 4180 3291 4234 in
3339 4179 3519 4234 lucem
3552 4179 3698 4234 libris

2089 4289 2332 4330 asserere
2369 4290 2473 4329 non
2504 4274 2867 4330 dubitaverint
2906 4288 3010 4328 non
3041 4273 3218 4342 aliqua
3266 4281 3496 4336 tantum,
3549 4271 3694 4341 quod

2091 4367 2220 4437 ipsis
2245 4368 2613 4432 concedimus,
2662 4366 2758 4423 sed
2801 4381 2862 4422 ea
2892 4366 3073 4420 omnia
3132 4379 3252 4435 quae
3296 4364 3692 4429 recettsuimus,

2090 4461 2328 4524 oracula,
2360 4461 2623 4532 prodigia,
2655 4468 2924 4530 portenta,
2949 4460 3141 4530 atque,
3170 4468 3227 4513 ut
3269 4458 3509 4522 aiebant,
3537 4458 3695 4512 mira-

2092 4554 2208 4610 cula
2260 4571 2554 4626 omnesque
2609 4555 2930 4610 vaticinandi
2976 4553 3163 4610 modos
3220 4553 3384 4609 nullis
3442 4568 3693 4625 umquam

384 4622 659 4678 induxeris
688 4623 825 4678 hanc
866 4640 986 4680 esse
1037 4625 1274 4682 Africani
1297 4630 1575 4701 scriptoris
1599 4633 1766 4688 nimio
1788 4636 1982 4706 ingenii
2009 4643 2064 4702 ])
2091 4651 2415 4717 άωηιοῃυηι,
2443 4622 2538 4704 ς,έά
2563 4648 2692 4704 solis
2717 4648 3058 4704 sacerdotum
3086 4662 3149 4703 ac
3177 4622 3694 4703 minisaut-umido»

382 4715 703 4771 ardentioris
719 4715 917 4786 impetu
941 4716 1148 4787 abrepti
1167 4723 1657 4790 exaggerationem,
1676 4735 1768 4780 aut
1784 4727 1832 4780 id
1857 4743 1984 4783 casu

383 4818 586 4862 tantum
606 4807 804 4878 aliquo,
838 4818 931 4863 aut
969 4811 1086 4879 ejus
1116 4813 1392 4869 durntaxat
1421 4825 1661 4887 tempore
1701 4819 1984 4878 accidiSse.

381 4903 516 4958 Nam
544 4912 726 4974 postea
752 4906 1079 4960 Athanasius
1103 4910 1272 4963 semel
1302 4918 1356 4965 et
1390 4910 1582 4966 iterum
1613 4925 1986 4971 asseveranter

383 4995 620 5050 afﬁrmat
656 4999 831 5052 crucis
856 4997 1052 5052 Christi
1086 5001 1238 5070 signo
1263 5017 1477 5058 omnem
1500 5007 1758 5076 magicam
1788 5017 1980 5076 artem,

381 5089 668 5158 omniaque
698 5089 1092 5147 incantamenta
1125 5109 1470 5163 evanescere,
1527 5113 1590 5153 ac
1617 5109 1841 5156 cunctas
1870 5102 1982 5157 da:-

381 5193 601 5234 tnonum
647 5179 858 5237 fraudes
901 5185 1107 5254 repelli.
1172 5186 1512 5257 Experientia
1558 5202 1735 5248 autem
1799 5195 1850 5250 id
1902 5196 1980 5253 sic

379 5271 940 5338 comprobatumesse
966 5285 1318 5342 (’lOIIlt‘Slallll‘,
1345 5290 1402 5335 ut
1431 5298 1537 5338 non
1570 5285 1748 5340 minus
1777 5287 1977 5345 audac-

378 5371 484 5425 ter,
517 5377 678 5432 quam
710 5362 1089 5428 Tertullianus,
1123 5370 1378 5428 Ethnicos
1403 5375 1468 5430 ad
1501 5379 1795 5445 perieulum
1837 5381 1979 5437 illius

376 5457 682 5515 faciendum
711 5473 984 5530 provocet.
1016 5466 1215 5521 Audias
1241 5471 1398 5524 velim
1438 5471 1556 5542 ejus
1583 5476 1742 5530 verba
1771 5493 1784 5528 :
1815 5470 1978 5532 ιὶιιέτω

377 5558 426 5606 δὲ
451 5559 474 5606 ὁ
513 5559 678 5624 «ipsa
720 5573 811 5610 τῶν
852 5567 1198 5628 προλεχῡέντων
1225 5568 1506 5633 βωλὸμενος
1543 5574 1721 5635 λαϐεῖν,
1767 5576 1850 5622 καὶ
1899 5571 1974 5625 ἐπ’

374 5651 524 5709 αὐτῆς
557 5663 639 5710 τῆς
668 5661 928 5721 φαντασίαις
958 5669 1046 5707 τῶν
1096 5658 1344 5723 δαιμόνων,
1392 5663 1471 5711 καὶ
1499 5677 1587 5722 τῆς
1627 5679 1716 5718 τῶν
1751 5679 1982 5731 μαντειῶν

379 5743 590 5803 ἀπάτης,
610 5747 693 5796 καὶ
713 5757 801 5800 τῶν
822 5760 903 5804 τῆς
930 5758 1126 5812 μαγείας
1155 5757 1421 5819 denupsit-av,
1442 5764 1687 5826 χρησάσθω
1705 5772 1767 5828 τᾳ
1796 5771 1976 5830 σημείῳ

375 5835 458 5892 τοῦ
499 5837 754 5902 γελωμὲνθυ
790 5838 904 5902 παρ’
939 5842 1095 5899 εὖτ-οἶς
1117 5851 1339 5913 dempsi},
1368 5857 1450 5902 τὸν
1494 5855 1703 5919 Χριστὸν
1737 5857 1972 5922 ὀνομάσας

2089 4740 2153 4795 lis
2178 4740 2522 4796 servientium
2551 4739 2712 4806 dolis,
2746 4741 2970 4806 artibus,
3021 4737 3323 4804 fraudibus,
3376 4747 3432 4794 et
3477 4736 3689 4808 prsesti-

2086 4834 2187 4904 giis
2217 4834 2351 4888 facta
2379 4833 2562 4888 fuisse.
2598 4832 2779 4903 Neque
2807 4848 2901 4888 eos
2929 4841 3175 4887 moratur
3194 4829 3687 4898 antiquissimorum

2086 4935 2512 4996 caeterorumque
2546 4925 2801 4980 Ecclesiae
2843 4925 3056 4978 Patrum
3089 4919 3398 4977 veneranda
3453 4921 3684 4975 auctori-

2087 5025 2186 5076 tas.
2218 5017 2520 5071 testificatio
2551 5017 2770 5071 minime
2804 5016 2986 5080 dubia,
3018 5025 3075 5070 et
3109 5014 3410 5068 counnunis
3436 5012 3678 5066 omnium

2084 5124 2380 5166 consensus
2433 5109 2678 5176 (Euseb.,
2736 5109 2828 5163 lib.
2872 5125 2949 5162 ιχ.
2983 5107 3183 5161 Hister.
3232 5105 3403 5171 Eccf.,
3441 5118 3560 5174 cap.
3594 5103 3684 5168 ll,

2084 5221 2202 5276 pag.
2258 5206 2404 5277 567).
2456 5203 2558 5259 Pro
2600 5213 2748 5258 certo
2777 5205 2942 5269 enim,
2996 5202 3260 5273 inquiunt,
3316 5207 3369 5254 et
3399 5207 3516 5254 rato
3562 5201 3685 5252 cum

2084 5297 2314 5366 positum
2365 5296 2554 5351 fuisset
2596 5297 2776 5367 plures
2802 5311 2922 5352 esse
2975 5295 3268 5360 dmmones,
3324 5302 3434 5347 tum
3478 5289 3684 5347 creduli

2081 5390 2460 5458 simplicesque
2509 5390 2582 5444 illi
2636 5388 2737 5443 viri
2786 5389 2840 5443 in
2890 5389 3127 5443 animum
3158 5385 3312 5442 facile
3361 5385 3683 5440 induxerunt

2079 5481 2352 5539 dmmones
2379 5484 2496 5538 illos
2528 5484 2720 5539 horum
2752 5485 2992 5539 omnium
3022 5483 3358 5539 insolitorum
3390 5479 3679 5536 eﬁcctuum

2081 5575 2248 5631 fuisse
2277 5584 2544 5631 auctores.

2153 5667 2288 5736 Quid
2312 5669 2477 5740 ergo?
2498 5667 2764 5739 Numquid
2795 5667 3153 5739 antiquissimi
3177 5666 3436 5722 Ecclesia:
3463 5664 3669 5719 Patres.

2078 5763 2366 5831 caelerique
2401 5762 2690 5834 scriptores
2714 5761 3013 5824 christiani,
3043 5776 3139 5827 per
3176 5767 3250 5805 ιοῐ
3287 5750 3481 5806 smnia
3537 5748 3672 5803 (πάνυ

2079 5853 2234 5920 tardi,
2269 5853 2512 5922 hebetes,
2566 5863 2618 5911 et
2643 5853 2771 5905 meai
2792 5852 3025 5914 fuerunt,
3054 5852 3110 5900 ut
3133 5843 3539 5916 deprehendere
3562 5857 3669 5901 non
