4038 6308
361 267 471 324 (ἶἰό
1761 268 2231 328 DISSERTATIO.
3563 275 3669 333 626

362 386 638 457 potuerint
658 387 969 459 neutiquam
993 385 1322 455 daemonum,
1364 386 1461 445 sed
1489 387 1833 445 ethnicorum
1872 403 1961 443 sa-
1989 388 2042 449 Α
2066 387 2144 441 ait
2172 386 2456 455 Minucius,
2492 408 2511 441 ο
2533 391 2857 462 consecrati,
2899 412 2917 445 δ
2941 393 3263 465 Cyprianus,
3298 412 3317 447 ι
3339 396 3669 450 consecratis

364 480 645 537 cerdotnut
674 482 916 538 artificiis
953 492 1009 539 et
1046 481 1272 539 fallaciis
1319 483 1465 540 edita
1512 483 1677 538 fuisse
1721 481 1959 546 oracula,
2064 477 2390 536 delitescunt
2416 480 2686 555 (Cyprian.
2723 485 2810 539 tib.
2845 486 2908 540 de
2938 485 3079 540 ldol.
3123 484 3325 553 Vanit.,
3361 501 3478 557 pag.
3502 487 3610 557 14).
3640 506 3661 539 ι

361 584 525 646 atque
552 575 655 631 alia
679 578 864 644 etiam,
893 593 1014 649 qua:
1043 593 1205 649 supra
1249 593 1591 635 communem
1620 587 1828 633 natura;
1876 589 1964 631 or-
2066 571 2361 645 Utriusque
2390 584 2568 633 autem
2600 578 2760 650 hujus
2789 580 3035 636 lectionis
3087 581 3230 636 idem
3265 580 3421 651 plane
3450 596 3661 637 sensus.

366 668 550 727 dinem
583 672 697 729 fieri
739 674 1095 731 videbantur?
1123 674 1392 745 Numquid
1434 690 1562 747 ergo
1601 674 1821 746 majoris
1848 684 1964 730 erat
2067 667 2309 725 Gentiles
2353 672 2549 742 quippe
2592 673 2712 729 illas
2761 674 2985 731 deorum
3017 690 3233 731 suorum
3278 674 3538 746 imagines
3580 689 3670 730 so-

365 776 569 834 operze.
599 767 875 835 gentilium
903 768 1243 825 sacerdotum
1264 769 1484 826 fraudes
1511 780 1771 841 relegere,
1803 783 1962 839 quam
2066 760 2232 817 lemni
2286 764 2625 823 dedicatione
2669 771 3080 825 consecrabant.
3136 770 3351 826 Testem
3420 770 3465 824 si
3532 769 3665 825 velis

363 862 473 909 tam
540 858 781 926 operOsis
814 859 1265 928 disputationibus
1329 861 1599 932 explicare
1640 876 1760 929 quae
1802 859 1967 914 fuerit

364 947 672 1006 daemonum
708 961 919 1021 natura,
974 954 1099 1024 quid
1129 955 1197 1011 de
1254 954 1343 1010 illa
1390 953 1717 1027 pllilOsOphi.
1768 964 1962 1025 poetae.

365 1045 506 1115 magi
535 1045 732 1117 aliique
753 1048 984 1117 gentiles
1019 1050 1329 1104 censuerint
1372 1060 1428 1105 et
1472 1048 1807 1114 tradiderint,
1846 1061 1965 1117 qua:

364 1133 568 1191 fuerint
593 1152 780 1193 eorum
808 1138 1052 1202 artificia.
1080 1139 1213 1208 doli,
1241 1149 1405 1207 artes,
1447 1140 1731 1211 praestigiae
1774 1139 1967 1209 quibus

364 1228 566 1283 tamdiu
581 1228 823 1286 Ethnicis
841 1231 1001 1287 etiam
1024 1231 1432 1297 oculatioribus,
1458 1234 1624 1288 immo
1643 1243 1698 1288 et
1711 1228 1969 1288 Christia-

364 1321 470 1388 nis,
502 1320 617 1377 haec
644 1325 791 1379 omni
817 1324 997 1380 studio
1027 1326 1490 1397 investigantibus,
1519 1325 1832 1382 illuserint?
1861 1324 1967 1381 Sed

362 1412 471 1480 dic,
487 1417 733 1484 obsecro,
752 1434 855 1489 qua
876 1417 1056 1475 fronte
1075 1419 1459 1487 Tertullianus,
1478 1419 1825 1482 Athanasius,
1848 1418 1969 1473 alii-

364 1506 776 1578 quetloctissimi
793 1511 1081 1583 cujuslibet
1099 1516 1271 1569 aetatis
1284 1513 1387 1569 viri
1405 1512 1651 1569 ethnicos
1672 1526 1968 1583 provocare

362 1601 653 1671 audebant,
682 1615 741 1660 ut
782 1608 1160 1677 experirentur
1202 1617 1380 1663 utrum
1432 1607 1710 1663 daemones
1749 1605 1969 1661 oracula

361 1692 671 1765 fundentes,
703 1699 836 1753 mira
864 1700 1108 1771 quaedam
1147 1699 1389 1766 edentes,
1423 1715 1649 1773 carpora
1694 1700 1969 1756 hominum

2070 855 2163 909 tibi
2192 856 2669 927 locupletissimum
2695 862 2945 933 proferri,
2976 862 3263 919 citabimns
3308 861 3626 918 Ciceronem
3647 903 3665 928 ,

2068 950 2158 1018 qui
2205 958 2328 1019 post
2365 952 2530 1007 multa
2558 953 2626 1010 de
2648 942 2868 1025 antiquo
2892 957 3381 1014 consecrandarum
3407 955 3665 1012 dedican-

2069 1042 2369 1115 darumque
2402 1046 2599 1102 adium
2643 1064 2792 1105 more
2821 1060 2875 1105 et
2923 1052 3029 1105 ritu
3070 1050 3335 1118 disputata
3359 1091 3374 1116 ,
3422 1058 3605 1105 narrat
3638 1064 3671 1103 a

2069 1136 2175 1204 Qu.
2205 1137 2405 1194 Marcio
2434 1156 2662 1198 censore
2692 1143 2886 1198 factum
2912 1143 3215 1199 concordiae
3244 1143 3451 1215 signum
3478 1151 3533 1197 et
3561 1142 3676 1197 col-

2070 1230 2302 1285 locatum
2358 1232 2409 1285 in
2453 1233 2691 1302 publico.
2746 1233 2883 1290 Cum
2904 1246 3082 1291 autem
3108 1232 3168 1290 C.
3225 1234 3443 1290 Cassius
3477 1248 3670 1290 censor

2071 1322 2202 1379 illud
2260 1324 2626 1382 transtulisset
2653 1309 2712 1381 in
2760 1330 2987 1390 curiam.
3065 1328 3333 1383 consuluit
3384 1325 3668 1394 collegium

2072 1416 2386 1488 pontificum
2420 1419 2680 1491 numquid
2730 1435 2907 1477 causae
2943 1420 3234 1487 videretur,
3269 1420 3397 1491 quin
3425 1417 3554 1472 illud
3578 1416 3676 1471 de-

2071 1510 2296 1567 dicaret.
2366 1510 2463 1567 Cui
2518 1512 2587 1568 lli.
2642 1512 2899 1570 Emilius
2956 1514 3191 1586 pontifex
3238 1514 3501 1567 maximus
3575 1525 3672 1581 pro

2072 1605 2298 1677 collegio
2349 1606 2657 1676 respondit,
2719 1627 2738 1659 ι
2771 1607 2872 1663 nisi
2934 1623 3056 1663 eum
3110 1606 3337 1677 populus
3397 1605 3673 1661 Romanus

2074 1698 2389 1753 nominatim
2442 1699 2809 1766 praefecisset,
2862 1708 3022 1769 atque
3061 1700 3177 1771 ejns
3223 1700 3373 1771 jussu
3426 1696 3673 1764 faceret,

361 1786 691 1855 obsidentes,
741 1805 772 1845 a
824 1790 1146 1848 Christianis
1218 1794 1468 1863 adjurati,
1543 1800 1636 1848 aut
1700 1792 1963 1863 protinus,
1998 1788 2047 1849 B
2076 1804 2182 1846 non
2224 1789 2391 1846 videri
2457 1790 2589 1847 illud
2643 1802 2791 1847 recte
2840 1806 2999 1859 posse
3038 1790 3277 1848 dedicari
3306 1789 3484 1862 (Cicer.
3532 1798 3666 1842 orat.

357 1891 451 1935 aut
514 1883 674 1950 paulo
726 1895 867 1953 post,
945 1886 1162 1954 quinam
1226 1886 1326 1956 ipsi
1392 1886 1475 1942 vel
1538 1900 1648 1957 quo
1724 1884 1972 1956 appellati

358 1982 546 2029 essent
599 1975 832 2043 nomine,
895 1977 1066 2048 palam
1120 1978 1544 2035 confiterentur?
1599 1978 1655 2035 Si
1726 1994 1856 2034 vero
1887 1994 1972 2034 sa-

360 2067 610 2121 cerdotes
629 2067 851 2137 etltnici,
878 2086 984 2125 non
1007 2081 1186 2126 autem
1215 2071 1490 2128 dmmones
1520 2074 1634 2127 haec
1658 2072 1967 2128 fraudulen-

363 2168 448 2216 tcr
473 2161 720 2232 agebant,
751 2178 849 2219 cur
876 2165 1123 2221 sinebant
1152 2180 1211 2221 se
1260 2165 1539 2237 adjnrari?
1587 2180 1686 2222 cur
1722 2166 1972 2236 atljuran-

365 2262 447 2308 tes
475 2255 919 2323 nonirridebant,
951 2273 1047 2312 cur
1084 2272 1180 2313 eos
1222 2259 1301 2313 vel
1324 2259 1441 2314 solo
1494 2274 1595 2314 suo
1641 2258 1852 2314 silentio
1903 2257 1972 2313 ad

362 2346 670 2418 pudendum
702 2364 808 2405 non
838 2350 1206 2407 inducebant?
1238 2367 1334 2408 cur
1361 2366 1467 2408 non
1498 2369 1618 2419 suo,
1642 2353 1737 2409 sed
1767 2352 1971 2407 daemo-

362 2453 491 2494 num
517 2443 733 2498 nomine
756 2457 815 2499 se
840 2445 1018 2499 vocari
1049 2445 1477 2501 mentiebantur?
1506 2460 1604 2502 cur
1632 2446 1972 2518 patiebantur

365 2533 721 2606 imperatores
746 2552 872 2593 suos
894 2538 1302 2607 Diocletianum,
1348 2539 1417 2597 de
1454 2554 1563 2611 quo
1591 2555 1690 2595 nos
1711 2540 1859 2606 alibi,
1915 2545 1972 2595 et

371 2630 642 2686 Iulianum
676 2633 1008 2703 Apostatam,
1060 2632 1129 2689 de
1168 2648 1276 2704 quo
1327 2648 1423 2689 nos
1474 2633 1639 2698 infra,
1701 2633 1971 2704 mysteriis

369 2724 485 2781 suis
512 2723 762 2792 turbatis,
787 2726 977 2781 terreri
997 2734 1052 2780 et
1075 2726 1279 2797 fugari?
1304 2741 1403 2782 cur
1432 2727 1648 2782 tandem
1692 2727 1791 2782 hac
1837 2725 1969 2782 falsa

367 2819 731 2876 declaratione
758 2819 996 2877 funditus
1016 2823 1330 2879 evertebant
1359 2822 1581 2878 deorum
1611 2837 1830 2878 suorum
1859 2822 1973 2877 cul-

369 2921 504 2976 tum,
535 2926 831 2983 omnesque
854 2927 980 2970 suas
1023 2915 1346 2986 religiones?
1394 2914 1699 2988 (Dissertat.
1747 2916 1802 2969 in
1840 2913 1969 2970 Luc.

366 3004 539 3063 Caecil.
574 3023 695 3078 cap.
728 3008 782 3077 5,
811 3020 915 3064 art.
943 3007 1001 3064 2.
1027 3009 1246 3064 Dissert.
1279 3010 1335 3064 in
1363 3008 1599 3065 Lactant.
1626 3024 1748 3080 cap.
1780 3008 1836 3076 9,
1864 3018 1968 3064 art.

367 3100 450 3173 Et).
488 3101 676 3158 Nonne
696 3103 985 3160 CltriStiani
1014 3113 1139 3159 tunc
1165 3103 1404 3160 divinum
1435 3118 1593 3160 suum
1626 3103 1972 3159 imitabantur

2074 1898 2224 1949 χχιι,
2251 1901 2343 1955 pro
2370 1882 2534 1939 Domo
2566 1901 2679 1951 sua,
2711 1884 2779 1938 ad
2810 1882 3012 1956 Pontif.
3039 1899 3161 1953 pag.
3193 1882 3321 1944 424,
3353 1890 3400 1935 et
3429 1895 3545 1950 seqq
3572 1878 3614 1951 ).
3643 1897 3662 1929 ι

2075 1977 2251 2032 Variis
2281 1977 2461 2048 itaque
2500 1977 2844 2033 caeremoniis
2871 1975 3160 2047 cujuslibet
3203 1974 3291 2030 dei
3321 1973 3669 2029 simulacrum

2073 2070 2531 2136 consecrabatur,
2576 2080 2631 2125 et
2674 2069 2746 2125 ita
2787 2069 2921 2125 deus
2981 2070 3159 2125 fiebat.
3218 2066 3351 2122 Nam
3412 2063 3673 2135 quemado

2074 2162 2292 2218 modum
2339 2164 2546 2218 Auctor
2588 2172 2770 2218 noster
2816 2163 3036 2233 arguit:
3080 2181 3098 2212 ι
3153 2157 3380 2228 Quando
3431 2157 3518 2213 hic
3545 2170 3673 2212 nas-

2073 2258 2234 2323 citur,
2280 2273 2408 2314 ecce
2450 2257 2706 2322 funditur,
2755 2256 3079 2322 fabricatur,
3108 2256 3398 2326 scalpitur;
3432 2253 3675 2310 nondum

2074 2353 2210 2410 deus
2264 2365 2347 2411 est
2374 2372 2387 2409 :
2419 2369 2547 2412 ecce
2601 2352 2929 2426 plumbatur,
2994 2351 3345 2417 construitur,
3409 2349 3673 2418 erigitur,

2078 2448 2315 2505 nondum
2338 2448 2470 2504 deus
2489 2457 2574 2503 est
2595 2465 2611 2504 :
2635 2463 2760 2503 ecce
2789 2456 3035 2511 ornatur,
3054 2454 3424 2507 consecratur,
3451 2450 3673 2504 oratur;

2075 2552 2203 2599 tunc
2233 2553 2503 2613 postremo
2551 2540 2686 2598 deus
2706 2549 2825 2607 est,
2871 2555 2993 2595 cum
3023 2537 3185 2593 homo
3210 2535 3361 2590 illum
3391 2532 3593 2597 voluit,
3623 2539 3680 2586 et

2076 2638 2372 2696 dedicavit.
2409 2656 2428 2689 ι
2462 2635 2545 2691 ita
2570 2637 2660 2692 ille
2689 2634 2975 2707 gentilium
3001 2630 3190 2688 irridet
3218 2626 3515 2685 caecitatem
3547 2666 3560 2687 ,
3585 2622 3678 2695 qui

2075 2732 2194 2789 haec
2233 2730 2555 2798 simulacra,
2608 2744 2707 2800 pro
2734 2728 3012 2785 hominum
3056 2723 3278 2780 arbitrio
3319 2727 3632 2776 consecrata
3659 2759 3677 2785 ,

2074 2834 2168 2881 aut
2221 2824 2352 2883 deos
2410 2838 2539 2880 suos
2588 2836 2751 2886 esse,
2811 2830 2903 2876 aut
2951 2820 3004 2874 in
3070 2816 3151 2873 eis
3218 2814 3462 2870 habitare
3516 2811 3680 2866 stulte

2075 2919 2457 2992 Opiuahanlur.

2146 3017 2217 3073 At
2246 3017 2523 3072 daemones
2553 3013 2653 3070 sub
2681 3012 2765 3067 his
2795 3010 2962 3083 signis
2987 3023 3051 3064 ac
3089 3004 3393 3063 simulacris
3418 2999 3676 3067 maxima,

2077 3118 2137 3163 ut
2186 3107 2457 3175 diximus,
2505 3117 2712 3163 naturae
2757 3119 2869 3160 suae
2913 3101 3212 3159 subtilitate
3260 3098 3676 3160 delitescentes,

370 3206 778 3266 praeceptorem,
807 3198 897 3267 qui
936 3197 1238 3254 daemonem
1269 3214 1300 3251 a
1328 3211 1555 3267 corpore
1608 3196 1842 3253 hominis
1880 3210 1975 3251 ει·
2000 3185 2046 3248 C
2083 3201 2150 3257 iis
2190 3217 2311 3269 sua,
2361 3204 2502 3258 sicut
2550 3202 2625 3257 ait
2680 3200 3069 3269 Athenagoras,
3101 3196 3315 3251 nomina
3376 3194 3681 3249 communi-

374 3288 644 3359 pclleudo,
692 3305 887 3346 nomen
939 3306 1093 3346 suum
1136 3292 1447 3348 renuntiare
1486 3291 1663 3361 coegit
1690 3288 1975 3362 (Marc.,v,

371 3383 435 3445 9;
462 3382 619 3448 Luc.,
648 3399 759 3447 \‘lll,
784 3383 915 3457 36)?
942 3385 1071 3451 Quis
1091 3385 1418 3455 respondere
1438 3385 1632 3440 audeat
1648 3384 1786 3439 hanc
1812 3383 1979 3439 fuisse

372 3474 601 3543 alicujus
644 3473 1165 3532 ethnicisacerdotis
1195 3474 1457 3545 fraudem,
1508 3477 1720 3546 ipsimet
1764 3472 1980 3530 Christo

374 3568 699 3638 incognitam
723 3570 746 3623 ?
775 3567 944 3625 Nemo
970 3579 1075 3636 est,
1100 3571 1189 3641 qui
1217 3570 1489 3626 hominem
1512 3570 1884 3637 christianum,
1907 3568 1979 3625 ita

376 3661 705 3732 loquentem,
741 3662 927 3719 audire
954 3681 1061 3720 non
1092 3665 1510 3735 perhorrescat?
1548 3666 1690 3721 Bene
1719 3680 1849 3737 ergo
1890 3678 1982 3720 ac-

377 3764 493 3810 tum
521 3755 589 3811 ab
616 3772 722 3810 uno
748 3772 779 3813 e
808 3758 1065 3813 societate
1108 3757 1234 3814 Jesn
1268 3759 1385 3812 viro
1412 3758 1728 3822 clarissimo,
1752 3757 1842 3827 qui
1883 3755 1981 3811 ab-

378 3847 596 3903 surdam
630 3850 771 3905 illam
794 3850 1226 3920 opinionem,vel
1247 3850 1423 3920 pctins
1455 3849 1803 3919 paradoxum,
1835 3847 1982 3903 cdito

379 3958 553 4012 nuper
583 3944 719 3999 libro
746 3944 900 4014 plane
945 3945 1263 4014 penitusque
1314 3943 1591 3998 subvertit.
1639 3942 1756 3998 Jam
1797 3955 1927 3998 vero
1952 3954 1983 3995 a

382 4037 538 4093 nobis
564 4037 897 4093 confutatam
927 4046 1009 4093 est
1035 4037 1138 4092 alia
1169 4037 1222 4092 in
1253 4036 1649 4099 dissertatione.
1684 4037 1770 4092 ubi
1788 4036 1854 4091 de
1879 4036 1982 4091 mi-

382 4130 538 4185 rabili
569 4131 704 4201 signi
762 4130 1047 4186 dominicae
1093 4131 1272 4186 crucis
1307 4130 1541 4198 potentia
1570 4129 1983 4200 disputavimus,

387 4238 449 4277 ac
473 4237 660 4278 rursus
693 4222 777 4277 his
817 4221 1115 4290 refelletur,
1145 4237 1265 4294 quae
1310 4223 1366 4276 in
1411 4222 1757 4291 sequentibus
1786 4221 1986 4277 nostris

2079 3294 2295 3361 cabant,
2348 3304 2440 3349 aut
2508 3293 2675 3349 veluti
2732 3290 2937 3347 addidit
2994 3289 3400 3352 Tertullianus,
3469 3285 3678 3354 signis,

2080 3394 2381 3460 miraculis,
2443 3392 2711 3457 oraculis,
2767 3405 2888 3461 quac
2936 3388 3190 3444 nimirum
3236 3386 3364 3440 falsa
3414 3391 3505 3439 aut
3547 3383 3675 3438 sub-

2080 3485 2204 3541 dola
2232 3501 2354 3541 esse
2384 3484 2752 3550 ostendimus,
2802 3500 2821 3532 ι
2862 3480 3022 3536 fidem
3051 3478 3346 3534 divinitatis
3376 3474 3680 3546 operaban-

2084 3589 2171 3635 tur
2214 3579 2490 3650 (Athenag.
2523 3578 2676 3649 legat.
2724 3592 2817 3649 pro
2846 3573 3121 3632 Christian.
3152 3589 3271 3645 pag.
3326 3572 3419 3640 29;
3461 3570 3677 3627 Tertull.

2083 3672 2303 3743 Apolog.
2336 3686 2455 3742 cap.
2488 3671 2594 3735 21,
2624 3684 2743 3741 pag.
2788 3666 2905 3739 25).
2940 3687 2960 3720 ι
2990 3666 3159 3735 Quam
3207 3665 3444 3721 insulsus
3502 3670 3680 3717 autem

2085 3776 2201 3822 erat
2231 3765 2318 3821 hic
2345 3765 2681 3820 ethnicorum
2713 3777 2896 3830 error,
2955 3758 3194 3816 ostendit
3223 3758 3394 3829 primo
3420 3754 3684 3810 Minucius

2085 3874 2151 3914 ex
2192 3858 2507 3915 eorumdem
2560 3858 2971 3913 simulacrorum
3016 3855 3245 3923 origine.
3274 3850 3503 3920 Majores
3540 3848 3684 3903 enim

2087 3956 2281 4019 nostri,
2312 3953 2424 4018 ait,
2478 3950 2764 4023 improvidi
2815 3960 2870 4006 et
2937 3948 3174 4012 creduli,
3231 3945 3481 4002 colebant
3529 3956 3685 4012 reges

2088 4060 2249 4111 suos,
2304 4054 2463 4115 atque
2498 4045 2623 4101 ideo
2677 4043 3058 4099 desiderabant
3084 4060 3102 4095 ι
3131 4039 3416 4096 defunctos
3471 4036 3524 4092 in
3553 4037 3687 4092 ima-

2087 4140 2301 4212 ginibus
2351 4139 2561 4203 videre,
2606 4157 2625 4191 ι
2670 4138 2784 4194 sive
2837 4135 3290 4209 quemadmodum
3324 4132 3558 4204 loquitur
3581 4130 3686 4201 Cy-

2091 4235 2314 4306 prianus
2344 4252 2358 4288 :
2391 4253 2408 4285 ‹
2435 4231 2564 4288 inde
2584 4233 2650 4286 ad
2677 4230 3052 4287 defunctorum
3080 4229 3257 4284 vultus
3283 4242 3379 4297 per
3402 4224 3687 4295 imaginem

385 4315 852 4372 dissertationibus
878 4317 1113 4372 dicenda
1159 4324 1285 4371 sunt
1352 4313 1554 4386 (Balth.
1597 4313 1847 4381 Respons.
1919 4317 1987 4370 ad
2091 4327 2415 4384 delinendus
2453 4339 2708 4396 expressa
2757 4330 2886 4377 sunt
2931 4321 3219 4377 simulacra
3278 4318 3458 4392 (Cypr.
3512 4315 3578 4369 lib
3627 4314 3690 4367 de

390 4408 528 4464 Hist.
553 4407 735 4475 0rac.;
755 4409 978 4464 Dissert.
1010 4409 1063 4464 in
1089 4407 1218 4463 Luc.
1241 4406 1415 4462 Caecil.
1446 4421 1567 4477 cap.
1584 4408 1643 4471 5,
1660 4406 1837 4473 art.2,
1863 4421 1983 4479 pag.

386 4501 513 4564 180,
543 4510 598 4557 ct
622 4515 796 4571 seqq;
825 4500 1049 4556 Dissert.
1077 4501 1131 4554 in
1163 4500 1401 4557 Lactant.
1448 4514 1567 4570 cap.
1598 4499 1655 4567 9,
1695 4508 1798 4554 art.
1823 4498 1890 4565 2;
1935 4508 1990 4556 et

385 4599 437 4652 in
467 4595 771 4685 Tertttllt'att.
798 4610 918 4667 Cap.
948 4596 1039 4661 Η,
1066 4603 1168 4651 art.
1195 4594 1276 4665 6).

978 4729 1203 4788 CAPUT
1241 4729 1386 4786 XXI.

392 4864 458 4904 DE
489 4863 699 4904 DEORUH
731 4861 1028 4904 IMAGINIBUS
1062 4863 1128 4902 ΕΤ
1157 4860 1484 4909 SIIULACRIS,
1518 4857 1612 4899 SUB
1637 4855 1822 4907 QUIBUS
1843 4857 1992 4897 DELI-

464 4955 768 4996 'l‘EaCl-ZNTES
824 4953 1082 4994 IMEIONES
1140 4952 1529 4993 CBEDBBANTUR
1589 4950 1718 4989 IIBA
1765 4949 1991 4996 QUAZDAM

465 5049 709 5101 OPEBABI,
743 5049 808 5089 AC
835 5047 952 5096 QUIE
984 5047 1046 5086 ΑΒ
1077 5045 1319 5086 ETBNICIS
1349 5045 1490 5085 ιενιε
1515 5040 1883 5084 εοιεΒΑΝτωι.

833 5157 1205 5200 ABTICULUS
1282 5156 1555 5196 Ριιιιυθ.

402 5265 609 5333 Quanta
651 5262 910 5333 impietate
933 5258 1144 5316 Ethnici
1183 5257 1459 5313 simulacra
1500 5257 1711 5313 deorum
1751 5269 1994 5321 suorum,

472 5360 562 5414 sub
614 5359 791 5430 quibus
832 5357 1085 5412 daemones
1139 5352 1455 5419 habitabant,
1515 5350 1738 5406 colerent
1778 5358 1825 5404 et
1873 5348 2001 5403 ado-

2093 4420 2292 4477 Idolor.
2334 4418 2503 4473 Vanit.
2539 4432 2659 4488 pag.
2696 4414 2807 4486 il).
2848 4432 2868 4466 ι
2918 4412 3059 4482 Quin
3105 4412 3265 4467 etiam
3313 4413 3357 4464 si
3409 4405 3689 4463 Lactantio

2093 4512 2386 4578 credimus,
2408 4510 2623 4581 ipsimet
2637 4508 2914 4564 dtemones
2942 4505 3245 4560 docuerunt
3275 4501 3477 4572 fingere
3494 4498 3657 4568 imagi
3670 4525 3689 4538 -

2012 4584 2069 4646 D
2094 4620 2192 4663 nes
2219 4616 2272 4662 et
2298 4604 2605 4670 simulacra,
2635 4609 2719 4657 tet
2749 4602 2903 4655 fictos
2929 4606 3262 4652 mortuorum
3280 4606 3466 4661 regum
3485 4590 3689 4655 vultus,

2094 4708 2419 4766 etornatos,
2455 4696 2583 4769 (ms.
2615 4711 2662 4751 r.
2694 4690 2952 4761 ornatus),
3004 4685 3269 4759 exquisita
3294 4682 3694 4755 pulchritudine

2095 4790 2680 4864 statui,consecrarique
2695 4786 2967 4842 fecerunt»
2989 4780 3251 4855 (Lactant.
3267 4777 3355 4831 tib.
3382 4791 3439 4831 ιι.
3460 4772 3695 4828 Institut.

2094 4900 2216 4956 cap.
2254 4885 2342 4941 l6.
2382 4900 2503 4955 pag.
2551 4880 2680 4946 228;
2735 4877 2882 4933 Tom.
2920 4892 2958 4931 1.
3009 4874 3258 4945 Apparat.
3314 4884 3435 4940 pag.
3494 4865 3598 4921 452
3643 4874 3702 4956 et.

2097 4955 2203 5035 736
2236 4978 2277 5049 ).
2363 4976 2470 5033 Sed
2518 4975 2586 5031 de
2656 4973 2757 5029 hac
2823 4967 3233 5026 simulacrorum
3300 4959 3507 5031 origine
3569 4955 3703 5011 alibi

2102 5071 2474 5129 disseruimus.
2507 5067 2639 5137 Quae
2684 5079 2816 5136 ergo
2845 5060 3017 5132 major
3053 5054 3287 5112 amentia
3309 5095 3323 5121 ,
3361 5065 3523 5124 quam
3550 5063 3700 5105 mor-

2106 5177 2318 5222 tuorum
2356 5206 2369 5231 ,
2419 5179 2563 5235 saepe
2605 5161 2803 5232 saepius
2845 5157 3229 5215 sceleratorum
3280 5150 3579 5210 hominum.
3612 5154 3705 5200 aut

2104 5259 2266 5331 plane
2322 5256 2629 5312 fictitiorum
2683 5254 2945 5319 deorum,
2997 5248 3258 5318 imagines
3309 5255 3366 5301 et
3417 5240 3705 5297 simulacra

2105 5350 2289 5408 colere
2319 5357 2377 5405 et
2401 5347 2628 5403 adorare
2659 5356 2931 5415 tamquam
2961 5354 3119 5397 veros
3146 5338 3279 5394 deos
3299 5377 3314 5404 ,
3348 5343 3439 5390 aut
3465 5335 3705 5404 ipsorum

472 5464 643 5509 rarent
666 5494 681 5518 ,
711 5462 861 5522 atque
911 5448 974 5505 ab
1014 5450 1108 5514 eis,
1148 5447 1410 5502 hominum
1461 5447 1697 5501 manibus
1723 5442 2002 5515 aliquando
2102 5443 2287 5502 sedem
2315 5451 2371 5499 et
2394 5440 2763 5496 domicilium?

474 5562 537 5601 ea:
564 5561 679 5600 uase
707 5543 1062 5599 sordidissimo
1092 5540 1277 5613 factis,
1317 5537 1543 5594 diuinam
1573 5554 1722 5611 opem
1744 5548 2000 5610 peterent,

424 5682 427 5687 .
475 5655 538 5694 ac
587 5647 954 5710 exspectarent.

482 5732 603 5788 Alio
633 5732 699 5789 nd
757 5729 1110 5802 decipiendos
1157 5729 1404 5786 homines
1432 5727 1687 5787 ,artificio
1732 5726 2005 5782 daemones

405 5825 787 5880 ahntebantur.
860 5824 1069 5878 Etenim
1129 5823 1228 5878 sub
1276 5822 1470 5883 statuis
1518 5821 1590 5893 [et
1636 5818 1958 5890 imaginibus
1988 5860 2005 5888 ,

2176 5536 2363 5608 Neque
2390 5534 2516 5589 illttd
2570 5533 2967 5602 incompertum
2994 5528 3093 5585 fuit
3119 5522 3469 5599 peritioribus
3512 5520 3708 5574 saltem

2106 5629 2426 5704 quibusdam
2469 5626 2746 5686 Etltnicis;
2780 5622 3211 5695 quandoquidem
3242 5620 3483 5675 Justinus
3510 5614 3710 5684 Martyr

2113 5722 2360 5795 (Justin.,
2391 5718 2616 5776 Coltort.
2647 5716 2712 5772 ad
2734 5724 2905 5787 gent.,
2934 5728 3056 5785 pag.
3086 5711 3455 5784 18),Clemens
3484 5707 3722 5763 Alexan-

2110 5817 2298 5874 drinus
2342 5814 2535 5888 (Clem.
2591 5812 2771 5877 Alcm,
2806 5809 2902 5863 lib.
2948 5822 2980 5861 ν
3031 5804 3253 5871 Strom.,
3286 5818 3407 5872 pag.
3457 5798 3617 5866 605),
3663 5802 3720 5851 et
