4034 6320
313 262 434 330 639

1768 258 2241 323 DlSSEllTA’I‘IO.

3478 266 3625 344 [.630

395 383 530 453 Quid
572 383 768 456 plural
825 383 1152 442 Emiﬁanus
1203 381 1273 440 ab
1337 354 1565 454 Apuleio
1628 389 1918 453 propterea
1943 380 1998 442 Α
2021 379 2208 437 festiue
2233 380 2346 450 ﬁat,
2375 381 2769 442 observandum
2790 393 2873 444 est
2893 385 3103 444 varium
3133 387 3298 446 fuisse
3322 387 3463 447 hunc
3488 391 3623 448 deos

313 477 630 547 corripitur,
686 478 831 549 quod
878 477 1082 534 nullum
1115 476 1272 548 plane
1298 476 1548 532 habuerit
1573 474 1751 531 lucum
1788 487 1921 530 ean.

317 580 614 637 secratum,
670 585 774 627 nec
826 570 993 626 ullum
1068 579 1287 626 unctum
1349 569 1630 639 lapidem:
1669 565 1918 633 Nullum,

318 662 527 734 inquit,
569 662 622 718 in
662 663 791 718 villa
834 664 952 733 eius
991 663 1276 719 delubrum
1317 663 1499 729 situm,
1552 660 1732 716 nullus
1770 661 1919 716 lucus

317 748 692 811 consecratus.
724 756 791 812 Et
813 757 939 828 quid
967 768 1069 827 ego
1093 757 1162 812 de
1189 758 1312 813 luco
1356 766 1411 813 et
1429 755 1656 812 delubro
1684 754 1919 825 loquor?

314 846 533 917 Negant
575 847 776 924 vidisse
824 856 917 914 ee,
980 849 1072 918 qui
1131 846 1320 914 fuere,
1380 862 1545 904 unum
1607 848 1799 902 saltem
1862 846 1919 903 in

316 939 521 996 ﬁnibus
572 940 690 1011 ejus
740 950 835 996 aut
876 940 1106 1010 lapidem
1136 950 1386 1007 unctum,
1428 951 1521 997 aut
1550 952 1759 996 ramum
1822 954 1919 995 co-

314 1041 572 1089 ronatum
602 1033 896 1105 (Apuleius,
922 1033 1140 1106 Apolog.
1166 1045 1205 1090 l.
1238 1048 1359 1106 pag.
1390 1034 1542 1103 549).
1582 1053 1603 1087 ι
1636 1034 1757 1090 Alio
1785 1049 1919 1105 quo-

313 1134 428 1198 que
454 1127 509 1181 in
533 1126 672 1183 libro
699 1126 834 1194 haec,
872 1142 993 1197 quae
1012 1128 1078 1182 ad
1104 1127 1340 1182 auctoris
1388 1126 1558 1183 nostri
1582 1126 1916 1197 propositum

316 1234 432 1276 non
465 1220 643 1275 minus
694 1219 925 1287 faciunt,
961 1221 1157 1277 litteris
1184 1221 1457 1277 mandavit
1488 1240 1501 1276 :
1536 1240 1555 1274 ι
1590 1219 1774 1292 Neque
1797 1222 1919 1292 jus-

315 1313 430 1367 tius
470 1311 775 1383 religiosam
830 1325 1036 1368 moram
1089 1314 1282 1370 viatori
1349 1313 1628 1384 obiecerit,
1683 1325 1774 1369 aut
1824 1329 1917 1371 ara

312 1403 547 1462 ﬂoribus
567 1406 835 1475 redimita,
863 1420 956 1462 aut
984 1409 1242 1479 spelunca
1280 1407 1559 1466 frondibus
1588 1408 1914 1475 inumbrata,

312 1507 413 1553 aut
442 1514 677 1570 quercus
712 1501 965 1558 cornibus
1024 1512 1266 1569 onerata,
1330 1512 1422 1558 aut
1487 1501 1638 1574 fagus
1690 1503 1918 1575 pellibus

310 1604 597 1663 coronata,
632 1596 716 1650 vel
741 1596 901 1652 etiam
931 1596 1212 1653 colliculus
1240 1598 1504 1667 sepimine
1545 1609 1913 1665 consecratus,

308 1685 401 1740 vel
451 1692 674 1743 truncus
715 1688 986 1745 dolamine
1011 1690 1299 1761 efﬁgiatus,
1334 1690 1414 1746 vel
1443 1704 1632 1761 cespes
1661 1690 1916 1747 libamine

2021 472 2278 530 adorandi
2306 477 2543 535 modum.
2596 476 2827 547 Quidam
2858 479 2999 535 enim
3029 479 3253 536 deorum
3279 495 3504 540 suorum
3538 485 3619 539 si-

2022 566 2259 622 mulacra
2300 568 2608 636 adorantes,
2641 570 2725 627 bis
2750 572 2993 627 osculum
3020 571 3240 642 dabant,
3271 575 3621 646 quemadmo-

2022 656 2147 710 dum
2186 657 2377 716 Cicero
2410 661 2558 718 hisce
2583 663 2763 719 verbis
2785 663 2987 720 diserte
3012 664 3280 736 significat
3308 686 3324 722 :
3356 685 3377 721 ι
3414 667 3625 724 Ηειιειιο

2022 750 2089 805 iis
2132 752 2385 823 templum
2413 765 2498 810 est
2520 756 2659 825 apud
2691 757 3141 827 Agrigentinus...
3184 758 3259 815 ibi
3303 768 3388 816 est
3414 775 3483 816 ex
3513 776 3626 817 tere

2020 842 2363 900 simulacrum
2384 846 2554 917 ipsius
2587 848 2849 915 Herculis,
2879 865 2986 921 quo
3018 866 3123 906 non
3152 851 3307 908 facile
3331 852 3621 924 quidquam

2022 937 2248 994 dixerim
2273 957 2358 997 me
2386 941 2586 998 vidisse
2612 942 2950 1027 pulchrius...
2988 957 3157 1015 usque
3182 959 3269 1013 eo,
3296 945 3505 1016 iudices
3522 987 3536 1012 ,
3566 956 3628 1003 ut

2020 1030 2188 1086 rictus
2226 1030 2363 1101 ejus,
2409 1048 2472 1088 ac
2521 1046 2758 1089 mentum
2813 1036 2971 1105 paulo
2996 1036 3068 1091 sit
3108 1037 3362 1105 attritius,
3403 1038 3625 1109 quodin

2020 1125 2288 1195 precibus,
2334 1136 2388 1182 et
2415 1128 2856 1198 gratulationibus
2899 1145 3003 1185 non
3048 1130 3221 1186 solum
3251 1132 3304 1188 id
3350 1134 3624 1201 venerari,

2021 1233 2205 1274 verum
2239 1219 2400 1274 etiam
2422 1222 2653 1277 osculari
2682 1229 2859 1278 solent
2895 1244 2916 1276 ι
2939 1222 3157 1297 (Cicero,
3181 1224 3269 1280 lib.
3302 1241 3354 1280 tv
3382 1226 3439 1280 in
3477 1225 3620 1282 Verr.

2022 1326 2142 1383 pag.
2177 1312 2300 1366 177.
2334 1312 2430 1368 lin.
2456 1312 2528 1369 22
2571 1326 2619 1369 et
2649 1315 2832 1387 θείη).
2869 1316 2971 1375 Alii
3012 1330 3141 1373 vero
3187 1316 3463 1374 dexteram
3511 1329 3630 1374 tan-

2020 1412 2133 1460 tum
2162 1420 2378 1461 manum
2407 1421 2559 1463 suam
2600 1408 3071 1466 deosculabantur.
3128 1410 3228 1467 Ubi
3257 1412 3403 1467 enim
3430 1412 3623 1468 ania-

2023 1514 2122 1553 nus
2149 1499 2218 1555 de
2240 1500 2588 1557 Ethnicorum
2610 1502 2892 1559 sacrificiis
2911 1512 2966 1559 et
2994 1504 3227 1560 victimis
3246 1504 3485 1570 disserit,
3507 1505 3624 1562 haec

2019 1591 2089 1648 de
2113 1594 2440 1664 pauperibus
2464 1594 2771 1651 hominibus
2799 1604 3063 1652 memorat
3091 1613 3104 1650 :
3142 1616 3161 1648 ι
3192 1599 3262 1652 At
3281 1596 3326 1652 si
3352 1598 3470 1669 quis
3496 1614 3626 1669 pau-

2022 1702 2134 1757 per,
2169 1686 2215 1741 is
2243 1688 2314 1743 ita
2345 1687 2449 1744 deo
2478 1689 2617 1755 litat,
2647 1698 2704 1745 ut
2744 1690 3022 1746 dexteram
3055 1690 3334 1746 dumtaxat
3370 1707 3521 1747 suam
3542 1691 3627 1763 ip.

309 1779 654 1849 humigatus,
709 1784 793 1839 vel
842 1784 977 1855 lapis
1024 1786 1258 1854 unguine
1295 1784 1783 1857 delibutusUde'nt.
1818 1782 1907 1842 lib.
1941 1782 1991 1844 B
2018 1780 2132 1835 sius
2178 1780 2553 1847 deosculemr.
2606 1801 2626 1835 ι
2681 1791 2883 1855 φιλήσεις
2933 1792 3073 1852 μόνον
3110 1792 3198 1842 τὴν
3244 1786 3393 1839 atros
3447 1788 3623 1851 tota».

309 1884 350 1925 ι.
382 1870 739 1943 Floridoruttt,
759 1876 874 1931 init.
910 1892 1026 1947 pag.
1056 1875 1209 1948 2H).
1244 1896 1264 1931 ›

385 1969 650 2026 Coronata
665 1985 881 2042 quoque
905 1972 1074 2029 fuisse
1088 1972 1352 2043 ejusmodi
1372 1974 1598 2030 deorum
1625 1973 1914 2032 simulacra

301 2064 420 2135 jam
447 2079 514 2120 ex
535 2066 710 2122 citatis
741 2067 1093 2139 scriptoribus
1121 2070 1445 2125 audivimus.
1487 2068 1595 2126 Sed
1615 2069 1669 2125 id
1692 2069 1916 2142 insuper

305 2160 568 2218 Clemens
593 2161 1019 2231 Alexandrinus,
1066 2164 1352 2234 Sophoclis
1380 2164 1700 2235 Saphusque
1727 2172 1914 2221 aucto-

305 2251 473 2308 ritate
511 2252 814 2320 coniirmat,
866 2254 1171 2325 ibidemque
1216 2255 1459 2327 adjecit:
1495 2273 1513 2307 ι
1544 2254 1707 2324 Quia
1745 2255 1912 2313 verbo

306 2344 689 2421 instituuntur,
704 2364 723 2398 ι
748 2345 799 2401 id
815 2357 919 2414 est,
938 2346 1253 2415 Christiani,
1276 2363 1335 2403 ta
1352 2348 1569 2404 coronis
1584 2357 1905 2405 arcentur...

303 2438 453 2509 quod
512 2453 574 2494 ea
622 2437 797 2495 dicata
846 2440 915 2494 sit
955 2440 1279 2496 simulacris.
1321 2423 1567 2498 Ᾱλλόῦδὲ
1614 2453 1701 2502 τὴν
1753 2448 1913 2498 εἰκόνα

304 2536 392 2585 τοῦ
412 2534 521 2586 Θεοῦ
545 2541 633 2588 τὶν
659 2536 836 2599 ζῶσαν,
852 2536 987 2595 δίκην
1012 2535 1211 2586 εἰδώλων
1229 2549 1318 2590 τῶν
1332 2550 1517 2606 νεκρῶν,
1537 2544 1905 2592 astrueret-rios.

302 2622 419 2679 Sed
458 2638 558 2679 nec
601 2623 688 2679 dei
739 2625 936 2695 imago,
971 2635 1305 2682 mortuorum
1346 2626 1762 2683 simulacrorum
1802 2628 1908 2683 ritu

302 2725 390 2771 est
423 2714 730 2773 coronanda
755 2716 937 2788 (Clem.
976 2719 1129 2775 Alex.
1160 2718 1246 2774 lib.
1290 2734 1347 2775 ιι.
1396 2718 1618 2793 Pardag.
1671 2736 1790 2792 cap.
1848 2721 1904 2778 8.

302 2826 428 2881 pag.
463 2810 611 2883 181).
650 2830 670 2864 r
728 2812 885 2868 Prius
926 2823 1103 2868 autem
1151 2814 1393 2870 Justinus
1418 2825 1643 2888 martyr,
1675 2831 1776 2872 uec
1802 2816 1908 2874 mi-

298 2919 408 2958 nus
464 2903 742 2974 perspicue
783 2922 796 2959 :
833 2925 852 2957 ι
888 2903 1074 2974 Neque
1121 2904 1351 2962 victimis
1413 2906 1630 2976 multis,
1691 2909 1904 2979 inquit,

299 3002 385 3051 καὶ
416 3002 616 3059 πλοκαῖς
640 3000 790 3052 ἀνθῶν
816 3014 1049 3067 τιμῶμεν,
1079 3009 1133 3054 et
1172 3000 1365 3054 ﬂorum
1397 3000 1612 3055 coronis
1653 3000 1903 3070 colimus,

297 3105 442 3160 quos
478 3089 724 3146 homines
765 3090 1081 3163 efﬁgiantes,
1123 3102 1178 3149 et
1228 3092 1282 3148 in
1325 3094 1536 3163 templis
1579 3094 1905 3152 collocantes

2018 1870 2138 1926 Alio
2165 1882 2345 1929 autem
2375 1873 2428 1927 in
2450 1873 2627 1929 libro:
2664 1892 2684 1925 ι
2718 1873 2864 1942 Inde,
2896 1874 3085 1946 inquit,
3116 1884 3465 1945 posteaquam
3505 1890 3625 1931 rna-

2018 1981 2086 2021 ne
2130 1980 2162 2020 e
2226 1976 2396 2021 strato
2453 1978 2834 2035 surrexerunt,
2885 1967 3055 2024 solem
3109 1978 3468 2038 venerantur,
3538 1974 3627 2040 οὐχ

2016 2066 2169 2131 ὥσπερ
2194 2069 2328 2129 ἡμεῖς
2350 2072 2438 2117 τὶν
2462 2066 2603 2132 χεῖρα.
2622 2067 2861 2126 κύσαντες,
2895 2072 3129 2135 ἡγούμεθα.
3152 2072 3308 2127 ἔντιλῆ
3346 2075 3478 2135 ἡμῶν
3500 2066 3627 2122 εἶναι

2017 2163 2105 2206 τίν
2127 2157 2287 2221 εὐχήν.
2323 2171 2342 2205 ‹
2376 2153 2493 2208 Non
2525 2155 2978 2225 quemadmodum
3018 2171 3116 2212 nos
3145 2158 3457 2215 deosculata
3498 2174 3617 2215 ma-

2016 2262 2089 2301 nu
2116 2245 2406 2316 perfectam
2426 2250 2790 2318 precationem
2817 2265 2940 2306 esse
2960 2251 3285 2307 arbitramur
3316 2271 3336 2305 ι
3372 2252 3619 2321 (Lucian.

2017 2338 2079 2392 de
2100 2337 2291 2411 Sacrif.
2326 2357 2446 2412 pag.
2469 2341 2592 2398 186.
2622 2339 2772 2396 Idem
2800 2341 2863 2396 de
2898 2341 3115 2409 Sallat.,
3150 2361 3271 2417 pag.
3292 2342 3443 2417 505).
3477 2344 3624 2413 Quo-

2015 2431 2155 2486 circa
2223 2433 2477 2503 Apuleius
2533 2432 2825 2490 Emiliano
2874 2434 3004 2491 illud
3056 2435 3187 2491 vitio
3210 2437 3396 2503 vertit,
3426 2438 3617 2508 quod:

2022 2542 2041 2575 ‹
2080 2525 2136 2581 Si
2174 2524 2354 2581 fanum
2385 2526 2597 2597 aliquod
2630 2536 2937 2599 praetereat,
2987 2526 3140 2584 nefas
3164 2526 3325 2585 habet
3358 2530 3619 2587 adorandi

2013 2621 2179 2690 gratia
2205 2635 2419 2676 manum
2448 2619 2614 2677 labris
2639 2621 2931 2679 admovere
2953 2638 2972 2675 )
2999 2621 3303 2695 (Apuleius,
3321 2623 3541 2696 Apolog.
3570 2640 3614 2692 ι,

2016 2729 2134 2784 pag.
2158 2713 2308 2787 349).

2084 2806 2202 2875 Quo
2223 2818 2401 2863 autem
2426 2807 2587 2864 modo
2610 2820 2828 2864 manum
2853 2808 2935 2865 ori
2963 2808 3329 2874 admoverent,
3370 2808 3461 2865 ille
3489 2808 3618 2867 alibi

2011 2901 2093 2958 sic
2119 2900 2389 2971 explicat:
2418 2918 2438 2954 ί
2468 2900 2616 2956 Multi
2644 2901 2861 2967 civium,
2890 2910 2955 2957 et
2979 2900 3198 2958 advenae
3225 2900 3447 2972 copiosi,
3478 2916 3616 2972 quos

2011 2995 2192 3050 eximii
2234 2996 2521 3065 spectaculi
2552 3010 2735 3050 rumor
2766 2994 3005 3051 studiosa
3049 2995 3361 3052 celebritate
3386 2998 3615 3066 congre-

2010 3087 2469 3158 gabat,inacessze
2528 3087 2876 3144 formositatis
2904 3088 3254 3144 admiratione
3295 3088 3514 3160 stupidi,
3556 3097 3614 3144 et

297 3183 437 3239 deos
462 3183 928 3255 cognominarunt,
948 3186 1378 3257 quandoquidem
1407 3187 1520 3242 haec
1546 3187 1723 3242 anima
1745 3204 1903 3245 caren

2012 3179 2361 3236 admoventes
2385 3181 2570 3237 oribus
2594 3182 2707 3236 suis
2742 3178 3041 3249 dexteram,
3083 3180 3319 3252 primore
3363 3180 3528 3252 digito
3552 3181 3611 3237 in

298 3277 400 3344 tia,
430 3288 658 3344 mortua,
691 3288 745 3334 et
778 3279 868 3335 Dei
914 3277 1142 3337 formam
1175 3298 1281 3337 non
1320 3279 1573 3337 habentia
1612 3278 1904 3339 simulacra

296 3373 569 3427 novimus.
614 3371 782 3446 (Just.
825 3374 1043 3445 Apolog.
1081 3389 1139 3441 tt,
1170 3388 1291 3446 pag.
1322 3376 1390 3429 δῖ
1421 3374 1510 3445 C.)
1552 3393 1570 3426 ι
1605 3375 1774 3443 Quam
1831 3374 1903 3431 ob

294 3478 519 3520 causam
562 3465 869 3521 Arnobius:
911 3486 930 3517 ι
964 3467 1214 3523 Etiamne
1240 3469 1312 3523 dii
1340 3471 1518 3532 sertis,
1543 3469 1756 3525 coronis
1783 3467 1902 3523 afﬁ-

294 3558 536 3625 ciuntur,
588 3568 644 3615 et
683 3558 949 3616 ﬂoribus?
985 3581 1006 3615 ι
1053 3561 1360 3618 Lactantius
1392 3578 1518 3619 vero
1547 3582 1561 3618 :
1595 3581 1613 3616 ς
1652 3562 1898 3632 Alacres,

294 3650 493 3719 inquit,
539 3650 605 3707 ad
644 3651 867 3708 deorum
920 3654 1118 3724 templa
1166 3664 1527 3723 concurrunt,
1580 3654 1664 3711 his
1694 3655 1897 3721 libant,

294 3742 383 3800 his
428 3746 750 3813 sacrificant,
788 3748 886 3806 hos
913 3761 1176 3806 coronant
1207 3772 1226 3805 ι
1263 3752 1475 3823 (Arnob.
1516 3753 1608 3809 lib.
1638 3769 1730 3808 vu.
1776 3753 1895 3808 adv.

290 3849 436 3910 gent.
468 3853 591 3912 pag.
616 3839 744 3907 257;
769 3841 1009 3901 Lactant.
1041 3845 1130 3900 lib.
1173 3861 1232 3902 ιι.
1266 3843 1497 3901 lnslital.
1525 3861 1644 3917 cap.
1678 3849 1732 3903 1.
1769 3861 1893 3919 pag.

293 3931 463 4004 tas).

366 4025 485 4082 Huc
510 4042 724 4085 rursum
757 4030 977 4087 accedat
1008 4047 1073 4087 ex
1106 4030 1453 4087 Ethnicorum
1486 4047 1712 4088 numero
1749 4036 1894 4102 Apu-

290 4119 450 4188 leius,
482 4132 536 4177 et
562 4122 843 4179 audiemus
866 4125 1134 4182 dicentem
1162 4145 1175 4178 :
1211 4146 1230 4179 ι
1261 4128 1509 4198 Respicio
1530 4127 1647 4196 pilae
1678 4127 1892 4196 mediae,

288 4229 417 4285 quae
442 4214 635 4271 stabuli
663 4217 842 4272 trabes
867 4219 1183 4284 sustinebat,
1219 4221 1271 4275 in
1302 4221 1418 4292 ipso
1448 4221 1560 4275 fere
1588 4219 1894 4276 meditullio

289 4305 498 4378 Epona:
523 4307 638 4364 dea:
662 4309 1027 4377 simulacrum,
1058 4311 1302 4367 residens
1337 4312 1597 4377 aediculae,
1626 4314 1769 4385 quod
1797 4328 1892 4368 ac-

287 4410 476 4455 curate
523 4401 739 4457 corollis
777 4406 970 4469 roseis,
1011 4412 1067 4459 et
1103 4405 1319 4474 quidem
1370 4407 1676 4462 recentibus
1719 4407 1893 4465 fuerat

287 4502 628 4550 coronatum.
666 4516 689 4549 ι
718 4497 982 4552 Praeterea
1011 4498 1214 4554 Plinius
1242 4517 1256 4553 :
1314 4480 1333 4552 ἆ
1357 4500 1423 4555 Et
1455 4499 1565 4570 jam
1594 4510 1705 4555 tum
1734 4516 1891 4557 coro-

2009 3286 2247 3330 erectum
2285 3274 2532 3345 pollicem
2560 3273 2850 3339 residente,
2890 3285 2948 3331 ut
2999 3275 3171 3347 ipsam
3204 3290 3423 3345 prorsus
3448 3275 3609 3332 deam

2010 3369 2273 3425 Venerem
2305 3370 2568 3441 religiosis
2594 3369 2998 3426 adorationibus
3028 3379 3412 3441 venerarcntur
3437 3370 3608 3439 (idem

2007 3461 2099 3515 lib.
2128 3477 2179 3517 IV
2204 3460 2472 3516 Melamor.
2496 3478 2615 3537 pag.
2634 3454 2751 3527 67).
2777 3480 2795 3513 ι
2822 3461 3022 3516 Γιίιιίιιε
3038 3474 3216 3518 autem
3239 3480 3251 3518 :
3275 3456 3605 3519 rinadoran-

2009 3552 2099 3618 do,
2125 3552 2499 3622 ait,dexteram
2516 3555 2580 3609 ad
2598 3553 2836 3609 osculum
2854 3553 3157 3623 referimus,
3181 3565 3456 3627 totumque
3482 3570 3606 3612 cor—-

2007 3663 2105 3716 pus
2132 3646 2568 3718 circumagimus,
2594 3644 2736 3718 quod
2768 3648 2819 3701 in
2849 3646 3035 3702 laevam
3066 3645 3258 3703 iecisse
3292 3646 3478 3703 Gallia:
3509 3662 3600 3703 re-

2003 3739 2242 3811 ligiosius
2271 3738 2497 3793 credunt
2517 3757 2535 3790 ι
2554 3738 2741 3809 (i’lin.,
2770 3737 2860 3793 lib.
2880 3752 3059 3793 xxvm
3082 3736 3278 3795 Natur.
3296 3737 3460 3804 Hist,
3478 3754 3597 3809 cap.

2001 3831 2069 3898 2,
2104 3848 2224 3903 pag.
2272 3832 2424 3902 564).
2474 3830 2832 3902 Hieronymus
2858 3831 3020 3886 etiam
3060 3831 3112 3885 in
3141 3830 3256 3886 hate
3295 3829 3451 3886 Oscae
3476 3846 3600 3886 ver-

2000 3928 2064 3984 ba
2093 3945 2105 3981 :
2140 3946 2159 3979 r
2194 3924 2473 3983 Immolate
2502 3924 2765 3989 homines,
2790 3923 2986 3979 vitulos
3009 3924 3298 3981 adorantes
3332 3944 3352 3977 ι
3381 3923 3596 3994 (Hiero-

1998 4036 2145 4092 nym.
2193 4021 2244 4074 in
2273 4017 2419 4073 Osca:
2444 4033 2565 4089 cap.
2596 4033 2710 4086 xm,
2741 4014 2823 4090 2),
2857 4017 3071 4086 scripsit
3100 4034 3113 4072 :
3150 4018 3285 4075 «Pro
3338 4033 3404 4074 eo
3450 4021 3597 4090 quod

1993 4115 2142 4185 juxta
2182 4112 2563 4187 Symmachum
2613 4121 2667 4168 et
2710 4111 3139 4168 Theodotionem
3185 4114 3444 4169 vertimus
3468 4113 3600 4170 ado-

1997 4219 2198 4275 rantes,
2230 4208 2420 4279 Aquila
2452 4208 2830 4279 interpretatus
2851 4217 2954 4273 est,
2991 4216 3376 4282 καταφιλοῦντες,
3409 4207 3460 4264 id
3491 4218 3595 4273 est,

1995 4304 2390 4360 deosculantes.
2437 4303 2537 4371 Qui
2585 4303 2728 4359 enim
2768 4302 3028 4369 adorant,
3076 4294 3259 4359 ‘solent
3293 4303 3599 4361 deosculari

1998 4413 2216 4453 manum
2245 4412 2422 4465 suam,
2455 4396 2594 4467 quod
2626 4395 2728 4452 Job
2753 4393 2947 4452 fecisse
2975 4404 3132 4467 negat
3154 4397 3339 4453 dicens
3364 4416 3376 4451 :
3406 4394 3463 4453 Si
3485 4395 3598 4452 vidi

1995 4488 2234 4545 solem...
2275 4490 2320 4543 si
2346 4490 2619 4545 osculatus
2662 4503 2802 4553 sum,
2852 4503 3069 4543 manum
3100 4504 3276 4545 meam
3312 4504 3595 4560 apponens

287 4602 396 4654 nar,
429 4588 618 4659 inquit,
650 4589 873 4646 deorum
904 4590 1077 4647 honos
1105 4602 1279 4658 erant,
1320 4604 1374 4648 et
1400 4592 1615 4649 Larium
1644 4594 1887 4664 publico-

2010 4582 2076 4636 )ri
2108 4597 2249 4650 meo,
2278 4593 2333 4637 et
2358 4582 2461 4637 hoc
2489 4582 2619 4638 mihi
2643 4581 2713 4637 ad
2738 4583 3074 4654 iniquitatem
3095 4593 3374 4654 reputetur
3398 4602 3419 4637 ο
3446 4584 3593 4658 (Jobi

286 4698 433 4750 ram,
470 4686 931 4757 privatorumque,
974 4702 1039 4743 ac
1075 4687 1507 4758 sepulchrorum,
1553 4699 1609 4745 et
1652 4689 1886 4746 Manium

287 4764 684 4850 (Apuleias,lib.
714 4779 1133 4852 Ittﬂetamorph.
1160 4785 1315 4851 paulo
1339 4792 1457 4839 ante
1471 4785 1594 4853 ﬁn.;
1624 4782 1765 4839 Plin.
1794 4784 1885 4841 lib.

286 4889 378 4929 xvr
411 4871 602 4929 Natta.
628 4872 767 4929 Hist.
787 4874 991 4945 capJ;
1017 4892 1136 4947 pag.
1168 4874 1368 4949 227).»
1405 4877 1641 4947 Denique
1672 4887 1729 4932 ut
1757 4877 1889 4933 Τεν-

287 4965 702 5037 tullianum,'qui
730 4967 797 5022 de
821 4965 1032 5023 Corona
1059 4967 1254 5024 librum
1282 4969 1466 5036 edidit,
1495 4980 1549 5025 et
1574 4969 1707 5026 alios
1731 4985 1887 5026 com-

288 5059 470 5129 plures
526 5060 720 5115 missos
764 5059 1062 5128 faciamus;
1094 5060 1316 5118 Ovidius
1360 5061 1429 5119 de
1479 5062 1582 5119 deo
1631 5062 1887 5120 Termino

286 5153 403 5209 hac
424 5153 636 5208 caacinit
659 5172 673 5209 ;

382 5246 578 5314 Triduo
600 5247 799 5299 diversa
820 5249 1005 5314 domitu
1024 5251 1090 5302 de
1107 5258 1252 5314 parte
1284 5259 1538 5312 coronant,

440 5306 663 5375 Binaque
678 5320 814 5363 serta
832 5313 937 5373 tibi,
963 5306 1178 5379 binaque
1199 5323 1323 5365 dona
1349 5306 1531 5367 ferunt.

955 5396 1144 5463 (0vid.,
1163 5399 1196 5449 l.
1224 5416 1275 5461 ιι,
1302 5396 1503 5465 Fasl.,§
1534 5401 1633 5467 l7.)

356 5496 487 5556 Tale
516 5499 676 5572 igitur
702 5513 818 5560 erat
837 5505 1109 5575 Serapidis
1129 5506 1494 5573 simulacrum,
1532 5528 1549 5561 ι
1581 5525 1685 5580 quo
1712 5509 1881 5568 deno-

288 5598 451 5660 tato,»
502 5592 769 5665 Caecilius,
792 5600 864 5655 uti
887 5601 962 5654 ait
991 5600 1272 5666 Minucius,
1311 5619 1558 5658 «manum
1592 5604 1671 5659 ori
1701 5605 1887 5662 admo-

287 5699 437 5753 vens,
488 5690 930 5746 osculumiubiis
973 5696 1186 5762 pressit,
1235 5714 1253 5748 ι
1288 5696 1337 5749 id
1395 5697 1886 5764 est,Etltnicorum

287 5777 391 5834 ritu
427 5791 711 5838 veneratus
743 5791 905 5840 estet
954 5786 1215 5845 adoravit.
1274 5787 1472 5848 Verum
1495 5800 1553 5849 ut
1581 5792 1682 5851 hoc
1712 5794 1886 5852 mani-

1991 4690 2112 4745 cap.
2158 4689 2304 4742 xxxr,
2349 4675 2454 4741 27;
2503 4675 2839 4747 Hieronym.,
2878 4675 2972 4731 lib.
3003 4691 3039 4728 ι.
3070 4676 3189 4730 adv.
3231 4675 3432 4744 Ruﬁn,
3467 4691 3591 4747 pag.

1992 4771 2141 4844 571).
2192 4770 2310 4828 Alia
2362 4771 2443 4827 his
2492 4771 2649 4841 plane
2691 4770 2880 4826 similia
2926 4770 3068 4841 apud
3091 4786 3214 4827 eum
3245 4780 3301 4827 et
3325 4771 3460 4827 alios
3502 4784 3590 4826 sa-

1991 4880 2098 4921 crae
2127 4865 2419 4937 Scriptura:
2457 4866 2778 4937 interpretes
2800 4866 2853 4921 in
2882 4866 3040 4922 citata
3066 4865 3186 4923 Jobi
3213 4865 3378 4923 verba
3408 4866 3590 4938 legere

1991 4959 2213 5029 poteris.

2064 5052 2157 5109 liis
2189 5066 2347 5122 porro
2381 5052 2456 5107 ita
2503 5051 2814 5118 observatis,
2848 5051 3222 5124 inquirendum
3273 5061 3356 5108 est
3382 5052 3501 5124 quis
3520 5053 3594 5109 sit

1990 5143 2237 5200 Auctoris
2268 5146 2436 5200 nostri
2461 5159 2671 5213 sensus,
2703 5148 2772 5202 de
2816 5160 2924 5217 quo
2964 5161 3071 5201 non
3099 5146 3316 5202 minima
3342 5157 3423 5202 est
3447 5147 3591 5204 inter

1989 5239 2231 5296 celebres
2269 5240 2405 5296 duos
2449 5240 2622 5296 artatis
2662 5250 2861 5297 nostra:
2915 5248 3205 5310 scriptores
3256 5239 3494 5311 Lipsium
3528 5250 3589 5295 et

1989 5331 2309 5388 Saimasium
2354 5334 2691 5404 disceptatio.
2752 5333 2906 5388 Prior
2958 5333 3233 5390 enimvero
3275 5342 3463 5390 censet
3507 5332 3588 5388 sic

1989 5440 2110 5482 esse
2134 5425 2478 5496 intelligenda
2503 5425 2661 5481 citata
2681 5440 2711 5481 a
2745 5426 2898 5480 nobis
2920 5425 3067 5481 illius
3096 5426 3297 5490 verba;
3326 5434 3395 5481 ut
3417 5423 3589 5481 0ωεί-

1988 5518 2090 5574 lius
2121 5532 2337 5574 manum
2381 5534 2569 5576 versus
2608 5518 2880 5589 Serapidis
2924 5518 3270 5575 simulacrum
3319 5519 3463 5590 prius
3491 5532 3559 5573 ex
3574 5547 3590 5557 ι·

1991 5612 2243 5679 tenderit,
2271 5620 2499 5682 eamque
2527 5611 2742 5680 deinde,
2773 5621 3041 5684 tamquam
3065 5627 3136 5668 ex
3163 5611 3432 5668 simulacri
3457 5626 3587 5667 con-

1992 5714 2134 5760 tactu
2165 5705 2434 5775 expiatam
2463 5705 2735 5760 osculatus
2760 5705 2849 5767 sit.
2903 5703 3100 5761 Colitra
3136 5718 3268 5760 vero
3293 5704 3590 5761 Salmasius

1991 5799 2266 5857 contendit
2302 5798 2491 5858 iisdem
2527 5798 2743 5859 Minucii
2789 5800 2963 5860 verbis
2998 5798 3283 5874 signiﬁcari
3318 5797 3601 5858 Caecilium
