4038 6308
483 236 581 289 651

1763 243 1850 298 DE
1888 241 2148 301 MINUCII
2177 242 2477 304 OCTAVIO

3685 266 3762 321 F52

476 370 578 426 pro
616 358 890 426 gentilium
933 373 1083 417 more
1129 370 1284 416 antea
1342 362 1637 418 osculatam
1695 378 1816 419 esse
1858 379 2073 419 manum
2102 371 2151 431 Α
2180 366 2233 420 in
2263 367 2363 423 hac
2386 369 2763 440 mysteriorum
2785 373 3147 434 celebratione
3171 379 3240 437 de
3255 379 3361 436 diis
3385 385 3497 438 suis
3521 384 3760 445 exhibere

477 464 656 515 suam,
684 467 746 505 ac
763 467 882 508 eam
913 464 1093 522 postea
1121 472 1304 512 versus
1330 457 1698 524 simulacrum,
1728 457 1869 527 quod
1893 458 2083 513 adora-

474 538 603 606 bat,
660 546 982 611 porrexiSSe.
1022 547 1210 604 Plures
1270 558 1447 603 autem
1502 551 1554 605 in
1609 550 1770 621 Lipsii
1825 552 2080 606 inclinant

471 637 792 690 sententiam
821 648 872 692 et
903 639 1329 707 explicationem.
1400 642 1536 709 Quid
1578 659 1738 709 vero,
1792 643 1835 697 si
1877 643 2087 699 dicatur

471 724 561 781 his
589 727 800 784 Minucii
829 732 1003 786 verbis
1027 732 1287 789 declarari
1331 733 1600 790 Caecilium
1647 746 1702 791 et
1749 752 1964 791 manum
1992 737 2085 792 ad-

473 821 709 878 movisse
732 825 811 877 ori
838 840 954 887 suo,
984 837 1036 879 et
1065 826 1338 896 Serapidis
1365 829 1656 884 simulacro
1674 831 1890 886 dedisse
1927 846 2084 886 oscu-

475 913 627 968 lum?
672 914 927 970 Solebant
952 917 1092 971 enim
1124 919 1372 988 gentiles,
1413 919 1487 974 uti
1527 935 1590 975 ex
1637 922 1797 991 paulo
1823 930 1979 977 antea
2008 924 2084 978 ci-

476 1015 591 1061 toto
635 1008 890 1065 Cicerone
934 1010 1199 1079 vidimus,
1255 993 1484 1068 deorum.
1534 1030 1753 1070 suorum
1799 1017 2083 1072 simulacra

472 1099 723 1155 osculari.
783 1102 1036 1172 Expende
1101 1114 1276 1160 tamen
1305 1107 1528 1175 singula,
1577 1117 1632 1162 et
1657 1109 1709 1163 in
1740 1124 1879 1175 eam,
1914 1125 2075 1179 quam

479 1193 897 1259 probabiliorem
934 1195 1219 1266 judicabis,
1273 1199 1436 1254 abeas
1478 1202 1818 1266 sententiam,
1861 1217 1956 1272 per
1976 1217 2078 1258 nos

472 1298 693 1353 semper
715 1285 914 1341 licebit.
950 1289 1023 1342 De
1050 1289 1150 1344 hoc
1175 1304 1339 1358 porro
1365 1290 1644 1346 simulacra
1681 1292 1936 1348 adorandi
1964 1310 2078 1348 mo-

481 1391 542 1431 re
572 1378 734 1431 multa
766 1379 1099 1447 Bti.snnius,
1137 1382 1204 1437 ad
1240 1399 1398 1453 quem
1443 1393 1494 1439 te
1524 1384 1715 1452 potius,
1747 1401 1902 1454 quam
1928 1388 2076 1455 plura

472 1473 525 1525 in
576 1488 690 1528 rem
723 1475 853 1529 satis
893 1478 1160 1546 cognitam
1196 1480 1533 1545 congerenda
1572 1495 1726 1546 esse,
1760 1481 2075 1537 mittendum

475 1564 734 1620 duximus
765 1567 1028 1638 (BI'ISSUII.
1051 1569 1140 1624 lib.
1181 1586 1219 1624 II
1246 1570 1308 1625 de
1329 1569 1509 1626 Form.
1531 1588 1649 1642 pag.
1669 1573 1775 1628 840
1804 1583 1857 1629 et
1877 1574 2072 1645 seqq.).

540 1654 766 1710 Demttm
795 1673 891 1726 pro
921 1669 1072 1713 certo
1100 1662 1315 1731 quidam
1347 1675 1552 1732 ponunt
1573 1673 1812 1720 notatum
1843 1682 1874 1720 a
1904 1666 2076 1721 Miuu-

2186 458 2452 515 solebant.
2497 461 2878 522 Verumtamen
2922 466 3187 526 Minucius
3241 483 3426 530 noster
3455 475 3581 532 illud
3609 479 3759 534 variis

2185 552 2445 621 exemplis
2474 553 2874 614 evidentissime
2899 561 3153 617 Oswttdit.

2256 645 2338 699 Ab
2367 643 2521 701 Isidis
2547 659 2727 705 autem
2758 654 2924 709 sacris
2955 655 3034 712 sic
3067 656 3155 712 ille
3184 657 3406 730 incipit:
3443 660 3569 716 «Isis
3596 661 3763 731 perdi-

2186 742 2295 788 tum
2328 736 2496 792 tilium
2521 754 2641 796 cum
2681 740 3065 815 Cynocephalo
3088 762 3210 815 suo,
3254 761 3311 806 et
3338 752 3504 807 calvis
3529 754 3763 811 sacerdo-

2184 828 2325 884 tibus
2368 831 2531 901 luget,
2581 834 2799 907 plangit,
2850 840 3102 911 inquirit;
3159 854 3216 899 et
3257 842 3414 900 Isiaci
3463 846 3640 902 miseri
3666 862 3762 903 ca:-

2183 920 2314 975 dunt
2344 936 2583 991 pectora,
2609 936 2664 982 et
2685 927 2927 985 dolorem
2957 931 3336 991 infelicissima:
3359 925 3546 993 matris
3568 938 3765 994 imitan-

2184 1022 2287 1067 tur.
2324 1014 2441 1070 Mox
2468 1019 2701 1085 invento,
2759 1024 2954 1094 gaudet
2998 1025 3117 1093 Isis,
3166 1029 3409 1085 exultant
3448 1030 3759 1099 sacerdotes,

2181 1104 2592 1178 Cynocephalus
2614 1112 2858 1170 inventor
2880 1118 3159 1188 gloriatur.
3214 1121 3321 1177 Nec
3347 1123 3601 1180 desinunt
3626 1127 3765 1182 annis

2181 1201 2428 1257 omnibus
2460 1204 2540 1259 vel
2575 1208 2818 1276 perdere.
2868 1210 3009 1280 quod
3050 1213 3361 1280 inveniunt;
3390 1217 3475 1272 vel
3512 1217 3761 1289 invenire,

2180 1293 2321 1362 quod
2378 1294 2626 1364 perdunt.
2665 1320 2683 1352 ι
2718 1303 2761 1355 Α
2811 1301 3089 1360 Lactantio
3134 1316 3313 1363 autem
3366 1308 3484 1364 hanc
3510 1325 3658 1365 sacra
3696 1313 3765 1370 sic

2179 1384 2590 1447 destribuntnr:
2623 1411 2641 1442 ι
2688 1392 2844 1450 Isidis
2877 1394 3127 1467 Egyptia
3151 1414 3306 1455 sacra
3334 1412 3485 1469 sunt,
3517 1412 3766 1472 quatenus

2178 1476 2345 1532 filium
2396 1482 2674 1551 parvulum
2707 1485 2790 1541 vel
2836 1488 3148 1557 perdiderit,
3183 1491 3267 1546 vel
3306 1492 3595 1551 invenerit.
3644 1494 3765 1552 Nam

2180 1572 2352 1641 primo
2405 1575 2733 1642 sacerdotes,
2789 1578 3104 1649 deglabrato
3150 1599 3400 1654 corpore,
3456 1602 3552 1642 sua
3597 1596 3767 1658 pecto-

2178 1680 2234 1718 ra
2283 1666 2533 1732 tundunt,
2584 1668 2981 1738 lamentantur,
3033 1675 3174 1731 sicut
3238 1677 3374 1747 ipsa,
3422 1693 3549 1734 cum
3606 1678 3767 1750 perdi-

469 1745 556 1800 cio
580 1746 858 1817 Serapidis
883 1750 1231 1808 simulacrum
1278 1753 1446 1811 fuisse
1495 1757 1802 1823 terminale,
1832 1758 1947 1813 sive
1978 1774 2074 1829 pro
2104 1772 2153 1831 Β
2178 1757 2279 1827 dit,
2316 1759 2532 1817 fecerat.
2567 1763 2767 1821 Deinde
2789 1782 2921 1836 puer
2946 1745 3279 1838 producitur,
3321 1772 3473 1843 quasi
3500 1773 3765 1841 inventus;

463 1837 570 1894 deo
597 1838 854 1895 Termino
896 1844 1149 1914 positum.
1222 1846 1411 1904 Nonne
1437 1860 1614 1904 autem
1646 1866 1834 1906 eorum
1886 1852 2071 1922 opinio

460 1930 550 1988 bis
577 1933 886 1990 conﬁrmari
919 1948 1092 2007 potest
1128 1939 1326 1996 Tibulli
1354 1941 1640 1998 versibus:

552 2052 676 2103 Nam
700 2068 932 2127 veneror,
960 2071 1052 2127 seu
1073 2061 1229 2127 stipes
1242 2062 1413 2127 habet
1435 2062 1669 2127 desertus
1690 2064 1739 2113 in
1758 2065 1911 2127 agris,

698 2118 802 2169 Seu
828 2129 974 2171 vetus
994 2122 1039 2170 in
1066 2118 1209 2172 trivio
1232 2124 1401 2173 ﬂorida
1424 2134 1560 2175 serta
1578 2126 1719 2190 lapis.

1181 2210 1407 2273 (Tibull.,
1433 2213 1469 2277 ι,
1502 2230 1536 2273 ι,
1562 2214 1722 2287 Eteg.,
1741 2216 1813 2280 t.)

461 2287 866 2358 Verumtamen,
898 2304 955 2348 ut
980 2310 1166 2350 verum
1200 2296 1480 2365 fateamur,
1511 2300 1665 2355 nobis
1694 2301 1745 2356 hi
1773 2302 1923 2358 facile
1958 2318 2062 2359 non

459 2382 858 2450 persuadebunt
880 2385 1007 2440 illud
1037 2397 1308 2444 tamcerto
1340 2406 1499 2460 posse
1524 2408 1589 2446 ex
1615 2393 1865 2450 Auctoris
1893 2397 2063 2451 nostri

458 2478 635 2533 verbis
666 2479 859 2549 colligi.
912 2482 987 2536 Ihi
1032 2484 1170 2538 enim
1228 2485 1319 2539 ille
1370 2486 1509 2542 haud
1528 2487 1755 2545 obscure
1800 2491 2063 2563 significat

456 2567 562 2624 hoc
588 2571 933 2627 simulacrum
961 2589 1064 2628 non
1097 2576 1149 2631 in
1190 2578 1350 2648 agris,
1389 2580 1482 2633 sed
1510 2581 1647 2634 circa
1682 2581 1911 2637 mediam
1948 2574 2060 2639 col-

458 2659 703 2716 locatum
735 2661 901 2718 fuisse
930 2666 1075 2721 urbis
1098 2668 1260 2722 Ostia:
1291 2681 1521 2738 partem,
1577 2688 1696 2742 qum
1728 2674 1874 2728 littus
1896 2676 2057 2732 maris

453 2753 792 2823 respiciebat.
837 2756 1089 2824 Quamvis
1118 2776 1245 2830 ergo
1274 2761 1346 2817 ibi
1394 2763 1603 2818 trivium
1636 2764 1842 2828 fuisset,
1885 2768 2056 2823 Minu-

452 2846 570 2901 cius
605 2856 778 2903 tamen
808 2849 936 2903 illud
968 2867 1073 2905 non
1103 2852 1361 2921 Termini,
1411 2856 1504 2911 sed
1544 2856 1815 2928 Serapidis
1835 2862 2056 2917 simula-

454 2952 604 2992 crum
629 2941 940 2997 nominatim
966 2944 1268 3014 appcllavit.
1294 2950 1362 3002 At
1388 2948 1455 3003 de
1487 2949 1568 3004 bis
1594 2951 1817 3008 aliorum
1837 2965 1952 3009 esto
1969 2955 2055 3025 jn-

452 3029 670 3086 dicium.
709 3032 896 3105 Deédeo
918 3048 1092 3090 autem
1117 3038 1370 3096 Termino
1391 3042 1529 3097 alius
1554 3045 1730 3102 adhuc
1755 3049 1946 3118 agendi
1969 3050 2050 3105 Io-

452 3136 547 3179 cus
565 3124 715 3179 nobis
731 3124 1202 3201 dabitur(Dissert.
1229 3133 1283 3188 in
1301 3132 1563 3205 Lactant.,
1587 3152 1705 3210 cap.
1729 3140 1819 3208 59.,
1836 3153 1938 3197 art.
1967 3142 2049 3215 2).
2076 3171 2122 3234 ρ

1041 3290 1271 3349 CAPUT
1301 3293 1465 3350 XXII.

455 3393 787 3437 EXPENDITUR
826 3400 1022 3441 MINUCII
1049 3402 1433 3455 ARGUMENTUM,
1462 3405 1563 3453 QUO
1594 3407 1663 3446 EX
1700 3408 1881 3448 SACRIS
1904 3409 2049 3460 IPSIS,

457 3548 467 3559 0
523 3488 642 3537 ΟΠΞ
666 3493 876 3533 ETBNICI
905 3496 953 3533 IN
980 3498 1191 3538 DEORUM
1222 3498 1432 3539 SUOBUH
1480 3501 1731 3544 HONOBEM
1780 3504 2053 3546 CELEBRA-
2142 3480 2161 3489 -

523 3583 682 3634 ΒΔΝΤ,
719 3587 993 3628 MYSTERIIS
1020 3590 1197 3640 ATQUE
1228 3592 1407 3633 FESTIS
1427 3620 1444 3644 ,
1469 3595 1618 3636 ILLOS
1647 3596 1751 3637 NON
1786 3598 2051 3640 EXISTEBE

524 3678 739 3719 ABGUIT.

986 3779 1279 3820 ARTICULUS
1299 3781 1508 3822 PRIMUS.

448 3870 529 3928 De
554 3873 716 3931 Isidis
741 3878 900 3933 sacris
925 3888 971 3934 et
998 3882 1274 3951 mysteriis,
1306 3883 1488 3951 quibus
1510 3884 1605 3940 illa
1635 3886 1800 3955 ﬁlium
1826 3898 1914 3942 aut
1942 3906 2051 3943 ma-

517 3968 671 4023 ritum
700 3987 849 4025 suum
877 3973 1133 4042 perditum
1162 3990 1276 4029 cum
1321 3974 1687 4048 Cynocephalo’
1715 3996 1960 4050 qmerere,
2004 3993 2051 4037 et

531 4080 590 4119 eo
633 4066 854 4130 iuventa,
904 4069 1129 4140 gaudere
1157 4071 1439 4141 ﬁngebatur
1470 4089 1483 4124 :
1512 4089 1662 4142 quant
1700 4074 1919 4128 ridicula
1962 4074 2051 4128 Iro-

515 4171 633 4209 rum
659 4159 1009 4228 mysteriorum
1029 4160 1091 4215 ab
1116 4159 1381 4233 digyptiis
1401 4162 1471 4215 ad
1489 4163 1746 4217 Romanos
1774 4167 2047 4221 transmis-

513 4263 688 4301 sorum
718 4266 924 4320 pompa.
948 4261 994 4304 et
1016 4268 1166 4320 quam
1190 4254 1418 4308 validum
1436 4264 1612 4310 contra
1635 4253 1911 4312 Gentilium
1929 4258 2048 4314 deos

444 4340 457 4405 Ξ
515 4352 870 4411 argumentum
888 4344 1007 4398 inde
1027 4345 1325 4401 deducatur.

518 4452 771 4521 Quamvis
798 4457 1066 4514 celebrata
1094 4461 1160 4516 ab
1195 4462 1437 4519 Etlmicis
1463 4463 1687 4522 deorum
1718 4481 1940 4531 suorum
1973 4468 2047 4523 fe-

445 4557 527 4604 sta
563 4559 616 4605 et
654 4554 909 4622 mysteria
949 4555 1286 4612 manifestam
1317 4557 1569 4614 omnibus
1617 4559 1792 4616 facere
1831 4561 2045 4616 debuis-
2070 4576 2125 4637 1)
2150 4587 2257 4641 τίηι

443 4651 570 4698 sent
604 4659 782 4701 veram
826 4647 1039 4703 illorum
1085 4650 1455 4718 divinitatem;
1498 4669 1565 4709 ex
1612 4654 1678 4708 iis
1711 4664 1886 4712 tamen
1916 4658 2048 4728 ipsis

445 4734 707 4794 Minucius
747 4739 1083 4797 demonstrat
1135 4743 1277 4799 illam
1334 4746 1544 4815 penitus
1594 4747 1780 4803 falsam
1830 4764 1952 4806 esse
1992 4760 2048 4809 et

444 4834 909 4888 commentitiam:
955 4853 974 4887 ι
1009 4833 1322 4903 Considera,
1368 4840 1559 4912 inquit,
1619 4857 1770 4898 sacra
1810 4843 1946 4915 ipsa.
1992 4855 2048 4902 et

443 4925 562 4994 ipsa
593 4928 865 4997 mysteria,
899 4930 1138 4985 invenies
1163 4933 1337 4987 exitus
1365 4935 1563 5002 tristes,
1598 4936 1724 4997 fata.
1752 4948 1806 4995 et
1836 4938 2045 5007 funera,

444 5029 500 5075 et
526 5020 720 5087 luctus,
753 5033 913 5094 atque
941 5024 1187 5094 planctus
1233 5027 1550 5086 miserorum
1590 5031 1834 5090 deorum.
1871 5054 1891 5087 ι
1930 5035 2045 5102 Qua

442 5126 575 5182 ergo
622 5114 861 5171 cmcitate
902 5118 1131 5186 perculsi
1177 5118 1388 5177 fuerunt
1416 5123 1657 5182 infelices
1694 5126 1945 5196 Ethnici,
1988 5138 2048 5184 ut

438 5220 535 5260 eos
581 5219 678 5274 pro
710 5207 810 5263 diis
850 5207 1139 5278 haberent,
1181 5212 1439 5278 colerent,
1481 5226 1535 5272 et
1557 5218 1864 5286 adorarent,
1905 5237 2042 5292 quos

438 5295 572 5364 ipsis
594 5296 898 5355 hominibus
925 5300 1235 5359 miseriores
1284 5306 1508 5376 singulis
1556 5314 1714 5366 annis
1738 5328 2037 5382 repraesen-

438 5387 622 5451 abant,
650 5390 1026 5465 fingebantque
1075 5397 1249 5453 exitus
1279 5413 1429 5467 suos,
1478 5400 1611 5469 fata,
1642 5419 1703 5459 ac
1731 5404 1921 5462 funera
1954 5408 2040 5464 Iu-

436 5494 563 5550 gere
589 5491 643 5536 et
662 5482 987 5542 lamentari“?
1029 5487 1308 5546 Miraberis
1330 5490 1576 5558 forsitan,
1607 5510 1669 5551 ac
1691 5499 1775 5552 vix
1801 5500 2036 5569 tandem,

437 5578 579 5626 etne
609 5573 691 5627 vix
724 5576 937 5645 quidem
972 5579 1068 5634 tibi
1094 5583 1401 5651 persuaderi
1442 5585 1587 5641 sines
1636 5597 1838 5647 tantam
1866 5596 2037 5662 genti-

435 5660 590 5729 lium,
633 5680 859 5734 quorum
903 5670 1094 5725 saltem
1125 5674 1412 5731 multorum
1442 5693 1596 5734 mens
1640 5695 1769 5738 sana
1795 5660 1916 5741 esse
1942 5686 2036 5742 de-

432 5754 617 5825 bebat,
643 5756 807 5817 fuisse
835 5760 1162 5821 dementiam
1190 5782 1203 5832 ;
1236 5777 1295 5823 ut
1319 5782 1382 5824 ea
1410 5770 1559 5828 serio
1578 5773 1865 5835 crederent
1915 5792 2036 5849 quae

2179 1858 2234 1905 et
2284 1850 2337 1906 in
2384 1853 2624 1911 lzetitiam
2673 1860 2849 1915 luctus
2875 1860 2965 1917 ille
2993 1873 3253 1918 mutatur.
3305 1863 3435 1920 Ideo
3483 1864 3764 1921 Lucanus:

2441 2010 2453 2020 .
2518 1973 2896 2041 Numquamque
2920 1982 3043 2031 satis
3069 1986 3307 2045 quaesitus
3326 1985 3506 2047 Osiris,

2171 2078 2399 2153 Semper
2420 2088 2562 2141 enim
2592 2087 2842 2157 perdunt,
2863 2104 2920 2147 et
2948 2107 3163 2164 semper
3192 2095 3498 2152 inveniunt.
3532 2097 3770 2155 Refertur

2171 2187 2303 2242 ergo
2344 2176 2395 2231 in
2435 2180 2604 2233 sacris
2629 2180 2807 2252 imago
2835 2182 2935 2247 rei,
2985 2200 3104 2254 quae
3155 2202 3281 2242 vere
3305 2199 3457 2260 gesta
3516 2202 3617 2259 est,
3662 2210 3769 2264 quae

2170 2266 2432 2337 profecto,
2463 2272 2508 2326 si
2534 2274 2661 2344 quid
2696 2275 2953 2346 sapimus,
3003 2278 3242 2336 declarat
3269 2285 3554 2342 mortalem
3590 2290 3769 2347 mulie-

2169 2374 2284 2415 rem
2331 2362 2516 2427 fuisse.
2558 2381 2620 2422 ac
2652 2383 2787 2438 pene
2832 2372 3041 2439 orbam,
3073 2375 3173 2430 nisi
3204 2378 3418 2433 unicum
3446 2383 3763 2452 reperissetr

2169 2453 2434 2525 (Lactant.
2470 2459 2564 2516 lib.
2597 2479 2635 2528 ι,
2663 2477 2782 2534 cap.
2806 2466 2898 2533 21,
2930 2482 3047 2538 pag.
3084 2470 3205 2525 H7.
3254 2482 3309 2527 et
3362 2476 3570 2550 seqq.).
3599 2479 3665 2535 At
3706 2480 3766 2536 ibi

2165 2551 2575 2610 autLactantius
2591 2560 2942 2617 autlibrarius
2955 2569 3175 2621 erravit.
3194 2567 3309 2624 Non
3325 2569 3528 2628 Lucani
3543 2576 3681 2630 enim
3694 2586 3769 2631 est

2164 2642 2359 2699 citatus
2379 2646 2551 2703 abillo
2583 2666 2787 2718 versus,
2822 2654 2914 2709 sed
2930 2654 3104 2711 Ovidii
3137 2658 3249 2731 (tib.
3273 2677 3323 2716 ιχ
3352 2661 3574 2718 Metam.
3595 2666 3767 2739 fab.8)

2161 2735 2250 2805 qui
2276 2738 2423 2806 plura
2440 2756 2467 2792 a
2487 2739 2716 2798 Minucio
2742 2753 2947 2808 nostro.
2972 2759 3023 2803 et
3045 2750 3237 2805 eodem
3265 2752 3482 2808 Lactant
3497 2757 3548 2811 in
3572 2735 3765 2813 meme;

2160 2837 2276 2885 rata
2300 2832 2623 2893 decantavit.
2670 2840 2740 2894 At
2766 2838 3038 2898 Lucanum
3066 2846 3113 2899 si
3153 2846 3319 2904 citare
3350 2849 3611 2908 voluisset
3640 2853 3766 2910 Lac—

2161 2925 2378 2990 tantius,
2410 2938 2619 2998 poterat
2641 2934 2821 3004 utique
2853 2937 2987 3004 tunc,
3022 2955 3142 3009 qum
3170 2957 3277 2997 non
3307 2960 3497 3014 parum
3526 2947 3596 3003 ad
3621 2965 3766 3019 argu-

2159 3027 2397 3074 mentum
2441 3036 2594 3078 suum
2627 3025 2861 3096 faciunt,
2917 3030 2970 3085 in
3036 3034 3271 3091 medium
3332 3040 3578 3109 proferre
3634 3043 3765 3100 illius

2155 3128 2394 3171 carmina
2429 3133 2444 3171 ε

2285 3236 2393 3315 Ilios
2478 3243 2665 3315 templa
2689 3250 2821 3294 tuam
2844 3245 3063 3315 Romana
3087 3251 3368 3315 accepimus
3388 3250 3528 3315 Isim,

2286 3300 2648 3373 Semideosque
2665 3319 2834 3373 canes,
2857 3317 2909 3359 et
2931 3311 3073 3360 sistra
3093 3300 3325 3372 iubentia
3350 3300 3537 3373 luctus:

2285 3361 2349 3414 Et
2369 3377 2520 3427 quem
2545 3361 2598 3418 tu
2638 3361 2895 3434 plangens,
2927 3361 3179 3423 hominem
3200 3361 3621 3440 testaris—Osirim,

2595 3455 2821 3520 (Lucam,
2843 3456 2881 3505 1.
2909 3471 2988 3507 vm
3011 3455 3267 3522 Pharsal.,
3295 3460 3380 3510 cit.
3407 3459 3522 3526 lin.)

2156 3556 2473 3615 Confirmari
2519 3570 2698 3617 autem
2754 3566 2868 3621 haec
2914 3569 3092 3621 omnia
3138 3579 3365 3639 possunt
3414 3584 3526 3626 non
3581 3571 3752 3625 solum

2158 3651 2451 3724 Theophili
2504 3658 2845 3729 Antiocheni,
2886 3671 2941 3716 et
2980 3659 3200 3718 Senecm
3221 3665 3291 3719 ab
3327 3668 3633 3736 Augustino
3660 3667 3763 3722 Iau-

2155 3746 2265 3803 dati
2313 3752 2639 3817 testimonio,
2687 3752 2783 3808 sed
2813 3754 2941 3809 .lulii
2966 3756 3128 3811 etiam
3161 3755 3399 3821 Firmici,
3435 3759 3532 3828 qui
3577 3758 3755 3814 eadem

2155 3840 2313 3897 Isidis
2341 3846 2596 3916 mysteria
2622 3846 2706 3902 sic
2732 3846 2968 3904 breviter
2992 3849 3259 3919 explicat:
3296 3868 3316 3901 ι
3358 3850 3487 3907 Haec
3515 3862 3600 3907 est
3619 3849 3760 3907 Isiaci

2154 3934 2295 3990 sacri
2321 3953 2547 3992 summa.
2605 3938 2662 3994 In
2691 3940 2866 4012 adytis
2893 3941 3091 3997 habent
3112 3942 3308 3998 idolum
3337 3943 3572 4000 Osiridis
3594 3943 3757 4015 sepul-

2157 4035 2302 4091 tum;
2334 4028 2437 4083 hoc
2483 4032 2680 4086 annuis
2723 4033 2955 4089 luctibus
3003 4035 3281 4105 plangunt,
3335 4036 3535 4092 radunt
3563 4038 3754 4107 capita:

2158 4130 2222 4177 ut
2266 4123 2632 4178 miserandum
2663 4140 2846 4181 casum
2892 4129 3032 4199 regis
3070 4128 3176 4193 sui,
3220 4130 3560 4198 turpitudine
3598 4130 3755 4185 debo-

2155 4214 2351 4269 nestati
2383 4214 2619 4271 deﬂeant
2637 4218 2845 4288 capitis,
2877 4221 3321 4291 tunduntpectus,
3341 4223 3757 4279 Iacerantlaccr—

2159 4315 2264 4373 tos,
2309 4316 2553 4364 veterum
2587 4312 2867 4367 vulnerum
2896 4323 3142 4369 resecant
3164 4315 3461 4383 cicatrices,
3490 4328 3549 4372 ut
3574 4318 3754 4372 annuis

2152 4400 2387 4458 luctibus
2414 4404 2469 4459 in
2492 4405 2685 4461 animis
2705 4422 2894 4463 eorum
2929 4408 3153 4464 funestae
3174 4421 3237 4462 ac
3254 4409 3581 4466 miserandze
3610 4411 3749 4466 necis

2151 4494 2371 4549 exitium
2417 4478 2741 4552 renascatur.
2765 4517 2777 4553 :
2806 4508 2861 4555 et
2885 4514 3006 4554 cum
3045 4502 3161 4558 lucc
3187 4503 3355 4559 certis
3383 4502 3582 4559 diebus
3611 4501 3746 4557 fece—

2262 4629 2275 4654 ,
2306 4598 2431 4644 tunc
2458 4590 2661 4659 tingunt
2706 4606 2767 4647 se
2796 4591 3013 4649 lacerati
3044 4596 3289 4676 corporis
3318 4597 3579 4667 reliquias
3606 4609 3750 4666 repe-

2149 4681 2279 4750 rire,
2309 4693 2362 4737 et
2409 4698 2531 4738 cum
2580 4687 2906 4751 invenerint.
2939 4691 3090 4758 quasi
3125 4689 3317 4760 sopitis
3364 4692 3603 4746 luctibus
3627 4704 3751 4761 gau-

2148 4771 2279 4829 dent
2302 4794 2321 4826 ι
2354 4774 2665 4847 (Theophil.
2698 4778 2911 4833 lib.tad
2942 4780 3204 4852 Autolyc.,
3245 4798 3365 4853 pag.
3396 4782 3489 4850 75;
3526 4784 3743 4852 August.

2148 4864 2246 4922 lib.
2277 4883 2329 4921 v1
2359 4867 2422 4921 de
2459 4867 2610 4924 Civil.
2647 4886 2767 4939 cap.
2801 4872 2889 4937 10,
2910 4887 3032 4944 pag.
3064 4872 3191 4939 I59;
3238 4871 3348 4929 Jul.
3381 4872 3629 4941 Firmic.,
3657 4870 3744 4927 lib.

2153 4969 2216 5023 de
2242 4966 2426 5024 Error.
2448 4975 2654 5041 profari.
2686 4971 2836 5043 relig.
2867 4972 3033 5044 init.).

2219 5063 2413 5121 Nonne
2451 5076 2632 5122 autem
2673 5066 2789 5123 htec
2816 5079 2866 5123 et
2910 5067 3123 5124 Minucii
3155 5067 3322 5124 nostri
3364 5068 3524 5125 dictis
3549 5067 3741 5140 optime

2145 5167 2468 5228 congruunt,
2507 5170 2561 5214 et
2587 5160 2650 5214 iis
2664 5160 2822 5216 etiam
2846 5176 2965 5232 quae
2986 5176 3146 5232 supra
3166 5161 3234 5217 de
3253 5160 3475 5218 Osiridis
3496 5174 3738 5232 corpore,

2143 5250 2485 5305 membratim
2513 5251 2825 5321 dilacerato,
2872 5263 3033 5324 atque
3059 5255 3127 5309 ab
3154 5254 3292 5314 Iside
3321 5266 3501 5325 postea
3534 5264 3737 5325 reperto

2140 5342 2567 5402 observavimus.
2618 5346 2723 5403 Sed
2746 5347 2814 5403 ab
2843 5348 2957 5403 aliis
2981 5348 3070 5403 ille
3087 5357 3142 5403 et
3165 5347 3469 5415 Lactantius
3495 5364 3565 5404 eo
3591 5347 3737 5403 dissi-

2142 5436 2293 5507 dent,
2323 5439 2463 5509 quod
2486 5440 2683 5496 Osirim
2714 5441 2866 5497 Isidis
2895 5440 3060 5497 filium
3089 5443 3383 5513 appellent,
3407 5444 3493 5514 qui
3517 5444 3588 5500 ab
3624 5442 3735 5497 aliis

2142 5531 2282 5587 illius
2310 5532 2477 5590 frater
2501 5544 2556 5591 et
2591 5536 2818 5591 maritus
2846 5546 3087 5593 vocatur.
3145 5539 3415 5595 Arnobius
3443 5554 3571 5594 vero
3596 5537 3733 5592 illum

2139 5620 2282 5679 haud
2308 5624 2618 5684 dubitanter
2639 5629 3065 5686 vocatmaritum
3104 5640 3162 5688 et
3187 5632 3373 5700 filium,
3412 5633 3512 5687 nisi
3539 5629 3732 5685 dixeris

2138 5713 2274 5769 duos
2303 5718 2370 5772 ab
2396 5733 2463 5773 eo
2491 5720 2747 5793 distingui
2791 5723 2941 5780 hisce
2966 5723 3130 5794 ipsius
3157 5726 3335 5781 verbis
3370 5744 3384 5773 τ
3418 5744 3437 5777 r
3470 5722 3731 5795 Ethiopi-

2137 5807 2216 5863 cis
2245 5807 2449 5866 solibus
2494 5811 2591 5868 Isis
2631 5812 2811 5881 furva,
2866 5831 3102 5875 mcerens
3146 5819 3411 5890 perditum
3469 5818 3636 5876 filium
3676 5826 3726 5874 et
