4034 6320
268 320 376 380 635

1629 293 2098 357 DISSERTATIO.

3459 270 3566 330 63‘

267 432 611 490 membratim
628 430 909 503 coniugem
940 426 1299 484 lancinatumi
1336 423 1565 495 (Arnob.
1585 422 1678 478 lib.
1708 420 1858 475 tudo.
1890 419 1943 480 Α
1969 417 2208 487 Denique
2233 412 2549 472 Ambrosias
2587 410 2654 468 ad
2704 408 2959 503 Sabinum
2990 401 3248 503 scripsit}
3268 397 3445 503 Irulpsi
3474 409 3567 500 ca-

271 525 421 582 Gent.
450 540 571 597 pag.
603 523 721 595 20).

346 619 608 690 Numquid
656 632 786 688 ergo
822 623 1138 673 erraverunt
1170 613 1430 670 Minucius
1477 620 1662 667 noster
1706 619 1865 678 atque

272 715 600 781 Lactantius,
627 713 781 781 cujus
802 711 914 782 jam
933 711 1095 765 alium
1120 722 1359 765 errorem
1381 706 1596 763 citando
1616 704 1862 760 Ovidium

272 806 611 862 notavimus?
658 805 858 862 Verum
917 802 1179 857 Diodorus
1221 800 1456 867 Siculus,
1508 797 1596 868 qui
1640 795 1864 852 O~iridis

272 918 461 961 necem
488 919 571 968 eo,
603 918 709 974 quo
738 902 1038 968 retulimus,
1073 900 1233 955 modo
1278 895 1533 960 narravit,
1567 895 1683 950 hate
1722 904 1865 948 tran-

270 1001 470 1070 scripta
513 998 707 1053 deinde
755 998 822 1053 ab
853 996 1083 1051 Eusebio
1132 993 1198 1051 de
1248 992 1405 1060 Iside,
1453 1000 1507 1046 et
1534 989 1642 1044 Oro
1670 990 1788 1061 ejus
1813 995 1867 1042 et

270 1097 498 1155 Osiridis
534 1098 664 1163 ﬁlio,
699 1098 860 1152 verba
902 1097 1047 1152 fecit.
1086 1116 1104 1147 ι
1143 1094 1349 1149 Invenit
1375 1092 1461 1147 illa
1493 1085 1866 1147 immortalita-

271 1191 343 1245 tis
394 1189 762 1262 pharntacutn,
790 1206 896 1262 quo
921 1189 1086 1245 ﬁlium
1114 1202 1269 1243 suum
1295 1189 1485 1255 Orum,
1513 1184 1762 1239 Titanum
1786 1180 1867 1235 in—

271 1283 424 1339 sidiis
463 1300 800 1354 oppressum,
852 1295 907 1340 et
951 1294 1245 1350 mortuum,
1287 1282 1341 1337 in
1389 1280 1541 1352 aquis
1570 1281 1863 1340 inventum,

268 1393 377 1433 non
406 1388 607 1434 tantum
632 1379 835 1435 reddita
862 1379 1060 1445 anima,
1084 1379 1135 1433 in
1159 1376 1320 1431 vitam
1339 1374 1571 1441 reduxit,
1591 1373 1682 1430 sed
1706 1372 1865 1429 etiam

270 1470 692 1526 innuortalitatis
734 1472 1044 1544 participem
1078 1470 1220 1525 fecit.
1276 1488 1292 1521 ι
1334 1468 1598 1523 Praeterea
1628 1465 1870 1522 Herodo-

266 1573 376 1631 tus,
408 1573 463 1619 et
484 1564 801 1621 Plutarchus
820 1564 983 1622 Orum
1008 1563 1248 1629 Osiridis,
1274 1572 1328 1620 et
1344 1561 1499 1618 Isidis
1522 1560 1686 1617 ﬁlium
1706 1560 1869 1616 fuisse

267 1657 664 1713 testificantur:
691 1667 745 1713 et
776 1657 1077 1714 Herodotus
1116 1656 1331 1727 quidem
1370 1655 1518 1711 illum
1564 1653 1865 1726 Apollinem

265 1759 323 1806 et
371 1749 561 1814 Orum,
594 1750 908 1807 Plutarchus
952 1767 1080 1807 vero
1107 1750 1486 1820 Harpocratem
1522 1747 1867 1819 cognomina-

266 1853 381 1899 tum
428 1861 547 1900 esse
589 1845 890 1915 perhibent.
949 1846 1110 1918 Atqui
1151 1845 1202 1900 in
1249 1844 1405 1900 Isidis
1453 1842 1741 1915 mysteriis,

267 1936 632 1994 Tertullianus
682 1949 883 2007 narrat,
910 1939 1119 1995 Ethnici
1172 1936 1521 2009 Serapidem,
1573 1937 1763 1992 Isidem
1813 1945 1867 1991 et

268 2030 654 2102 IlarpOrratem
683 2050 794 2088 cum
827 2034 1185 2106 Cynocephalo
1218 2022 1334 2100 suo,
1379 2033 1532 2104 cujus
1560 2033 1719 2089 etiam
1754 2032 1866 2085 Au-

266 2125 519 2197 gustinus
567 2127 832 2196 meminit,
907 2129 1070 2199 impio
1099 2129 1255 2199 plane
1296 2127 1442 2181 cultu
1476 2125 1867 2181 venerabantur

270 2219 289 2287 (
314 2218 535 2273 Diodor.
566 2220 658 2277 lib.
708 2237 747 2285 ι,
788 2219 1033 2276 Bibliotlt.
1079 2237 1197 2291 pag.
1248 2221 1347 2287 15;
1399 2220 1597 2276 Euseb.
1649 2219 1740 2275 lib.
1771 2235 1863 2285 vn,

265 2309 511 2381 Prwpar.
538 2310 739 2384 Evang.
762 2316 945 2387 cap.l,
973 2330 1093 2386 pag.
1111 2313 1202 2379 48;
1220 2314 1477 2370 Herodot.
1504 2314 1596 2370 lib.
1618 2313 1865 2386 tt,§144;

271 2403 480 2461 Plutar.
504 2407 593 2463 lib.
616 2409 679 2462 de
698 2408 834 2463 Isid.
852 2419 899 2464 et
916 2406 1054 2464 Osir.
1073 2424 1191 2480 pag.
1224 2406 1330 2464 556
1353 2416 1407 2462 ct
1423 2423 1596 2479 seqq;
1639 2406 1863 2463 Tertull.

266 2501 493 2573 Apolog,
508 2517 628 2572 cap.
650 2502 703 2567 6,
721 2518 839 2574 pag.
870 2503 923 2570 7;
940 2506 1158 2572 August.
1183 2501 1278 2557 lib.
1300 2518 1373 2557 ttt.
1395 2501 1457 2556 de
1474 2501 1621 2556 Civit.
1637 2516 1753 2571 cap.
1777 2499 1864 2566 12,

266 2609 393 2667 pag.
420 2592 533 2666 66).
553 2598 622 2649 At
642 2604 790 2651 certe
813 2597 930 2651 lure
952 2612 1072 2652 cum
1098 2595 1313 2652 Minucii
1340 2595 1503 2650 nostri
1529 2605 1583 2650 et
1609 2594 1867 2650 Lactantii

266 2688 432 2744 dictis
458 2693 681 2759 optime,
713 2691 869 2746 sicuti
901 2690 1069 2757 vides,
1125 2691 1469 2745 conveniunt.
1530 2688 1645 2744 Non
1693 2689 1865 2744 solum

265 2784 415 2840 enim
433 2782 569 2839 Oros
595 2784 732 2840 idem
750 2793 911 2855 atque
941 2783 1311 2855 Ilarpocrates,
1337 2782 1429 2839 sed
1451 2783 1666 2853 Serapis
1682 2784 1864 2850 etiam,

265 2882 718 2953 quemadmodum
742 2882 1044 2937 Lactantius
1068 2882 1224 2950 paulo
1264 2890 1387 2936 ante
1415 2879 1679 2945 laudatus,
1708 2885 1868 2948 atque

267 2974 360 3029 alii
390 2973 770 3043 observarunt,
803 2976 1031 3046 ipsemet
1056 2984 1173 3030 erat
1200 2972 1390 3039 Osiris,
1422 2972 1575 3026 sicuti
1606 2985 1703 3026 nos
1729 2985 1865 3041 quo-

263 3084 373 3140 que
405 3068 527 3125 alibi
555 3071 951 3125 annotavimus.
976 3067 1032 3125 Si
1063 3069 1183 3140 quis
1212 3079 1387 3122 tamen
1413 3065 1612 3122 Osirim
1641 3063 1708 3120 ab
1728 3063 1868 3119 Iside

265 3161 421 3218 hisce
462 3161 514 3216 in
545 3162 715 3218 sacris
762 3162 1042 3231 qtuesitum
1066 3162 1449 3231 inventumque
1479 3158 1620 3214 illius
1647 3157 1866 3212 fratrem

263 3271 329 3311 ac
376 3256 629 3312 maritum
670 3255 838 3313 fuisse
886 3255 1194 3323 contendat,
1237 3265 1292 3311 et
1337 3264 1485 3310 recte

264 3350 398 3422 quin
428 3350 472 3405 is
496 3349 549 3405 in
582 3365 676 3405 sua
703 3359 918 3407 maneat
944 3350 1231 3416 Sententia,
1255 3348 1476 3404 minime
1500 3346 1864 3419 prohibemus.

264 3445 337 3498 At
387 3442 698 3502 meminisse
753 3460 967 3517 semper
1014 3444 1173 3500 debet
1218 3458 1325 3499 non
1377 3442 1538 3498 modo
1584 3444 1867 3497 obscuram

268 3552 497 3607 prorsus
551 3553 616 3594 ac
666 3537 946 3594 confusam
1011 3553 1134 3594 esse
1210 3538 1348 3594 hanc
1396 3537 1711 3603 historiam,
1773 3550 1870 3590 seu

262 3632 445 3702 potius
488 3626 757 3701 fabulam,
811 3632 905 3688 sed
957 3632 1242 3687 Minucium
1289 3647 1501 3703 queque
1551 3646 1606 3687 et
1642 3631 1869 3688 Lactan-

262 3724 402 3780 tium
448 3725 629 3795 plures
672 3724 924 3782 habuisse
978 3726 1246 3796 opinionis
1294 3742 1404 3781 suae
1452 3735 1754 3783 assertores
1804 3741 1868 3782 ac

264 3831 546 3893 patronos.

338 3916 575 3971 Probata
605 3915 762 3987 longe
789 3915 1023 3972 faciliora
1053 3916 1169 3971 haec
1198 3915 1374 3970 omnia
1403 3924 1548 3981 sunt,
1580 3930 1700 3985 quae
1739 3930 1868 3971 auc—

263 4020 351 4067 tor
382 4022 566 4065 noster
609 4009 661 4064 in
706 4010 962 4065 hormnee
991 4011 1274 4080 impiorum
1323 4009 1700 4081 mysteriorum
1727 4009 1869 4065 cele-

266 4101 520 4159 bratione
566 4101 746 4172 peragi
790 4102 964 4172 palam
1012 4102 1360 4173 conqueritur
1390 4120 1401 4156 :
1437 4121 1458 4152 ι
1494 4100 1613 4168 Isis,
1674 4103 1865 4173 inquit,

265 4194 537 4266 perditum
567 4170 732 4249 ﬁlium
760 4170 880 4249 cum
914 4170 1293 4266 Cynocephalo
1316 4211 1436 4260 suo,
1467 4193 1517 4249 id
1539 4203 1639 4259 est,
1667 4170 1864 4263 An‘ubi,

264 4287 425 4355 cuius
469 4284 635 4357 ﬁgura
664 4286 876 4358 publice
902 4285 1396 4351 circuntferebatur,
1426 4302 1546 4340 eum
1574 4286 1740 4341 calvis
1784 4304 1869 4340 sa-

265 4379 582 4434 cerdotibus
608 4379 772 4450 luget,
804 4379 1023 4449 plangit,
1060 4379 1298 4450 inquirit.
1340 4398 1359 4432 ι
1411 4379 1708 4434 Iiidiculam
1740 4394 1868 4434 vero

261 4486 494 4544 prorsus
536 4471 723 4528 harum
755 4475 1195 4529 Cil'I‘ClllOllI‘dI‘UIll
1232 4490 1478 4544 pompam
1506 4473 1762 4545 graphice
1786 4473 1868 4528 his

260 4566 528 4639 Apuleius
560 4566 845 4638 descripsit
875 4568 1051 4624 verbis
1078 4587 1089 4622 :
1129 4587 1147 4621 ι
1180 4566 1243 4623 Hi
1266 4568 1516 4638 capillum
1542 4567 1717 4624 derasi
1747 4567 1866 4622 fun-

261 4662 432 4728 ditus,
456 4661 655 4716 vertice
683 4662 1052 4733 praenitentes,
1083 4679 1290 4732 magna:
1326 4661 1600 4734 religionis
1650 4672 1862 4718 terrena
1889 4632 1942 4692 Β
1971 4626 1992 4698 (

263 4756 461 4828 sydera
501 4757 673 4812 cereis
710 4768 765 4813 et
802 4759 1091 4828 argenteis,
1143 4758 1305 4813 immo
1334 4772 1462 4813 vero
1497 4757 1674 4812 aureis
1702 4755 1861 4812 etiam

263 4851 444 4907 sistris
479 4859 723 4921 argutum
766 4852 1011 4906 tinnitum
1057 4861 1555 4921 constrepentes...
1584 4849 1679 4904 Ille
1708 4865 1864 4919 supe-

262 4960 387 5001 rum
434 4956 764 5000 commeator
799 4954 851 5000 et
897 4943 1149 5011 inferum,
1188 4959 1328 4999 nunc
1354 4955 1492 5005 atra,
1524 4959 1665 4999 nunc
1702 4958 1865 4998 aurea

265 5039 405 5094 facie
432 5039 694 5106 sublimis,
723 5039 973 5095 attollens
990 5040 1138 5095 canis
1158 5039 1397 5096 cervices
1418 5037 1615 5094 arduas
1634 5037 1863 5105 Anubis,

264 5133 406 5189 laeva
459 5132 767 5190 caducaeum
814 5150 1042 5206 gerens,
1087 5134 1273 5189 dextra
1327 5134 1555 5204 palmam
1604 5135 1866 5187 virentem

266 5226 517 5298 quatiens
548 5246 567 5280 ι
621 5227 823 5301 (Apul.
894 5228 984 5283 lib.
1043 5244 1078 5283 ιι
1130 5225 1474 5298 Metnntorplt.
1525 5241 1646 5297 pag.
1692 5225 1861 5298 201).

268 5319 427 5377 Unde
445 5320 700 5376 Martialis
726 5322 919 5377 cecinit
946 5341 957 5375 :

487 5412 706 5476 Linigeri
729 5412 925 5477 fugiunt
942 5414 1238 5477 sistrataque
1265 5414 1429 5463 turba.

859 5475 1115 5541 (Martial.,
1137 5475 1171 5527 l.
1199 5489 1263 5525 xu
1299 5477 1593 5540 Epigramm.
1611 5475 1717 5538 29.)

270 5560 600 5630 Expressius
626 5574 758 5616 vero
787 5560 1062 5616 Juvenalis
1093 5603 1106 5615 .

332 5650 467 5717 Ergo
492 5651 568 5701 hic
593 5654 888 5717 praecipuum
912 5667 1255 5717 summumque
1279 5662 1503 5705 meretur
1526 5655 1763 5706 honorem

338 5714 428 5781 Qni
452 5727 611 5781 grege
628 5714 844 5781 linigero
864 5714 1192 5767 circumdatus
1217 5723 1268 5781 et
1286 5730 1446 5781 grege
1465 5717 1623 5778 calvo,

340 5775 633 5839 Plangentis
649 5775 811 5842 populi
829 5781 981 5842 currit
1005 5780 1201 5842 derisor
1225 5775 1431 5830 Animis.

933 5840 1199 5903 (Juvenal.,
1222 5844 1390 5909 Satyr.
1420 5858 1485 5904 vt,
1511 5849 1627 5894 ante
1649 5841 1757 5907 ﬁn.)

1967 510 2074 581 pita
2102 518 2156 565 et
2192 507 2472 579 supercilia
2499 520 2595 561 sua
2635 503 2850 565 radunt,
2883 499 2930 555 si
2959 494 3174 567 quando
3214 491 3370 549 Isidis
3396 488 3568 546 susci-

1967 602 2120 673 piunt
2150 614 2301 654 sacra
2337 618 2357 651 ι
2391 598 2681 671 (Ambros.
2713 593 2881 663 Epist.
2919 590 3043 659 Lv'n;
3098 586 3165 640 ad
3212 582 3394 641 Subiit.
3436 595 3563 652 pag.

1969 692 2156 765 1015).
2187 692 2342 758 Vide,
2398 691 2443 746 si
2482 690 2681 755 lubeat,
2731 701 2851 756 quae
2877 687 2928 739 in
2960 684 3099 737 hunc
3127 680 3301 735 locum
3339 682 3565 730 annota-

1969 788 2161 852 vimus,
2186 786 2658 854 etHieronymum,
2680 776 3048 837 Prudentium.
3073 782 3235 843 atque
3257 770 3392 826 alios
3415 766 3566 840 (Hie-

1967 895 2180 952 ronym.
2209 879 2264 933 in
2307 893 2422 949 cap.
2452 891 2574 931 xuv
2607 871 2892 936 Ezechiel.;
2921 867 3180 925 Prudent.
3216 864 3307 920 lib.
3335 878 3394 918 ιι.
3423 869 3563 916 cont.

1969 971 2268 1044 Symmach.
2281 970 2322 1041 ).

2039 1066 2151 1122 Nec
2176 1067 2356 1120 minus
2383 1071 2593 1120 constat
2616 1061 2833 1128 Isiacos,
2865 1062 3001 1114 sicut
3026 1056 3101 1111 ait
3126 1055 3328 1110 Auctor
3355 1057 3561 1112 noster,

1971 1159 2054 1217 his
2076 1160 2227 1216 festis
2271 1158 2483 1214 credere
2525 1165 2765 1226 pectora,
2814 1163 2870 1208 et
2903 1151 3143 1207 dolorem
3182 1139 3562 1201 infelicissimae

1971 1255 2158 1311 matris
2201 1254 2418 1309 imitari.
2495 1252 2702 1307 Praater
2739 1247 2983 1304 laudatos
3025 1239 3288 1314 siquidem
3335 1251 3367 1291 a
3409 1230 3565 1289 nobis

1970 1348 2306 1405 Laetantium
2347 1356 2403 1403 et
2433 1345 2632 1402 Iulium
2674 1342 2964 1399 Firmicum
2989 1378 3006 1404 ,
3056 1330 3363 1391 Herodotus
3412 1334 3562 1381 certe

1972 1444 2060 1500 ubi
2085 1442 2153 1499 de
2179 1443 2263 1507 iis,
2284 1441 2376 1513 qui
2398 1438 2552 1496 Isidis
2579 1436 2769 1493 festum
2797 1432 3043 1505 agebant,
3067 1427 3341 1496 disputat:
3375 1436 3397 1470 ‹
3426 1415 3562 1513 Ver:

1970 1538 2253 1601 berantur,
2306 1534 2498 1603 inquit,
2529 1535 2806 1594 τύπτονται,
2856 1532 2976 1595 post
3024 1516 3344 1577 sacrilicium
3384 1507 3564 1567 cuncti

1969 1645 2025 1690 et
2075 1639 2300 1698 cunctm,
2360 1635 2525 1688 πάντες
2553 1634 2635 1678 καὶ
2679 1631 2855 1686 πᾶσαι,
2909 1615 3071 1674 multa
3120 1625 3251 1668 sane
3288 1604 3564 1698 hominum

1970 1726 2161 1784 millia.
2215 1695 2335 1793 Qun
2366 1731 2543 1776 autem
2583 1716 2935 1773 verberantur
2976 1723 3082 1765 non
3110 1713 3190 1762 est
3220 1700 3350 1757 mihi
3378 1697 3457 1754 fas
3483 1695 3567 1752 di-

1789 1792 1865 1897 ξιξ
1904 1824 1951 1884 Β
1979 1835 2129 1886 cere,
2177 1792 2272 1873 sed
2299 1832 2363 1872 ex
2404 1812 2654 1869 omnibus
2692 1806 2957 1889 praecipue
2992 1803 3095 1857 hoc
3140 1797 3345 1897 faciunt
3355 1792 3566 1897 .Cares,

1968 1916 2060 1988 qui
2083 1913 2374 1986 Egyptum
2407 1909 2683 1972 incolunt;
2718 1902 2854 1958 adeo
2882 1898 3099 1970 quidem
3127 1902 3185 1948 ut
3209 1889 3398 1963 gladiis
3428 1901 3566 1957 quo-

1965 2026 2072 2083 que
2104 2010 2306 2064 frontes
2333 1996 2639 2065 concidant,
2661 2007 2724 2058 τὰ
2747 2006 2951 2067 pit-ma
2967 1996 3224 2050 κόπτονται
3245 1995 3518 2083 pax-dipny
3539 1998 3560 2034 ι

1969 2075 2251 2178 (Ἠθι-οιιοι.
2288 2100 2379 2154 lib.
2414 2114 2469 2159 ιι.
2503 2095 2533 2169 §
2576 2094 2639 2150 6|
2680 2094 2719 2162 ).
2782 2087 3057 2157 Descripta
3100 2094 3278 2138 autem
3299 2079 3369 2178 ab
3395 2075 3568 2178 Attia-

1971 2168 2170 2265 itagttra
2201 2191 2316 2247 lucc
2346 2186 2602 2245 Herodoti
2641 2182 2805 2239 verba
2852 2178 3113 2241 invenies,
3143 2190 3213 2230 ex
3252 2171 3446 2244 quibus
3473 2168 3567 2224 ille

1970 2285 2244 2345 concludit
2264 2284 2397 2340 deos
2416 2278 2743 2337 immortales
2763 2290 2869 2330 non
2887 2287 3026 2337 esse,
3046 2270 3138 2342 qui
3156 2279 3261 2324 tam
3280 2273 3566 2322 cruentum

1969 2383 2024 2440 in
2051 2380 2266 2436 modum
2295 2373 2583 2436 verberati,
2608 2373 2660 2427 itt
2694 2370 2862 2426 sacris
2891 2367 3002 2424 suis
3022 2364 3348 2420 exhibentur
3366 2358 3561 2432 (Athe-

1971 2490 2091 2546 nag.
2113 2473 2292 2545 Legat.
2324 2486 2417 2541 pro
2444 2466 2748 2531 Christian.,
2783 2478 2900 2534 pag.
2928 2461 3019 2518 5‘2.
3069 2456 3205 2514 Ibid.
3258 2469 3377 2526 pag.
3434 2450 3501 2505 14
3521 2450 3564 2522 ).

1970 2545 2108 2638 Quid
2152 2569 2293 2622 enim
2339 2564 2507 2635 magis
2549 2560 2865 2622 absurdum,
2906 2570 3063 2626 quam
3106 2552 3173 2607 ab
3209 2545 3476 2611 Etlmicis,
3510 2549 3568 2598 ut

1972 2661 2130 2733 paulo
2174 2669 2299 2715 ante
2323 2657 2550 2718 dixerat,
2604 2655 2735 2711 deos
2776 2649 2975 2725 plangi,
3029 2656 3318 2719 pectusque
3346 2645 3567 2712 propter

1970 2756 2091 2812 illos
2114 2765 2383 2825 tamquam
2415 2762 2658 2807 mortuos
2681 2745 2974 2804 crudeliter
3015 2737 3186 2806 tundi,
3219 2748 3273 2793 et
3293 2735 3422 2806 ipsis
3450 2742 3563 2825 tum

1969 2822 2261 2906 sacriﬁcari
2312 2856 2580 2913 tamquam
2609 2842 2712 2899 diis
2757 2835 3169 2897 immortalibus.
3222 2828 3326 2887 Sed
3371 2828 3441 2883 de
3482 2822 3567 2881 bis

1969 2942 2211 3000 ridiculis
2253 2939 2531 3013 gentilium
2572 2936 2764 2993 ritibus
2811 2935 2959 3007 plura
3005 2929 3288 2999 Dionysius
3331 2922 3568 2979 Halicar-

1972 3050 2215 3103 nasseus,
2242 3032 2440 3105 aliique
2465 3048 2493 3085 a
2524 3030 2678 3086 nobis
2705 3045 2828 3084 mox
2855 3024 3053 3082 citaudi
3085 3020 3339 3095 (Dionys.
3368 3014 3562 3079 Halic.,

1973 3129 2066 3187 lib.
2097 3145 2153 3184 tt.
2178 3128 2428 3197 Antiquit.
2458 3125 2638 3194 Rom.,
2665 3138 2784 3195 pag.
2807 3121 2920 3192 9i).

1893 3229 1938 3294 Ο
2050 3221 2228 3292 Pergit
2256 3219 2521 3276 Minucius
2550 3236 2563 3273 :
2600 3237 2619 3270 ι
2655 3217 2783 3273 Rrec
2809 3224 2985 3270 tamen
3021 3207 3269 3282 ASgyptia
3296 3200 3566 3276 quondam

1971 3333 2122 3374 sacra
2145 3325 2199 3372 et
2227 3313 2495 3388 mysteria.
2540 3333 2559 3366 ι
2589 3311 2805 3382 Optime
2828 3307 3068 3380 quidem,
3099 3314 3156 3358 ut
3183 3310 3325 3373 patet
3350 3314 3417 3355 ex
3443 3309 3570 3367 pro-

1971 3411 2115 3466 xime
2153 3408 2381 3464 laudatis
2404 3422 2525 3463 cum
2556 3403 2849 3470 Herodoto,
2882 3410 2991 3455 tum
3019 3397 3380 3465 Athenagora,
3408 3400 3569 3460 atque

1971 3506 2091 3562 aliis
2122 3523 2136 3560 :
2168 3524 2193 3565 .t
2226 3503 2379 3559 Nunc
2402 3512 2459 3559 et
2484 3517 2658 3565 sacra,
2714 3519 2734 3552 ›
2768 3498 2841 3553 ait
2871 3495 3047 3551 adhuc
3071 3490 3352 3561 Minucius,
3400 3503 3419 3537 ι
3459 3483 3569 3539 lio-

1971 3616 2128 3657 mana
2157 3609 2298 3656 sunt.
2340 3619 2359 3651 ›
2405 3597 2559 3666 Quod
2598 3597 2760 3652 etiam
2792 3592 2968 3648 citatis
3000 3588 3156 3658 paulo
3202 3594 3328 3640 ante
3367 3577 3567 3635 Lucani

1973 3695 2218 3752 versibus
2247 3693 2500 3749 traditum
2529 3699 2907 3758 assertumque
2935 3684 3182 3740 vidimus.
3233 3676 3409 3733 Testis
3433 3686 3569 3744 quo-

1971 3806 2076 3861 que
2102 3800 2184 3845 est
2206 3788 2494 3845 Suetonius
2535 3785 2822 3849 Othonem,
2864 3781 3226 3836 Romanorum
3273 3771 3567 3838 Imperato—

1970 3897 2105 3948 rem,
2160 3896 2312 3937 sacra
2357 3879 2508 3935 Isidis
2533 3894 2676 3947 sape
2724 3877 2777 3931 in
2833 3875 2992 3929 lintea
3039 3866 3392 3938 religiosaque
3420 3866 3570 3913 veste

1971 3975 2245 4048 propalam
2271 3972 2576 4029 celebrasse
2602 3968 2848 4040 (Sueten.
2876 3967 2967 4022 lib.
2999 3978 3090 4029 vn,
3115 3959 3143 4033 §
3171 3956 3282 4029 12).
3315 3954 3571 4048 Commo-

1970 4044 2274 4123 dusautem
2303 4066 2666 4120 Romanorum
2690 4061 2874 4117 itidem
2908 4059 3223 4128 Imperator,
3255 4056 3389 4104 teste
3412 4044 3567 4101 Lant-

1971 4162 2162 4233 pridio,
2213 4179 2230 4211 ι
2266 4174 2417 4214 sacra
2465 4157 2617 4214 Isidis
2656 4154 2842 4220 coluit,
2874 4162 2929 4208 et
2959 4158 3016 4205 ut
3052 4154 3213 4217 caput
3258 4141 3473 4199 raderet
3515 4146 3570 4192 et

1970 4255 2182 4312 Anubin
2219 4260 2547 4324 portaret....
2574 4251 2773 4306 Isiacos
2802 4261 2930 4302 vero
2961 4242 3131 4315 pineis
3157 4252 3324 4309 usque
3354 4235 3420 4290 ad
3451 4246 3571 4303 per-

1969 4347 2165 4403 niciem
2198 4355 2382 4416 pectus
2411 4342 2635 4399 tundere
2664 4339 2914 4412 cogebat.
2966 4334 3097 4390 Cum
3142 4329 3357 4387 Anubin
3394 4334 3572 4396 porta-

1970 4449 2072 4507 ret,
2100 4441 2272 4509 capita
2309 4437 2601 4492 lsiacorum
2640 4432 2877 4506 graviter
2902 4424 3236 4485 obtundebat
3272 4435 3368 4475 ore
3404 4418 3570 4472 sintu-

1972 4534 2123 4589 lacri.
2161 4552 2180 4584 ι
2212 4532 2402 4588 Postea
2432 4545 2563 4586 vero
2589 4527 2719 4583 illud
2762 4524 2940 4581 adhuc
2970 4520 3166 4594 repetit
3207 4527 3261 4574 et
3289 4513 3574 4575 conﬁrmat

1998 4623 2296 4691 Lamprid.,
2334 4638 2453 4694 pag.
2480 4623 2586 4678 515
2619 4632 2674 4677 et
2699 4615 2849 4690 527).

2038 4716 2153 4772 Huc
2181 4715 2410 4781 accedit,
2442 4713 2584 4787 quod
2604 4713 2833 4784 posteris
2863 4706 3094 4779 prodidit
3130 4702 3376 4761 Valerius
3401 4697 3572 4754 Maxi~

1968 4824 2111 4878 mus,
2141 4808 2292 4865 Isidis
2314 4807 2458 4873 fana,
2483 4823 2514 4861 a
2543 4803 2847 4861 LJEmilio
2869 4799 3035 4856 Paulo
3056 4796 3300 4860 consule,
3330 4793 3573 4846 Itotnano

1968 4913 2156 4958 senatu
2178 4902 2421 4971 iubente,
2447 4898 2621 4955 diruta
2648 4907 2703 4952 et
2729 4908 2916 4951 eversa
2946 4890 3115 4946 fuisse
3145 4907 3156 4942 :
3184 4908 3203 4940 ι
3229 4885 3291 4942 L.
3321 4882 3575 4939 [Emilius

1973 4995 2169 5052 Paulus
2195 4993 2415 5059 Consul,
2450 5009 2571 5048 cum
2600 5000 2817 5046 senatus
2849 4984 3021 5048 Isidis,
3047 4982 3239 5052 inquit,
3272 4988 3326 5035 et
3354 4974 3574 5045 Serapis

1970 5090 2093 5148 fana
2124 5088 2383 5145 diruenda
2408 5084 2730 5145 censuisset,
2757 5095 2927 5150 eaque
2953 5090 3116 5132 nemo
3139 5071 3391 5143 opiﬁcum
3412 5067 3574 5123 attin-

1970 5199 2096 5258 gere
2134 5182 2377 5246 auderet,
2413 5179 2579 5251 posita
2609 5183 2887 5248 praetexta,
2915 5169 3147 5227 securim
3174 5165 3399 5237 arripuit
3438 5171 3574 5218 tem-

1971 5279 2154 5350 plique
2186 5276 2304 5346 ejus
2325 5274 2531 5330 toribus
2560 5270 2762 5327 inﬂexit
2795 5287 2815 5321 ι
2848 5264 3053 5339 (Valer.
3077 5258 3432 5326 Maxim.,lib.
3462 5269 3572 5350 t._c.

1969 5348 2025 5439 3,
2056 5371 2084 5444 §
2117 5370 2211 5425 ttlt.
2240 5368 2282 5441 ).
2337 5370 2380 5423 A
2407 5365 2740 5423 Tertulliano
2783 5373 3017 5432 quoque,
3047 5367 3106 5410 ut
3143 5368 3240 5409 suo
3285 5352 3403 5407 loco
3429 5348 3575 5444 vide-

1976 5441 2174 5532 bimus,
2206 5462 2481 5520 memoria:
2521 5458 2771 5515 traditum
2817 5462 2900 5509 est
2922 5450 3076 5507 Isidis
3106 5462 3227 5503 aras
3257 5462 3286 5501 a
3318 5441 3575 5500 Romanis

1974 5558 2306 5621 destructas,
2338 5566 2598 5624 sacraque
2645 5552 2895 5619 abrogata
2926 5559 2991 5600 ac
3037 5540 3231 5598 deinde
3276 5538 3518 5594 restituta
3549 5553 3567 5588 ι

1977 5650 2228 5720 (Tertull.
2251 5648 2495 5721 Apolog.,
2522 5660 2642 5715 cap.
2664 5643 2718 5711 6,
2742 5655 2862 5713 pag.
2893 5637 2958 5703 9;
2980 5645 3033 5693 et
3052 5635 3144 5693 lib.
3170 5650 3228 5691 ιι.
3260 5631 3325 5688 ad
3354 5628 3572 5686 Nation.

1975 5758 2092 5815 cap.
2125 5741 2212 5807 10,
2242 5756 2360 5814 pag.
2391 5739 2508 5812 54).

2050 5813 2209 5892 Recte
2235 5848 2363 5911 ergo
2387 5848 2451 5888 ex
2477 5831 2564 5888 his
2589 5828 2851 5887 Minucius
2877 5823 3148 5884 concludit
3175 5838 3190 5877 :
3225 5838 3247 5876 ι
3277 5818 3470 5879 Nonne
3497 5813 3573 5871 ri-
