4038 6308
238 294 337 355 657
1595 286 2068 348 DISSERTATIO.
2224 290 2241 299 ’
2268 288 2283 297 “
3423 289 3529 350 638

236 424 356 473 sunt
405 411 595 487 (Ovid.
641 411 733 470 lib.
790 426 822 466 v
869 409 1104 479 Easton,
1159 424 1282 483 pag.
1339 408 1443 465 617
1497 416 1552 463 et
1592 420 1747 479 seqq.
1773 406 1816 479 ).
1845 408 2046 468 Asuut
2065 421 2202 480 quos
2228 406 2388 465 hodie
2409 406 2599 465 Romae
2622 406 2775 465 Matri
2798 421 2906 463 non
2930 404 3528 473 όωιιιιιι,εοάάωηιο-

232 507 585 577 Quamobrem
613 505 665 561 id
716 512 919 560 tantum
946 503 1353 560 observavimus
1382 502 1499 558 btee
1527 516 1637 556 non
1661 499 1823 556 modo
1924 499 2133 554 uiarum
2182 501 2503 568 servientes,
2544 501 2719 571 gallos
2760 511 2976 566 vacant,
3024 514 3094 556 eo
3136 500 3281 571 quod
3327 500 3395 556 de
3429 502 3530 559 hac

234 599 397 665 iovis,
422 598 518 654 sed
546 598 665 669 eius
690 599 852 654 etiam
892 598 1080 653 matris
1109 595 1277 653 Rhea
1298 609 1452 651 sacra
1484 596 1669 661 luisse,
1702 607 1822 662 qua
1918 602 2083 664 gente
2130 594 2360 650 {tertiani
2398 603 2672 651 truncatus
2712 596 2952 662 libidine,
2996 596 3053 651 in
3076 596 3339 651 honorem
3370 596 3528 667 Atys,

234 694 300 750 ab
322 692 513 750 eodem
560 691 752 747 Ovidio
780 702 835 747 et
873 690 1173 755 Lactantio,
1208 690 1284 744 uti
1329 703 1430 744 suo
1466 688 1585 743 loco
1612 686 1821 742 videbi-
1922 701 2081 755 quem
2132 685 2448 742 Eunuchum
2492 688 2593 743 dea
2638 690 2900 744 meretrix
2952 686 3174 753 fecerat,
3218 687 3532 745 sacerdouts

236 800 369 852 mus,
414 785 699 854 perspicue
717 782 1294 853 describunturUdetn
1342 781 1437 837 lib.
1482 796 1531 833 tv
1589 778 1818 845 Festum,

237 895 353 951 pag.
377 879 482 933 173
508 888 563 932 et
587 892 705 946 seq.
758 877 936 943 Lact.,
967 877 1081 930 lib.t
1111 890 1232 944 cap.
1264 875 1356 939 21,
1381 890 1500 945 pag.
1522 876 1675 942 125).

302 971 383 1027 Ad
410 970 758 1042 Dindymenae
781 968 995 1024 tandem
1033 967 1273 1039 Cybeles
1297 980 1449 1022 sacra
1482 967 1626 1021 vertit
1655 964 1825 1019 Hirtu-

234 1063 383 1120 cius:
416 1060 523 1116 Sed
566 1080 588 1114 ο
642 1060 826 1128 pudet,
856 1059 1048 1129 inquit,
1077 1060 1280 1114 dicere.
1326 1056 1639 1113 Adulterum
1665 1070 1823 1113 suum

235 1154 514 1211 inleliciter
563 1153 841 1224 placitum,
869 1151 1124 1222 quoniam
1164 1160 1222 1207 et.
1276 1150 1389 1220 ipsa
1419 1148 1679 1207 delormis
1727 1160 1818 1205 ve-

239 1250 339 1305 tula
366 1261 420 1305 et
449 1249 742 1304 multorum
767 1248 991 1303 deorum
1018 1255 1189 1300 mater
1218 1287 1234 1311 ,
1256 1244 1322 1300 ad
1351 1255 1593 1314 stuprum
1621 1242 1825 1299 illicere

236 1358 337 1398 non
366 1352 600 1414 poterat,
647 1343 941 1406 exsecavit,
984 1349 1040 1395 ut
1081 1340 1240 1396 deum
1268 1339 1470 1394 scilicet
1502 1337 1700 1393 laceret
1722 1352 1822 1394 eu-

236 1437 486 1492 nuchum.
540 1436 768 1505 Propter
812 1434 953 1489 lianc
980 1433 1213 1488 fabulam
1265 1433 1390 1502 galli
1418 1447 1539 1487 eam
1577 1440 1630 1486 et
1659 1430 1825 1486 aemi-

236 1530 334 1584 viri
361 1527 448 1582 sui
472 1527 718 1598 corporis
742 1525 1006 1595 supplicio
1043 1524 1248 1579 colunt.
1287 1543 1308 1576 ο
1355 1522 1613 1588 Quamvis
1641 1533 1824 1577 autem

235 1622 388 1686 banc,
419 1630 478 1675 ut
504 1629 653 1675 recte
676 1628 865 1674 auctor
889 1628 1074 1674 noster
1109 1617 1203 1683 ait,
1252 1615 1489 1671 fabulam
1514 1614 1674 1671 aliter
1697 1614 1823 1668 Dio-

233 1715 394 1769 dorus
432 1711 667 1775 Siculus.
695 1711 1020 1777 Pausanias,
1072 1710 1317 1776 Servius,
1358 1709 1516 1764 aliter
1540 1723 1667 1764 vero
1691 1706 1822 1762 Ovi-

1925 779 2072 835 illius
2097 781 2473 851 mancipariut.
2534 782 2831 852 Propterea
2874 792 3055 837 autem
3084 782 3362 838 Gallorum
3400 796 3533 853 gen—

1924 876 1992 931 tis
2018 876 2262 933 horines
2301 877 2715 943 eﬂ‘emiuautur;
2751 889 2810 932 ut
2834 879 2923 948 qui
2956 878 3144 932 urbem
3180 878 3407 933 Romam
3444 888 3529 933 ce-

1922 981 2136 1038 perant,
2169 971 2269 1029 ιιπ
2288 970 2546 1026 [oriantur
2562 971 2860 1043 ignominia
2902 971 3284 1044 (llieronym.,
3317 972 3370 1026 in
3402 972 3527 1042 cap.

1925 1078 1976 1116 tv
2006 1060 2345 1131 0333.2).

2000 1154 2103 1211 Sed
2134 1155 2203 1209 ab
2225 1155 2342 1210 aliis
2372 1156 2467 1210 ille
2512 1156 2750 1226 arguitur
2774 1156 2914 1227 quod
2942 1157 3040 1211 bos
3066 1164 3329 1212 castratos
3352 1155 3533 1213 Matris

1926 1244 2084 1301 deum
2132 1262 2229 1307 seu
2275 1247 2508 1318 Cybeles
2537 1247 2874 1313 sacerdotes,
2908 1249 3123 1303 natioiie
3152 1246 3335 1303 Gallos
3363 1246 3528 1303 fuisse

1928 1338 2211 1409 putaverit.
2277 1338 2418 1394 Vero
2444 1340 2641 1394 etenim
2696 1339 2926 1393 similius
2964 1340 3284 1411 quibusdam
3324 1341 3531 1397 videtur

1924 1430 2190 1501 gallorum
2220 1436 2415 1487 nomen
2442 1430 2549 1487 illis
2573 1430 2880 1501 impositum
2911 1448 2939 1483 a
2974 1433 3086 1486 viro
3109 1432 3323 1488 nomine
3349 1429 3530 1494 Gallo.

1925 1525 2035 1595 qui.
2064 1535 2127 1579 ut
2148 1524 2222 1578 ait
2234 1523 2559 1593 Stephanus,
2596 1523 2697 1577 luit
2722 1523 3167 1594 primusforsitau
3192 1525 3427 1597 Cybeles
3446 1540 3532 1580 sa-

1925 1617 2133 1671 cerdos.
2163 1616 2261 1671 Alii
2288 1616 2365 1671 sic
2394 1625 2725 1687 nuncupatos
2759 1625 2941 1683 putant
2990 1632 3018 1695 ιι
3062 1615 3215 1695 Gallo
3236 1657 3251 1682 ,
3284 1616 3528 1689 Phrygias

1926 1710 2108 1775 ﬂuvio,
2138 1709 2227 1781 qui
2255 1726 2321 1765 ex
2352 1707 2561 1765 Celenis
2606 1704 2875 1763 tnontibus
2904 1711 2955 1764 in
2986 1694 3303 1780 Sangarium
3329 1710 3524 1765 iulluit.

234 1808 350 1863 dius
375 1817 538 1878 atque
586 1805 879 1872 Arnobius,
924 1816 979 1859 ut
1014 1804 1157 1860 infra
1194 1803 1565 1868 ostendemus,
1598 1817 1821 1858 enarra-
1850 1804 1900 1866 Β
1929 1802 1997 1857 Ει
2025 1803 2141 1857 inec
2167 1802 2250 1857 'est
2287 1816 2392 1857 non
2434 1802 2594 1857 modo
2643 1800 2929 1856 Herotiiaui
2971 1801 3306 1870 (Herodian.,
3358 1800 3444 1854 lib.
3477 1817 3532 1868 t,

232 1902 428 1966 veriut,
454 1915 557 1956 nec
577 1899 811 1955 Loeiano
840 1908 1114 1968 tamquam
1139 1898 1363 1951 omnino
1394 1911 1517 1952 vera
1553 1894 1822 1961 videatur,

226 1994 298 2049 rab
322 1994 430 2049 isto
457 2004 631 2049 tamen
654 1992 816 2056 hunc,
847 2006 1006 2062 quem
1036 1990 1467 2046 verisimiliorem
1494 1999 1699 2051 censet,
1729 2004 1827 2043 ex-

235 2088 450 2157 ponitur
486 2086 540 2140 in
594 2086 810 2141 modum
842 2103 856 2139 :
890 2102 912 2137 ι
957 2087 1110 2139 Attes
1149 2099 1349 2154 genere
1376 2084 1594 2154 quidem
1642 2081 1822 2154 Lydus

237 2178 349 2247 fuit,
380 2180 587 2250 primus
613 2182 789 2233 autem
824 2192 1103 2233 sacrorum
1138 2178 1291 2244 ritus,
1338 2179 1531 2245 quibus
1558 2176 1708 2231 Rhea
1732 2191 1827 2232 eo-

236 2275 469 2339 leretur,
529 2272 751 2327 tradidit
782 2288 797 2326 :
829 2287 894 2327 ac
932 2271 1127 2341 quibus
1178 2271 1435 2343 Phryges,
1472 2281 1524 2325 et
1558 2268 1714 2341 Lydi,
1772 2278 1830 2325 et

233 2365 614 2424 Samothraces
645 2365 696 2419 in
726 2365 897 2419 sacris
918 2372 1165 2427 utuntur,
1207 2378 1269 2417 ea
1295 2363 1474 2417 omnia
1496 2362 1565 2416 ab
1595 2362 1720 2416 Alte
1739 2374 1831 2416 ac-

235 2469 515 2530 ceperunt.
571 2459 862 2530 Postquam
891 2459 1037 2514 enim
1064 2458 1236 2528 ipsum
1262 2457 1518 2511 castravit
1546 2456 1719 2523 Rhea,
1748 2454 1831 2510 vi-

237 2566 339 2607 tam
384 2553 606 2624 quidem
648 2552 856 2607 virilem
914 2566 1076 2622 agere
1120 2550 1313 2615 desiit,
1373 2549 1599 2603 formam
1651 2558 1832 2603 autem

238 2647 521 2702 femineam
593 2648 917 2716 assumpsit,
987 2654 1297 2713 vestemque
1371 2644 1688 2698 muliebrem
1754 2644 1833 2697 in-

234 2743 417 2796 duit...
453 2740 671 2796 Dicebat
696 2749 874 2794 autem
898 2749 952 2794 et
978 2739 1045 2793 de
1068 2738 1242 2809 gallis,
1270 2739 1358 2805 qui
1387 2738 1441 2791 in
1461 2737 1659 2805 templo
1685 2746 1831 2804 sunt,

235 2832 373 2904 quod
395 2833 527 2904 galli
566 2831 763 2888 lunoni
786 2832 1001 2902 quidem
1035 2830 1469 2901 haudquaquam,
1518 2827 1684 2884 Rhea:
1738 2844 1836 2883 au—

236 2936 340 2980 tem
361 2925 591 2980 castrari
614 2924 840 2988 soleant,
863 2933 919 2978 et
939 2923 1120 2979 Attem
1135 2923 1437 2977 imitentur.
1469 2938 1489 2973 ι
1521 2920 1658 2975 Τιιιιι
1685 2920 1836 2975 dein-

236 3019 421 3074 deille
448 3018 702 3073 edisserit
729 3017 1001 3088 quotnodo
1033 3018 1224 3071 tierent
1247 3015 1392 3085 galli,
1431 3028 1496 3070 ac
1536 3014 1711 3069 virilia
1756 3015 1836 3070 eis

237 3120 643 3181 autputareutttr
695 3108 979 3179 (Diodor.,
1030 3108 1120 3163 lib.
1154 3124 1207 3161 ιιι
1252 3105 1495 3161 Biblioth.
1552 3120 1670 3176 pag.
1706 3106 1832 3170 G54;

238 3202 468 3257 Pausan.
505 3201 597 3256 lih.
634 3217 707 3255 vn
740 3202 977 3255 Arcadia
1026 3216 1145 3270 pag.
1174 3199 1302 3259 2%;
1346 3201 1524 3263 Serm,
1560 3199 1613 3252 itt
1658 3200 1753 3253 lib.
1783 3214 1836 3253 ix
1861 3203 1906 3266 Ο,

239 3294 458 3350 Eneid.
488 3292 637 3364 Virg.
665 3292 859 3357 v.135;
891 3292 1072 3353 0vitl.,
1103 3292 1195 3346 lib.
1228 3308 1279 3346 tv
1294 3289 1441 3345 Fati.
1476 3290 1577 3363 §5;
1603 3291 1832 3359 Antid»,

239 3390 331 3444 lib.
357 3390 482 3444 ads.
506 3387 657 3442 Gem.
688 3403 809 3457 pag.
854 3386 956 3441 157
983 3397 1038 3441 et
1062 3403 1209 3457 scq.;
1242 3388 1466 3442 Dissert.
1512 3387 1567 3439 iu
1614 3383 1831 3451 Aruob.,

237 3498 353 3552 cap.
398 3483 496 3549 26,
546 3491 651 3537 art.
680 3484 733 3547 l;
778 3481 1000 3536 Lucian.
1035 3484 1099 3534 de
1143 3481 1253 3535 Dea
1279 3480 1402 3552 Syr.
1438 3495 1558 3551 pag.
1610 3481 1744 3535 l50l
1781 3490 1837 3535 et.

237 3592 387 3646 seqq.
418 3576 559 3631 ibid.
588 3591 712 3646 pag.
748 3576 933 3648 1075).
984 3576 1060 3631 Ex
1088 3575 1175 3629 bis
1198 3587 1376 3631 autem
1407 3590 1528 3645 qua:
1556 3552 1838 3629 audisti'e‘t

238 3672 304 3725 ab
332 3686 399 3725 eo
428 3670 557 3725 alibi
587 3670 760 3725 adhuc
790 3671 982 3725 tradita
1028 3680 1168 3735 sunt,
1206 3670 1417 3725 Minucii
1449 3669 1619 3724 nostri
1651 3682 1837 3723 narra-

240 3764 312 3818 tio
334 3765 495 3833 plane
514 3764 866 3818 conﬁrmatur
893 3774 1054 3834 atque
1076 3763 1395 3819 illustratur.

306 3859 582 3915 Prmterea
634 3868 693 3915 ut
744 3859 1112 3925 Lactantium,
1162 3859 1542 3921 Prudentium,
1593 3857 1838 3927 aliosque

236 3966 395 4023 quam
424 3952 686 4022 plurimos
704 3955 1000 4018 mittamus,
1028 3952 1354 4022 Augustinus
1376 3951 1464 4021 qui
1487 3950 1607 4005 hate
1636 3959 1837 4021 mystc-

237 4047 315 4099 ria
334 4044 684 4115 Carthagine,
719 4062 739 4096 ε
772 4058 945 4116 usque
964 4045 1016 4098 in
1042 4043 1376 4109 hesternum,
1400 4044 1591 4115 inquit,
1613 4040 1778 4108 diem,
1806 4059 1831 4095 ι

240 4137 291 4192 id
320 4147 428 4203 est,
463 4137 532 4192 ad
558 4151 716 4194 suum
747 4151 917 4207 uSque
940 4145 1151 4207 tempus
1196 4136 1464 4192 celebrata
1492 4134 1660 4191 fuisse
1687 4134 1839 4190 testi-

237 4230 449 4301 ﬁcatur,
490 4231 556 4287 de
595 4234 659 4287 iis
696 4232 885 4287 eadem
929 4246 1137 4299 rursus,
1185 4240 1346 4302 atque
1390 4230 1621 4300 ipsemet
1650 4238 1838 4284 auctor

236 4334 444 4393 noster,
488 4324 679 4380 litteris
722 4324 1035 4379 mandavit:
1074 4342 1092 4375 t
1120 4322 1284 4378 Sacra
1306 4331 1454 4387 sunt,
1501 4324 1599 4389 ait,
1654 4320 1839 4375 Matris

237 4416 420 4483 deum,
453 4418 544 4473 ubi
578 4421 709 4490 Atys
740 4419 960 4488 pulcher
996 4418 1334 4482 adolescens,
1387 4417 1455 4471 ab
1483 4431 1545 4472 ea
1578 4415 1836 4482 dilectus,

237 4520 292 4565 et
318 4510 573 4565 muliebri
596 4511 715 4565 zelo
744 4511 1035 4575 abscissus,
1066 4512 1228 4565 etiam
1262 4508 1542 4565 hominum
1572 4510 1840 4568 abscisso-

236 4616 394 4670 rutn,
446 4617 582 4673 quos
633 4604 804 4675 gallos
855 4612 1066 4668 vocant,
1114 4602 1427 4658 infelicitate
1470 4602 1832 4674 deploraturt
1862 4602 1918 4665 D

241 4695 537 4767 (Laetam,
592 4695 685 4751 lib.
737 4712 776 4764 t,
826 4706 949 4766 cap.
993 4694 1086 4760 21;
1130 4693 1385 4750 Prudent.
1440 4694 1626 4767 hymn.
1676 4697 1732 4752 in
1778 4698 1841 4754 8.

242 4786 468 4845 Roman.
501 4788 601 4844 sub
627 4788 748 4853 lin.;
774 4790 999 4858 August.
1044 4788 1137 4845 lib.
1173 4803 1222 4842 vi
1252 4787 1313 4843 de
1335 4787 1567 4855 Civitat.,
1599 4804 1717 4859 cap.
1748 4788 1843 4858 26,

243 4894 362 4953 pag.
419 4879 571 4954 154).
629 4881 791 4938 Addit
825 4894 985 4952 porro
1040 4882 1155 4936 haec
1204 4882 1468 4937 horrenda
1490 4885 1848 4946 sacra,omui

240 4977 457 5032 scenica
479 4978 828 5033 obscoenitate
846 4977 1103 5047 turpiora,
1118 4976 1184 5030 ab
1208 4974 1334 5046 ipsis
1350 4991 1562 5049 quoque
1584 4978 1846 5034 observa-

243 5077 294 5122 ta
345 5068 512 5125 fuisse
582 5069 841 5125 Romanis
892 5068 1081 5142 (lbid.
1139 5083 1259 5139 pag.
1340 5068 1496 5143 18:2).
1566 5070 1848 5143 Quaprop-

244 5169 325 5216 ter
375 5163 634 5220 Tatianus
724 5174 884 5220 antea
917 5162 1045 5218 illud
1094 5162 1325 5219 ethnicis
1370 5164 1502 5220 vitio
1555 5176 1843 5222 verterat:

249 5276 267 5308 ι
316 5256 492 5325 Rhea,
537 5258 832 5329 inquiebat,
890 5272 1048 5327 quam
1098 5257 1149 5311 in
1189 5257 1409 5329 Phrygii
1441 5259 1715 5315 montibus
1741 5258 1847 5331 Cy-

243 5348 423 5404 belum
471 5359 685 5417 vocant,
715 5366 1006 5423 puerorum
1038 5350 1407 5407 exsectionem
1438 5362 1657 5422 preptcr
1684 5350 1846 5422 Atym

243 5451 483 5494 amatum
501 5440 549 5495 ci
576 5455 822 5510 puerum,
846 5442 1347 5498 iustitnissel‘erunt
1374 5460 1393 5493 ι
1425 5440 1684 5513 (Tutiam,
1709 5451 1843 5496 orat.

242 5524 391 5588 cont.
430 5530 619 5595 ϐιαία,
664 5548 785 5604 pag.
838 5534 939 5588 H7
972 5534 1010 5604 ).
1041 5532 1147 5588 Nec
1195 5534 1373 5587 minus
1414 5532 1636 5598 diserte,
1681 5535 1846 5591 immo

244 5636 296 5679 et
328 5618 499 5696 magis
529 5625 764 5681 dilucide
818 5625 1174 5697 Hieronymus
1222 5627 1288 5680 de
1338 5625 1551 5691 iisdem,
1582 5641 1645 5680 ac
1676 5620 1847 5681 Miuu-

244 5719 383 5783 Cius,
422 5719 677 5775 Romanis
709 5719 825 5776 hmc
862 5721 1171 5790 turpissima
1205 5719 1436 5790 Cybeles
1463 5720 1719 5790 mysteria
1746 5735 1845 5775 suo

247 5809 423 5866 adhuc
475 5822 713 5883 tempore
757 5812 1180 5882 imminentibus,
1238 5814 1316 5871 sic
1359 5813 1594 5884 loquitur
1632 5828 1713 5888 iit
1776 5811 1845 5874 ni

1933 1908 2052 1968 pag.
2085 1892 2192 1953 476
2218 1895 2259 1969 ),
2300 1902 2484 1952 verum
2530 1897 2688 1952 etiam
2733 1890 2905 1951 Ovidii
2943 1894 3142 1965 opinio,
3189 1910 3351 1966 quam
3384 1893 3533 1951 hisce

1929 1988 2173 2047 versibus
2197 1989 2448 2060 exprimit
2479 2006 2493 2043 :

2085 2099 2182 2165 Cur
2207 2102 2357 2165 igitur
2381 2100 2554 2162 gallos,
2580 2100 2663 2165 qui
2688 2113 2744 2150 se
2770 2099 3283 2165 exciderervocamus,

2147 2156 2268 2215 Cum
2286 2156 2470 2215 tantitm
2494 2178 2519 2212 a
2543 2156 2754 2226 Phrygia
2777 2156 2960 2226 Gallica
2983 2162 3135 2226 distet
3158 2156 3375 2226 humus?

2089 2227 2244 2290 Inter.
2270 2228 2353 2289 ait,
2382 2228 2586 2278 viridem
2607 2221 2820 2290 Cybelen
2840 2224 3062 2290 ultusque
3086 2221 3318 2283 Celonas,

2150 2286 2404 2359 Alanisin
2420 2292 2607 2359 insana,
2630 2286 2830 2359 nomine
2848 2286 3048 2359 Gallus,
3075 2298 3220 2359 aqua.

2089 2352 2308 2413 Quilibet
2323 2353 2438 2401 inde
2456 2351 2592 2407 furit.
2614 2349 2784 2414 procul
2811 2348 2923 2398 hinc
2942 2348 3180 2414 discedite
3199 2348 3345 2414 queis
3369 2352 3467 2408 est,

2151 2416 2277 2468 Cum
2307 2417 2450 2467 bona:
2466 2410 2675 2465 tuentis:
2702 2414 2785 2476 qui
2804 2414 2930 2464 bibit
2952 2412 3090 2473 inde,
3114 2410 3251 2460 hirti.

2614 2496 2801 2561 (Ovid,
2826 2496 2861 2546 l.
2880 2510 2928 2546 tv
2954 2495 3114 2554 Fast,
3136 2493 3256 2557 ξδςο)

1936 2604 2196 2660 Fluminis
2222 2613 2401 2657 autem
2430 2603 2572 2657 illius
2603 2602 2843 2656 meminit
2868 2599 3075 2653 Plinius
3104 2638 3119 2664 ,
3149 2610 3308 2669 quem
3340 2594 3527 2651 videre

1937 2699 2137 2768 poteris
2164 2740 2180 2765 ,
2210 2695 2658 2768 quemadmodum
2697 2702 2752 2749 et
2779 2690 3024 2747 Vossiunt
3049 2733 3065 2758 ,
3115 2705 3179 2745 ac
3216 2688 3410 2744 Lilium
3438 2685 3534 2743 Gi-

1936 2791 2144 2847 raldum
2190 2789 2257 2845 dc
2292 2790 2381 2844 illa
2422 2788 2651 2860 Cybeles
2710 2799 2765 2841 et
2816 2780 2947 2856 Atys
2994 2783 3203 2849 fabula,
3234 2781 3304 2836 de
3348 2795 3536 2836 eorum

1937 2884 2208 2955 mysteriis
2235 2924 2250 2949 ,
2297 2882 2509 2953 illisque
2552 2879 2706 2951 gallis
2750 2877 3108 2947 disputantes.
3183 2868 3262 2929 De
3306 2872 3389 2929 his
3437 2884 3535 2929 nos

1937 2991 2171 3046 quoque,
2203 2989 2265 3029 ac
2298 2975 2632 3045 potissimum
2658 2975 2723 3029 de
2746 2971 2958 3026 illorum
2992 2969 3370 3041 mysteriorum
3402 2982 3532 3021 auc-

1941 3079 2056 3124 tore
2110 3069 2235 3124 alibi
2281 3070 2671 3138 disputavimus
2714 3065 2885 3137 (Plin.
2920 3066 3008 3118 lib.
3053 3079 3182 3118 xui
3232 3061 3371 3115 Ηὶιςι.
3403 3059 3531 3114 Nat.

1940 3176 2057 3231 cap.
2088 3159 2143 3223 2,
2164 3176 2281 3231 pag.
2313 3161 2436 3223 779;
2474 3159 2627 3215 Voss.
2662 3156 2699 3213 l.
2728 3172 2748 3213 ι
2780 3159 2842 3211 de
2867 3155 3012 3228 Orig.
3043 3166 3087 3209 et
3121 3152 3305 3226 Progr.
3342 3152 3536 3207 Idolol.

1939 3267 2059 3323 cap.
2079 3252 2172 3309 20.
2208 3268 2332 3324 pag.
2369 3252 2437 3307 78
2485 3263 2537 3308 et
2585 3268 2762 3322 scqq.;
2799 3250 3002 3305 Girald.
3034 3259 3238 3320 sgntug.
3293 3262 3347 3302 tv
3400 3245 3533 3300 Hist.

1940 3347 2108 3411 deam;
2140 3346 2293 3402 Tom.
2326 3347 2349 3400 1
2383 3348 2627 3418 Αρριιιίιι.
2684 3346 2777 3401 hb.
2824 3360 2900 3399 Ill.
2939 3344 3155 3400 dissert.
3203 3358 3241 3401 ιι
3271 3385 3286 3408 ,
3328 3356 3447 3421 cap.
3481 3339 3536 3407 ll,

1938 3450 2037 3493 art.
2069 3428 2124 3502 Ξ,
2160 3455 2279 3510 pag.
2310 3438 2414 3494 758
2441 3450 2493 3493 et
2521 3454 2651 3509 seqq

2006 3533 2271 3617 Cutleru’ttt
2312 3534 2525 3589 tametsi
2568 3533 2794 3597 eadem,
2846 3532 2922 3589 uti
2966 3532 3075 3600 iam
3110 3529 3485 3585 annotavimus
3520 3568 3537 3593 ,

1939 3618 2208 3675 diceretur
2236 3616 2336 3676 isis
2365 3659 2381 3686 ,
2414 3618 2577 3675 Ceres
2605 3661 2620 3685 ,
2649 3618 2853 3690 Cybele
2883 3659 2899 3683 ,
2930 3617 3080 3671 llltca
3112 3658 3126 3680 ,
3163 3616 3495 3686 Dindymene
3523 3653 3540 3679 ,

1939 3727 2003 3765 ac
2044 3712 2275 3767 Deorum
2306 3723 2476 3766 mater
2508 3754 2523 3778 ,
2554 3711 2778 3779 aliisque
2801 3709 2977 3763 adhuc
3002 3750 3016 3771 ,
3050 3716 3107 3760 ut
3137 3707 3453 3760 Plutarchus
3485 3715 3539 3759 ct

1934 3797 2135 3859 Strabo
2161 3803 2448 3860 obschatit
2474 3846 2487 3871 ,
2537 3798 2843 3859 nominibus
2886 3799 3247 3872 appellaretur
3278 3814 3291 3862 ;
3325 3806 3538 3851 constat

1941 3896 2287 3953 nihilominus
2326 3894 2535 3953 diVet-sa
2582 3898 2745 3953 fuisse
2798 3911 2949 3951 sacra
2978 3906 3031 3951 et
3052 3892 3211 3959 festa,
3256 3888 3377 3963 qua:
3407 3907 3537 3962 age-

1942 3989 2137 4045 bantur
2162 3992 2218 4046 iit
2243 3991 2457 4048 Cereris
2482 3991 2863 4060 Proserpinam
2885 3987 3199 4060 quturcntis,
3226 4000 3290 4040 ac
3314 3979 3543 4056 Cybeles

1941 4080 2101 4137 simul
2127 4093 2181 4139 et
2207 4082 2397 4156 Atydis
2424 4056 2743 4138 memoriain
2773 4056 3074 4150 (Pluiarch.
3092 4056 3160 4130 in
3196 4070 3314 4129 Vita
3336 4070 3538 4128 Cwsar.

1940 4191 2061 4249 pag.
2091 4172 2215 4233 lli.
2248 4176 2427 4233 Strab.
2458 4174 2553 4230 lib.
2588 4190 2639 4228 ι.
2666 4171 2853 4245 Geogr.
2887 4187 3006 4244 pag.
3042 4168 3142 4225 169
3169 4167 3213 4242 ).
3261 4166 3366 4225 Sed
3394 4179 3544 4237 quie-

1942 4287 2172 4341 cumque
2209 4285 2273 4327 ea
2317 4270 2423 4325 sint
2448 4312 2461 4333 ,
2507 4267 2911 4325 evidctttissitne
2950 4266 3322 4320 demonstrant
3348 4259 3539 4315 lalsam

1940 4362 2157 4418 illorum
2186 4362 2517 4418 divinitatem
2549 4402 2565 4428 ,
2617 4368 2777 4431 atque
2805 4358 3088 4430 gentilium
3124 4371 3218 4413 eos
3242 4353 3538 4411 colentium

1943 4461 2334 4533 deplorandam
2359 4457 2654 4513 circitatem
2680 4464 2733 4509 et
2766 4452 3079 4509 amentiam.

2546 4604 2838 4652 Αιιτιουιιιε
2874 4608 2952 4648 ιιι.

1950 4736 2029 4791 De
2073 4735 2189 4791 aliis
2229 4732 2593 4806 superstitiosis
2645 4741 2691 4785 et
2730 4730 2967 4786 absurdis
3020 4726 3299 4783 Gentilium
3337 4723 3541 4791 ritibus,

2020 4828 2201 4900 quibus
2248 4827 2419 4898 plures
2454 4824 2701 4897 sanguine
2742 4839 2836 4877 suo
2877 4821 3122 4886 libabant,
3155 4836 3214 4873 ac
3253 4814 3545 4873 vulneribus

2016 4922 2336 4993 uiriliuutque
2360 4921 2612 4976 excisione
2639 4916 3014 4990 supplicabunt,
3049 4917 3266 4983 deosque
3296 4909 3545 4965 ducebant

2025 5016 2227 5069 uicatim
2258 5017 2637 5078 mendicantes;
2666 5012 2729 5066 de
2761 5010 2978 5081 lupercis
3007 5007 3168 5061 cruda
3190 5005 3367 5077 hyeme
3396 5003 3545 5059 nudis

2025 5107 2448 5173 discurrentibus,
2475 5105 2643 5160 obvios
2673 5100 3050 5157 verberantibus
3072 5115 3131 5151 ac
3162 5098 3316 5167 pelles
3342 5096 3545 5150 ca’dett-

1950 5244 1965 5273 λ
2024 5203 2192 5266 (ibus;
2215 5202 2279 5256 de
2309 5201 2468 5257 Saliis
2495 5200 2717 5271 pilentis,
2750 5207 2797 5251 et
2824 5206 2967 5250 scuta
2992 5204 3155 5248 uetera
3185 5190 3547 5262 circumferen-

2022 5295 2173 5349 tibus.

2012 5433 2296 5489 Neminem
2326 5444 2447 5488 esse
2474 5439 2743 5502 putamus,
2768 5429 2858 5499 qui
2888 5443 2953 5483 ex
2974 5426 3234 5482 hactenus
3261 5421 3547 5495 disputatis

1944 5527 2109 5583 facile
2158 5538 2269 5582 non
2308 5526 2568 5597 intelligat
2597 5524 2726 5595 quid
2775 5524 2877 5578 sibi
2927 5522 3190 5580 Minucius
3217 5519 3383 5584 velit,
3423 5530 3548 5572 cum

1949 5622 2212 5678 absurdos
2256 5622 2518 5693 planeque
2546 5618 2949 5689 superstitiosos
2982 5616 3351 5671 Romanorum
3376 5610 3548 5667 falsos

1947 5719 2080 5771 deos
2119 5714 2455 5770 adorantium
2499 5712 2633 5767 ritus
2670 5711 2962 5765 insectatur
2985 5748 3001 5773 ,
3046 5722 3111 5762 ac
3145 5703 3441 5776 quemlibet
3480 5716 3550 5756 ex

1945 5806 2055 5871 illis
2080 5807 2359 5865 hominem
2388 5804 2583 5864 merito
2624 5802 2847 5875 corripit
2886 5818 2902 5857 :
2958 5820 2978 5853 ι
3010 5800 3115 5867 Qui
3151 5798 3413 5869 sanguine
3443 5807 3543 5851 suo
