  <div class='ocr_page' id='page_1' title='image "/cluster/home/n/w/nwhite01/storage/ocr_20150623/3/hvd.32044015471212/369.png"; bbox 0 0 4038 6308; ppageno 0'>
   <div class='ocr_carea' id='block_1_1' title="bbox 489 264 596 322">
    <p class='ocr_par' dir='ltr' id='par_1_1' title="bbox 489 264 596 322">
     <span class='ocr_line' id='line_1_1' title="bbox 489 264 596 322; baseline 0 0"><span class='ocrx_word' id='word_1_1' title='bbox 489 264 596 322; x_wconf 75' lang='lat'><strong>639</strong></span> 
     </span>
    </p>
   </div>
   <div class='ocr_carea' id='block_1_2' title="bbox 1757 267 2471 330">
    <p class='ocr_par' dir='ltr' id='par_1_2' title="bbox 1757 267 2471 330">
     <span class='ocr_line' id='line_1_2' title="bbox 1757 267 2471 330; baseline 0.006 -4"><span class='ocrx_word' id='word_1_2' title='bbox 1757 270 1846 326; x_wconf 88' lang='lat' dir='ltr'><strong>DE</strong></span> <span class='ocrx_word' id='word_1_3' title='bbox 1884 267 2142 327; x_wconf 76' lang='grc' dir='ltr'><strong>ΜΙΝοοΗ</strong></span> <span class='ocrx_word' id='word_1_4' title='bbox 2169 269 2471 330; x_wconf 78' lang='lat' dir='ltr'><strong>OCTAVIO</strong></span> 
     </span>
    </p>
   </div>
   <div class='ocr_carea' id='block_1_3' title="bbox 3710 281 3810 336">
    <p class='ocr_par' dir='ltr' id='par_1_3' title="bbox 3710 281 3810 336">
     <span class='ocr_line' id='line_1_3' title="bbox 3710 281 3810 336; baseline 0.01 -1"><span class='ocrx_word' id='word_1_5' title='bbox 3710 281 3810 336; x_wconf 69' lang='lat'><strong>650</strong></span> 
     </span>
    </p>
   </div>
   <div class='ocr_carea' id='block_1_4' title="bbox 496 379 3804 468">
    <p class='ocr_par' dir='ltr' id='par_1_4' title="bbox 496 379 3804 468">
     <span class='ocr_line' id='line_1_4' title="bbox 496 379 3804 468; baseline 0.005 -32"><span class='ocrx_word' id='word_1_6' title='bbox 496 379 669 448; x_wconf 81' lang='lat' dir='ltr'><strong>libat,</strong></span> <span class='ocrx_word' id='word_1_7' title='bbox 703 392 760 439; x_wconf 92' lang='lat' dir='ltr'><strong>et</strong></span> <span class='ocrx_word' id='word_1_8' title='bbox 795 385 1106 441; x_wconf 78' lang='lat' dir='ltr'><strong>vulneribus</strong></span> <span class='ocrx_word' id='word_1_9' title='bbox 1134 386 1246 442; x_wconf 88' lang='lat' dir='ltr'><strong>suis</strong></span> <span class='ocrx_word' id='word_1_10' title='bbox 1287 387 1549 457; x_wconf 93' lang='lat' dir='ltr'><strong>supplicat</strong></span> <span class='ocrx_word' id='word_1_11' title='bbox 1579 425 1592 440; x_wconf 94' lang='lat'><strong>.</strong></span> <span class='ocrx_word' id='word_1_12' title='bbox 1631 429 1643 438; x_wconf 95' lang='lat'><strong>.</strong></span> <span class='ocrx_word' id='word_1_13' title='bbox 1679 426 1691 439; x_wconf 89' lang='lat'><strong>.</strong></span> <span class='ocrx_word' id='word_1_14' title='bbox 1729 406 1792 442; x_wconf 62' lang='grc' dir='ltr'><strong><em>τ.</em></strong></span> <span class='ocrx_word' id='word_1_15' title='bbox 1829 428 1842 441; x_wconf 91' lang='grc'><strong>.</strong></span> <span class='ocrx_word' id='word_1_16' title='bbox 1884 398 1974 441; x_wconf 88' lang='lat' dir='ltr'><strong>aut</strong></span> <span class='ocrx_word' id='word_1_17' title='bbox 2008 388 2092 442; x_wconf 89' lang='lat' dir='ltr'><strong>cui</strong></span> <span class='ocrx_word' id='word_1_18' title='bbox 2122 389 2169 446; x_wconf 89' lang='lat' dir='ltr'><strong>A</strong></span> <span class='ocrx_word' id='word_1_19' title='bbox 2203 391 2413 458; x_wconf 86' lang='lat' dir='ltr'><strong>pergit,</strong></span> <span class='ocrx_word' id='word_1_20' title='bbox 2449 409 2468 442; x_wconf 74' lang='grc' dir='ltr'><strong>ι</strong></span> <span class='ocrx_word' id='word_1_21' title='bbox 2505 390 2726 460; x_wconf 91' lang='lat' dir='ltr'><strong>vicatim</strong></span> <span class='ocrx_word' id='word_1_22' title='bbox 2749 392 2880 448; x_wconf 91' lang='lat' dir='ltr'><strong>deos</strong></span> <span class='ocrx_word' id='word_1_23' title='bbox 2919 393 3159 460; x_wconf 90' lang='lat' dir='ltr'><strong>ducunt,</strong></span> <span class='ocrx_word' id='word_1_24' title='bbox 3190 414 3210 447; x_wconf 83' lang='grc'><strong><em>›</em></strong></span> <span class='ocrx_word' id='word_1_25' title='bbox 3247 395 3477 468; x_wconf 86' lang='lat' dir='ltr'><strong>Cybeles</strong></span> <span class='ocrx_word' id='word_1_26' title='bbox 3509 398 3758 456; x_wconf 89' lang='lat' dir='ltr'><strong>videlicet</strong></span> <span class='ocrx_word' id='word_1_27' title='bbox 3790 443 3804 467; x_wconf 91' lang='lat'><strong>,</strong></span> 
     </span>
    </p>
   </div>
   <div class='ocr_carea' id='block_1_5' title="bbox 495 474 2087 547">
    <p class='ocr_par' dir='ltr' id='par_1_5' title="bbox 495 474 2087 547">
     <span class='ocr_line' id='line_1_5' title="bbox 495 474 2087 547; baseline 0.003 -19"><span class='ocrx_word' id='word_1_28' title='bbox 495 480 618 528; x_wconf 77' lang='lat' dir='ltr'><strong>exta</strong></span> <span class='ocrx_word' id='word_1_29' title='bbox 645 482 774 528; x_wconf 90' lang='lat' dir='ltr'><strong>sunt</strong></span> <span class='ocrx_word' id='word_1_30' title='bbox 793 474 1026 530; x_wconf 89' lang='lat' dir='ltr'><strong>obscena</strong></span> <span class='ocrx_word' id='word_1_31' title='bbox 1054 476 1302 533; x_wconf 87' lang='lat' dir='ltr'><strong>demessa</strong></span> <span class='ocrx_word' id='word_1_32' title='bbox 1337 519 1352 544; x_wconf 94' lang='lat'><strong>,</strong></span> <span class='ocrx_word' id='word_1_33' title='bbox 1385 478 1655 547; x_wconf 91' lang='lat' dir='ltr'><strong>quomodo</strong></span> <span class='ocrx_word' id='word_1_34' title='bbox 1683 478 1840 533; x_wconf 91' lang='lat' dir='ltr'><strong>deum</strong></span> <span class='ocrx_word' id='word_1_35' title='bbox 1872 479 2040 533; x_wconf 90' lang='lat' dir='ltr'><strong>violat</strong></span> <span class='ocrx_word' id='word_1_36' title='bbox 2072 519 2087 545; x_wconf 96' lang='lat'><strong>,</strong></span> 
     </span>
    </p>
   </div>
   <div class='ocr_carea' id='block_1_6' title="bbox 499 563 2085 637">
    <p class='ocr_par' dir='ltr' id='par_1_6' title="bbox 499 563 2085 637">
     <span class='ocr_line' id='line_1_6' title="bbox 499 563 2085 637; baseline 0.006 -20"><span class='ocrx_word' id='word_1_37' title='bbox 499 563 591 631; x_wconf 91' lang='lat' dir='ltr'><strong>qui</strong></span> <span class='ocrx_word' id='word_1_38' title='bbox 621 563 722 620; x_wconf 90' lang='lat' dir='ltr'><strong>hoc</strong></span> <span class='ocrx_word' id='word_1_39' title='bbox 750 566 912 622; x_wconf 88' lang='lat' dir='ltr'><strong>modo</strong></span> <span class='ocrx_word' id='word_1_40' title='bbox 942 567 1148 637; x_wconf 84' lang='lat' dir='ltr'><strong>placat;</strong></span> <span class='ocrx_word' id='word_1_41' title='bbox 1197 584 1319 624; x_wconf 91' lang='lat' dir='ltr'><strong>cum</strong></span> <span class='ocrx_word' id='word_1_42' title='bbox 1350 570 1395 624; x_wconf 87' lang='lat' dir='ltr'><strong>si</strong></span> <span class='ocrx_word' id='word_1_43' title='bbox 1427 571 1703 624; x_wconf 83' lang='lat' dir='ltr'><strong>eunuchos</strong></span> <span class='ocrx_word' id='word_1_44' title='bbox 1735 571 1874 626; x_wconf 87' lang='lat' dir='ltr'><strong>Deus</strong></span> <span class='ocrx_word' id='word_1_45' title='bbox 1904 571 2085 636; x_wconf 84' lang='lat' dir='ltr'><strong>vellet,</strong></span> 
     </span>
    </p>
   </div>
   <div class='ocr_carea' id='block_1_7' title="bbox 493 662 2092 727">
    <p class='ocr_par' dir='ltr' id='par_1_7' title="bbox 493 662 2092 727">
     <span class='ocr_line' id='line_1_7' title="bbox 493 662 2092 727; baseline 0.007 -17"><span class='ocrx_word' id='word_1_46' title='bbox 493 667 680 726; x_wconf 85' lang='lat' dir='ltr'><strong>posset</strong></span> <span class='ocrx_word' id='word_1_47' title='bbox 707 672 992 727; x_wconf 84' lang='lat' dir='ltr'><strong>procreare</strong></span> <span class='ocrx_word' id='word_1_48' title='bbox 1011 701 1024 723; x_wconf 88' lang='lat'><strong>.</strong></span> <span class='ocrx_word' id='word_1_49' title='bbox 1055 676 1162 716; x_wconf 89' lang='lat' dir='ltr'><strong>non</strong></span> <span class='ocrx_word' id='word_1_50' title='bbox 1191 662 1382 718; x_wconf 82' lang='lat' dir='ltr'><strong>facere.</strong></span> <span class='ocrx_word' id='word_1_51' title='bbox 1401 682 1418 715; x_wconf 77' lang='grc' dir='ltr'><strong>ι</strong></span> <span class='ocrx_word' id='word_1_52' title='bbox 1447 663 1633 719; x_wconf 86' lang='lat' dir='ltr'><strong>Nonne</strong></span> <span class='ocrx_word' id='word_1_53' title='bbox 1661 666 1803 718; x_wconf 91' lang='lat' dir='ltr'><strong>enim</strong></span> <span class='ocrx_word' id='word_1_54' title='bbox 1827 665 1916 720; x_wconf 90' lang='lat' dir='ltr'><strong>ille</strong></span> <span class='ocrx_word' id='word_1_55' title='bbox 1947 666 2017 720; x_wconf 85' lang='lat' dir='ltr'><strong>ibi</strong></span> <span class='ocrx_word' id='word_1_56' title='bbox 2038 675 2092 723; x_wconf 86' lang='lat' dir='ltr'><strong>et</strong></span> 
     </span>
    </p>
   </div>
   <div class='ocr_carea' id='block_1_8' title="bbox 491 745 2092 824">
    <p class='ocr_par' dir='ltr' id='par_1_8' title="bbox 491 745 2092 824">
     <span class='ocr_line' id='line_1_8' title="bbox 491 745 2092 824; baseline 0.01 -24"><span class='ocrx_word' id='word_1_57' title='bbox 491 745 562 801; x_wconf 89' lang='lat' dir='ltr'><strong>de</strong></span> <span class='ocrx_word' id='word_1_58' title='bbox 591 747 820 819; x_wconf 87' lang='lat' dir='ltr'><strong>Cybeles</strong></span> <span class='ocrx_word' id='word_1_59' title='bbox 840 791 854 814; x_wconf 95' lang='lat'><strong>,</strong></span> <span class='ocrx_word' id='word_1_60' title='bbox 896 752 970 805; x_wconf 93' lang='lat' dir='ltr'><strong>uti</strong></span> <span class='ocrx_word' id='word_1_61' title='bbox 1011 754 1254 822; x_wconf 79' lang='lat' dir='ltr'><strong>proxime</strong></span> <span class='ocrx_word' id='word_1_62' title='bbox 1281 755 1617 820; x_wconf 89' lang='lat' dir='ltr'><strong>dicebamus,</strong></span> <span class='ocrx_word' id='word_1_63' title='bbox 1644 766 1806 824; x_wconf 88' lang='lat' dir='ltr'><strong>atque</strong></span> <span class='ocrx_word' id='word_1_64' title='bbox 1835 759 1994 813; x_wconf 89' lang='lat' dir='ltr'><strong>etiam</strong></span> <span class='ocrx_word' id='word_1_65' title='bbox 2023 761 2092 816; x_wconf 89' lang='lat' dir='ltr'><strong>de</strong></span> 
     </span>
    </p>
   </div>
   <div class='ocr_carea' id='block_1_9' title="bbox 494 835 2088 911">
    <p class='ocr_par' dir='ltr' id='par_1_9' title="bbox 494 835 2088 911">
     <span class='ocr_line' id='line_1_9' title="bbox 494 835 2088 911; baseline 0.011 -21"><span class='ocrx_word' id='word_1_66' title='bbox 494 835 774 906; x_wconf 67' lang='lat' dir='ltr'><strong>Bellona},</strong></span> <span class='ocrx_word' id='word_1_67' title='bbox 828 842 1276 911; x_wconf 86' lang='lat' dir='ltr'><strong>quemadmodum</strong></span> <span class='ocrx_word' id='word_1_68' title='bbox 1328 855 1487 902; x_wconf 91' lang='lat' dir='ltr'><strong>antea</strong></span> <span class='ocrx_word' id='word_1_69' title='bbox 1540 849 1700 903; x_wconf 89' lang='lat' dir='ltr'><strong>etiam</strong></span> <span class='ocrx_word' id='word_1_70' title='bbox 1751 851 2088 907; x_wconf 87' lang='lat' dir='ltr'><strong>animadver-</strong></span> 
     </span>
    </p>
   </div>
   <div class='ocr_carea' id='block_1_10' title="bbox 493 931 2091 1015">
    <p class='ocr_par' dir='ltr' id='par_1_10' title="bbox 493 931 2091 1015">
     <span class='ocr_line' id='line_1_10' title="bbox 493 931 2091 1015; baseline 0.01 -28"><span class='ocrx_word' id='word_1_71' title='bbox 493 931 659 988; x_wconf 83' lang='lat' dir='ltr'><strong>timus</strong></span> <span class='ocrx_word' id='word_1_72' title='bbox 688 934 707 1005; x_wconf 91' lang='lat'>(</span> <span class='ocrx_word' id='word_1_73' title='bbox 734 933 897 1003; x_wconf 89' lang='lat' dir='ltr'><strong>Supr.</strong></span> <span class='ocrx_word' id='word_1_74' title='bbox 927 952 1046 1007; x_wconf 86' lang='lat' dir='ltr'><strong>cap.</strong></span> <span class='ocrx_word' id='word_1_75' title='bbox 1078 939 1134 1004; x_wconf 89' lang='lat'><strong>9,</strong></span> <span class='ocrx_word' id='word_1_76' title='bbox 1162 950 1264 995; x_wconf 90' lang='lat' dir='ltr'><strong>art.</strong></span> <span class='ocrx_word' id='word_1_77' title='bbox 1292 941 1369 1011; x_wconf 78' lang='grc'>2)</span> <span class='ocrx_word' id='word_1_78' title='bbox 1404 942 1605 998; x_wconf 88' lang='lat' dir='ltr'><strong>insanis</strong></span> <span class='ocrx_word' id='word_1_79' title='bbox 1636 944 1821 1015; x_wconf 91' lang='lat' dir='ltr'><strong>utique</strong></span> <span class='ocrx_word' id='word_1_80' title='bbox 1842 949 2091 1003; x_wconf 79' lang='lat' dir='ltr'><strong>sacerdo-</strong></span> 
     </span>
    </p>
   </div>
   <div class='ocr_carea' id='block_1_11' title="bbox 493 1025 2086 1112">
    <p class='ocr_par' dir='ltr' id='par_1_11' title="bbox 493 1025 2086 1112">
     <span class='ocr_line' id='line_1_11' title="bbox 493 1025 2086 1112; baseline 0.013 -33"><span class='ocrx_word' id='word_1_81' title='bbox 493 1025 636 1082; x_wconf 82' lang='lat' dir='ltr'><strong>tibus</strong></span> <span class='ocrx_word' id='word_1_82' title='bbox 664 1028 942 1100; x_wconf 90' lang='lat' dir='ltr'><strong>disputat?</strong></span> <span class='ocrx_word' id='word_1_83' title='bbox 993 1031 1061 1088; x_wconf 86' lang='lat' dir='ltr'><strong>Et</strong></span> <span class='ocrx_word' id='word_1_84' title='bbox 1101 1045 1249 1092; x_wconf 93' lang='lat' dir='ltr'><strong>certe</strong></span> <span class='ocrx_word' id='word_1_85' title='bbox 1278 1035 1556 1094; x_wconf 68' lang='lat' dir='ltr'><strong>iuvenalis</strong></span> <span class='ocrx_word' id='word_1_86' title='bbox 1597 1039 1667 1094; x_wconf 89' lang='lat' dir='ltr'><strong>de</strong></span> <span class='ocrx_word' id='word_1_87' title='bbox 1711 1040 1951 1112; x_wconf 89' lang='lat' dir='ltr'><strong>utrisque</strong></span> <span class='ocrx_word' id='word_1_88' title='bbox 1993 1059 2086 1100; x_wconf 86' lang='lat' dir='ltr'><strong>ce-</strong></span> 
     </span>
    </p>
   </div>
   <div class='ocr_carea' id='block_1_12' title="bbox 489 1119 666 1177">
    <p class='ocr_par' dir='ltr' id='par_1_12' title="bbox 489 1119 666 1177">
     <span class='ocr_line' id='line_1_12' title="bbox 489 1119 666 1177; baseline 0.006 -2"><span class='ocrx_word' id='word_1_89' title='bbox 489 1119 621 1177; x_wconf 88' lang='lat' dir='ltr'><strong>cinit</strong></span> <span class='ocrx_word' id='word_1_90' title='bbox 652 1140 666 1176; x_wconf 88' lang='lat'>:</span> 
     </span>
    </p>
   </div>
   <div class='ocr_carea' id='block_1_13' title="bbox 1116 1248 1813 1300">
    <p class='ocr_par' dir='ltr' id='par_1_13' title="bbox 1116 1248 1813 1300">
     <span class='ocr_line' id='line_1_13' title="bbox 1116 1248 1813 1300; baseline 0.01 -7"><span class='ocrx_word' id='word_1_91' title='bbox 1116 1281 1128 1293; x_wconf 92' lang='lat'><strong>.</strong></span> <span class='ocrx_word' id='word_1_92' title='bbox 1201 1280 1212 1293; x_wconf 93' lang='lat'><strong>.</strong></span> <span class='ocrx_word' id='word_1_93' title='bbox 1286 1283 1296 1295; x_wconf 91' lang='lat'><strong>.</strong></span> <span class='ocrx_word' id='word_1_94' title='bbox 1367 1281 1391 1298; x_wconf 66' lang='grc' dir='ltr'>.ι</span> <span class='ocrx_word' id='word_1_95' title='bbox 1447 1248 1575 1298; x_wconf 90' lang='lat' dir='ltr'><strong>Ecce</strong></span> <span class='ocrx_word' id='word_1_96' title='bbox 1601 1248 1813 1300; x_wconf 76' lang='lat' dir='ltr'><strong>furentis</strong></span> 
     </span>
    </p>
   </div>
   <div class='ocr_carea' id='block_1_14' title="bbox 612 1296 1996 1378">
    <p class='ocr_par' dir='ltr' id='par_1_14' title="bbox 612 1296 1996 1378">
     <span class='ocr_line' id='line_1_14' title="bbox 612 1296 1996 1378; baseline 0.015 -33"><span class='ocrx_word' id='word_1_97' title='bbox 612 1296 850 1378; x_wconf 53' lang='lat' dir='ltr'><strong>genuum,</strong></span> <span class='ocrx_word' id='word_1_98' title='bbox 876 1305 1149 1378; x_wconf 74' lang='lat' dir='ltr'><strong>matrisque</strong></span> <span class='ocrx_word' id='word_1_99' title='bbox 1173 1307 1320 1377; x_wconf 83' lang='lat' dir='ltr'><strong>deum</strong></span> <span class='ocrx_word' id='word_1_100' title='bbox 1345 1296 1996 1378; x_wconf 32' lang='lat' dir='ltr'><strong>chainsintrattet&#39;ingens</strong></span> 
     </span>
    </p>
   </div>
   <div class='ocr_carea' id='block_1_15' title="bbox 614 1361 1776 1438">
    <p class='ocr_par' dir='ltr' id='par_1_15' title="bbox 614 1361 1776 1438">
     <span class='ocr_line' id='line_1_15' title="bbox 614 1361 1776 1438; baseline 0.014 -29"><span class='ocrx_word' id='word_1_101' title='bbox 614 1361 842 1438; x_wconf 54' lang='grc' dir='ltr'><strong>ἕρξῃιὶνὶιή</strong></span> <span class='ocrx_word' id='word_1_102' title='bbox 863 1361 1078 1437; x_wconf 78' lang='lat' dir='ltr'><strong>obsceno</strong></span> <span class='ocrx_word' id='word_1_103' title='bbox 1103 1367 1252 1438; x_wconf 69' lang='lat' dir='ltr'><strong>facies</strong></span> <span class='ocrx_word' id='word_1_104' title='bbox 1277 1376 1554 1438; x_wconf 75' lang='lat' dir='ltr'><strong>reverenda</strong></span> <span class='ocrx_word' id='word_1_105' title='bbox 1581 1361 1776 1438; x_wconf 80' lang='lat' dir='ltr'><strong>minori,</strong></span> 
     </span>
    </p>
   </div>
   <div class='ocr_carea' id='block_1_16' title="bbox 612 1422 1650 1491">
    <p class='ocr_par' dir='ltr' id='par_1_16' title="bbox 612 1422 1650 1491">
     <span class='ocr_line' id='line_1_16' title="bbox 612 1422 1650 1491; baseline 0.015 -20"><span class='ocrx_word' id='word_1_106' title='bbox 612 1422 775 1491; x_wconf 60' lang='lat' dir='ltr'><strong>Mollia</strong></span> <span class='ocrx_word' id='word_1_107' title='bbox 797 1428 883 1491; x_wconf 85' lang='lat' dir='ltr'><strong>qui</strong></span> <span class='ocrx_word' id='word_1_108' title='bbox 907 1437 1048 1490; x_wconf 85' lang='lat' dir='ltr'><strong>rupta</strong></span> <span class='ocrx_word' id='word_1_109' title='bbox 1074 1434 1236 1481; x_wconf 82' lang='lat' dir='ltr'><strong>secuit</strong></span> <span class='ocrx_word' id='word_1_110' title='bbox 1259 1422 1495 1491; x_wconf 74' lang='lat' dir='ltr'><strong>genitalia</strong></span> <span class='ocrx_word' id='word_1_111' title='bbox 1525 1422 1650 1487; x_wconf 79' lang='lat' dir='ltr'><strong>testa</strong></span> 
     </span>
    </p>
   </div>
   <div class='ocr_carea' id='block_1_17' title="bbox 612 1484 2025 1564">
    <p class='ocr_par' dir='ltr' id='par_1_17' title="bbox 612 1484 2025 1564">
     <span class='ocr_line' id='line_1_17' title="bbox 612 1484 2025 1564; baseline 0.015 -31"><span class='ocrx_word' id='word_1_112' title='bbox 612 1484 728 1564; x_wconf 48' lang='lat' dir='ltr'><strong>iam</strong></span> <span class='ocrx_word' id='word_1_113' title='bbox 749 1502 758 1564; x_wconf 65' lang='grc' dir='ltr'><strong>ι</strong></span> <span class='ocrx_word' id='word_1_114' title='bbox 777 1484 1059 1564; x_wconf 44' lang='lat' dir='ltr'><strong>ri&#39;demL&#39;etti</strong></span> <span class='ocrx_word' id='word_1_115' title='bbox 1095 1506 1240 1564; x_wconf 80' lang='lat' dir='ltr'><strong>rauca</strong></span> <span class='ocrx_word' id='word_1_116' title='bbox 1259 1484 1456 1564; x_wconf 63' lang='lat' dir='ltr'><strong>cohors.</strong></span> <span class='ocrx_word' id='word_1_117' title='bbox 1481 1484 1562 1549; x_wconf 88' lang='lat' dir='ltr'><strong>cui</strong></span> <span class='ocrx_word' id='word_1_118' title='bbox 1585 1484 1810 1564; x_wconf 66' lang='lat' dir='ltr'><strong>tympana</strong></span> <span class='ocrx_word' id='word_1_119' title='bbox 1832 1504 2025 1555; x_wconf 57' lang='lat' dir='ltr'><strong>cadunt</strong></span> 
     </span>
    </p>
   </div>
   <div class='ocr_carea' id='block_1_18' title="bbox 609 1546 1709 1618">
    <p class='ocr_par' dir='ltr' id='par_1_18' title="bbox 609 1546 1709 1618">
     <span class='ocr_line' id='line_1_18' title="bbox 609 1546 1709 1618; baseline 0.015 -22"><span class='ocrx_word' id='word_1_120' title='bbox 609 1546 832 1612; x_wconf 85' lang='lat' dir='ltr'><strong>Plebeia,</strong></span> <span class='ocrx_word' id='word_1_121' title='bbox 861 1558 912 1600; x_wconf 92' lang='lat' dir='ltr'><strong>et</strong></span> <span class='ocrx_word' id='word_1_122' title='bbox 936 1553 1150 1618; x_wconf 80' lang='lat' dir='ltr'><strong>Phrygia</strong></span> <span class='ocrx_word' id='word_1_123' title='bbox 1173 1559 1379 1608; x_wconf 78' lang='lat' dir='ltr'><strong>vestitur</strong></span> <span class='ocrx_word' id='word_1_124' title='bbox 1396 1546 1709 1612; x_wconf 52' lang='lat' dir='ltr'><strong>sicana};</strong></span> 
     </span>
    </p>
   </div>
   <div class='ocr_carea' id='block_1_19' title="bbox 983 1636 1898 1711">
    <p class='ocr_par' dir='ltr' id='par_1_19' title="bbox 983 1636 1898 1711">
     <span class='ocr_line' id='line_1_19' title="bbox 983 1636 1898 1711; baseline 0.013 -26"><span class='ocrx_word' id='word_1_125' title='bbox 983 1636 1255 1703; x_wconf 83' lang='lat' dir='ltr'><strong>(Juvenal.,</strong></span> <span class='ocrx_word' id='word_1_126' title='bbox 1282 1644 1478 1710; x_wconf 63' lang='grc' dir='ltr'><strong>ειπερ-η</strong></span> <span class='ocrx_word' id='word_1_127' title='bbox 1507 1660 1552 1705; x_wconf 90' lang='lat' dir='ltr'><strong>v,</strong></span> <span class='ocrx_word' id='word_1_128' title='bbox 1581 1647 1715 1696; x_wconf 86' lang='lat' dir='ltr'><strong>circa</strong></span> <span class='ocrx_word' id='word_1_129' title='bbox 1731 1648 1898 1711; x_wconf 91' lang='lat' dir='ltr'><strong>med.)</strong></span> 
     </span>
    </p>
   </div>
   <div class='ocr_carea' id='block_1_20' title="bbox 479 1731 2078 1821">
    <p class='ocr_par' dir='ltr' id='par_1_20' title="bbox 479 1731 2078 1821">
     <span class='ocr_line' id='line_1_20' title="bbox 479 1731 2078 1821; baseline 0.016 -36"><span class='ocrx_word' id='word_1_130' title='bbox 479 1731 499 1779; x_wconf 72' lang='grc' dir='ltr'><em>ἴ</em></span> <span class='ocrx_word' id='word_1_131' title='bbox 556 1731 748 1792; x_wconf 88' lang='lat' dir='ltr'><strong>Nonne</strong></span> <span class='ocrx_word' id='word_1_132' title='bbox 795 1743 955 1795; x_wconf 89' lang='lat' dir='ltr'><strong>etiam</strong></span> <span class='ocrx_word' id='word_1_133' title='bbox 1003 1741 1375 1817; x_wconf 81' lang='lat' dir='ltr'><strong>Athenagoras</strong></span> <span class='ocrx_word' id='word_1_134' title='bbox 1427 1749 1495 1806; x_wconf 93' lang='lat' dir='ltr'><strong>de</strong></span> <span class='ocrx_word' id='word_1_135' title='bbox 1541 1751 1767 1821; x_wconf 89' lang='lat' dir='ltr'><strong>iisdem,</strong></span> <span class='ocrx_word' id='word_1_136' title='bbox 1814 1756 1913 1810; x_wconf 90' lang='lat' dir='ltr'><strong>etsi</strong></span> <span class='ocrx_word' id='word_1_137' title='bbox 1973 1765 2078 1810; x_wconf 88' lang='lat' dir='ltr'><strong>tam</strong></span> 
     </span>
    </p>
   </div>
   <div class='ocr_carea' id='block_1_21' title="bbox 479 1825 2077 1918">
    <p class='ocr_par' dir='ltr' id='par_1_21' title="bbox 479 1825 2077 1918">
     <span class='ocr_line' id='line_1_21' title="bbox 479 1825 2077 1918; baseline 0.016 -38"><span class='ocrx_word' id='word_1_138' title='bbox 479 1825 712 1883; x_wconf 86' lang='lat' dir='ltr'><strong>obscure</strong></span> <span class='ocrx_word' id='word_1_139' title='bbox 764 1829 832 1884; x_wconf 90' lang='lat' dir='ltr'><strong>de</strong></span> <span class='ocrx_word' id='word_1_140' title='bbox 875 1834 1126 1892; x_wconf 84' lang='lat' dir='ltr'><strong>secundis</strong></span> <span class='ocrx_word' id='word_1_141' title='bbox 1189 1855 1346 1907; x_wconf 89' lang='lat' dir='ltr'><strong>quam</strong></span> <span class='ocrx_word' id='word_1_142' title='bbox 1399 1845 1682 1914; x_wconf 86' lang='lat' dir='ltr'><strong>perspicue</strong></span> <span class='ocrx_word' id='word_1_143' title='bbox 1732 1845 1799 1902; x_wconf 95' lang='lat' dir='ltr'><strong>de</strong></span> <span class='ocrx_word' id='word_1_144' title='bbox 1846 1849 2033 1918; x_wconf 86' lang='lat' dir='ltr'><strong>primis</strong></span> <span class='ocrx_word' id='word_1_145' title='bbox 2063 1892 2077 1916; x_wconf 94' lang='lat'><strong>,</strong></span> 
     </span>
    </p>
   </div>
   <div class='ocr_carea' id='block_1_22' title="bbox 482 1916 2077 2010">
    <p class='ocr_par' dir='ltr' id='par_1_22' title="bbox 482 1916 2077 2010">
     <span class='ocr_line' id='line_1_22' title="bbox 482 1916 2077 2010; baseline 0.019 -41"><span class='ocrx_word' id='word_1_146' title='bbox 482 1916 618 1974; x_wconf 72' lang='grc' dir='ltr'><strong>ἀίχίι</strong></span> <span class='ocrx_word' id='word_1_147' title='bbox 651 1937 662 1972; x_wconf 76' lang='grc' dir='ltr'>ἒ</span> <span class='ocrx_word' id='word_1_148' title='bbox 695 1929 861 1992; x_wconf 75' lang='grc' dir='ltr'><strong>Οἱμὲν</strong></span> <span class='ocrx_word' id='word_1_149' title='bbox 883 1931 1199 1997; x_wconf 74' lang='grc' dir='ltr'><strong>ἀποτέμνουσι</strong></span> <span class='ocrx_word' id='word_1_150' title='bbox 1221 1940 1283 1988; x_wconf 79' lang='grc' dir='ltr'><strong><em>τὰ</em></strong></span> <span class='ocrx_word' id='word_1_151' title='bbox 1306 1938 1488 1999; x_wconf 68' lang='grc' dir='ltr'><strong>αἰδοῖα,</strong></span> <span class='ocrx_word' id='word_1_152' title='bbox 1525 1946 1567 1992; x_wconf 78' lang='grc' dir='ltr'><strong>οἱ</strong></span> <span class='ocrx_word' id='word_1_153' title='bbox 1595 1943 1706 2010; x_wconf 66' lang='grc' dir='ltr'><strong>περὶ</strong></span> <span class='ocrx_word' id='word_1_154' title='bbox 1735 1951 1820 1994; x_wconf 58' lang='grc' dir='ltr'><strong>τῦν</strong></span> <span class='ocrx_word' id='word_1_155' title='bbox 1861 1932 2077 1999; x_wconf 44' lang='grc' dir='ltr'><strong>ἰδέαι...</strong></span> 
     </span>
    </p>
   </div>
   <div class='ocr_carea' id='block_1_23' title="bbox 477 2015 2077 2103">
    <p class='ocr_par' dir='ltr' id='par_1_23' title="bbox 477 2015 2077 2103">
     <span class='ocr_line' id='line_1_23' title="bbox 477 2015 2077 2103; baseline 0.006 -22"><span class='ocrx_word' id='word_1_156' title='bbox 477 2015 537 2064; x_wconf 62' lang='grc' dir='ltr'><strong>ἐῶ</strong></span> <span class='ocrx_word' id='word_1_157' title='bbox 565 2018 655 2083; x_wconf 67' lang='grc' dir='ltr'><strong>γάρ</strong></span> <span class='ocrx_word' id='word_1_158' title='bbox 688 2025 792 2077; x_wconf 63' lang='grc' dir='ltr'>τοὺς</span> <span class='ocrx_word' id='word_1_159' title='bbox 821 2023 929 2079; x_wconf 68' lang='grc' dir='ltr'><strong>ταῖς</strong></span> <span class='ocrx_word' id='word_1_160' title='bbox 957 2032 1258 2093; x_wconf 60' lang='grc' dir='ltr'><strong>μαχαίραις,</strong></span> <span class='ocrx_word' id='word_1_161' title='bbox 1312 2031 1397 2080; x_wconf 66' lang='grc' dir='ltr'><strong>καὶ</strong></span> <span class='ocrx_word' id='word_1_162' title='bbox 1447 2034 1544 2092; x_wconf 78' lang='grc' dir='ltr'><strong><em>τοῖς</em></strong></span> <span class='ocrx_word' id='word_1_163' title='bbox 1585 2037 1899 2103; x_wconf 67' lang='grc' dir='ltr'><strong>ἀστραγάλοις</strong></span> <span class='ocrx_word' id='word_1_164' title='bbox 1943 2041 2077 2090; x_wconf 73' lang='grc' dir='ltr'><strong>αἰκι-</strong></span> 
     </span>
    </p>
   </div>
   <div class='ocr_carea' id='block_1_24' title="bbox 475 2107 2076 2198">
    <p class='ocr_par' dir='ltr' id='par_1_24' title="bbox 475 2107 2076 2198">
     <span class='ocr_line' id='line_1_24' title="bbox 475 2107 2076 2198; baseline 0.017 -44"><span class='ocrx_word' id='word_1_165' title='bbox 475 2107 700 2171; x_wconf 73' lang='grc' dir='ltr'><strong>ζομένους</strong></span> <span class='ocrx_word' id='word_1_166' title='bbox 732 2113 899 2170; x_wconf 74' lang='grc' dir='ltr'><strong>αὐτοὺς</strong></span> <span class='ocrx_word' id='word_1_167' title='bbox 936 2121 1101 2184; x_wconf 60' lang='grc' dir='ltr'><strong>λέγειν.</strong></span> <span class='ocrx_word' id='word_1_168' title='bbox 1143 2117 1276 2171; x_wconf 79' lang='grc' dir='ltr'><strong>(ΑΙῘί</strong></span> <span class='ocrx_word' id='word_1_169' title='bbox 1305 2121 1548 2188; x_wconf 87' lang='lat' dir='ltr'><strong>pudenda</strong></span> <span class='ocrx_word' id='word_1_170' title='bbox 1589 2126 1910 2181; x_wconf 79' lang='lat' dir='ltr'><strong>exscindunt</strong></span> <span class='ocrx_word' id='word_1_171' title='bbox 1940 2170 1952 2190; x_wconf 93' lang='lat'><strong>,</strong></span> <span class='ocrx_word' id='word_1_172' title='bbox 1987 2130 2076 2198; x_wconf 90' lang='lat' dir='ltr'><strong>qui</strong></span> 
     </span>
    </p>
   </div>
   <div class='ocr_carea' id='block_1_25' title="bbox 479 2196 2073 2288">
    <p class='ocr_par' dir='ltr' id='par_1_25' title="bbox 479 2196 2073 2288">
     <span class='ocr_line' id='line_1_25' title="bbox 479 2196 2073 2288; baseline 0.018 -43"><span class='ocrx_word' id='word_1_173' title='bbox 479 2196 751 2264; x_wconf 88' lang='lat' dir='ltr'><strong>conjuncti</strong></span> <span class='ocrx_word' id='word_1_174' title='bbox 781 2212 905 2282; x_wconf 84' lang='lat' dir='ltr'><strong>sunt</strong></span> <span class='ocrx_word' id='word_1_175' title='bbox 940 2203 1103 2260; x_wconf 67' lang='lat' dir='ltr'><strong>llheaa</strong></span> <span class='ocrx_word' id='word_1_176' title='bbox 1134 2224 1146 2259; x_wconf 88' lang='lat'><strong>:</strong></span> <span class='ocrx_word' id='word_1_177' title='bbox 1181 2219 1235 2262; x_wconf 92' lang='lat' dir='ltr'><strong>ut</strong></span> <span class='ocrx_word' id='word_1_178' title='bbox 1266 2210 1395 2266; x_wconf 89' lang='lat' dir='ltr'><strong>nihil</strong></span> <span class='ocrx_word' id='word_1_179' title='bbox 1425 2213 1598 2268; x_wconf 87' lang='lat' dir='ltr'><strong>dicam</strong></span> <span class='ocrx_word' id='word_1_180' title='bbox 1622 2215 1688 2270; x_wconf 92' lang='lat' dir='ltr'><strong>de</strong></span> <span class='ocrx_word' id='word_1_181' title='bbox 1718 2218 1821 2272; x_wconf 92' lang='lat' dir='ltr'><strong>illis</strong></span> <span class='ocrx_word' id='word_1_182' title='bbox 1842 2222 1930 2288; x_wconf 89' lang='lat' dir='ltr'><strong>qui</strong></span> <span class='ocrx_word' id='word_1_183' title='bbox 1959 2196 2073 2275; x_wconf 82' lang='lat' dir='ltr'><strong>cul-</strong></span> 
     </span>
    </p>
   </div>
   <div class='ocr_carea' id='block_1_26' title="bbox 475 2285 2073 2380">
    <p class='ocr_par' dir='ltr' id='par_1_26' title="bbox 475 2285 2073 2380">
     <span class='ocr_line' id='line_1_26' title="bbox 475 2285 2073 2380; baseline 0.019 -42"><span class='ocrx_word' id='word_1_184' title='bbox 475 2285 640 2380; x_wconf 69' lang='lat' dir='ltr'><strong>triset</strong></span> <span class='ocrx_word' id='word_1_185' title='bbox 656 2290 880 2360; x_wconf 88' lang='lat' dir='ltr'><strong>ﬂagellis</strong></span> <span class='ocrx_word' id='word_1_186' title='bbox 894 2295 1103 2352; x_wconf 92' lang='lat' dir='ltr'><strong>nodatis</strong></span> <span class='ocrx_word' id='word_1_187' title='bbox 1119 2301 1195 2354; x_wconf 91' lang='lat' dir='ltr'><strong>sei</strong></span> <span class='ocrx_word' id='word_1_188' title='bbox 1205 2317 1328 2370; x_wconf 88' lang='lat' dir='ltr'><strong>psos</strong></span> <span class='ocrx_word' id='word_1_189' title='bbox 1349 2304 1734 2362; x_wconf 66' lang='lat' dir='ltr'><strong>discruciant?»</strong></span> <span class='ocrx_word' id='word_1_190' title='bbox 1757 2285 2044 2378; x_wconf 73' lang='lat' dir='ltr'><strong>(Athenag.</strong></span> <span class='ocrx_word' id='word_1_191' title='bbox 2058 2355 2073 2380; x_wconf 91' lang='lat'><strong>,</strong></span> 
     </span>
    </p>
   </div>
   <div class='ocr_carea' id='block_1_27' title="bbox 481 2374 2071 2472">
    <p class='ocr_par' dir='ltr' id='par_1_27' title="bbox 481 2374 2071 2472">
     <span class='ocr_line' id='line_1_27' title="bbox 481 2374 2071 2472; baseline 0.02 -43"><span class='ocrx_word' id='word_1_192' title='bbox 481 2374 664 2472; x_wconf 64' lang='lat' dir='ltr'><strong>.Legat.</strong></span> <span class='ocrx_word' id='word_1_193' title='bbox 693 2399 788 2452; x_wconf 82' lang='lat' dir='ltr'><strong>pro</strong></span> <span class='ocrx_word' id='word_1_194' title='bbox 814 2384 1119 2458; x_wconf 79' lang='lat' dir='ltr'><strong>Cltristian.,</strong></span> <span class='ocrx_word' id='word_1_195' title='bbox 1153 2409 1271 2464; x_wconf 85' lang='lat' dir='ltr'><strong>pag.</strong></span> <span class='ocrx_word' id='word_1_196' title='bbox 1315 2395 1432 2467; x_wconf 71' lang='lat'><strong>29.)</strong></span> <span class='ocrx_word' id='word_1_197' title='bbox 1461 2399 1549 2465; x_wconf 85' lang='lat' dir='ltr'><strong>At,</strong></span> <span class='ocrx_word' id='word_1_198' title='bbox 1575 2400 1712 2456; x_wconf 84' lang='lat' dir='ltr'><strong>sicut</strong></span> <span class='ocrx_word' id='word_1_199' title='bbox 1738 2403 1827 2458; x_wconf 88' lang='lat' dir='ltr'><strong>ille</strong></span> <span class='ocrx_word' id='word_1_200' title='bbox 1865 2374 2071 2472; x_wconf 70' lang='lat' dir='ltr'><strong>soluto,</strong></span> 
     </span>
    </p>
   </div>
   <div class='ocr_carea' id='block_1_28' title="bbox 471 2466 1546 2546">
    <p class='ocr_par' dir='ltr' id='par_1_28' title="bbox 471 2466 1546 2546">
     <span class='ocr_line' id='line_1_28' title="bbox 471 2466 1546 2546; baseline 0.02 -23"><span class='ocrx_word' id='word_1_201' title='bbox 471 2466 544 2524; x_wconf 88' lang='lat' dir='ltr'><strong>ita</strong></span> <span class='ocrx_word' id='word_1_202' title='bbox 573 2471 832 2532; x_wconf 81' lang='lat' dir='ltr'><strong>Martialis</strong></span> <span class='ocrx_word' id='word_1_203' title='bbox 858 2481 1046 2537; x_wconf 91' lang='lat' dir='ltr'><strong>stricto</strong></span> <span class='ocrx_word' id='word_1_204' title='bbox 1086 2499 1338 2543; x_wconf 91' lang='lat' dir='ltr'><strong>sermone</strong></span> <span class='ocrx_word' id='word_1_205' title='bbox 1368 2466 1504 2545; x_wconf 83' lang='lat' dir='ltr'><strong>dixit</strong></span> <span class='ocrx_word' id='word_1_206' title='bbox 1535 2511 1546 2546; x_wconf 91' lang='lat'>:</span> 
     </span>
    </p>
   </div>
   <div class='ocr_carea' id='block_1_29' title="bbox 597 2563 1806 2647">
    <p class='ocr_par' dir='ltr' id='par_1_29' title="bbox 597 2563 1806 2647">
     <span class='ocr_line' id='line_1_29' title="bbox 597 2563 1806 2647; baseline 0.022 -36"><span class='ocrx_word' id='word_1_207' title='bbox 597 2563 720 2647; x_wconf 55' lang='lat' dir='ltr'><strong>Alba</strong></span> <span class='ocrx_word' id='word_1_208' title='bbox 747 2569 905 2647; x_wconf 59' lang='lat' dir='ltr'><strong>minus</strong></span> <span class='ocrx_word' id='word_1_209' title='bbox 927 2577 1072 2647; x_wconf 50' lang='lat' dir='ltr'><strong>sgvls</strong></span> <span class='ocrx_word' id='word_1_210' title='bbox 1093 2575 1375 2647; x_wconf 77' lang='lat' dir='ltr'><strong>lacerantur</strong></span> <span class='ocrx_word' id='word_1_211' title='bbox 1400 2582 1597 2633; x_wconf 88' lang='lat' dir='ltr'><strong>brachia</strong></span> <span class='ocrx_word' id='word_1_212' title='bbox 1620 2586 1806 2647; x_wconf 80' lang='lat' dir='ltr'><strong>cultris,</strong></span> 
     </span>
    </p>
   </div>
   <div class='ocr_carea' id='block_1_30' title="bbox 661 2627 1820 2702">
    <p class='ocr_par' dir='ltr' id='par_1_30' title="bbox 661 2627 1820 2702">
     <span class='ocr_line' id='line_1_30' title="bbox 661 2627 1820 2702; baseline 0.021 -26"><span class='ocrx_word' id='word_1_213' title='bbox 661 2627 777 2678; x_wconf 86' lang='lat' dir='ltr'><strong>Cum</strong></span> <span class='ocrx_word' id='word_1_214' title='bbox 800 2632 912 2682; x_wconf 83' lang='lat' dir='ltr'><strong>furit</strong></span> <span class='ocrx_word' id='word_1_215' title='bbox 937 2635 996 2683; x_wconf 89' lang='lat' dir='ltr'><strong>ad</strong></span> <span class='ocrx_word' id='word_1_216' title='bbox 1019 2627 1820 2702; x_wconf 51' lang='lat' dir='ltr'><strong>Phrygiosentheaturba</strong></span> 
     </span>
    </p>
   </div>
   <div class='ocr_carea' id='block_1_31' title="bbox 974 2723 1820 2799">
    <p class='ocr_par' dir='ltr' id='par_1_31' title="bbox 974 2723 1820 2799">
     <span class='ocr_line' id='line_1_31' title="bbox 974 2723 1820 2799; baseline 0.013 -28"><span class='ocrx_word' id='word_1_217' title='bbox 974 2723 1226 2787; x_wconf 80' lang='lat' dir='ltr'><strong>(Martial.,</strong></span> <span class='ocrx_word' id='word_1_218' title='bbox 1246 2727 1281 2776; x_wconf 88' lang='grc' dir='ltr'><strong>Ι.</strong></span> <span class='ocrx_word' id='word_1_219' title='bbox 1305 2744 1356 2787; x_wconf 85' lang='grc' dir='ltr'>ιι,</span> <span class='ocrx_word' id='word_1_220' title='bbox 1375 2730 1699 2797; x_wconf 74' lang='lat' dir='ltr'><strong>Epigramm,</strong></span> <span class='ocrx_word' id='word_1_221' title='bbox 1717 2732 1820 2799; x_wconf 83' lang='grc'><strong>85.)</strong></span> 
     </span>
    </p>
   </div>
   <div class='ocr_carea' id='block_1_32' title="bbox 475 2811 1614 2902">
    <p class='ocr_par' dir='ltr' id='par_1_32' title="bbox 475 2811 1614 2902">
     <span class='ocr_line' id='line_1_32' title="bbox 475 2811 1614 2902; baseline 0.022 -34"><span class='ocrx_word' id='word_1_222' title='bbox 475 2811 553 2872; x_wconf 91' lang='lat' dir='ltr'><strong>De</strong></span> <span class='ocrx_word' id='word_1_223' title='bbox 582 2815 766 2878; x_wconf 80' lang='lat' dir='ltr'><strong>Matris</strong></span> <span class='ocrx_word' id='word_1_224' title='bbox 791 2839 920 2879; x_wconf 90' lang='lat' dir='ltr'><strong>vero</strong></span> <span class='ocrx_word' id='word_1_225' title='bbox 949 2825 1109 2883; x_wconf 85' lang='lat' dir='ltr'><strong>deum</strong></span> <span class='ocrx_word' id='word_1_226' title='bbox 1142 2833 1328 2902; x_wconf 67' lang='lat' dir='ltr'><strong>mystis</strong></span> <span class='ocrx_word' id='word_1_227' title='bbox 1360 2834 1564 2892; x_wconf 87' lang='lat' dir='ltr'><strong>Seneca</strong></span> <span class='ocrx_word' id='word_1_228' title='bbox 1602 2856 1614 2892; x_wconf 91' lang='lat'><strong>:</strong></span> 
     </span>
    </p>
   </div>
   <div class='ocr_carea' id='block_1_33' title="bbox 781 2916 1546 2991">
    <p class='ocr_par' dir='ltr' id='par_1_33' title="bbox 781 2916 1546 2991">
     <span class='ocr_line' id='line_1_33' title="bbox 781 2916 1546 2991; baseline 0.02 -27"><span class='ocrx_word' id='word_1_229' title='bbox 781 2916 975 2991; x_wconf 49' lang='lat' dir='ltr'><strong>Nomm</strong></span> <span class='ocrx_word' id='word_1_230' title='bbox 1001 2921 1179 2991; x_wconf 79' lang='lat' dir='ltr'><strong>molles</strong></span> <span class='ocrx_word' id='word_1_231' title='bbox 1199 2926 1382 2991; x_wconf 77' lang='lat' dir='ltr'><strong>imitata</strong></span> <span class='ocrx_word' id='word_1_232' title='bbox 1401 2929 1546 2991; x_wconf 87' lang='lat' dir='ltr'><strong>viros,</strong></span> 
     </span>
    </p>
   </div>
   <div class='ocr_carea' id='block_1_34' title="bbox 781 2979 1566 3056">
    <p class='ocr_par' dir='ltr' id='par_1_34' title="bbox 781 2979 1566 3056">
     <span class='ocr_line' id='line_1_34' title="bbox 781 2979 1566 3056; baseline 0.023 -31"><span class='ocrx_word' id='word_1_233' title='bbox 781 2979 938 3056; x_wconf 34' lang='lat' dir='ltr'><strong>&#39;lllristi‘</strong></span> <span class='ocrx_word' id='word_1_234' title='bbox 957 2981 1146 3056; x_wconf 79' lang='lat' dir='ltr'><strong>laceret</strong></span> <span class='ocrx_word' id='word_1_235' title='bbox 1167 2986 1360 3056; x_wconf 81' lang='lat' dir='ltr'><strong>brachia</strong></span> <span class='ocrx_word' id='word_1_236' title='bbox 1385 2979 1566 3056; x_wconf 76' lang='lat' dir='ltr'><strong>tecum,</strong></span> 
     </span>
    </p>
   </div>
   <div class='ocr_carea' id='block_1_35' title="bbox 783 3042 1508 3112">
    <p class='ocr_par' dir='ltr' id='par_1_35' title="bbox 783 3042 1508 3112">
     <span class='ocr_line' id='line_1_35' title="bbox 783 3042 1508 3112; baseline 0.021 -23"><span class='ocrx_word' id='word_1_237' title='bbox 783 3042 904 3112; x_wconf 63' lang='lat' dir='ltr'><strong>Quae</strong></span> <span class='ocrx_word' id='word_1_238' title='bbox 927 3046 1121 3096; x_wconf 79' lang='lat' dir='ltr'><strong>turrita:</strong></span> <span class='ocrx_word' id='word_1_239' title='bbox 1147 3053 1288 3100; x_wconf 88' lang='lat' dir='ltr'><strong>turba</strong></span> <span class='ocrx_word' id='word_1_240' title='bbox 1320 3056 1508 3112; x_wconf 74' lang='lat' dir='ltr'><strong>parenti</strong></span> 
     </span>
    </p>
   </div>
   <div class='ocr_carea' id='block_1_36' title="bbox 773 3102 1593 3174">
    <p class='ocr_par' dir='ltr' id='par_1_36' title="bbox 773 3102 1593 3174">
     <span class='ocr_line' id='line_1_36' title="bbox 773 3102 1593 3174; baseline 0.022 -23"><span class='ocrx_word' id='word_1_241' title='bbox 773 3102 986 3174; x_wconf 58' lang='lat' dir='ltr'><strong>Rectore</strong></span> <span class='ocrx_word' id='word_1_242' title='bbox 1004 3123 1152 3174; x_wconf 68' lang='lat' dir='ltr'><strong>rauco</strong></span> <span class='ocrx_word' id='word_1_243' title='bbox 1173 3102 1379 3174; x_wconf 72' lang='lat' dir='ltr'><strong>concita,</strong></span> <span class='ocrx_word' id='word_1_244' title='bbox 1408 3102 1593 3168; x_wconf 49' lang='lat' dir='ltr'><strong>tioium</strong></span> 
     </span>
    </p>
   </div>
   <div class='ocr_carea' id='block_1_37' title="bbox 772 3161 1671 3246">
    <p class='ocr_par' dir='ltr' id='par_1_37' title="bbox 772 3161 1671 3246">
     <span class='ocr_line' id='line_1_37' title="bbox 772 3161 1671 3246; baseline 0.021 -32"><span class='ocrx_word' id='word_1_245' title='bbox 772 3161 931 3228; x_wconf 83' lang='lat' dir='ltr'><strong>Ferit,</strong></span> <span class='ocrx_word' id='word_1_246' title='bbox 956 3177 1010 3220; x_wconf 89' lang='lat' dir='ltr'><strong>ut</strong></span> <span class='ocrx_word' id='word_1_247' title='bbox 1029 3161 1671 3246; x_wconf 10' lang='lat' dir='ltr'><strong>Phrygirumilu&#39;geatuA-tvm.</strong></span> 
     </span>
    </p>
   </div>
   <div class='ocr_carea' id='block_1_38' title="bbox 1025 3255 2060 3338">
    <p class='ocr_par' dir='ltr' id='par_1_38' title="bbox 1025 3255 2060 3338">
     <span class='ocr_line' id='line_1_38' title="bbox 1025 3255 2060 3338; baseline 0.02 -35"><span class='ocrx_word' id='word_1_248' title='bbox 1025 3255 1254 3319; x_wconf 87' lang='lat' dir='ltr'><strong>(Senec.,</strong></span> <span class='ocrx_word' id='word_1_249' title='bbox 1300 3263 1573 3328; x_wconf 75' lang='lat' dir='ltr'><strong>Agamem,</strong></span> <span class='ocrx_word' id='word_1_250' title='bbox 1595 3274 1710 3328; x_wconf 91' lang='lat' dir='ltr'><strong>act.,</strong></span> <span class='ocrx_word' id='word_1_251' title='bbox 1731 3284 1799 3330; x_wconf 84' lang='lat' dir='ltr'><strong>ut,</strong></span> <span class='ocrx_word' id='word_1_252' title='bbox 1824 3284 1960 3322; x_wconf 87' lang='lat' dir='ltr'><strong>scen.</strong></span> <span class='ocrx_word' id='word_1_253' title='bbox 1985 3274 2060 3338; x_wconf 78' lang='grc'><strong>2.)</strong></span> 
     </span>
    </p>
   </div>
   <div class='ocr_carea' id='block_1_39' title="bbox 464 3346 1988 3432">
    <p class='ocr_par' dir='ltr' id='par_1_39' title="bbox 464 3346 1988 3432">
     <span class='ocr_line' id='line_1_39' title="bbox 464 3346 1988 3432; baseline 0.02 -29"><span class='ocrx_word' id='word_1_254' title='bbox 464 3346 714 3407; x_wconf 86' lang='lat' dir='ltr'><strong>Concinit</strong></span> <span class='ocrx_word' id='word_1_255' title='bbox 739 3356 946 3426; x_wconf 83' lang='lat' dir='ltr'><strong>utrique</strong></span> <span class='ocrx_word' id='word_1_256' title='bbox 975 3359 1248 3419; x_wconf 76' lang='lat' dir='ltr'><strong>Iuvenalis</strong></span> <span class='ocrx_word' id='word_1_257' title='bbox 1273 3368 1480 3424; x_wconf 92' lang='lat' dir='ltr'><strong>duobus</strong></span> <span class='ocrx_word' id='word_1_258' title='bbox 1510 3369 1590 3426; x_wconf 92' lang='lat' dir='ltr'><strong>his</strong></span> <span class='ocrx_word' id='word_1_259' title='bbox 1618 3375 1946 3432; x_wconf 88' lang='lat' dir='ltr'><strong>carminibus</strong></span> <span class='ocrx_word' id='word_1_260' title='bbox 1968 3393 1988 3432; x_wconf 88' lang='lat'><strong><em>:</em></strong></span> 
     </span>
    </p>
   </div>
   <div class='ocr_carea' id='block_1_40' title="bbox 524 3463 2015 3556">
    <p class='ocr_par' dir='ltr' id='par_1_40' title="bbox 524 3463 2015 3556">
     <span class='ocr_line' id='line_1_40' title="bbox 524 3463 2015 3556; baseline 0 0"><span class='ocrx_word' id='word_1_261' title='bbox 524 3463 1161 3556; x_wconf 53' lang='grc' dir='ltr'><strong>ἓίὲέηιέξῐιξξιξξξρρξιξηεε</strong></span> <span class='ocrx_word' id='word_1_262' title='bbox 1185 3480 1402 3556; x_wconf 62' lang='lat' dir='ltr'><strong>Phrygio</strong></span> <span class='ocrx_word' id='word_1_263' title='bbox 1425 3499 1549 3549; x_wconf 71' lang='lat' dir='ltr'><strong>auos</strong></span> <span class='ocrx_word' id='word_1_264' title='bbox 1572 3494 1768 3552; x_wconf 75' lang='lat' dir='ltr'><strong>tempus</strong></span> <span class='ocrx_word' id='word_1_265' title='bbox 1792 3500 1899 3542; x_wconf 62' lang='lat' dir='ltr'><strong>erat</strong></span> <span class='ocrx_word' id='word_1_266' title='bbox 1917 3494 2015 3556; x_wconf 79' lang='lat' dir='ltr'><strong>iam</strong></span> 
     </span>
    </p>
   </div>
   <div class='ocr_carea' id='block_1_41' title="bbox 530 3527 1814 3611">
    <p class='ocr_par' dir='ltr' id='par_1_41' title="bbox 530 3527 1814 3611">
     <span class='ocr_line' id='line_1_41' title="bbox 530 3527 1814 3611; baseline 0.022 -36"><span class='ocrx_word' id='word_1_267' title='bbox 530 3527 665 3579; x_wconf 84' lang='lat' dir='ltr'><strong>More</strong></span> <span class='ocrx_word' id='word_1_268' title='bbox 691 3527 1044 3596; x_wconf 75' lang='lat' dir='ltr'><strong>supervacuam</strong></span> <span class='ocrx_word' id='word_1_269' title='bbox 1067 3527 1558 3611; x_wconf 52' lang='lat' dir='ltr'><strong>cuiirisi&#39;sb‘i-ifmiiéi-E</strong></span> 
     </span>
    </p>
   </div>
   <div class='ocr_carea' id='block_1_42' title="bbox 961 3623 1814 3700">
    <p class='ocr_par' dir='ltr' id='par_1_42' title="bbox 961 3623 1814 3700">
     <span class='ocr_line' id='line_1_42' title="bbox 961 3623 1814 3700; baseline 0.019 -29"><span class='ocrx_word' id='word_1_270' title='bbox 961 3623 1233 3690; x_wconf 88' lang='lat' dir='ltr'><strong>(Juvenal.,</strong></span> <span class='ocrx_word' id='word_1_271' title='bbox 1262 3632 1452 3695; x_wconf 82' lang='lat' dir='ltr'><strong>Satyr.,</strong></span> <span class='ocrx_word' id='word_1_272' title='bbox 1489 3651 1539 3693; x_wconf 81' lang='grc' dir='ltr'>ιι,</span> <span class='ocrx_word' id='word_1_273' title='bbox 1567 3637 1684 3686; x_wconf 90' lang='lat' dir='ltr'><strong>circ.</strong></span> <span class='ocrx_word' id='word_1_274' title='bbox 1706 3636 1814 3700; x_wconf 85' lang='lat' dir='ltr'><strong>ﬂn.)</strong></span> 
     </span>
    </p>
   </div>
   <div class='ocr_carea' id='block_1_43' title="bbox 458 3714 2062 3812">
    <p class='ocr_par' dir='ltr' id='par_1_43' title="bbox 458 3714 2062 3812">
     <span class='ocr_line' id='line_1_43' title="bbox 458 3714 2062 3812; baseline 0.019 -41"><span class='ocrx_word' id='word_1_275' title='bbox 458 3714 725 3777; x_wconf 82' lang='lat' dir='ltr'><strong>Lucianus</strong></span> <span class='ocrx_word' id='word_1_276' title='bbox 755 3725 952 3795; x_wconf 90' lang='lat' dir='ltr'><strong>etiam,</strong></span> <span class='ocrx_word' id='word_1_277' title='bbox 991 3744 1078 3794; x_wconf 78' lang='grc' dir='ltr'><strong>τὴν</strong></span> <span class='ocrx_word' id='word_1_278' title='bbox 1123 3746 1328 3804; x_wconf 57' lang='grc' dir='ltr'><strong>κεφαλὴν</strong></span> <span class='ocrx_word' id='word_1_279' title='bbox 1381 3746 1582 3794; x_wconf 64' lang='grc' dir='ltr'><strong>κάτωθεν</strong></span> <span class='ocrx_word' id='word_1_280' title='bbox 1610 3751 1660 3808; x_wconf 74' lang='grc' dir='ltr'><strong>ἐξ</strong></span> <span class='ocrx_word' id='word_1_281' title='bbox 1698 3749 1890 3812; x_wconf 71' lang='grc' dir='ltr'><strong>αὐχένας</strong></span> <span class='ocrx_word' id='word_1_282' title='bbox 1937 3753 2062 3801; x_wconf 72' lang='grc' dir='ltr'><strong>ἐλίσ-</strong></span> 
     </span>
    </p>
   </div>
   <div class='ocr_carea' id='block_1_44' title="bbox 457 3832 2060 3907">
    <p class='ocr_par' dir='ltr' id='par_1_44' title="bbox 457 3832 2060 3907">
     <span class='ocr_line' id='line_1_44' title="bbox 457 3832 2060 3907; baseline 0.012 -31"><span class='ocrx_word' id='word_1_283' title='bbox 457 3837 633 3886; x_wconf 75' lang='grc' dir='ltr'><strong>σοντες,</strong></span> <span class='ocrx_word' id='word_1_284' title='bbox 665 3835 761 3881; x_wconf 79' lang='grc' dir='ltr'>τοῖς</span> <span class='ocrx_word' id='word_1_285' title='bbox 788 3832 963 3892; x_wconf 62' lang='grc' dir='ltr'><strong>ξίφεσιν</strong></span> <span class='ocrx_word' id='word_1_286' title='bbox 992 3833 1230 3895; x_wconf 75' lang='grc' dir='ltr'><strong>ἕτέμνοντο</strong></span> <span class='ocrx_word' id='word_1_287' title='bbox 1259 3842 1363 3895; x_wconf 64' lang='lat' dir='ltr'><strong>rei);</strong></span> <span class='ocrx_word' id='word_1_288' title='bbox 1404 3851 1574 3903; x_wconf 61' lang='grc' dir='ltr'><strong>πήχεις</strong></span> <span class='ocrx_word' id='word_1_289' title='bbox 1593 3877 1606 3896; x_wconf 83' lang='grc'>,</span> <span class='ocrx_word' id='word_1_290' title='bbox 1630 3843 1712 3891; x_wconf 57' lang='grc' dir='ltr'><strong>καὶ</strong></span> <span class='ocrx_word' id='word_1_291' title='bbox 1741 3851 1828 3893; x_wconf 50' lang='lat' dir='ltr'><strong>in?»</strong></span> <span class='ocrx_word' id='word_1_292' title='bbox 1851 3850 2060 3907; x_wconf 65' lang='grc' dir='ltr'><strong>γλῶττάν</strong></span> 
     </span>
    </p>
   </div>
   <div class='ocr_carea' id='block_1_45' title="bbox 455 3913 2056 3996">
    <p class='ocr_par' dir='ltr' id='par_1_45' title="bbox 455 3913 2056 3996">
     <span class='ocr_line' id='line_1_45' title="bbox 455 3913 2056 3996; baseline 0.024 -39"><span class='ocrx_word' id='word_1_293' title='bbox 455 3925 544 3962; x_wconf 73' lang='grc' dir='ltr'><strong>τῶν</strong></span> <span class='ocrx_word' id='word_1_294' title='bbox 584 3913 779 3965; x_wconf 79' lang='grc' dir='ltr'><strong>ὀδόντων</strong></span> <span class='ocrx_word' id='word_1_295' title='bbox 815 3921 1116 3988; x_wconf 71' lang='grc' dir='ltr'><strong>ὑπερϐάλλων</strong></span> <span class='ocrx_word' id='word_1_296' title='bbox 1144 3930 1366 3992; x_wconf 70' lang='grc' dir='ltr'><strong>ἕκαστος,</strong></span> <span class='ocrx_word' id='word_1_297' title='bbox 1416 3936 1576 3996; x_wconf 66' lang='grc' dir='ltr'><strong>ἔτεμνε</strong></span> <span class='ocrx_word' id='word_1_298' title='bbox 1606 3943 1687 3984; x_wconf 64' lang='grc' dir='ltr'><strong>καὶ</strong></span> <span class='ocrx_word' id='word_1_299' title='bbox 1708 3939 1911 3996; x_wconf 82' lang='grc' dir='ltr'><strong>ταῦτην⁶</strong></span> <span class='ocrx_word' id='word_1_300' title='bbox 1938 3944 2056 3991; x_wconf 72' lang='grc' dir='ltr'><strong><em>ὥστε</em></strong></span> 
     </span>
    </p>
   </div>
   <div class='ocr_carea' id='block_1_46' title="bbox 455 4001 2058 4099">
    <p class='ocr_par' dir='ltr' id='par_1_46' title="bbox 455 4001 2058 4099">
     <span class='ocr_line' id='line_1_46' title="bbox 455 4001 2058 4099; baseline 0.024 -50"><span class='ocrx_word' id='word_1_301' title='bbox 455 4001 502 4049; x_wconf 84' lang='grc' dir='ltr'><strong>ἐν</strong></span> <span class='ocrx_word' id='word_1_302' title='bbox 540 4005 716 4072; x_wconf 72' lang='grc' dir='ltr'><strong>ἀκαρῖῖ</strong></span> <span class='ocrx_word' id='word_1_303' title='bbox 755 4012 914 4064; x_wconf 59' lang='lat' dir='ltr'><strong>enim</strong></span> <span class='ocrx_word' id='word_1_304' title='bbox 952 4021 1219 4074; x_wconf 80' lang='grc' dir='ltr'><strong>πεπλῆσθαι</strong></span> <span class='ocrx_word' id='word_1_305' title='bbox 1259 4026 1481 4085; x_wconf 60' lang='grc' dir='ltr'><strong>μυλαικώ</strong></span> <span class='ocrx_word' id='word_1_306' title='bbox 1524 4029 1750 4092; x_wconf 75' lang='grc' dir='ltr'><strong>αἳματος.</strong></span> <span class='ocrx_word' id='word_1_307' title='bbox 1827 4046 1843 4078; x_wconf 72' lang='grc' dir='ltr'><strong>ι</strong></span> <span class='ocrx_word' id='word_1_308' title='bbox 1887 4027 2058 4099; x_wconf 87' lang='lat' dir='ltr'><strong>Caput</strong></span> 
     </span>
    </p>
   </div>
   <div class='ocr_carea' id='block_1_47' title="bbox 453 4091 2050 4185">
    <p class='ocr_par' dir='ltr' id='par_1_47' title="bbox 453 4091 2050 4185">
     <span class='ocr_line' id='line_1_47' title="bbox 453 4091 2050 4185; baseline 0.021 -43"><span class='ocrx_word' id='word_1_309' title='bbox 453 4091 642 4148; x_wconf 86' lang='lat' dir='ltr'><strong>subtus</strong></span> <span class='ocrx_word' id='word_1_310' title='bbox 691 4107 874 4165; x_wconf 85' lang='lat' dir='ltr'><strong>guttur</strong></span> <span class='ocrx_word' id='word_1_311' title='bbox 923 4101 1151 4172; x_wconf 83' lang='lat' dir='ltr'><strong>ligantes</strong></span> <span class='ocrx_word' id='word_1_312' title='bbox 1182 4149 1194 4170; x_wconf 95' lang='lat'><strong>,</strong></span> <span class='ocrx_word' id='word_1_313' title='bbox 1248 4112 1465 4166; x_wconf 89' lang='lat' dir='ltr'><strong>ensibus</strong></span> <span class='ocrx_word' id='word_1_314' title='bbox 1530 4091 1758 4172; x_wconf 83' lang='lat' dir='ltr'><strong>lacertos</strong></span> <span class='ocrx_word' id='word_1_315' title='bbox 1807 4091 2006 4174; x_wconf 74' lang='lat' dir='ltr'><strong>feriunt</strong></span> <span class='ocrx_word' id='word_1_316' title='bbox 2037 4165 2050 4185; x_wconf 82' lang='lat'><strong>,</strong></span> 
     </span>
    </p>
   </div>
   <div class='ocr_carea' id='block_1_48' title="bbox 457 4183 2051 4281">
    <p class='ocr_par' dir='ltr' id='par_1_48' title="bbox 457 4183 2051 4281">
     <span class='ocr_line' id='line_1_48' title="bbox 457 4183 2051 4281; baseline 0.021 -44"><span class='ocrx_word' id='word_1_317' title='bbox 457 4183 689 4256; x_wconf 85' lang='lat' dir='ltr'><strong>linguam</strong></span> <span class='ocrx_word' id='word_1_318' title='bbox 734 4192 949 4264; x_wconf 89' lang='lat' dir='ltr'><strong>insuper</strong></span> <span class='ocrx_word' id='word_1_319' title='bbox 988 4197 1118 4254; x_wconf 79' lang='lat' dir='ltr'><strong>foris</strong></span> <span class='ocrx_word' id='word_1_320' title='bbox 1149 4205 1337 4260; x_wconf 87' lang='lat' dir='ltr'><strong>dentes</strong></span> <span class='ocrx_word' id='word_1_321' title='bbox 1382 4217 1662 4264; x_wconf 76' lang='lat' dir='ltr'><strong>extensum</strong></span> <span class='ocrx_word' id='word_1_322' title='bbox 1707 4215 1933 4281; x_wconf 84' lang='lat' dir='ltr'><strong>quiSque</strong></span> <span class='ocrx_word' id='word_1_323' title='bbox 1966 4216 2051 4270; x_wconf 90' lang='lat' dir='ltr'><strong>in-</strong></span> 
     </span>
    </p>
   </div>
   <div class='ocr_carea' id='block_1_49' title="bbox 452 4278 2044 4372">
    <p class='ocr_par' dir='ltr' id='par_1_49' title="bbox 452 4278 2044 4372">
     <span class='ocr_line' id='line_1_49' title="bbox 452 4278 2044 4372; baseline 0.02 -42"><span class='ocrx_word' id='word_1_324' title='bbox 452 4278 581 4333; x_wconf 88' lang='lat' dir='ltr'><strong>cidit</strong></span> <span class='ocrx_word' id='word_1_325' title='bbox 610 4322 625 4346; x_wconf 93' lang='lat'><strong>,</strong></span> <span class='ocrx_word' id='word_1_326' title='bbox 669 4292 726 4338; x_wconf 92' lang='lat' dir='ltr'><strong>ut</strong></span> <span class='ocrx_word' id='word_1_327' title='bbox 754 4285 896 4342; x_wconf 89' lang='lat' dir='ltr'><strong>brevi</strong></span> <span class='ocrx_word' id='word_1_328' title='bbox 929 4298 1170 4362; x_wconf 91' lang='lat' dir='ltr'><strong>tempore</strong></span> <span class='ocrx_word' id='word_1_329' title='bbox 1196 4300 1371 4352; x_wconf 86' lang='lat' dir='ltr'><strong>omnia</strong></span> <span class='ocrx_word' id='word_1_330' title='bbox 1396 4304 1656 4372; x_wconf 85' lang='lat' dir='ltr'><strong>sanguine</strong></span> <span class='ocrx_word' id='word_1_331' title='bbox 1688 4319 1993 4361; x_wconf 82' lang='lat' dir='ltr'><strong>manarent.</strong></span> <span class='ocrx_word' id='word_1_332' title='bbox 2026 4327 2044 4361; x_wconf 76' lang='grc' dir='ltr'><strong>ι</strong></span> 
     </span>
    </p>
   </div>
   <div class='ocr_carea' id='block_1_50' title="bbox 454 4371 2049 4468">
    <p class='ocr_par' dir='ltr' id='par_1_50' title="bbox 454 4371 2049 4468">
     <span class='ocr_line' id='line_1_50' title="bbox 454 4371 2049 4468; baseline 0.02 -43"><span class='ocrx_word' id='word_1_333' title='bbox 454 4371 700 4468; x_wconf 56' lang='grc' dir='ltr'><strong>ςιλυοὶιιη.</strong></span> <span class='ocrx_word' id='word_1_334' title='bbox 729 4379 780 4432; x_wconf 91' lang='lat' dir='ltr'><strong>in</strong></span> <span class='ocrx_word' id='word_1_335' title='bbox 810 4379 938 4438; x_wconf 90' lang='lat' dir='ltr'><strong>Luc.</strong></span> <span class='ocrx_word' id='word_1_336' title='bbox 970 4385 1083 4441; x_wconf 89' lang='lat' dir='ltr'><strong>sive</strong></span> <span class='ocrx_word' id='word_1_337' title='bbox 1112 4390 1248 4444; x_wconf 84' lang='lat' dir='ltr'><strong>asin.</strong></span> <span class='ocrx_word' id='word_1_338' title='bbox 1284 4408 1402 4464; x_wconf 81' lang='lat' dir='ltr'><strong>pag.</strong></span> <span class='ocrx_word' id='word_1_339' title='bbox 1432 4395 1595 4468; x_wconf 83' lang='lat'><strong>660).</strong></span> <span class='ocrx_word' id='word_1_340' title='bbox 1632 4399 1891 4468; x_wconf 83' lang='lat' dir='ltr'><strong>Apuleius</strong></span> <span class='ocrx_word' id='word_1_341' title='bbox 1921 4417 2049 4456; x_wconf 82' lang='lat' dir='ltr'><strong>vero</strong></span> 
     </span>
    </p>
   </div>
   <div class='ocr_carea' id='block_1_51' title="bbox 453 4462 2046 4561">
    <p class='ocr_par' dir='ltr' id='par_1_51' title="bbox 453 4462 2046 4561">
     <span class='ocr_line' id='line_1_51' title="bbox 453 4462 2046 4561; baseline 0.021 -45"><span class='ocrx_word' id='word_1_342' title='bbox 453 4462 654 4522; x_wconf 82' lang='lat' dir='ltr'><strong>ferrum</strong></span> <span class='ocrx_word' id='word_1_343' title='bbox 687 4470 815 4527; x_wconf 92' lang='lat' dir='ltr'><strong>illud</strong></span> <span class='ocrx_word' id='word_1_344' title='bbox 860 4491 1058 4546; x_wconf 87' lang='lat' dir='ltr'><strong>anceps</strong></span> <span class='ocrx_word' id='word_1_345' title='bbox 1090 4491 1245 4537; x_wconf 87' lang='lat' dir='ltr'><strong>vocat</strong></span> <span class='ocrx_word' id='word_1_346' title='bbox 1272 4526 1285 4550; x_wconf 95' lang='lat'><strong>,</strong></span> <span class='ocrx_word' id='word_1_347' title='bbox 1319 4502 1425 4554; x_wconf 91' lang='lat' dir='ltr'><strong>quo</strong></span> <span class='ocrx_word' id='word_1_348' title='bbox 1452 4503 1544 4542; x_wconf 90' lang='lat' dir='ltr'><strong>sua</strong></span> <span class='ocrx_word' id='word_1_349' title='bbox 1574 4490 1800 4561; x_wconf 89' lang='lat' dir='ltr'><strong>quisque</strong></span> <span class='ocrx_word' id='word_1_350' title='bbox 1831 4492 2046 4549; x_wconf 89' lang='lat' dir='ltr'><strong>brachia</strong></span> 
     </span>
    </p>
   </div>
   <div class='ocr_carea' id='block_1_52' title="bbox 2199 482 3810 565">
    <p class='ocr_par' dir='ltr' id='par_1_52' title="bbox 2199 482 3810 565">
     <span class='ocr_line' id='line_1_52' title="bbox 2199 482 3810 565; baseline 0.011 -31"><span class='ocrx_word' id='word_1_351' title='bbox 2199 482 2317 536; x_wconf 82' lang='lat' dir='ltr'><strong>sive</strong></span> <span class='ocrx_word' id='word_1_352' title='bbox 2341 482 2524 538; x_wconf 85' lang='lat' dir='ltr'><strong>Matris</strong></span> <span class='ocrx_word' id='word_1_353' title='bbox 2552 485 2718 540; x_wconf 84' lang='lat' dir='ltr'><strong>Deum</strong></span> <span class='ocrx_word' id='word_1_354' title='bbox 2747 487 3113 544; x_wconf 89' lang='lat' dir='ltr'><strong>simulacrum.</strong></span> <span class='ocrx_word' id='word_1_355' title='bbox 3138 490 3272 546; x_wconf 89' lang='lat' dir='ltr'><strong>Tum</strong></span> <span class='ocrx_word' id='word_1_356' title='bbox 3301 493 3441 547; x_wconf 90' lang='lat' dir='ltr'><strong>enim</strong></span> <span class='ocrx_word' id='word_1_357' title='bbox 3493 495 3636 564; x_wconf 90' lang='lat' dir='ltr'><strong>turpi</strong></span> <span class='ocrx_word' id='word_1_358' title='bbox 3661 510 3810 565; x_wconf 88' lang='lat' dir='ltr'><strong>pror-</strong></span> 
     </span>
    </p>
   </div>
   <div class='ocr_carea' id='block_1_53' title="bbox 2197 577 3806 656">
    <p class='ocr_par' dir='ltr' id='par_1_53' title="bbox 2197 577 3806 656">
     <span class='ocr_line' id='line_1_53' title="bbox 2197 577 3806 656; baseline 0.008 -27"><span class='ocrx_word' id='word_1_359' title='bbox 2197 590 2288 630; x_wconf 88' lang='lat' dir='ltr'><strong>sus</strong></span> <span class='ocrx_word' id='word_1_360' title='bbox 2319 577 2664 635; x_wconf 87' lang='lat' dir='ltr'><strong>mendicitate</strong></span> <span class='ocrx_word' id='word_1_361' title='bbox 2691 581 2959 650; x_wconf 86' lang='lat' dir='ltr'><strong>quasltbet</strong></span> <span class='ocrx_word' id='word_1_362' title='bbox 2986 584 3155 652; x_wconf 89' lang='lat' dir='ltr'><strong>stipes</strong></span> <span class='ocrx_word' id='word_1_363' title='bbox 3181 585 3507 656; x_wconf 82' lang='lat' dir='ltr'><strong>colligebant</strong></span> <span class='ocrx_word' id='word_1_364' title='bbox 3532 602 3730 644; x_wconf 82' lang='lat' dir='ltr'><strong>aureas</strong></span> <span class='ocrx_word' id='word_1_365' title='bbox 3750 595 3806 644; x_wconf 83' lang='lat' dir='ltr'><strong>et</strong></span> 
     </span>
    </p>
   </div>
   <div class='ocr_carea' id='block_1_54' title="bbox 2197 673 3800 748">
    <p class='ocr_par' dir='ltr' id='par_1_54' title="bbox 2197 673 3800 748">
     <span class='ocr_line' id='line_1_54' title="bbox 2197 673 3800 748; baseline 0.007 -26"><span class='ocrx_word' id='word_1_366' title='bbox 2197 679 2486 740; x_wconf 86' lang='lat' dir='ltr'><strong>argenteas</strong></span> <span class='ocrx_word' id='word_1_367' title='bbox 2517 715 2531 737; x_wconf 91' lang='lat'><strong>,</strong></span> <span class='ocrx_word' id='word_1_368' title='bbox 2587 673 2756 744; x_wconf 87' lang='lat' dir='ltr'><strong>inquit</strong></span> <span class='ocrx_word' id='word_1_369' title='bbox 2802 675 3061 746; x_wconf 81' lang='lat' dir='ltr'><strong>Apuleius</strong></span> <span class='ocrx_word' id='word_1_370' title='bbox 3086 675 3105 748; x_wconf 96' lang='lat'>(</span> <span class='ocrx_word' id='word_1_371' title='bbox 3135 679 3344 747; x_wconf 78' lang='lat' dir='ltr'><strong>Apulei.</strong></span> <span class='ocrx_word' id='word_1_372' title='bbox 3375 679 3474 735; x_wconf 90' lang='lat' dir='ltr'><strong>loc.</strong></span> <span class='ocrx_word' id='word_1_373' title='bbox 3505 679 3602 734; x_wconf 91' lang='lat' dir='ltr'><strong>cit.</strong></span> <span class='ocrx_word' id='word_1_374' title='bbox 3629 681 3688 748; x_wconf 91' lang='lat'><strong>),</strong></span> <span class='ocrx_word' id='word_1_375' title='bbox 3721 679 3800 736; x_wconf 87' lang='lat' dir='ltr'><strong>vel</strong></span> 
     </span>
    </p>
   </div>
   <div class='ocr_carea' id='block_1_55' title="bbox 2196 768 3799 842">
    <p class='ocr_par' dir='ltr' id='par_1_55' title="bbox 2196 768 3799 842">
     <span class='ocr_line' id='line_1_55' title="bbox 2196 768 3799 842; baseline 0.008 -26"><span class='ocrx_word' id='word_1_376' title='bbox 2196 768 2383 828; x_wconf 61' lang='lat' dir='ltr'><strong>asotos;</strong></span> <span class='ocrx_word' id='word_1_377' title='bbox 2409 771 2491 820; x_wconf 76' lang='grc' dir='ltr'><strong>καὶ</strong></span> <span class='ocrx_word' id='word_1_378' title='bbox 2528 772 2759 839; x_wconf 75' lang='grc' dir='ltr'><strong>δραγμάς,</strong></span> <span class='ocrx_word' id='word_1_379' title='bbox 2795 790 2812 821; x_wconf 83' lang='lat' dir='ltr'><strong>t</strong></span> <span class='ocrx_word' id='word_1_380' title='bbox 2842 769 3031 825; x_wconf 89' lang='lat' dir='ltr'><strong>obolos</strong></span> <span class='ocrx_word' id='word_1_381' title='bbox 3056 780 3110 826; x_wconf 90' lang='lat' dir='ltr'><strong>et</strong></span> <span class='ocrx_word' id='word_1_382' title='bbox 3139 772 3423 842; x_wconf 89' lang='lat' dir='ltr'><strong>dragmas,</strong></span> <span class='ocrx_word' id='word_1_383' title='bbox 3471 774 3548 828; x_wconf 92' lang='lat' dir='ltr'><strong>uti</strong></span> <span class='ocrx_word' id='word_1_384' title='bbox 3576 775 3654 829; x_wconf 88' lang='lat' dir='ltr'><strong>ait</strong></span> <span class='ocrx_word' id='word_1_385' title='bbox 3691 774 3799 830; x_wconf 82' lang='lat' dir='ltr'><strong>Lu—</strong></span> 
     </span>
    </p>
   </div>
   <div class='ocr_carea' id='block_1_56' title="bbox 2194 862 3798 938">
    <p class='ocr_par' dir='ltr' id='par_1_56' title="bbox 2194 862 3798 938">
     <span class='ocr_line' id='line_1_56' title="bbox 2194 862 3798 938; baseline 0.005 -22"><span class='ocrx_word' id='word_1_386' title='bbox 2194 862 2380 917; x_wconf 90' lang='lat' dir='ltr'><strong>cianus</strong></span> <span class='ocrx_word' id='word_1_387' title='bbox 2400 904 2415 929; x_wconf 93' lang='lat'><strong>,</strong></span> <span class='ocrx_word' id='word_1_388' title='bbox 2450 877 2511 917; x_wconf 91' lang='lat' dir='ltr'><strong>ac</strong></span> <span class='ocrx_word' id='word_1_389' title='bbox 2537 864 2792 933; x_wconf 78' lang='lat' dir='ltr'><strong>quidquid</strong></span> <span class='ocrx_word' id='word_1_390' title='bbox 2831 866 3199 936; x_wconf 88' lang='lat' dir='ltr'><strong>unusquisque</strong></span> <span class='ocrx_word' id='word_1_391' title='bbox 3230 867 3336 922; x_wconf 89' lang='lat' dir='ltr'><strong>illis</strong></span> <span class='ocrx_word' id='word_1_392' title='bbox 3368 867 3571 922; x_wconf 83' lang='lat' dir='ltr'><strong>all‘atim</strong></span> <span class='ocrx_word' id='word_1_393' title='bbox 3606 868 3798 938; x_wconf 83' lang='lat' dir='ltr'><strong>largie-</strong></span> 
     </span>
    </p>
   </div>
   <div class='ocr_carea' id='block_1_57' title="bbox 2196 954 3798 1035">
    <p class='ocr_par' dir='ltr' id='par_1_57' title="bbox 2196 954 3798 1035">
     <span class='ocr_line' id='line_1_57' title="bbox 2196 954 3798 1035; baseline 0.006 -27"><span class='ocrx_word' id='word_1_394' title='bbox 2196 954 2352 1009; x_wconf 89' lang='lat' dir='ltr'><strong>batur</strong></span> <span class='ocrx_word' id='word_1_395' title='bbox 2380 955 2651 1027; x_wconf 65' lang='lat' dir='ltr'><strong>(Lucium)</strong></span> <span class='ocrx_word' id='word_1_396' title='bbox 2683 958 2786 1013; x_wconf 93' lang='lat' dir='ltr'><strong>Ioc.</strong></span> <span class='ocrx_word' id='word_1_397' title='bbox 2816 959 2910 1013; x_wconf 90' lang='lat' dir='ltr'><strong>cit.</strong></span> <span class='ocrx_word' id='word_1_398' title='bbox 2946 957 3066 1014; x_wconf 88' lang='lat' dir='ltr'><strong>Uno</strong></span> <span class='ocrx_word' id='word_1_399' title='bbox 3092 968 3270 1016; x_wconf 87' lang='lat' dir='ltr'><strong>autem</strong></span> <span class='ocrx_word' id='word_1_400' title='bbox 3297 961 3461 1015; x_wconf 89' lang='lat' dir='ltr'><strong>verbo</strong></span> <span class='ocrx_word' id='word_1_401' title='bbox 3487 977 3517 1015; x_wconf 91' lang='lat' dir='ltr'><strong>a</strong></span> <span class='ocrx_word' id='word_1_402' title='bbox 3538 963 3798 1035; x_wconf 81' lang='lat' dir='ltr'><strong>Dionysio</strong></span> 
     </span>
    </p>
   </div>
   <div class='ocr_carea' id='block_1_58' title="bbox 2191 1047 3795 1130">
    <p class='ocr_par' dir='ltr' id='par_1_58' title="bbox 2191 1047 3795 1130">
     <span class='ocr_line' id='line_1_58' title="bbox 2191 1047 3795 1130; baseline 0.007 -29"><span class='ocrx_word' id='word_1_403' title='bbox 2191 1047 2600 1105; x_wconf 85' lang='lat' dir='ltr'><strong>Halicarnasseo</strong></span> <span class='ocrx_word' id='word_1_404' title='bbox 2626 1051 2965 1120; x_wconf 83' lang='lat' dir='ltr'><strong>appellantur</strong></span> <span class='ocrx_word' id='word_1_405' title='bbox 3001 1062 3436 1125; x_wconf 67' lang='grc' dir='ltr'><strong>μητραγυρτοῦντες</strong></span> <span class='ocrx_word' id='word_1_406' title='bbox 3462 1097 3477 1121; x_wconf 89' lang='grc'><em>,</em></span> <span class='ocrx_word' id='word_1_407' title='bbox 3525 1056 3544 1127; x_wconf 96' lang='grc'>(</span> <span class='ocrx_word' id='word_1_408' title='bbox 3573 1057 3795 1130; x_wconf 83' lang='lat' dir='ltr'><strong>Dionys.</strong></span> 
     </span>
    </p>
   </div>
   <div class='ocr_carea' id='block_1_59' title="bbox 2194 1138 3796 1215">
    <p class='ocr_par' dir='ltr' id='par_1_59' title="bbox 2194 1138 3796 1215">
     <span class='ocr_line' id='line_1_59' title="bbox 2194 1138 3796 1215; baseline 0.005 -21"><span class='ocrx_word' id='word_1_409' title='bbox 2194 1138 2369 1196; x_wconf 79' lang='lat' dir='ltr'><strong>llalic.</strong></span> <span class='ocrx_word' id='word_1_410' title='bbox 2404 1141 2496 1196; x_wconf 90' lang='lat' dir='ltr'><strong>lib.</strong></span> <span class='ocrx_word' id='word_1_411' title='bbox 2531 1158 2567 1196; x_wconf 90' lang='lat' dir='ltr'><strong>tt</strong></span> <span class='ocrx_word' id='word_1_412' title='bbox 2598 1142 2768 1213; x_wconf 85' lang='lat' dir='ltr'><strong>Antiq.</strong></span> <span class='ocrx_word' id='word_1_413' title='bbox 2808 1143 2959 1196; x_wconf 88' lang='lat' dir='ltr'><strong>Rom.</strong></span> <span class='ocrx_word' id='word_1_414' title='bbox 2997 1161 3047 1214; x_wconf 89' lang='lat' dir='ltr'><strong>p.</strong></span> <span class='ocrx_word' id='word_1_415' title='bbox 3082 1147 3144 1201; x_wconf 82' lang='lat' dir='ltr'><strong>9i</strong></span> <span class='ocrx_word' id='word_1_416' title='bbox 3184 1145 3227 1215; x_wconf 90' lang='lat'><strong>),</strong></span> <span class='ocrx_word' id='word_1_417' title='bbox 3260 1146 3330 1200; x_wconf 88' lang='lat' dir='ltr'><strong>ab</strong></span> <span class='ocrx_word' id='word_1_418' title='bbox 3359 1147 3479 1201; x_wconf 90' lang='lat' dir='ltr'><strong>aliis</strong></span> <span class='ocrx_word' id='word_1_419' title='bbox 3513 1190 3530 1214; x_wconf 92' lang='lat'><strong>,</strong></span> <span class='ocrx_word' id='word_1_420' title='bbox 3563 1157 3622 1202; x_wconf 91' lang='lat' dir='ltr'><strong>ut</strong></span> <span class='ocrx_word' id='word_1_421' title='bbox 3670 1149 3796 1202; x_wconf 84' lang='lat' dir='ltr'><strong>alibi</strong></span> 
     </span>
    </p>
   </div>
   <div class='ocr_carea' id='block_1_60' title="bbox 2193 1231 3798 1306">
    <p class='ocr_par' dir='ltr' id='par_1_60' title="bbox 2193 1231 3798 1306">
     <span class='ocr_line' id='line_1_60' title="bbox 2193 1231 3798 1306; baseline 0.007 -22"><span class='ocrx_word' id='word_1_422' title='bbox 2193 1231 2453 1296; x_wconf 84' lang='lat' dir='ltr'><strong>vidimus,</strong></span> <span class='ocrx_word' id='word_1_423' title='bbox 2486 1240 2840 1305; x_wconf 71' lang='grc' dir='ltr'><strong>μητραγύρτες,</strong></span> <span class='ocrx_word' id='word_1_424' title='bbox 2877 1256 2895 1287; x_wconf 75' lang='grc' dir='ltr'><strong>ι</strong></span> <span class='ocrx_word' id='word_1_425' title='bbox 2935 1236 3055 1292; x_wconf 89' lang='lat' dir='ltr'><strong>sive</strong></span> <span class='ocrx_word' id='word_1_426' title='bbox 3084 1239 3278 1306; x_wconf 89' lang='lat' dir='ltr'><strong>stipem</strong></span> <span class='ocrx_word' id='word_1_427' title='bbox 3311 1238 3462 1294; x_wconf 84' lang='lat' dir='ltr'><strong>Matri</strong></span> <span class='ocrx_word' id='word_1_428' title='bbox 3491 1239 3655 1295; x_wconf 89' lang='lat' dir='ltr'><strong>deum</strong></span> <span class='ocrx_word' id='word_1_429' title='bbox 3684 1242 3798 1296; x_wconf 87' lang='lat' dir='ltr'><strong>col-</strong></span> 
     </span>
    </p>
   </div>
   <div class='ocr_carea' id='block_1_61' title="bbox 2191 1321 3792 1397">
    <p class='ocr_par' dir='ltr' id='par_1_61' title="bbox 2191 1321 3792 1397">
     <span class='ocr_line' id='line_1_61' title="bbox 2191 1321 3792 1397; baseline 0.008 -20"><span class='ocrx_word' id='word_1_430' title='bbox 2191 1321 2441 1393; x_wconf 85' lang='lat' dir='ltr'><strong>ligentes.</strong></span> <span class='ocrx_word' id='word_1_431' title='bbox 2475 1344 2494 1377; x_wconf 75' lang='grc' dir='ltr'><strong>ι</strong></span> <span class='ocrx_word' id='word_1_432' title='bbox 2525 1328 2883 1392; x_wconf 80' lang='lat' dir='ltr'><strong>Quamobrem</strong></span> <span class='ocrx_word' id='word_1_433' title='bbox 2911 1344 2939 1380; x_wconf 91' lang='lat' dir='ltr'><strong>a</strong></span> <span class='ocrx_word' id='word_1_434' title='bbox 2969 1329 3336 1397; x_wconf 87' lang='lat' dir='ltr'><strong>Tertulliano,</strong></span> <span class='ocrx_word' id='word_1_435' title='bbox 3370 1335 3508 1387; x_wconf 92' lang='lat' dir='ltr'><strong>sicut</strong></span> <span class='ocrx_word' id='word_1_436' title='bbox 3535 1348 3637 1388; x_wconf 89' lang='lat' dir='ltr'><strong>suo</strong></span> <span class='ocrx_word' id='word_1_437' title='bbox 3675 1335 3792 1389; x_wconf 88' lang='lat' dir='ltr'><strong>loco</strong></span> 
     </span>
    </p>
   </div>
   <div class='ocr_carea' id='block_1_62' title="bbox 2195 1417 3794 1496">
    <p class='ocr_par' dir='ltr' id='par_1_62' title="bbox 2195 1417 3794 1496">
     <span class='ocr_line' id='line_1_62' title="bbox 2195 1417 3794 1496; baseline 0.008 -26"><span class='ocrx_word' id='word_1_438' title='bbox 2195 1417 2533 1483; x_wconf 87' lang='lat' dir='ltr'><strong>videbimus,</strong></span> <span class='ocrx_word' id='word_1_439' title='bbox 2564 1431 2902 1489; x_wconf 85' lang='lat' dir='ltr'><strong>nuncupatur</strong></span> <span class='ocrx_word' id='word_1_440' title='bbox 2944 1440 2963 1474; x_wconf 71' lang='grc' dir='ltr'><strong>ι</strong></span> <span class='ocrx_word' id='word_1_441' title='bbox 2999 1423 3186 1493; x_wconf 84' lang='lat' dir='ltr'><strong>religio</strong></span> <span class='ocrx_word' id='word_1_442' title='bbox 3213 1424 3524 1480; x_wconf 88' lang='lat' dir='ltr'><strong>mendicans</strong></span> <span class='ocrx_word' id='word_1_443' title='bbox 3553 1467 3568 1490; x_wconf 90' lang='lat'><strong>,</strong></span> <span class='ocrx_word' id='word_1_444' title='bbox 3604 1445 3623 1478; x_wconf 69' lang='grc' dir='ltr'><strong>ι</strong></span> <span class='ocrx_word' id='word_1_445' title='bbox 3675 1443 3794 1496; x_wconf 66' lang='lat' dir='ltr'><strong>qua:</strong></span> 
     </span>
    </p>
   </div>
   <div class='ocr_carea' id='block_1_63' title="bbox 2191 1511 3791 1589">
    <p class='ocr_par' dir='ltr' id='par_1_63' title="bbox 2191 1511 3791 1589">
     <span class='ocr_line' id='line_1_63' title="bbox 2191 1511 3791 1589; baseline 0.006 -26"><span class='ocrx_word' id='word_1_446' title='bbox 2191 1524 2460 1579; x_wconf 86' lang='lat' dir='ltr'><strong>cauponas</strong></span> <span class='ocrx_word' id='word_1_447' title='bbox 2504 1512 2762 1567; x_wconf 74' lang='lat' dir='ltr'><strong>circuibat</strong></span> <span class='ocrx_word' id='word_1_448' title='bbox 2807 1511 3011 1584; x_wconf 85' lang='lat' dir='ltr'><strong>(Tom.</strong></span> <span class='ocrx_word' id='word_1_449' title='bbox 3055 1515 3082 1568; x_wconf 87' lang='grc'><strong>1</strong></span> <span class='ocrx_word' id='word_1_450' title='bbox 3127 1515 3377 1586; x_wconf 74' lang='lat' dir='ltr'><strong>Apparet.</strong></span> <span class='ocrx_word' id='word_1_451' title='bbox 3442 1532 3563 1588; x_wconf 83' lang='lat' dir='ltr'><strong>pag.</strong></span> <span class='ocrx_word' id='word_1_452' title='bbox 3612 1517 3721 1573; x_wconf 77' lang='grc'><strong>784</strong></span> <span class='ocrx_word' id='word_1_453' title='bbox 3747 1517 3791 1589; x_wconf 90' lang='grc'><strong>).</strong></span> 
     </span>
    </p>
   </div>
   <div class='ocr_carea' id='block_1_64' title="bbox 2190 1602 3791 1670">
    <p class='ocr_par' dir='ltr' id='par_1_64' title="bbox 2190 1602 3791 1670">
     <span class='ocr_line' id='line_1_64' title="bbox 2190 1602 3791 1670; baseline 0.006 -15"><span class='ocrx_word' id='word_1_454' title='bbox 2190 1602 2323 1670; x_wconf 83' lang='lat' dir='ltr'><strong>Quis</strong></span> <span class='ocrx_word' id='word_1_455' title='bbox 2351 1614 2528 1659; x_wconf 88' lang='lat' dir='ltr'><strong>autem</strong></span> <span class='ocrx_word' id='word_1_456' title='bbox 2578 1621 2683 1660; x_wconf 90' lang='lat' dir='ltr'><strong>non</strong></span> <span class='ocrx_word' id='word_1_457' title='bbox 2715 1606 2996 1661; x_wconf 88' lang='lat' dir='ltr'><strong>mirabitur</strong></span> <span class='ocrx_word' id='word_1_458' title='bbox 3021 1607 3164 1663; x_wconf 91' lang='lat' dir='ltr'><strong>hunc</strong></span> <span class='ocrx_word' id='word_1_459' title='bbox 3202 1608 3636 1665; x_wconf 86' lang='lat' dir='ltr'><strong>sordidissimum</strong></span> <span class='ocrx_word' id='word_1_460' title='bbox 3677 1627 3791 1666; x_wconf 78' lang='lat' dir='ltr'><strong>mo-</strong></span> 
     </span>
    </p>
   </div>
   <div class='ocr_carea' id='block_1_65' title="bbox 2190 1697 3790 1773">
    <p class='ocr_par' dir='ltr' id='par_1_65' title="bbox 2190 1697 3790 1773">
     <span class='ocr_line' id='line_1_65' title="bbox 2190 1697 3790 1773; baseline 0.004 -25"><span class='ocrx_word' id='word_1_461' title='bbox 2190 1709 2305 1749; x_wconf 88' lang='lat' dir='ltr'><strong>rem</strong></span> <span class='ocrx_word' id='word_1_462' title='bbox 2338 1697 2720 1750; x_wconf 88' lang='lat' dir='ltr'><strong>sacratiorihus</strong></span> <span class='ocrx_word' id='word_1_463' title='bbox 2746 1698 3013 1753; x_wconf 90' lang='lat' dir='ltr'><strong>lirmatum</strong></span> <span class='ocrx_word' id='word_1_464' title='bbox 3045 1697 3208 1754; x_wconf 81' lang='lat' dir='ltr'><strong>fuisse</strong></span> <span class='ocrx_word' id='word_1_465' title='bbox 3231 1701 3510 1770; x_wconf 84' lang='lat' dir='ltr'><strong>gentilium</strong></span> <span class='ocrx_word' id='word_1_466' title='bbox 3539 1703 3746 1773; x_wconf 81' lang='lat' dir='ltr'><strong>legibus</strong></span> <span class='ocrx_word' id='word_1_467' title='bbox 3765 1703 3790 1755; x_wconf 85' lang='lat'><strong>?</strong></span> 
     </span>
    </p>
   </div>
   <div class='ocr_carea' id='block_1_66' title="bbox 2110 1785 3786 1858">
    <p class='ocr_par' dir='ltr' id='par_1_66' title="bbox 2110 1785 3786 1858">
     <span class='ocr_line' id='line_1_66' title="bbox 2110 1785 3786 1858; baseline 0.004 -12"><span class='ocrx_word' id='word_1_468' title='bbox 2110 1785 2160 1846; x_wconf 90' lang='lat' dir='ltr'><strong>B</strong></span> <span class='ocrx_word' id='word_1_469' title='bbox 2189 1789 2258 1843; x_wconf 89' lang='lat' dir='ltr'><strong>At</strong></span> <span class='ocrx_word' id='word_1_470' title='bbox 2285 1787 2472 1842; x_wconf 83' lang='lat' dir='ltr'><strong>Cicero</strong></span> <span class='ocrx_word' id='word_1_471' title='bbox 2503 1799 2676 1844; x_wconf 89' lang='lat' dir='ltr'><strong>tamen</strong></span> <span class='ocrx_word' id='word_1_472' title='bbox 2709 1790 2846 1846; x_wconf 90' lang='lat' dir='ltr'><strong>hanc</strong></span> <span class='ocrx_word' id='word_1_473' title='bbox 2867 1834 2882 1858; x_wconf 93' lang='lat'><strong>,</strong></span> <span class='ocrx_word' id='word_1_474' title='bbox 2914 1792 3055 1847; x_wconf 91' lang='lat' dir='ltr'><strong>inter</strong></span> <span class='ocrx_word' id='word_1_475' title='bbox 3083 1791 3213 1846; x_wconf 89' lang='lat' dir='ltr'><strong>alias</strong></span> <span class='ocrx_word' id='word_1_476' title='bbox 3237 1793 3304 1848; x_wconf 88' lang='lat' dir='ltr'><strong>ad</strong></span> <span class='ocrx_word' id='word_1_477' title='bbox 3332 1794 3557 1850; x_wconf 90' lang='lat' dir='ltr'><strong>deorum</strong></span> <span class='ocrx_word' id='word_1_478' title='bbox 3582 1797 3786 1852; x_wconf 88' lang='lat' dir='ltr'><strong>cultum</strong></span> 
     </span>
    </p>
   </div>
   <div class='ocr_carea' id='block_1_67' title="bbox 2187 1878 3789 1951">
    <p class='ocr_par' dir='ltr' id='par_1_67' title="bbox 2187 1878 3789 1951">
     <span class='ocr_line' id='line_1_67' title="bbox 2187 1878 3789 1951; baseline 0.009 -22"><span class='ocrx_word' id='word_1_479' title='bbox 2187 1878 2517 1947; x_wconf 80' lang='lat' dir='ltr'><strong>pertinentes</strong></span> <span class='ocrx_word' id='word_1_480' title='bbox 2547 1923 2560 1944; x_wconf 93' lang='lat'><strong>,</strong></span> <span class='ocrx_word' id='word_1_481' title='bbox 2612 1880 2783 1951; x_wconf 85' lang='lat' dir='ltr'><strong>legem</strong></span> <span class='ocrx_word' id='word_1_482' title='bbox 2819 1881 3037 1938; x_wconf 75' lang='lat' dir='ltr'><strong>exhibet</strong></span> <span class='ocrx_word' id='word_1_483' title='bbox 3067 1901 3078 1937; x_wconf 92' lang='lat'>:</span> <span class='ocrx_word' id='word_1_484' title='bbox 3134 1903 3152 1936; x_wconf 84' lang='grc' dir='ltr'><strong>ι</strong></span> <span class='ocrx_word' id='word_1_485' title='bbox 3188 1884 3390 1940; x_wconf 66' lang='lat' dir='ltr'><strong>Prieter</strong></span> <span class='ocrx_word' id='word_1_486' title='bbox 3424 1887 3560 1942; x_wconf 75' lang='lat' dir='ltr'><strong>Idea:</strong></span> <span class='ocrx_word' id='word_1_487' title='bbox 3604 1887 3789 1944; x_wconf 81' lang='lat' dir='ltr'><strong>Matris</strong></span> 
     </span>
    </p>
   </div>
   <div class='ocr_carea' id='block_1_68' title="bbox 2185 1973 3780 2053">
    <p class='ocr_par' dir='ltr' id='par_1_68' title="bbox 2185 1973 3780 2053">
     <span class='ocr_line' id='line_1_68' title="bbox 2185 1973 3780 2053; baseline 0.006 -26"><span class='ocrx_word' id='word_1_488' title='bbox 2185 1973 2440 2040; x_wconf 81' lang='lat' dir='ltr'><strong>fatnnlos,</strong></span> <span class='ocrx_word' id='word_1_489' title='bbox 2461 1989 2661 2045; x_wconf 89' lang='lat' dir='ltr'><strong>eosque</strong></span> <span class='ocrx_word' id='word_1_490' title='bbox 2685 1977 2844 2046; x_wconf 76' lang='lat' dir='ltr'><strong>jusuis</strong></span> <span class='ocrx_word' id='word_1_491' title='bbox 2863 1977 3075 2043; x_wconf 89' lang='lat' dir='ltr'><strong>diebus,</strong></span> <span class='ocrx_word' id='word_1_492' title='bbox 3094 1994 3163 2034; x_wconf 93' lang='lat' dir='ltr'><strong>ne</strong></span> <span class='ocrx_word' id='word_1_493' title='bbox 3188 1981 3307 2049; x_wconf 90' lang='lat' dir='ltr'><strong>quis</strong></span> <span class='ocrx_word' id='word_1_494' title='bbox 3332 1981 3525 2051; x_wconf 87' lang='lat' dir='ltr'><strong>stipem</strong></span> <span class='ocrx_word' id='word_1_495' title='bbox 3549 1983 3780 2053; x_wconf 65' lang='lat' dir='ltr'><strong>cogito.»</strong></span> 
     </span>
    </p>
   </div>
   <div class='ocr_carea' id='block_1_69' title="bbox 2185 2066 3783 2130">
    <p class='ocr_par' dir='ltr' id='par_1_69' title="bbox 2185 2066 3783 2130">
     <span class='ocr_line' id='line_1_69' title="bbox 2185 2066 3783 2130; baseline 0.004 -8"><span class='ocrx_word' id='word_1_496' title='bbox 2185 2066 2316 2122; x_wconf 86' lang='lat' dir='ltr'><strong>Eam</strong></span> <span class='ocrx_word' id='word_1_497' title='bbox 2347 2081 2476 2122; x_wconf 88' lang='lat' dir='ltr'><strong>sane</strong></span> <span class='ocrx_word' id='word_1_498' title='bbox 2506 2069 2576 2122; x_wconf 93' lang='lat' dir='ltr'><strong>ob</strong></span> <span class='ocrx_word' id='word_1_499' title='bbox 2615 2084 2830 2124; x_wconf 88' lang='lat' dir='ltr'><strong>causam</strong></span> <span class='ocrx_word' id='word_1_500' title='bbox 2862 2086 2968 2124; x_wconf 91' lang='lat' dir='ltr'><strong>non</strong></span> <span class='ocrx_word' id='word_1_501' title='bbox 3008 2071 3121 2125; x_wconf 90' lang='lat' dir='ltr'><strong>ausi</strong></span> <span class='ocrx_word' id='word_1_502' title='bbox 3154 2080 3284 2126; x_wconf 91' lang='lat' dir='ltr'><strong>sunt</strong></span> <span class='ocrx_word' id='word_1_503' title='bbox 3315 2072 3454 2127; x_wconf 88' lang='lat' dir='ltr'><strong>hunc</strong></span> <span class='ocrx_word' id='word_1_504' title='bbox 3496 2075 3783 2130; x_wconf 87' lang='lat' dir='ltr'><strong>ridiculum</strong></span> 
     </span>
    </p>
   </div>
   <div class='ocr_carea' id='block_1_70' title="bbox 2183 2161 3780 2240">
    <p class='ocr_par' dir='ltr' id='par_1_70' title="bbox 2183 2161 3780 2240">
     <span class='ocr_line' id='line_1_70' title="bbox 2183 2161 3780 2240; baseline 0.005 -27"><span class='ocrx_word' id='word_1_505' title='bbox 2183 2174 2390 2215; x_wconf 89' lang='lat' dir='ltr'><strong>morem</strong></span> <span class='ocrx_word' id='word_1_506' title='bbox 2426 2162 2706 2230; x_wconf 85' lang='lat' dir='ltr'><strong>antiquare</strong></span> <span class='ocrx_word' id='word_1_507' title='bbox 2734 2161 2868 2232; x_wconf 84' lang='lat' dir='ltr'><strong>(Cic.</strong></span> <span class='ocrx_word' id='word_1_508' title='bbox 2889 2163 2982 2217; x_wconf 90' lang='lat' dir='ltr'><strong>lib.</strong></span> <span class='ocrx_word' id='word_1_509' title='bbox 3005 2180 3040 2218; x_wconf 87' lang='lat' dir='ltr'><strong>ll</strong></span> <span class='ocrx_word' id='word_1_510' title='bbox 3063 2165 3127 2218; x_wconf 83' lang='lat' dir='ltr'><strong>de</strong></span> <span class='ocrx_word' id='word_1_511' title='bbox 3146 2163 3320 2235; x_wconf 80' lang='lat' dir='ltr'><strong>Legib.</strong></span> <span class='ocrx_word' id='word_1_512' title='bbox 3344 2167 3538 2236; x_wconf 73' lang='lat' dir='ltr'><strong>p.355,</strong></span> <span class='ocrx_word' id='word_1_513' title='bbox 3555 2168 3650 2222; x_wconf 90' lang='lat' dir='ltr'><strong>lin.</strong></span> <span class='ocrx_word' id='word_1_514' title='bbox 3670 2168 3780 2240; x_wconf 72' lang='grc'><strong>14).</strong></span> 
     </span>
    </p>
   </div>
   <div class='ocr_carea' id='block_1_71' title="bbox 2182 2250 3777 2328">
    <p class='ocr_par' dir='ltr' id='par_1_71' title="bbox 2182 2250 3777 2328">
     <span class='ocr_line' id='line_1_71' title="bbox 2182 2250 3777 2328; baseline 0.006 -22"><span class='ocrx_word' id='word_1_515' title='bbox 2182 2250 2348 2306; x_wconf 90' lang='lat' dir='ltr'><strong>Paulo</strong></span> <span class='ocrx_word' id='word_1_516' title='bbox 2373 2254 2513 2307; x_wconf 90' lang='lat' dir='ltr'><strong>enim</strong></span> <span class='ocrx_word' id='word_1_517' title='bbox 2537 2263 2717 2322; x_wconf 59' lang='lat' dir='ltr'><strong>postea</strong></span> <span class='ocrx_word' id='word_1_518' title='bbox 2744 2254 2883 2309; x_wconf 88' lang='lat' dir='ltr'><strong>idem</strong></span> <span class='ocrx_word' id='word_1_519' title='bbox 2907 2254 3128 2310; x_wconf 91' lang='lat' dir='ltr'><strong>Cicero:</strong></span> <span class='ocrx_word' id='word_1_520' title='bbox 3157 2275 3174 2308; x_wconf 86' lang='lat' dir='ltr'><strong>t</strong></span> <span class='ocrx_word' id='word_1_521' title='bbox 3203 2257 3406 2328; x_wconf 90' lang='lat' dir='ltr'><strong>Stipem</strong></span> <span class='ocrx_word' id='word_1_522' title='bbox 3437 2261 3777 2328; x_wconf 90' lang='lat' dir='ltr'><strong>sustulimus,</strong></span> 
     </span>
    </p>
   </div>
   <div class='ocr_carea' id='block_1_72' title="bbox 2181 2344 3782 2424">
    <p class='ocr_par' dir='ltr' id='par_1_72' title="bbox 2181 2344 3782 2424">
     <span class='ocr_line' id='line_1_72' title="bbox 2181 2344 3782 2424; baseline 0.007 -26"><span class='ocrx_word' id='word_1_523' title='bbox 2181 2344 2352 2414; x_wconf 89' lang='lat' dir='ltr'><strong>inquit</strong></span> <span class='ocrx_word' id='word_1_524' title='bbox 2384 2387 2396 2405; x_wconf 88' lang='lat'><strong>,</strong></span> <span class='ocrx_word' id='word_1_525' title='bbox 2431 2347 2531 2400; x_wconf 91' lang='lat' dir='ltr'><strong>nisi</strong></span> <span class='ocrx_word' id='word_1_526' title='bbox 2564 2362 2680 2401; x_wconf 90' lang='lat' dir='ltr'><strong>eam</strong></span> <span class='ocrx_word' id='word_1_527' title='bbox 2725 2363 2846 2418; x_wconf 63' lang='lat' dir='ltr'><strong>qua:</strong></span> <span class='ocrx_word' id='word_1_528' title='bbox 2887 2348 2954 2402; x_wconf 87' lang='lat' dir='ltr'><strong>ad</strong></span> <span class='ocrx_word' id='word_1_529' title='bbox 2998 2364 3195 2418; x_wconf 89' lang='lat' dir='ltr'><strong>paucos</strong></span> <span class='ocrx_word' id='word_1_530' title='bbox 3234 2351 3348 2408; x_wconf 89' lang='lat' dir='ltr'><strong>dies</strong></span> <span class='ocrx_word' id='word_1_531' title='bbox 3397 2353 3614 2424; x_wconf 87' lang='lat' dir='ltr'><strong>propria</strong></span> <span class='ocrx_word' id='word_1_532' title='bbox 3641 2353 3782 2410; x_wconf 70' lang='lat' dir='ltr'><strong>Idea:</strong></span> 
     </span>
    </p>
   </div>
   <div class='ocr_carea' id='block_1_73' title="bbox 2179 2438 3782 2521">
    <p class='ocr_par' dir='ltr' id='par_1_73' title="bbox 2179 2438 3782 2521">
     <span class='ocr_line' id='line_1_73' title="bbox 2179 2438 3782 2521; baseline 0.009 -29"><span class='ocrx_word' id='word_1_533' title='bbox 2179 2438 2362 2494; x_wconf 80' lang='lat' dir='ltr'><strong>Matris</strong></span> <span class='ocrx_word' id='word_1_534' title='bbox 2385 2483 2399 2506; x_wconf 98' lang='lat'><strong>,</strong></span> <span class='ocrx_word' id='word_1_535' title='bbox 2432 2442 2739 2511; x_wconf 77' lang='lat' dir='ltr'><strong>excepimus</strong></span> <span class='ocrx_word' id='word_1_536' title='bbox 2771 2462 2790 2494; x_wconf 72' lang='grc' dir='ltr'><strong>ι</strong></span> <span class='ocrx_word' id='word_1_537' title='bbox 2821 2449 2838 2511; x_wconf 93' lang='grc'><strong>(</strong></span> <span class='ocrx_word' id='word_1_538' title='bbox 2868 2443 3014 2498; x_wconf 89' lang='lat' dir='ltr'><strong>Idem</strong></span> <span class='ocrx_word' id='word_1_539' title='bbox 3045 2461 3162 2516; x_wconf 86' lang='lat' dir='ltr'><strong>pag.</strong></span> <span class='ocrx_word' id='word_1_540' title='bbox 3194 2448 3318 2511; x_wconf 77' lang='grc'><strong>558.</strong></span> <span class='ocrx_word' id='word_1_541' title='bbox 3344 2448 3439 2504; x_wconf 92' lang='lat' dir='ltr'><strong>lin.</strong></span> <span class='ocrx_word' id='word_1_542' title='bbox 3469 2449 3541 2505; x_wconf 74' lang='lat'><strong>20</strong></span> <span class='ocrx_word' id='word_1_543' title='bbox 3566 2448 3607 2521; x_wconf 93' lang='lat'><strong>).</strong></span> <span class='ocrx_word' id='word_1_544' title='bbox 3643 2450 3782 2507; x_wconf 65' lang='lat' dir='ltr'><strong>Idaea</strong></span> 
     </span>
    </p>
   </div>
   <div class='ocr_carea' id='block_1_74' title="bbox 2179 2534 3700 2613">
    <p class='ocr_par' dir='ltr' id='par_1_74' title="bbox 2179 2534 3700 2613">
     <span class='ocr_line' id='line_1_74' title="bbox 2179 2534 3700 2613; baseline 0.009 -30"><span class='ocrx_word' id='word_1_545' title='bbox 2179 2545 2340 2601; x_wconf 90' lang='lat' dir='ltr'><strong>porro</strong></span> <span class='ocrx_word' id='word_1_546' title='bbox 2369 2544 2540 2586; x_wconf 86' lang='lat' dir='ltr'><strong>mater</strong></span> <span class='ocrx_word' id='word_1_547' title='bbox 2565 2534 2753 2589; x_wconf 87' lang='lat' dir='ltr'><strong>eadem</strong></span> <span class='ocrx_word' id='word_1_548' title='bbox 2784 2547 2866 2589; x_wconf 88' lang='lat' dir='ltr'><strong>est</strong></span> <span class='ocrx_word' id='word_1_549' title='bbox 2909 2551 2971 2591; x_wconf 89' lang='lat' dir='ltr'><strong>ac</strong></span> <span class='ocrx_word' id='word_1_550' title='bbox 3008 2537 3167 2592; x_wconf 88' lang='lat' dir='ltr'><strong>deum</strong></span> <span class='ocrx_word' id='word_1_551' title='bbox 3200 2550 3372 2595; x_wconf 91' lang='lat' dir='ltr'><strong>mater</strong></span> <span class='ocrx_word' id='word_1_552' title='bbox 3400 2551 3452 2596; x_wconf 90' lang='lat' dir='ltr'><strong>et</strong></span> <span class='ocrx_word' id='word_1_553' title='bbox 3479 2540 3700 2613; x_wconf 81' lang='lat' dir='ltr'><strong>Cybele.</strong></span> 
     </span>
    </p>
   </div>
   <div class='ocr_carea' id='block_1_75' title="bbox 2252 2625 3776 2704">
    <p class='ocr_par' dir='ltr' id='par_1_75' title="bbox 2252 2625 3776 2704">
     <span class='ocr_line' id='line_1_75' title="bbox 2252 2625 3776 2704; baseline 0.009 -26"><span class='ocrx_word' id='word_1_554' title='bbox 2252 2625 2326 2679; x_wconf 85' lang='lat' dir='ltr'><strong>De</strong></span> <span class='ocrx_word' id='word_1_555' title='bbox 2371 2625 2630 2695; x_wconf 88' lang='lat' dir='ltr'><strong>Lupercis</strong></span> <span class='ocrx_word' id='word_1_556' title='bbox 2668 2629 2861 2684; x_wconf 89' lang='lat' dir='ltr'><strong>deinde</strong></span> <span class='ocrx_word' id='word_1_557' title='bbox 2911 2629 3027 2686; x_wconf 64' lang='lat' dir='ltr'><strong>haec</strong></span> <span class='ocrx_word' id='word_1_558' title='bbox 3076 2634 3429 2702; x_wconf 87' lang='lat' dir='ltr'><strong>proculdubio</strong></span> <span class='ocrx_word' id='word_1_559' title='bbox 3471 2636 3734 2692; x_wconf 84' lang='lat' dir='ltr'><strong>Minucius</strong></span> <span class='ocrx_word' id='word_1_560' title='bbox 3761 2681 3776 2704; x_wconf 86' lang='lat'><strong>,</strong></span> 
     </span>
    </p>
   </div>
   <div class='ocr_carea' id='block_1_76' title="bbox 2175 2717 3772 2797">
    <p class='ocr_par' dir='ltr' id='par_1_76' title="bbox 2175 2717 3772 2797">
     <span class='ocr_line' id='line_1_76' title="bbox 2175 2717 3772 2797; baseline 0.006 -25"><span class='ocrx_word' id='word_1_561' title='bbox 2175 2732 2274 2772; x_wconf 89' lang='lat' dir='ltr'><strong>nec</strong></span> <span class='ocrx_word' id='word_1_562' title='bbox 2305 2717 2450 2786; x_wconf 89' lang='lat' dir='ltr'><strong>plura</strong></span> <span class='ocrx_word' id='word_1_563' title='bbox 2487 2720 2707 2789; x_wconf 87' lang='lat' dir='ltr'><strong>scripsit</strong></span> <span class='ocrx_word' id='word_1_564' title='bbox 2736 2737 2753 2774; x_wconf 91' lang='lat'><strong><em>:</em></strong></span> <span class='ocrx_word' id='word_1_565' title='bbox 2783 2722 2952 2778; x_wconf 67' lang='lat' dir='ltr'><strong>«Nudi</strong></span> <span class='ocrx_word' id='word_1_566' title='bbox 2977 2725 3140 2780; x_wconf 89' lang='lat' dir='ltr'><strong>cruda</strong></span> <span class='ocrx_word' id='word_1_567' title='bbox 3173 2727 3365 2797; x_wconf 89' lang='lat' dir='ltr'><strong>hyeme</strong></span> <span class='ocrx_word' id='word_1_568' title='bbox 3388 2728 3716 2784; x_wconf 88' lang='lat' dir='ltr'><strong>discurrunt.</strong></span> <span class='ocrx_word' id='word_1_569' title='bbox 3752 2751 3772 2782; x_wconf 76' lang='grc' dir='ltr'><strong>ι</strong></span> 
     </span>
    </p>
   </div>
   <div class='ocr_carea' id='block_1_77' title="bbox 2175 2811 3777 2893">
    <p class='ocr_par' dir='ltr' id='par_1_77' title="bbox 2175 2811 3777 2893">
     <span class='ocr_line' id='line_1_77' title="bbox 2175 2811 3777 2893; baseline 0.009 -27"><span class='ocrx_word' id='word_1_570' title='bbox 2175 2811 2352 2867; x_wconf 87' lang='lat' dir='ltr'><strong>Certis</strong></span> <span class='ocrx_word' id='word_1_571' title='bbox 2377 2824 2556 2869; x_wconf 88' lang='lat' dir='ltr'><strong>autem</strong></span> <span class='ocrx_word' id='word_1_572' title='bbox 2587 2817 2810 2872; x_wconf 90' lang='lat' dir='ltr'><strong>testibus</strong></span> <span class='ocrx_word' id='word_1_573' title='bbox 2833 2819 2875 2871; x_wconf 80' lang='lat' dir='ltr'><strong>si</strong></span> <span class='ocrx_word' id='word_1_574' title='bbox 2906 2820 3007 2875; x_wconf 93' lang='lat' dir='ltr'><strong>hoc</strong></span> <span class='ocrx_word' id='word_1_575' title='bbox 3029 2821 3121 2874; x_wconf 90' lang='lat' dir='ltr'><strong>tibi</strong></span> <span class='ocrx_word' id='word_1_576' title='bbox 3153 2823 3365 2892; x_wconf 89' lang='lat' dir='ltr'><strong>probari</strong></span> <span class='ocrx_word' id='word_1_577' title='bbox 3402 2825 3640 2893; x_wconf 89' lang='lat' dir='ltr'><strong>postules</strong></span> <span class='ocrx_word' id='word_1_578' title='bbox 3666 2867 3680 2888; x_wconf 93' lang='lat'><strong>,</strong></span> <span class='ocrx_word' id='word_1_579' title='bbox 3707 2826 3777 2880; x_wconf 91' lang='lat' dir='ltr'><strong>ad</strong></span> 
     </span>
    </p>
   </div>
   <div class='ocr_carea' id='block_1_78' title="bbox 2174 2901 3774 2981">
    <p class='ocr_par' dir='ltr' id='par_1_78' title="bbox 2174 2901 3774 2981">
     <span class='ocr_line' id='line_1_78' title="bbox 2174 2901 3774 2981; baseline 0.01 -30"><span class='ocrx_word' id='word_1_580' title='bbox 2174 2913 2364 2953; x_wconf 89' lang='lat' dir='ltr'><strong>manus</strong></span> <span class='ocrx_word' id='word_1_581' title='bbox 2409 2901 2564 2954; x_wconf 88' lang='lat' dir='ltr'><strong>nobis</strong></span> <span class='ocrx_word' id='word_1_582' title='bbox 2604 2903 2783 2971; x_wconf 81' lang='lat' dir='ltr'><strong>plures</strong></span> <span class='ocrx_word' id='word_1_583' title='bbox 2823 2905 3006 2976; x_wconf 89' lang='lat' dir='ltr'><strong>utique</strong></span> <span class='ocrx_word' id='word_1_584' title='bbox 3047 2916 3191 2962; x_wconf 90' lang='lat' dir='ltr'><strong>sunt.</strong></span> <span class='ocrx_word' id='word_1_585' title='bbox 3245 2909 3456 2963; x_wconf 88' lang='lat' dir='ltr'><strong>Primus</strong></span> <span class='ocrx_word' id='word_1_586' title='bbox 3509 2912 3774 2981; x_wconf 84' lang='lat' dir='ltr'><strong>siquidem</strong></span> 
     </span>
    </p>
   </div>
   <div class='ocr_carea' id='block_1_79' title="bbox 2173 2991 3777 3066">
    <p class='ocr_par' dir='ltr' id='par_1_79' title="bbox 2173 2991 3777 3066">
     <span class='ocr_line' id='line_1_79' title="bbox 2173 2991 3777 3066; baseline 0.009 -22"><span class='ocrx_word' id='word_1_587' title='bbox 2173 2991 2385 3046; x_wconf 87' lang='lat' dir='ltr'><strong>obviam</strong></span> <span class='ocrx_word' id='word_1_588' title='bbox 2417 2995 2562 3047; x_wconf 89' lang='lat' dir='ltr'><strong>venit</strong></span> <span class='ocrx_word' id='word_1_589' title='bbox 2595 2994 2772 3049; x_wconf 86' lang='lat' dir='ltr'><strong>Livius</strong></span> <span class='ocrx_word' id='word_1_590' title='bbox 2795 3037 2811 3063; x_wconf 91' lang='lat'><strong>,</strong></span> <span class='ocrx_word' id='word_1_591' title='bbox 2842 2999 2932 3066; x_wconf 89' lang='lat' dir='ltr'><strong>qui</strong></span> <span class='ocrx_word' id='word_1_592' title='bbox 2970 3009 3150 3054; x_wconf 89' lang='lat' dir='ltr'><strong>narrat</strong></span> <span class='ocrx_word' id='word_1_593' title='bbox 3177 3000 3477 3055; x_wconf 86' lang='lat' dir='ltr'><strong>institutum</strong></span> <span class='ocrx_word' id='word_1_594' title='bbox 3516 3002 3683 3058; x_wconf 79' lang='lat' dir='ltr'><strong>fuisse</strong></span> <span class='ocrx_word' id='word_1_595' title='bbox 3707 3005 3777 3058; x_wconf 88' lang='lat' dir='ltr'><strong>ab</strong></span> 
     </span>
    </p>
   </div>
   <div class='ocr_carea' id='block_1_80' title="bbox 2173 3085 3778 3166">
    <p class='ocr_par' dir='ltr' id='par_1_80' title="bbox 2173 3085 3778 3166">
     <span class='ocr_line' id='line_1_80' title="bbox 2173 3085 3778 3166; baseline 0.007 -26"><span class='ocrx_word' id='word_1_596' title='bbox 2173 3085 2424 3141; x_wconf 83' lang='lat' dir='ltr'><strong>Evandro</strong></span> <span class='ocrx_word' id='word_1_597' title='bbox 2453 3089 2694 3145; x_wconf 85' lang='lat' dir='ltr'><strong>solemne</strong></span> <span class='ocrx_word' id='word_1_598' title='bbox 2738 3107 2804 3145; x_wconf 85' lang='lat' dir='ltr'><strong>ex</strong></span> <span class='ocrx_word' id='word_1_599' title='bbox 2837 3093 3063 3147; x_wconf 89' lang='lat' dir='ltr'><strong>Arcadia</strong></span> <span class='ocrx_word' id='word_1_600' title='bbox 3090 3093 3309 3150; x_wconf 89' lang='lat' dir='ltr'><strong>allatum</strong></span> <span class='ocrx_word' id='word_1_601' title='bbox 3340 3137 3354 3158; x_wconf 90' lang='lat'><strong>,</strong></span> <span class='ocrx_word' id='word_1_602' title='bbox 3398 3115 3416 3145; x_wconf 80' lang='lat' dir='ltr'><strong>t</strong></span> <span class='ocrx_word' id='word_1_603' title='bbox 3455 3105 3508 3149; x_wconf 90' lang='lat' dir='ltr'><strong>ut</strong></span> <span class='ocrx_word' id='word_1_604' title='bbox 3538 3097 3666 3151; x_wconf 91' lang='lat' dir='ltr'><strong>nudi</strong></span> <span class='ocrx_word' id='word_1_605' title='bbox 3688 3097 3778 3166; x_wconf 86' lang='lat' dir='ltr'><strong>ju-</strong></span> 
     </span>
    </p>
   </div>
   <div class='ocr_carea' id='block_1_81' title="bbox 2085 3181 3775 3262">
    <p class='ocr_par' dir='ltr' id='par_1_81' title="bbox 2085 3181 3775 3262">
     <span class='ocr_line' id='line_1_81' title="bbox 2085 3181 3775 3262; baseline 0.008 -29"><span class='ocrx_word' id='word_1_606' title='bbox 2085 3188 2129 3250; x_wconf 73' lang='grc' dir='ltr'><strong>ρ</strong></span> <span class='ocrx_word' id='word_1_607' title='bbox 2168 3197 2337 3236; x_wconf 87' lang='lat' dir='ltr'><strong>venes</strong></span> <span class='ocrx_word' id='word_1_608' title='bbox 2362 3224 2376 3247; x_wconf 95' lang='lat'><strong>,</strong></span> <span class='ocrx_word' id='word_1_609' title='bbox 2408 3181 2642 3254; x_wconf 82' lang='lat' dir='ltr'><strong>Lyceum</strong></span> <span class='ocrx_word' id='word_1_610' title='bbox 2677 3185 2818 3239; x_wconf 85' lang='lat' dir='ltr'><strong>Pana</strong></span> <span class='ocrx_word' id='word_1_611' title='bbox 2862 3197 3182 3243; x_wconf 89' lang='lat' dir='ltr'><strong>venerantes</strong></span> <span class='ocrx_word' id='word_1_612' title='bbox 3211 3232 3226 3254; x_wconf 89' lang='lat'><strong>,</strong></span> <span class='ocrx_word' id='word_1_613' title='bbox 3271 3205 3365 3259; x_wconf 88' lang='lat' dir='ltr'><strong>per</strong></span> <span class='ocrx_word' id='word_1_614' title='bbox 3394 3191 3571 3244; x_wconf 82' lang='lat' dir='ltr'><strong>lusum</strong></span> <span class='ocrx_word' id='word_1_615' title='bbox 3614 3200 3775 3262; x_wconf 88' lang='lat' dir='ltr'><strong>atque</strong></span> 
     </span>
    </p>
   </div>
   <div class='ocr_carea' id='block_1_82' title="bbox 2170 3273 3775 3354">
    <p class='ocr_par' dir='ltr' id='par_1_82' title="bbox 2170 3273 3775 3354">
     <span class='ocr_line' id='line_1_82' title="bbox 2170 3273 3775 3354; baseline 0.007 -26"><span class='ocrx_word' id='word_1_616' title='bbox 2170 3273 2448 3328; x_wconf 85' lang='lat' dir='ltr'><strong>lasciviam</strong></span> <span class='ocrx_word' id='word_1_617' title='bbox 2503 3287 2834 3332; x_wconf 65' lang='lat' dir='ltr'><strong>currerent»</strong></span> <span class='ocrx_word' id='word_1_618' title='bbox 2897 3279 3052 3353; x_wconf 87' lang='lat' dir='ltr'><strong>(Liv.</strong></span> <span class='ocrx_word' id='word_1_619' title='bbox 3104 3281 3197 3336; x_wconf 90' lang='lat' dir='ltr'><strong>lib.</strong></span> <span class='ocrx_word' id='word_1_620' title='bbox 3247 3298 3296 3350; x_wconf 88' lang='lat' dir='ltr'><strong>I,</strong></span> <span class='ocrx_word' id='word_1_621' title='bbox 3351 3282 3378 3353; x_wconf 82' lang='lat'>§</span> <span class='ocrx_word' id='word_1_622' title='bbox 3426 3284 3459 3338; x_wconf 82' lang='lat'><strong>5</strong></span> <span class='ocrx_word' id='word_1_623' title='bbox 3489 3284 3530 3354; x_wconf 93' lang='lat'><strong>).</strong></span> <span class='ocrx_word' id='word_1_624' title='bbox 3570 3283 3775 3339; x_wconf 85' lang='lat' dir='ltr'><strong>Deinde</strong></span> 
     </span>
    </p>
   </div>
   <div class='ocr_carea' id='block_1_83' title="bbox 2167 3366 3770 3440">
    <p class='ocr_par' dir='ltr' id='par_1_83' title="bbox 2167 3366 3770 3440">
     <span class='ocr_line' id='line_1_83' title="bbox 2167 3366 3770 3440; baseline 0.006 -18"><span class='ocrx_word' id='word_1_625' title='bbox 2167 3366 2350 3422; x_wconf 61' lang='lat' dir='ltr'><strong>IElius</strong></span> <span class='ocrx_word' id='word_1_626' title='bbox 2408 3367 2643 3435; x_wconf 82' lang='lat' dir='ltr'><strong>Tubero,</strong></span> <span class='ocrx_word' id='word_1_627' title='bbox 2687 3387 2715 3423; x_wconf 88' lang='lat' dir='ltr'><strong>a</strong></span> <span class='ocrx_word' id='word_1_628' title='bbox 2770 3371 3022 3439; x_wconf 82' lang='lat' dir='ltr'><strong>Dionysio</strong></span> <span class='ocrx_word' id='word_1_629' title='bbox 3071 3373 3480 3430; x_wconf 86' lang='lat' dir='ltr'><strong>Halicarnasseo</strong></span> <span class='ocrx_word' id='word_1_630' title='bbox 3527 3377 3721 3430; x_wconf 76' lang='lat' dir='ltr'><strong>citatus</strong></span> <span class='ocrx_word' id='word_1_631' title='bbox 3754 3419 3770 3440; x_wconf 89' lang='lat'><strong>,</strong></span> 
     </span>
    </p>
   </div>
   <div class='ocr_carea' id='block_1_84' title="bbox 2165 3459 3776 3539">
    <p class='ocr_par' dir='ltr' id='par_1_84' title="bbox 2165 3459 3776 3539">
     <span class='ocr_line' id='line_1_84' title="bbox 2165 3459 3776 3539; baseline 0.005 -25"><span class='ocrx_word' id='word_1_632' title='bbox 2165 3459 2409 3515; x_wconf 67' lang='lat' dir='ltr'><strong>eamalem</strong></span> <span class='ocrx_word' id='word_1_633' title='bbox 2441 3461 2659 3516; x_wconf 84' lang='lat' dir='ltr'><strong>tradidit</strong></span> <span class='ocrx_word' id='word_1_634' title='bbox 2685 3462 2841 3533; x_wconf 89' lang='lat' dir='ltr'><strong>hujus</strong></span> <span class='ocrx_word' id='word_1_635' title='bbox 2870 3465 3096 3520; x_wconf 83' lang='lat' dir='ltr'><strong>solemni</strong></span> <span class='ocrx_word' id='word_1_636' title='bbox 3114 3468 3238 3522; x_wconf 87' lang='lat' dir='ltr'><strong>tatis</strong></span> <span class='ocrx_word' id='word_1_637' title='bbox 3265 3467 3531 3538; x_wconf 88' lang='lat' dir='ltr'><strong>originem</strong></span> <span class='ocrx_word' id='word_1_638' title='bbox 3551 3511 3566 3531; x_wconf 89' lang='lat'><strong>.</strong></span> <span class='ocrx_word' id='word_1_639' title='bbox 3591 3469 3645 3524; x_wconf 91' lang='lat' dir='ltr'><strong>in</strong></span> <span class='ocrx_word' id='word_1_640' title='bbox 3671 3485 3776 3539; x_wconf 89' lang='lat' dir='ltr'><strong>qua</strong></span> 
     </span>
    </p>
   </div>
   <div class='ocr_carea' id='block_1_85' title="bbox 2166 3552 3774 3630">
    <p class='ocr_par' dir='ltr' id='par_1_85' title="bbox 2166 3552 3774 3630">
     <span class='ocr_line' id='line_1_85' title="bbox 2166 3552 3774 3630; baseline 0.006 -26"><span class='ocrx_word' id='word_1_641' title='bbox 2166 3552 2414 3606; x_wconf 82' lang='lat' dir='ltr'><strong>solebant</strong></span> <span class='ocrx_word' id='word_1_642' title='bbox 2454 3553 2681 3618; x_wconf 81' lang='lat' dir='ltr'><strong>juvenes</strong></span> <span class='ocrx_word' id='word_1_643' title='bbox 2707 3597 2720 3620; x_wconf 85' lang='lat'><strong>,</strong></span> <span class='ocrx_word' id='word_1_644' title='bbox 2766 3563 3022 3627; x_wconf 75' lang='grc' dir='ltr'><strong>περιελθεῖν</strong></span> <span class='ocrx_word' id='word_1_645' title='bbox 3057 3562 3210 3630; x_wconf 77' lang='grc' dir='ltr'>δρόμῳ</span> <span class='ocrx_word' id='word_1_646' title='bbox 3235 3571 3322 3616; x_wconf 59' lang='lat' dir='ltr'><strong>ria</strong></span> <span class='ocrx_word' id='word_1_647' title='bbox 3348 3569 3508 3630; x_wconf 75' lang='grc' dir='ltr'><strong>κώμην</strong></span> <span class='ocrx_word' id='word_1_648' title='bbox 3538 3571 3736 3629; x_wconf 59' lang='lat' dir='ltr'><strong>wit-nia;</strong></span> <span class='ocrx_word' id='word_1_649' title='bbox 3759 3604 3774 3626; x_wconf 81' lang='lat'><strong>,</strong></span> 
     </span>
    </p>
   </div>
   <div class='ocr_carea' id='block_1_86' title="bbox 2173 3645 3774 3718">
    <p class='ocr_par' dir='ltr' id='par_1_86' title="bbox 2173 3645 3774 3718">
     <span class='ocr_line' id='line_1_86' title="bbox 2173 3645 3774 3718; baseline 0.009 -23"><span class='ocrx_word' id='word_1_650' title='bbox 2173 3663 2190 3695; x_wconf 75' lang='grc' dir='ltr'><strong>ι</strong></span> <span class='ocrx_word' id='word_1_651' title='bbox 2225 3645 2397 3700; x_wconf 90' lang='lat' dir='ltr'><strong>nudos</strong></span> <span class='ocrx_word' id='word_1_652' title='bbox 2423 3647 2562 3702; x_wconf 87' lang='lat' dir='ltr'><strong>circa</strong></span> <span class='ocrx_word' id='word_1_653' title='bbox 2603 3648 2774 3702; x_wconf 88' lang='lat' dir='ltr'><strong>vicum</strong></span> <span class='ocrx_word' id='word_1_654' title='bbox 2813 3651 3108 3716; x_wconf 86' lang='lat' dir='ltr'><strong>cursitare,</strong></span> <span class='ocrx_word' id='word_1_655' title='bbox 3144 3653 3403 3718; x_wconf 86' lang='lat' dir='ltr'><strong>pudendis</strong></span> <span class='ocrx_word' id='word_1_656' title='bbox 3431 3663 3639 3708; x_wconf 91' lang='lat' dir='ltr'><strong>tantum</strong></span> <span class='ocrx_word' id='word_1_657' title='bbox 3680 3670 3774 3709; x_wconf 92' lang='lat' dir='ltr'><strong>re-</strong></span> 
     </span>
    </p>
   </div>
   <div class='ocr_carea' id='block_1_87' title="bbox 2164 3741 3775 3817">
    <p class='ocr_par' dir='ltr' id='par_1_87' title="bbox 2164 3741 3775 3817">
     <span class='ocr_line' id='line_1_87' title="bbox 2164 3741 3775 3817; baseline 0.006 -25"><span class='ocrx_word' id='word_1_658' title='bbox 2164 3752 2294 3793; x_wconf 90' lang='lat' dir='ltr'><strong>cens</strong></span> <span class='ocrx_word' id='word_1_659' title='bbox 2320 3747 2667 3794; x_wconf 80' lang='lat' dir='ltr'><strong>ntactatarum</strong></span> <span class='ocrx_word' id='word_1_660' title='bbox 2700 3741 2958 3809; x_wconf 91' lang='lat' dir='ltr'><strong>pecudum</strong></span> <span class='ocrx_word' id='word_1_661' title='bbox 2988 3745 3191 3797; x_wconf 85' lang='lat' dir='ltr'><strong>exuviis</strong></span> <span class='ocrx_word' id='word_1_662' title='bbox 3213 3746 3497 3799; x_wconf 89' lang='lat' dir='ltr'><strong>succinctis</strong></span> <span class='ocrx_word' id='word_1_663' title='bbox 3557 3765 3576 3798; x_wconf 70' lang='grc' dir='ltr'><strong>ι</strong></span> <span class='ocrx_word' id='word_1_664' title='bbox 3609 3751 3630 3817; x_wconf 93' lang='grc'>(</span> <span class='ocrx_word' id='word_1_665' title='bbox 3646 3747 3775 3801; x_wconf 89' lang='lat' dir='ltr'><strong>Dio-</strong></span> 
     </span>
    </p>
   </div>
   <div class='ocr_carea' id='block_1_88' title="bbox 2163 3831 3774 3907">
    <p class='ocr_par' dir='ltr' id='par_1_88' title="bbox 2163 3831 3774 3907">
     <span class='ocr_line' id='line_1_88' title="bbox 2163 3831 3774 3907; baseline 0.005 -21"><span class='ocrx_word' id='word_1_666' title='bbox 2163 3847 2286 3902; x_wconf 89' lang='lat' dir='ltr'><strong>nys.</strong></span> <span class='ocrx_word' id='word_1_667' title='bbox 2324 3831 2493 3886; x_wconf 85' lang='lat' dir='ltr'><strong>llalic.</strong></span> <span class='ocrx_word' id='word_1_668' title='bbox 2538 3833 2628 3887; x_wconf 92' lang='lat' dir='ltr'><strong>lib.</strong></span> <span class='ocrx_word' id='word_1_669' title='bbox 2660 3850 2696 3888; x_wconf 91' lang='grc' dir='ltr'>ι.</span> <span class='ocrx_word' id='word_1_670' title='bbox 2735 3835 2902 3900; x_wconf 82' lang='lat' dir='ltr'><strong>Antiq.</strong></span> <span class='ocrx_word' id='word_1_671' title='bbox 2941 3835 3092 3890; x_wconf 75' lang='lat' dir='ltr'><strong>Boni.</strong></span> <span class='ocrx_word' id='word_1_672' title='bbox 3127 3851 3243 3906; x_wconf 81' lang='lat' dir='ltr'><strong>pag.</strong></span> <span class='ocrx_word' id='word_1_673' title='bbox 3279 3838 3347 3892; x_wconf 82' lang='lat' dir='ltr'><strong>(i7</strong></span> <span class='ocrx_word' id='word_1_674' title='bbox 3379 3837 3421 3907; x_wconf 92' lang='lat'><strong>).</strong></span> <span class='ocrx_word' id='word_1_675' title='bbox 3466 3837 3580 3894; x_wconf 80' lang='lat' dir='ltr'><strong>Huc</strong></span> <span class='ocrx_word' id='word_1_676' title='bbox 3606 3841 3774 3894; x_wconf 89' lang='lat' dir='ltr'><strong>etiam</strong></span> 
     </span>
    </p>
   </div>
   <div class='ocr_carea' id='block_1_89' title="bbox 2163 3925 3768 4001">
    <p class='ocr_par' dir='ltr' id='par_1_89' title="bbox 2163 3925 3768 4001">
     <span class='ocr_line' id='line_1_89' title="bbox 2163 3925 3768 4001; baseline 0.005 -23"><span class='ocrx_word' id='word_1_677' title='bbox 2163 3925 2372 3980; x_wconf 88' lang='lat' dir='ltr'><strong>accedit</strong></span> <span class='ocrx_word' id='word_1_678' title='bbox 2399 3926 2720 3981; x_wconf 82' lang='lat' dir='ltr'><strong>Plutarchus</strong></span> <span class='ocrx_word' id='word_1_679' title='bbox 2744 3971 2758 3992; x_wconf 91' lang='lat'><strong>,</strong></span> <span class='ocrx_word' id='word_1_680' title='bbox 2791 3928 2879 3997; x_wconf 88' lang='lat' dir='ltr'><strong>qui</strong></span> <span class='ocrx_word' id='word_1_681' title='bbox 2901 3929 3116 3998; x_wconf 90' lang='lat' dir='ltr'><strong>quidem</strong></span> <span class='ocrx_word' id='word_1_682' title='bbox 3140 3931 3392 3999; x_wconf 86' lang='lat' dir='ltr'><strong>opinatur</strong></span> <span class='ocrx_word' id='word_1_683' title='bbox 3419 3931 3578 4001; x_wconf 81' lang='lat' dir='ltr'><strong>hujus</strong></span> <span class='ocrx_word' id='word_1_684' title='bbox 3608 3931 3768 3996; x_wconf 80' lang='lat' dir='ltr'><strong>festi,</strong></span> 
     </span>
    </p>
   </div>
   <div class='ocr_carea' id='block_1_90' title="bbox 2162 4017 3766 4089">
    <p class='ocr_par' dir='ltr' id='par_1_90' title="bbox 2162 4017 3766 4089">
     <span class='ocr_line' id='line_1_90' title="bbox 2162 4017 3766 4089; baseline 0.006 -19"><span class='ocrx_word' id='word_1_685' title='bbox 2162 4017 2306 4085; x_wconf 90' lang='lat' dir='ltr'><strong>quod</strong></span> <span class='ocrx_word' id='word_1_686' title='bbox 2339 4017 2647 4088; x_wconf 86' lang='lat' dir='ltr'><strong>Lupercalia</strong></span> <span class='ocrx_word' id='word_1_687' title='bbox 2673 4021 2934 4074; x_wconf 82' lang='lat' dir='ltr'><strong>vocabant</strong></span> <span class='ocrx_word' id='word_1_688' title='bbox 2958 4063 2972 4084; x_wconf 91' lang='lat'><strong>,</strong></span> <span class='ocrx_word' id='word_1_689' title='bbox 2997 4031 3052 4076; x_wconf 92' lang='lat' dir='ltr'><strong>et</strong></span> <span class='ocrx_word' id='word_1_690' title='bbox 3067 4021 3325 4089; x_wconf 88' lang='lat' dir='ltr'><strong>juvenum</strong></span> <span class='ocrx_word' id='word_1_691' title='bbox 3343 4038 3533 4079; x_wconf 89' lang='lat' dir='ltr'><strong>cursus</strong></span> <span class='ocrx_word' id='word_1_692' title='bbox 3553 4026 3766 4080; x_wconf 88' lang='lat' dir='ltr'><strong>initium</strong></span> 
     </span>
    </p>
   </div>
   <div class='ocr_carea' id='block_1_91' title="bbox 2161 4107 3761 4186">
    <p class='ocr_par' dir='ltr' id='par_1_91' title="bbox 2161 4107 3761 4186">
     <span class='ocr_line' id='line_1_91' title="bbox 2161 4107 3761 4186; baseline 0.005 -22"><span class='ocrx_word' id='word_1_693' title='bbox 2161 4107 2282 4164; x_wconf 88' lang='lat' dir='ltr'><strong>duci</strong></span> <span class='ocrx_word' id='word_1_694' title='bbox 2317 4112 2552 4178; x_wconf 90' lang='lat' dir='ltr'><strong>potuisse</strong></span> <span class='ocrx_word' id='word_1_695' title='bbox 2599 4128 2702 4165; x_wconf 88' lang='lat' dir='ltr'><strong>non</strong></span> <span class='ocrx_word' id='word_1_696' title='bbox 2738 4121 2843 4167; x_wconf 91' lang='lat' dir='ltr'><strong>tam</strong></span> <span class='ocrx_word' id='word_1_697' title='bbox 2873 4113 2939 4167; x_wconf 89' lang='lat' dir='ltr'><strong>ab</strong></span> <span class='ocrx_word' id='word_1_698' title='bbox 2970 4113 3259 4181; x_wconf 77' lang='lat' dir='ltr'><strong>Evandro,</strong></span> <span class='ocrx_word' id='word_1_699' title='bbox 3306 4132 3465 4186; x_wconf 88' lang='lat' dir='ltr'><strong>quam</strong></span> <span class='ocrx_word' id='word_1_700' title='bbox 3502 4132 3531 4171; x_wconf 90' lang='lat' dir='ltr'><strong>a</strong></span> <span class='ocrx_word' id='word_1_701' title='bbox 3564 4118 3714 4186; x_wconf 84' lang='lat' dir='ltr'><strong>Lupa</strong></span> <span class='ocrx_word' id='word_1_702' title='bbox 3746 4162 3761 4183; x_wconf 94' lang='lat'><strong>,</strong></span> 
     </span>
    </p>
   </div>
   <div class='ocr_carea' id='block_1_92' title="bbox 2159 4201 3766 4278">
    <p class='ocr_par' dir='ltr' id='par_1_92' title="bbox 2159 4201 3766 4278">
     <span class='ocr_line' id='line_1_92' title="bbox 2159 4201 3766 4278; baseline 0.009 -27"><span class='ocrx_word' id='word_1_703' title='bbox 2159 4215 2263 4269; x_wconf 89' lang='lat' dir='ltr'><strong>qua</strong></span> <span class='ocrx_word' id='word_1_704' title='bbox 2319 4201 2578 4256; x_wconf 77' lang='lat' dir='ltr'><strong>Romulus</strong></span> <span class='ocrx_word' id='word_1_705' title='bbox 2630 4201 2888 4258; x_wconf 86' lang='lat' dir='ltr'><strong>educatus</strong></span> <span class='ocrx_word' id='word_1_706' title='bbox 2942 4205 3135 4260; x_wconf 77' lang='lat' dir='ltr'><strong>fuerat.</strong></span> <span class='ocrx_word' id='word_1_707' title='bbox 3171 4208 3239 4260; x_wconf 90' lang='lat' dir='ltr'><strong>At</strong></span> <span class='ocrx_word' id='word_1_708' title='bbox 3277 4205 3476 4263; x_wconf 86' lang='lat' dir='ltr'><strong>latetnr</strong></span> <span class='ocrx_word' id='word_1_709' title='bbox 3527 4209 3766 4278; x_wconf 84' lang='lat' dir='ltr'><strong>juvenes</strong></span> 
     </span>
    </p>
   </div>
   <div class='ocr_carea' id='block_1_93' title="bbox 2157 4291 3755 4360">
    <p class='ocr_par' dir='ltr' id='par_1_93' title="bbox 2157 4291 3755 4360">
     <span class='ocr_line' id='line_1_93' title="bbox 2157 4291 3755 4360; baseline 0.008 -15"><span class='ocrx_word' id='word_1_710' title='bbox 2157 4291 2328 4347; x_wconf 90' lang='lat' dir='ltr'><strong>nudos</strong></span> <span class='ocrx_word' id='word_1_711' title='bbox 2375 4293 2726 4360; x_wconf 88' lang='lat' dir='ltr'><strong>discurrisse,</strong></span> <span class='ocrx_word' id='word_1_712' title='bbox 2784 4296 3060 4352; x_wconf 64' lang='lat' dir='ltr'><strong>accidisse</strong></span> <span class='ocrx_word' id='word_1_713' title='bbox 3106 4300 3322 4355; x_wconf 89' lang='lat' dir='ltr'><strong>scuticis</strong></span> <span class='ocrx_word' id='word_1_714' title='bbox 3361 4301 3497 4356; x_wconf 86' lang='lat' dir='ltr'><strong>albis</strong></span> <span class='ocrx_word' id='word_1_715' title='bbox 3528 4303 3755 4358; x_wconf 87' lang='lat' dir='ltr'><strong>obvium</strong></span> 
     </span>
    </p>
   </div>
   <div class='ocr_carea' id='block_1_94' title="bbox 2148 4389 3762 4456">
    <p class='ocr_par' dir='ltr' id='par_1_94' title="bbox 2148 4389 3762 4456">
     <span class='ocr_line' id='line_1_94' title="bbox 2148 4389 3762 4456; baseline 0.009 -21"><span class='ocrx_word' id='word_1_716' title='bbox 2148 4399 2457 4456; x_wconf 83' lang='lat' dir='ltr'><strong>quemque,</strong></span> <span class='ocrx_word' id='word_1_717' title='bbox 2510 4402 2608 4442; x_wconf 90' lang='lat' dir='ltr'><strong>nec</strong></span> <span class='ocrx_word' id='word_1_718' title='bbox 2640 4389 2892 4445; x_wconf 89' lang='lat' dir='ltr'><strong>mulieres</strong></span> <span class='ocrx_word' id='word_1_719' title='bbox 2919 4390 3220 4448; x_wconf 89' lang='lat' dir='ltr'><strong>declinasse</strong></span> <span class='ocrx_word' id='word_1_720' title='bbox 3264 4393 3476 4448; x_wconf 91' lang='lat' dir='ltr'><strong>illorum</strong></span> <span class='ocrx_word' id='word_1_721' title='bbox 3509 4395 3762 4452; x_wconf 89' lang='lat' dir='ltr'><strong>verbera.</strong></span> 
     </span>
    </p>
   </div>
   <div class='ocr_carea' id='block_1_95' title="bbox 2157 4478 3764 4555">
    <p class='ocr_par' dir='ltr' id='par_1_95' title="bbox 2157 4478 3764 4555">
     <span class='ocr_line' id='line_1_95' title="bbox 2157 4478 3764 4555; baseline 0.007 -21"><span class='ocrx_word' id='word_1_722' title='bbox 2157 4478 2459 4548; x_wconf 88' lang='lat' dir='ltr'><strong>(Plutarch.</strong></span> <span class='ocrx_word' id='word_1_723' title='bbox 2482 4481 2536 4534; x_wconf 82' lang='lat' dir='ltr'><strong>in</strong></span> <span class='ocrx_word' id='word_1_724' title='bbox 2570 4480 2688 4535; x_wconf 83' lang='lat' dir='ltr'><strong>Vita</strong></span> <span class='ocrx_word' id='word_1_725' title='bbox 2705 4483 2932 4550; x_wconf 82' lang='lat' dir='ltr'><strong>Romuli,</strong></span> <span class='ocrx_word' id='word_1_726' title='bbox 2954 4499 3073 4555; x_wconf 88' lang='lat' dir='ltr'><strong>pag.</strong></span> <span class='ocrx_word' id='word_1_727' title='bbox 3099 4487 3186 4550; x_wconf 74' lang='lat' dir='ltr'><strong>3i,</strong></span> <span class='ocrx_word' id='word_1_728' title='bbox 3209 4496 3262 4541; x_wconf 89' lang='lat' dir='ltr'><strong>et</strong></span> <span class='ocrx_word' id='word_1_729' title='bbox 3283 4487 3572 4554; x_wconf 78' lang='lat' dir='ltr'><strong>Qutestione</strong></span> <span class='ocrx_word' id='word_1_730' title='bbox 3604 4488 3764 4546; x_wconf 81' lang='lat' dir='ltr'><strong>Rom.</strong></span> 
     </span>
    </p>
   </div>
   <div class='ocr_carea' id='block_1_96' title="bbox 452 4554 2059 4652">
    <p class='ocr_par' dir='ltr' id='par_1_96' title="bbox 452 4554 2045 4652">
     <span class='ocr_line' id='line_1_96' title="bbox 452 4554 2045 4652; baseline 0.022 -45"><span class='ocrx_word' id='word_1_731' title='bbox 452 4554 754 4616; x_wconf 88' lang='lat' dir='ltr'><strong>dissecabat</strong></span> <span class='ocrx_word' id='word_1_732' title='bbox 778 4605 794 4629; x_wconf 93' lang='lat'><strong>,</strong></span> <span class='ocrx_word' id='word_1_733' title='bbox 826 4576 877 4619; x_wconf 91' lang='lat' dir='ltr'><strong>et</strong></span> <span class='ocrx_word' id='word_1_734' title='bbox 897 4609 910 4632; x_wconf 91' lang='lat'><strong>,</strong></span> <span class='ocrx_word' id='word_1_735' title='bbox 941 4580 995 4623; x_wconf 92' lang='lat' dir='ltr'><strong>ut</strong></span> <span class='ocrx_word' id='word_1_736' title='bbox 1019 4572 1090 4624; x_wconf 92' lang='lat' dir='ltr'><strong>ait</strong></span> <span class='ocrx_word' id='word_1_737' title='bbox 1122 4573 1481 4634; x_wconf 84' lang='lat' dir='ltr'><strong>Tertullianus</strong></span> <span class='ocrx_word' id='word_1_738' title='bbox 1503 4624 1516 4646; x_wconf 90' lang='lat'><strong>,</strong></span> <span class='ocrx_word' id='word_1_739' title='bbox 1551 4581 1600 4635; x_wconf 94' lang='lat' dir='ltr'><strong>hi</strong></span> <span class='ocrx_word' id='word_1_740' title='bbox 1631 4585 1752 4652; x_wconf 86' lang='lat' dir='ltr'><strong>galli</strong></span> <span class='ocrx_word' id='word_1_741' title='bbox 1783 4597 1832 4639; x_wconf 79' lang='lat' dir='ltr'><strong>et</strong></span> <span class='ocrx_word' id='word_1_742' title='bbox 1861 4603 2045 4642; x_wconf 88' lang='lat' dir='ltr'><strong>eorum</strong></span> 
     </span>
    </p>
   </div>
   <div class='ocr_carea' id='block_1_97' title="bbox 2177 4554 3764 4652">
    <p class='ocr_par' dir='ltr' id='par_1_97' title="bbox 2177 4554 3764 4644">
     <span class='ocr_line' id='line_1_97' title="bbox 2177 4554 3764 4644; baseline 0.009 -19"><span class='ocrx_word' id='word_1_743' title='bbox 2177 4586 2276 4642; x_wconf 74' lang='lat' dir='ltr'><strong>tag.</strong></span> <span class='ocrx_word' id='word_1_744' title='bbox 2304 4572 2410 4628; x_wconf 72' lang='lat'><strong>280</strong></span> <span class='ocrx_word' id='word_1_745' title='bbox 2438 4571 2480 4644; x_wconf 91' lang='lat'><strong>).</strong></span> <span class='ocrx_word' id='word_1_746' title='bbox 2511 4573 2647 4628; x_wconf 88' lang='lat' dir='ltr'><strong>Alibi</strong></span> <span class='ocrx_word' id='word_1_747' title='bbox 2677 4590 2804 4630; x_wconf 89' lang='lat' dir='ltr'><strong>vero</strong></span> <span class='ocrx_word' id='word_1_748' title='bbox 2847 4554 3042 4630; x_wconf 14' lang='lat' dir='ltr'><strong>narrat,</strong></span> <span class='ocrx_word' id='word_1_749' title='bbox 3071 4577 3138 4631; x_wconf 82' lang='grc' dir='ltr'><strong>Μ.</strong></span> <span class='ocrx_word' id='word_1_750' title='bbox 3171 4583 3458 4636; x_wconf 78' lang='lat' dir='ltr'><strong>Autoaium</strong></span> <span class='ocrx_word' id='word_1_751' title='bbox 3492 4597 3658 4636; x_wconf 88' lang='lat' dir='ltr'><strong>unum</strong></span> <span class='ocrx_word' id='word_1_752' title='bbox 3692 4599 3764 4638; x_wconf 71' lang='lat' dir='ltr'><strong>ex</strong></span> 
     </span>
    </p>
   </div>
   <div class='ocr_carea' id='block_1_98' title="bbox 449 4648 2047 4742">
    <p class='ocr_par' dir='ltr' id='par_1_98' title="bbox 449 4648 2047 4742">
     <span class='ocr_line' id='line_1_98' title="bbox 449 4648 2047 4742; baseline 0.021 -41"><span class='ocrx_word' id='word_1_753' title='bbox 449 4648 699 4723; x_wconf 88' lang='lat' dir='ltr'><strong>princeps</strong></span> <span class='ocrx_word' id='word_1_754' title='bbox 729 4656 1052 4729; x_wconf 85' lang='lat' dir='ltr'><strong>archigallus</strong></span> <span class='ocrx_word' id='word_1_755' title='bbox 1079 4670 1394 4737; x_wconf 86' lang='lat' dir='ltr'><strong>sanguinem</strong></span> <span class='ocrx_word' id='word_1_756' title='bbox 1429 4673 1730 4742; x_wconf 88' lang='lat' dir='ltr'><strong>impurum,</strong></span> <span class='ocrx_word' id='word_1_757' title='bbox 1760 4680 2047 4736; x_wconf 87' lang='lat' dir='ltr'><strong>castrando</strong></span> 
     </span>
    </p>
   </div>
   <div class='ocr_carea' id='block_1_99' title="bbox 453 4739 2048 4842">
    <p class='ocr_par' dir='ltr' id='par_1_99' title="bbox 453 4739 2048 4842">
     <span class='ocr_line' id='line_1_99' title="bbox 453 4739 2048 4842; baseline 0.021 -49"><span class='ocrx_word' id='word_1_758' title='bbox 453 4739 684 4800; x_wconf 89' lang='lat' dir='ltr'><strong>lacertos</strong></span> <span class='ocrx_word' id='word_1_759' title='bbox 705 4789 719 4812; x_wconf 94' lang='lat'><strong>,</strong></span> <span class='ocrx_word' id='word_1_760' title='bbox 753 4747 974 4808; x_wconf 90' lang='lat' dir='ltr'><strong>libabat.</strong></span> <span class='ocrx_word' id='word_1_761' title='bbox 1029 4754 1390 4822; x_wconf 88' lang='lat' dir='ltr'><strong>Quamobrem</strong></span> <span class='ocrx_word' id='word_1_762' title='bbox 1432 4739 1634 4820; x_wconf 85' lang='lat' dir='ltr'><strong>Seneca</strong></span> <span class='ocrx_word' id='word_1_763' title='bbox 1667 4769 1807 4837; x_wconf 90' lang='lat' dir='ltr'><strong>apud</strong></span> <span class='ocrx_word' id='word_1_764' title='bbox 1839 4773 2048 4842; x_wconf 87' lang='lat' dir='ltr'><strong>Augus-</strong></span> 
     </span>
    </p>
   </div>
   <div class='ocr_carea' id='block_1_100' title="bbox 451 4832 2045 4929">
    <p class='ocr_par' dir='ltr' id='par_1_100' title="bbox 451 4832 2045 4929">
     <span class='ocr_line' id='line_1_100' title="bbox 451 4832 2045 4929; baseline 0.021 -43"><span class='ocrx_word' id='word_1_765' title='bbox 451 4832 618 4890; x_wconf 90' lang='lat' dir='ltr'><strong>tinutn</strong></span> <span class='ocrx_word' id='word_1_766' title='bbox 649 4838 771 4894; x_wconf 87' lang='lat' dir='ltr'><strong>inde</strong></span> <span class='ocrx_word' id='word_1_767' title='bbox 799 4844 1075 4912; x_wconf 82' lang='lat' dir='ltr'><strong>gentilium</strong></span> <span class='ocrx_word' id='word_1_768' title='bbox 1105 4862 1324 4906; x_wconf 90' lang='lat' dir='ltr'><strong>suorum</strong></span> <span class='ocrx_word' id='word_1_769' title='bbox 1351 4853 1482 4909; x_wconf 91' lang='lat' dir='ltr'><strong>deos</strong></span> <span class='ocrx_word' id='word_1_770' title='bbox 1509 4858 1586 4911; x_wconf 92' lang='lat' dir='ltr'><strong>sic</strong></span> <span class='ocrx_word' id='word_1_771' title='bbox 1612 4832 1866 4929; x_wconf 78' lang='lat' dir='ltr'><strong>exagitat.</strong></span> <span class='ocrx_word' id='word_1_772' title='bbox 1904 4832 2045 4920; x_wconf 52' lang='lat' dir='ltr'><strong>(&quot;Ille</strong></span> 
     </span>
    </p>
   </div>
   <div class='ocr_carea' id='block_1_101' title="bbox 448 4926 2045 5015">
    <p class='ocr_par' dir='ltr' id='par_1_101' title="bbox 448 4926 2045 5015">
     <span class='ocr_line' id='line_1_101' title="bbox 448 4926 2045 5015; baseline 0.021 -36"><span class='ocrx_word' id='word_1_773' title='bbox 448 4926 632 4984; x_wconf 88' lang='lat' dir='ltr'><strong>viriles</strong></span> <span class='ocrx_word' id='word_1_774' title='bbox 676 4933 775 4987; x_wconf 92' lang='lat' dir='ltr'><strong>sibi</strong></span> <span class='ocrx_word' id='word_1_775' title='bbox 811 4949 990 5005; x_wconf 89' lang='lat' dir='ltr'><strong>partes</strong></span> <span class='ocrx_word' id='word_1_776' title='bbox 1017 4953 1289 5012; x_wconf 87' lang='lat' dir='ltr'><strong>amputat,</strong></span> <span class='ocrx_word' id='word_1_777' title='bbox 1340 4947 1428 5003; x_wconf 90' lang='lat' dir='ltr'><strong>ille</strong></span> <span class='ocrx_word' id='word_1_778' title='bbox 1473 4926 1898 5012; x_wconf 47' lang='lat' dir='ltr'><strong>lacertos—secat.</strong></span> <span class='ocrx_word' id='word_1_779' title='bbox 1942 4957 2045 5015; x_wconf 90' lang='lat' dir='ltr'><strong>Ubi</strong></span> 
     </span>
    </p>
   </div>
   <div class='ocr_carea' id='block_1_102' title="bbox 451 5017 2043 5121">
    <p class='ocr_par' dir='ltr' id='par_1_102' title="bbox 451 5017 2043 5121">
     <span class='ocr_line' id='line_1_102' title="bbox 451 5017 2043 5121; baseline 0.024 -51"><span class='ocrx_word' id='word_1_780' title='bbox 451 5017 616 5076; x_wconf 84' lang='lat' dir='ltr'><strong>iratos</strong></span> <span class='ocrx_word' id='word_1_781' title='bbox 643 5022 774 5080; x_wconf 86' lang='lat' dir='ltr'><strong>deos</strong></span> <span class='ocrx_word' id='word_1_782' title='bbox 803 5029 990 5087; x_wconf 89' lang='lat' dir='ltr'><strong>timent</strong></span> <span class='ocrx_word' id='word_1_783' title='bbox 1017 5074 1032 5099; x_wconf 93' lang='lat'><strong>,</strong></span> <span class='ocrx_word' id='word_1_784' title='bbox 1080 5038 1168 5107; x_wconf 91' lang='lat' dir='ltr'><strong>qui</strong></span> <span class='ocrx_word' id='word_1_785' title='bbox 1213 5039 1292 5094; x_wconf 90' lang='lat' dir='ltr'><strong>sic</strong></span> <span class='ocrx_word' id='word_1_786' title='bbox 1323 5043 1581 5113; x_wconf 87' lang='lat' dir='ltr'><strong>propitios</strong></span> <span class='ocrx_word' id='word_1_787' title='bbox 1610 5053 1932 5106; x_wconf 87' lang='lat' dir='ltr'><strong>merentur?</strong></span> <span class='ocrx_word' id='word_1_788' title='bbox 1965 5053 2043 5121; x_wconf 76' lang='lat' dir='ltr'><strong>Dii</strong></span> 
     </span>
    </p>
   </div>
   <div class='ocr_carea' id='block_1_103' title="bbox 451 5119 2037 5203">
    <p class='ocr_par' dir='ltr' id='par_1_103' title="bbox 451 5119 2037 5203">
     <span class='ocr_line' id='line_1_103' title="bbox 451 5119 2037 5203; baseline 0.021 -40"><span class='ocrx_word' id='word_1_789' title='bbox 451 5122 630 5168; x_wconf 89' lang='lat' dir='ltr'><strong>autem</strong></span> <span class='ocrx_word' id='word_1_790' title='bbox 661 5119 806 5175; x_wconf 92' lang='lat' dir='ltr'><strong>nullo</strong></span> <span class='ocrx_word' id='word_1_791' title='bbox 850 5123 1047 5180; x_wconf 90' lang='lat' dir='ltr'><strong>debent</strong></span> <span class='ocrx_word' id='word_1_792' title='bbox 1076 5130 1175 5183; x_wconf 87' lang='lat' dir='ltr'><strong>coli</strong></span> <span class='ocrx_word' id='word_1_793' title='bbox 1206 5147 1404 5202; x_wconf 85' lang='lat' dir='ltr'><strong>genere</strong></span> <span class='ocrx_word' id='word_1_794' title='bbox 1428 5178 1442 5203; x_wconf 92' lang='lat'><strong>,</strong></span> <span class='ocrx_word' id='word_1_795' title='bbox 1491 5137 1535 5192; x_wconf 91' lang='lat' dir='ltr'><strong>si</strong></span> <span class='ocrx_word' id='word_1_796' title='bbox 1560 5125 1613 5193; x_wconf 85' lang='lat' dir='ltr'><strong>et</strong></span> <span class='ocrx_word' id='word_1_797' title='bbox 1657 5141 1757 5196; x_wconf 89' lang='lat' dir='ltr'><strong>hoc</strong></span> <span class='ocrx_word' id='word_1_798' title='bbox 1783 5143 1987 5198; x_wconf 90' lang='lat' dir='ltr'><strong>volunt.</strong></span> <span class='ocrx_word' id='word_1_799' title='bbox 2019 5119 2037 5197; x_wconf 58' lang='grc' dir='ltr'><em>ί</em></span> 
     </span>
    </p>
   </div>
   <div class='ocr_carea' id='block_1_104' title="bbox 453 5203 2046 5303">
    <p class='ocr_par' dir='ltr' id='par_1_104' title="bbox 453 5203 2046 5303">
     <span class='ocr_line' id='line_1_104' title="bbox 453 5203 2046 5303; baseline 0.021 -45"><span class='ocrx_word' id='word_1_800' title='bbox 453 5203 471 5271; x_wconf 84' lang='grc'><strong>(</strong></span> <span class='ocrx_word' id='word_1_801' title='bbox 498 5204 662 5303; x_wconf 75' lang='lat' dir='ltr'><strong>Apul.</strong></span> <span class='ocrx_word' id='word_1_802' title='bbox 691 5210 784 5266; x_wconf 92' lang='lat' dir='ltr'><strong>lib.</strong></span> <span class='ocrx_word' id='word_1_803' title='bbox 817 5231 906 5271; x_wconf 89' lang='lat' dir='ltr'><strong>vm</strong></span> <span class='ocrx_word' id='word_1_804' title='bbox 937 5217 1280 5294; x_wconf 79' lang='lat' dir='ltr'><strong>Metamorph.</strong></span> <span class='ocrx_word' id='word_1_805' title='bbox 1313 5237 1438 5285; x_wconf 90' lang='lat' dir='ltr'><strong>ante</strong></span> <span class='ocrx_word' id='word_1_806' title='bbox 1468 5231 1558 5286; x_wconf 81' lang='lat' dir='ltr'><strong>ﬁn.</strong></span> <span class='ocrx_word' id='word_1_807' title='bbox 1602 5249 1721 5303; x_wconf 89' lang='lat' dir='ltr'><strong>pag.</strong></span> <span class='ocrx_word' id='word_1_808' title='bbox 1751 5237 1876 5291; x_wconf 68' lang='grc'><strong>141.</strong></span> <span class='ocrx_word' id='word_1_809' title='bbox 1913 5237 2046 5292; x_wconf 89' lang='lat' dir='ltr'><strong>Ter-</strong></span> 
     </span>
    </p>
   </div>
   <div class='ocr_carea' id='block_1_105' title="bbox 455 5297 2044 5398">
    <p class='ocr_par' dir='ltr' id='par_1_105' title="bbox 455 5297 2044 5398">
     <span class='ocr_line' id='line_1_105' title="bbox 455 5297 2044 5398; baseline 0.023 -51"><span class='ocrx_word' id='word_1_810' title='bbox 455 5297 572 5398; x_wconf 57' lang='lat' dir='ltr'><strong>tull.</strong></span> <span class='ocrx_word' id='word_1_811' title='bbox 630 5301 892 5398; x_wconf 36' lang='lat' dir='ltr'><strong>Ap‘olopet.</strong></span> <span class='ocrx_word' id='word_1_812' title='bbox 926 5324 1043 5381; x_wconf 89' lang='lat' dir='ltr'><strong>cap.</strong></span> <span class='ocrx_word' id='word_1_813' title='bbox 1073 5313 1144 5369; x_wconf 72' lang='grc'>25</span> <span class='ocrx_word' id='word_1_814' title='bbox 1169 5327 1222 5370; x_wconf 90' lang='lat' dir='ltr'><strong>et</strong></span> <span class='ocrx_word' id='word_1_815' title='bbox 1241 5317 1311 5374; x_wconf 70' lang='lat'><strong>25</strong></span> <span class='ocrx_word' id='word_1_816' title='bbox 1333 5361 1348 5384; x_wconf 90' lang='lat'><strong>,</strong></span> <span class='ocrx_word' id='word_1_817' title='bbox 1382 5321 1498 5390; x_wconf 86' lang='lat' dir='ltr'><strong>pag.</strong></span> <span class='ocrx_word' id='word_1_818' title='bbox 1523 5297 1790 5380; x_wconf 25' lang='lat' dir='ltr'><strong>Qtvct&#39;27.</strong></span> <span class='ocrx_word' id='word_1_819' title='bbox 1816 5329 2044 5398; x_wconf 86' lang='lat' dir='ltr'><strong>August.</strong></span> 
     </span>
    </p>
   </div>
   <div class='ocr_carea' id='block_1_106' title="bbox 449 5387 2040 5488">
    <p class='ocr_par' dir='ltr' id='par_1_106' title="bbox 449 5387 2040 5488">
     <span class='ocr_line' id='line_1_106' title="bbox 449 5387 2040 5488; baseline 0.023 -48"><span class='ocrx_word' id='word_1_820' title='bbox 449 5387 648 5488; x_wconf 32' lang='lat' dir='ltr'><strong>libavit</strong></span> <span class='ocrx_word' id='word_1_821' title='bbox 679 5393 742 5448; x_wconf 83' lang='lat' dir='ltr'><strong>de</strong></span> <span class='ocrx_word' id='word_1_822' title='bbox 769 5394 915 5456; x_wconf 69' lang='lat' dir='ltr'><strong>cna.</strong></span> <span class='ocrx_word' id='word_1_823' title='bbox 943 5419 1062 5474; x_wconf 89' lang='lat' dir='ltr'><strong>cap.</strong></span> <span class='ocrx_word' id='word_1_824' title='bbox 1095 5408 1192 5474; x_wconf 83' lang='lat' dir='ltr'><strong>to,</strong></span> <span class='ocrx_word' id='word_1_825' title='bbox 1225 5426 1342 5482; x_wconf 84' lang='lat' dir='ltr'><strong>pag.</strong></span> <span class='ocrx_word' id='word_1_826' title='bbox 1377 5387 1479 5469; x_wconf 60' lang='lat'><strong>459</strong></span> <span class='ocrx_word' id='word_1_827' title='bbox 1508 5413 1546 5484; x_wconf 84' lang='grc'><strong>).</strong></span> <span class='ocrx_word' id='word_1_828' title='bbox 1591 5415 1758 5472; x_wconf 83' lang='lat' dir='ltr'><strong>Recte</strong></span> <span class='ocrx_word' id='word_1_829' title='bbox 1787 5387 2040 5488; x_wconf 44' lang='lat' dir='ltr'><strong>ergovMi-</strong></span> 
     </span>
    </p>
   </div>
   <div class='ocr_carea' id='block_1_107' title="bbox 442 5482 2044 5570">
    <p class='ocr_par' dir='ltr' id='par_1_107' title="bbox 442 5482 2044 5570">
     <span class='ocr_line' id='line_1_107' title="bbox 442 5482 2044 5570; baseline 0.023 -36"><span class='ocrx_word' id='word_1_830' title='bbox 442 5482 631 5538; x_wconf 90' lang='lat' dir='ltr'><strong>nucius</strong></span> <span class='ocrx_word' id='word_1_831' title='bbox 678 5489 746 5544; x_wconf 88' lang='lat' dir='ltr'><strong>de</strong></span> <span class='ocrx_word' id='word_1_832' title='bbox 787 5490 870 5548; x_wconf 90' lang='lat' dir='ltr'><strong>his</strong></span> <span class='ocrx_word' id='word_1_833' title='bbox 899 5537 913 5558; x_wconf 92' lang='lat'><strong>,</strong></span> <span class='ocrx_word' id='word_1_834' title='bbox 955 5507 1113 5570; x_wconf 89' lang='lat' dir='ltr'><strong>atque</strong></span> <span class='ocrx_word' id='word_1_835' title='bbox 1151 5502 1382 5561; x_wconf 69' lang='lat' dir='ltr'><strong>Bellonae</strong></span> <span class='ocrx_word' id='word_1_836' title='bbox 1409 5482 1570 5563; x_wconf 82' lang='lat' dir='ltr'><strong>etiam</strong></span> <span class='ocrx_word' id='word_1_837' title='bbox 1600 5509 1820 5566; x_wconf 78' lang='lat' dir='ltr'><strong>forsitan</strong></span> <span class='ocrx_word' id='word_1_838' title='bbox 1849 5482 2044 5570; x_wconf 72' lang='lat' dir='ltr'><strong>conse-</strong></span> 
     </span>
    </p>
   </div>
   <div class='ocr_carea' id='block_1_108' title="bbox 447 5577 1369 5662">
    <p class='ocr_par' dir='ltr' id='par_1_108' title="bbox 447 5577 1369 5662">
     <span class='ocr_line' id='line_1_108' title="bbox 447 5577 1369 5662; baseline 0.03 -35"><span class='ocrx_word' id='word_1_839' title='bbox 447 5577 636 5645; x_wconf 85' lang='lat' dir='ltr'><strong>cratis,</strong></span> <span class='ocrx_word' id='word_1_840' title='bbox 670 5582 920 5645; x_wconf 87' lang='lat' dir='ltr'><strong>similiter</strong></span> <span class='ocrx_word' id='word_1_841' title='bbox 947 5606 1369 5662; x_wconf 88' lang='lat' dir='ltr'><strong>argumentatur.</strong></span> 
     </span>
    </p>
   </div>
   <div class='ocr_carea' id='block_1_109' title="bbox 514 5667 2039 5761">
    <p class='ocr_par' dir='ltr' id='par_1_109' title="bbox 514 5667 2039 5761">
     <span class='ocr_line' id='line_1_109' title="bbox 514 5667 2039 5761; baseline 0.025 -38"><span class='ocrx_word' id='word_1_842' title='bbox 514 5667 619 5726; x_wconf 87' lang='lat' dir='ltr'><strong>Sed</strong></span> <span class='ocrx_word' id='word_1_843' title='bbox 651 5680 777 5734; x_wconf 76' lang='lat' dir='ltr'><strong>cmci</strong></span> <span class='ocrx_word' id='word_1_844' title='bbox 809 5685 1036 5754; x_wconf 86' lang='lat' dir='ltr'><strong>gentiles</strong></span> <span class='ocrx_word' id='word_1_845' title='bbox 1065 5698 1226 5747; x_wconf 77' lang='lat' dir='ltr'><strong>tantze</strong></span> <span class='ocrx_word' id='word_1_846' title='bbox 1254 5693 1476 5750; x_wconf 89' lang='lat' dir='ltr'><strong>deorum</strong></span> <span class='ocrx_word' id='word_1_847' title='bbox 1506 5711 1724 5754; x_wconf 88' lang='lat' dir='ltr'><strong>suorum</strong></span> <span class='ocrx_word' id='word_1_848' title='bbox 1755 5711 2039 5761; x_wconf 88' lang='lat' dir='ltr'><strong>contume-</strong></span> 
     </span>
    </p>
   </div>
   <div class='ocr_carea' id='block_1_110' title="bbox 440 5759 2037 5862">
    <p class='ocr_par' dir='ltr' id='par_1_110' title="bbox 440 5759 2037 5862">
     <span class='ocr_line' id='line_1_110' title="bbox 440 5759 2037 5862; baseline 0.025 -47"><span class='ocrx_word' id='word_1_849' title='bbox 440 5759 529 5819; x_wconf 80' lang='lat' dir='ltr'><strong>lite</strong></span> <span class='ocrx_word' id='word_1_850' title='bbox 554 5767 712 5829; x_wconf 89' lang='lat' dir='ltr'><strong>aliam</strong></span> <span class='ocrx_word' id='word_1_851' title='bbox 737 5776 1092 5850; x_wconf 85' lang='lat' dir='ltr'><strong>adjiciebant,</strong></span> <span class='ocrx_word' id='word_1_852' title='bbox 1123 5786 1214 5856; x_wconf 90' lang='lat' dir='ltr'><strong>qui</strong></span> <span class='ocrx_word' id='word_1_853' title='bbox 1244 5805 1262 5839; x_wconf 84' lang='lat' dir='ltr'><strong>t</strong></span> <span class='ocrx_word' id='word_1_854' title='bbox 1293 5788 1696 5862; x_wconf 86' lang='lat' dir='ltr'><strong>mendicantes,</strong></span> <span class='ocrx_word' id='word_1_855' title='bbox 1732 5814 1751 5846; x_wconf 76' lang='grc' dir='ltr'><strong>ι</strong></span> <span class='ocrx_word' id='word_1_856' title='bbox 1782 5795 1921 5853; x_wconf 91' lang='lat' dir='ltr'><strong>sicut</strong></span> <span class='ocrx_word' id='word_1_857' title='bbox 1945 5798 2037 5855; x_wconf 90' lang='lat' dir='ltr'><strong>ille</strong></span> 
     </span>
    </p>
   </div>
   <div class='ocr_carea' id='block_1_111' title="bbox 2153 4662 3762 4732">
    <p class='ocr_par' dir='ltr' id='par_1_111' title="bbox 2153 4662 3762 4732">
     <span class='ocr_line' id='line_1_111' title="bbox 2153 4662 3762 4732; baseline 0.009 -14"><span class='ocrx_word' id='word_1_858' title='bbox 2153 4662 2239 4719; x_wconf 90' lang='lat' dir='ltr'><strong>his</strong></span> <span class='ocrx_word' id='word_1_859' title='bbox 2280 4663 2446 4720; x_wconf 82' lang='lat' dir='ltr'><strong>fuisse</strong></span> <span class='ocrx_word' id='word_1_860' title='bbox 2473 4681 2653 4721; x_wconf 88' lang='lat' dir='ltr'><strong>coram</strong></span> <span class='ocrx_word' id='word_1_861' title='bbox 2681 4666 2893 4723; x_wconf 69' lang='lat' dir='ltr'><strong>Ctesare</strong></span> <span class='ocrx_word' id='word_1_862' title='bbox 2916 4669 3057 4724; x_wconf 90' lang='lat' dir='ltr'><strong>hunc</strong></span> <span class='ocrx_word' id='word_1_863' title='bbox 3104 4671 3155 4725; x_wconf 90' lang='lat' dir='ltr'><strong>in</strong></span> <span class='ocrx_word' id='word_1_864' title='bbox 3197 4673 3411 4728; x_wconf 83' lang='lat' dir='ltr'><strong>modum</strong></span> <span class='ocrx_word' id='word_1_865' title='bbox 3442 4674 3762 4732; x_wconf 82' lang='lat' dir='ltr'><strong>discurren-</strong></span> 
     </span>
    </p>
   </div>
   <div class='ocr_carea' id='block_1_112' title="bbox 2151 4755 3764 4837">
    <p class='ocr_par' dir='ltr' id='par_1_112' title="bbox 2151 4755 3764 4837">
     <span class='ocr_line' id='line_1_112' title="bbox 2151 4755 3764 4837; baseline 0.009 -27"><span class='ocrx_word' id='word_1_866' title='bbox 2151 4755 2294 4812; x_wconf 91' lang='lat' dir='ltr'><strong>tibus</strong></span> <span class='ocrx_word' id='word_1_867' title='bbox 2323 4757 2414 4827; x_wconf 76' lang='lat' dir='ltr'><strong>(Et</strong></span> <span class='ocrx_word' id='word_1_868' title='bbox 2441 4758 2492 4810; x_wconf 88' lang='lat' dir='ltr'><strong>in</strong></span> <span class='ocrx_word' id='word_1_869' title='bbox 2535 4756 2649 4812; x_wconf 84' lang='lat' dir='ltr'><strong>Vita</strong></span> <span class='ocrx_word' id='word_1_870' title='bbox 2680 4761 2908 4827; x_wconf 80' lang='lat' dir='ltr'><strong>Antonii,</strong></span> <span class='ocrx_word' id='word_1_871' title='bbox 2945 4777 3063 4832; x_wconf 89' lang='lat' dir='ltr'><strong>pag.</strong></span> <span class='ocrx_word' id='word_1_872' title='bbox 3109 4763 3260 4834; x_wconf 69' lang='lat' dir='ltr'><strong>92H).</strong></span> <span class='ocrx_word' id='word_1_873' title='bbox 3309 4764 3565 4822; x_wconf 56' lang='lat' dir='ltr'><strong>Mulieres</strong></span> <span class='ocrx_word' id='word_1_874' title='bbox 3594 4784 3764 4837; x_wconf 87' lang='lat' dir='ltr'><strong>porro</strong></span> 
     </span>
    </p>
   </div>
   <div class='ocr_carea' id='block_1_113' title="bbox 2154 4851 3762 4921">
    <p class='ocr_par' dir='ltr' id='par_1_113' title="bbox 2154 4851 3762 4921">
     <span class='ocr_line' id='line_1_113' title="bbox 2154 4851 3762 4921; baseline 0.008 -16"><span class='ocrx_word' id='word_1_875' title='bbox 2154 4851 2344 4906; x_wconf 89' lang='lat' dir='ltr'><strong>horum</strong></span> <span class='ocrx_word' id='word_1_876' title='bbox 2372 4852 2734 4921; x_wconf 87' lang='lat' dir='ltr'><strong>Lupercornm</strong></span> <span class='ocrx_word' id='word_1_877' title='bbox 2764 4854 2868 4908; x_wconf 86' lang='lat' dir='ltr'><strong>ictu</strong></span> <span class='ocrx_word' id='word_1_878' title='bbox 2900 4871 2960 4909; x_wconf 88' lang='lat' dir='ltr'><strong>ac</strong></span> <span class='ocrx_word' id='word_1_879' title='bbox 2990 4857 3212 4911; x_wconf 87' lang='lat' dir='ltr'><strong>verbere</strong></span> <span class='ocrx_word' id='word_1_880' title='bbox 3241 4857 3519 4914; x_wconf 75' lang='lat' dir='ltr'><strong>ftecundas</strong></span> <span class='ocrx_word' id='word_1_881' title='bbox 3546 4875 3606 4915; x_wconf 90' lang='lat' dir='ltr'><strong>se</strong></span> <span class='ocrx_word' id='word_1_882' title='bbox 3643 4863 3762 4918; x_wconf 82' lang='lat' dir='ltr'><strong>ﬁeri</strong></span> 
     </span>
    </p>
   </div>
   <div class='ocr_carea' id='block_1_114' title="bbox 2152 4947 3764 5018">
    <p class='ocr_par' dir='ltr' id='par_1_114' title="bbox 2152 4947 3764 5018">
     <span class='ocr_line' id='line_1_114' title="bbox 2152 4947 3764 5018; baseline 0.009 -20"><span class='ocrx_word' id='word_1_883' title='bbox 2152 4959 2313 5015; x_wconf 89' lang='lat' dir='ltr'><strong>posse</strong></span> <span class='ocrx_word' id='word_1_884' title='bbox 2350 4947 2660 5002; x_wconf 84' lang='lat' dir='ltr'><strong>credebant.</strong></span> <span class='ocrx_word' id='word_1_885' title='bbox 2691 4949 2850 5018; x_wconf 86' lang='lat' dir='ltr'><strong>Audi,</strong></span> <span class='ocrx_word' id='word_1_886' title='bbox 2882 4951 2925 5004; x_wconf 83' lang='lat' dir='ltr'><strong>si</strong></span> <span class='ocrx_word' id='word_1_887' title='bbox 2960 4951 3108 5017; x_wconf 80' lang='lat' dir='ltr'><strong>velis,</strong></span> <span class='ocrx_word' id='word_1_888' title='bbox 3135 4951 3380 5007; x_wconf 82' lang='lat' dir='ltr'><strong>Ovidium</strong></span> <span class='ocrx_word' id='word_1_889' title='bbox 3409 4952 3523 5008; x_wconf 60' lang='lat' dir='ltr'><strong>haec</strong></span> <span class='ocrx_word' id='word_1_890' title='bbox 3551 4954 3764 5012; x_wconf 87' lang='lat' dir='ltr'><strong>decan-</strong></span> 
     </span>
    </p>
   </div>
   <div class='ocr_carea' id='block_1_115' title="bbox 2151 5045 2384 5093">
    <p class='ocr_par' dir='ltr' id='par_1_115' title="bbox 2151 5045 2384 5093">
     <span class='ocr_line' id='line_1_115' title="bbox 2151 5045 2384 5093; baseline 0.004 -1"><span class='ocrx_word' id='word_1_891' title='bbox 2151 5045 2352 5093; x_wconf 87' lang='lat' dir='ltr'><strong>tantem</strong></span> <span class='ocrx_word' id='word_1_892' title='bbox 2371 5056 2384 5093; x_wconf 89' lang='lat'><strong>:</strong></span> 
     </span>
    </p>
   </div>
   <div class='ocr_carea' id='block_1_116' title="bbox 2278 5169 3638 5240">
    <p class='ocr_par' dir='ltr' id='par_1_116' title="bbox 2278 5169 3638 5240">
     <span class='ocr_line' id='line_1_116' title="bbox 2278 5169 3638 5240; baseline 0.01 -20"><span class='ocrx_word' id='word_1_893' title='bbox 2278 5169 2438 5240; x_wconf 77' lang='lat' dir='ltr'><strong>Nupta</strong></span> <span class='ocrx_word' id='word_1_894' title='bbox 2461 5174 2576 5236; x_wconf 86' lang='lat' dir='ltr'><strong>quid</strong></span> <span class='ocrx_word' id='word_1_895' title='bbox 2605 5177 2904 5236; x_wconf 77' lang='lat' dir='ltr'><strong>exspectas?</strong></span> <span class='ocrx_word' id='word_1_896' title='bbox 2927 5175 3034 5226; x_wconf 87' lang='lat' dir='ltr'><strong>Non</strong></span> <span class='ocrx_word' id='word_1_897' title='bbox 3059 5187 3109 5227; x_wconf 88' lang='lat' dir='ltr'><strong>tu</strong></span> <span class='ocrx_word' id='word_1_898' title='bbox 3139 5177 3440 5240; x_wconf 81' lang='lat' dir='ltr'><strong>pollentibus</strong></span> <span class='ocrx_word' id='word_1_899' title='bbox 3463 5180 3638 5233; x_wconf 87' lang='lat' dir='ltr'><strong>herbis</strong></span> 
     </span>
    </p>
   </div>
   <div class='ocr_carea' id='block_1_117' title="bbox 2338 5234 3566 5301">
    <p class='ocr_par' dir='ltr' id='par_1_117' title="bbox 2338 5234 3566 5301">
     <span class='ocr_line' id='line_1_117' title="bbox 2338 5234 3566 5301; baseline 0.008 -18"><span class='ocrx_word' id='word_1_900' title='bbox 2338 5234 2444 5301; x_wconf 86' lang='lat' dir='ltr'><strong>Nec</strong></span> <span class='ocrx_word' id='word_1_901' title='bbox 2469 5234 2758 5301; x_wconf 8' lang='lat' dir='ltr'><strong>tlrece,gnec</strong></span> <span class='ocrx_word' id='word_1_902' title='bbox 2784 5241 2974 5301; x_wconf 83' lang='lat' dir='ltr'><strong>magico</strong></span> <span class='ocrx_word' id='word_1_903' title='bbox 2997 5234 3216 5290; x_wconf 77' lang='lat' dir='ltr'><strong>carmine</strong></span> <span class='ocrx_word' id='word_1_904' title='bbox 3241 5253 3400 5292; x_wconf 84' lang='lat' dir='ltr'><strong>mater</strong></span> <span class='ocrx_word' id='word_1_905' title='bbox 3425 5246 3528 5293; x_wconf 87' lang='lat' dir='ltr'><strong>eris</strong></span> <span class='ocrx_word' id='word_1_906' title='bbox 3557 5260 3566 5292; x_wconf 91' lang='lat'>:</span> 
     </span>
    </p>
   </div>
   <div class='ocr_carea' id='block_1_118' title="bbox 2278 5293 3446 5367">
    <p class='ocr_par' dir='ltr' id='par_1_118' title="bbox 2278 5293 3446 5367">
     <span class='ocr_line' id='line_1_118' title="bbox 2278 5293 3446 5367; baseline 0.009 -23"><span class='ocrx_word' id='word_1_907' title='bbox 2278 5293 2465 5367; x_wconf 85' lang='lat' dir='ltr'><strong>Ex_cipe</strong></span> <span class='ocrx_word' id='word_1_908' title='bbox 2486 5299 2706 5348; x_wconf 72' lang='lat' dir='ltr'><strong>fecundae</strong></span> <span class='ocrx_word' id='word_1_909' title='bbox 2734 5293 2977 5361; x_wconf 66' lang='lat' dir='ltr'><strong>patienter</strong></span> <span class='ocrx_word' id='word_1_910' title='bbox 3001 5304 3210 5367; x_wconf 82' lang='lat' dir='ltr'><strong>verbera</strong></span> <span class='ocrx_word' id='word_1_911' title='bbox 3235 5305 3446 5367; x_wconf 48' lang='lat' dir='ltr'><strong>dextra),</strong></span> 
     </span>
    </p>
   </div>
   <div class='ocr_carea' id='block_1_119' title="bbox 2336 5358 3408 5425">
    <p class='ocr_par' dir='ltr' id='par_1_119' title="bbox 2336 5358 3408 5425">
     <span class='ocr_line' id='line_1_119' title="bbox 2336 5358 3408 5425; baseline 0.008 -18"><span class='ocrx_word' id='word_1_912' title='bbox 2336 5358 2444 5409; x_wconf 83' lang='lat' dir='ltr'><strong>Jam</strong></span> <span class='ocrx_word' id='word_1_913' title='bbox 2463 5373 2604 5410; x_wconf 89' lang='lat' dir='ltr'><strong>socer</strong></span> <span class='ocrx_word' id='word_1_914' title='bbox 2625 5358 2841 5425; x_wconf 78' lang='lat' dir='ltr'><strong>Optatum</strong></span> <span class='ocrx_word' id='word_1_915' title='bbox 2866 5378 3046 5414; x_wconf 87' lang='lat' dir='ltr'><strong>nomen</strong></span> <span class='ocrx_word' id='word_1_916' title='bbox 3084 5366 3285 5417; x_wconf 86' lang='lat' dir='ltr'><strong>habebit</strong></span> <span class='ocrx_word' id='word_1_917' title='bbox 3312 5370 3408 5418; x_wconf 82' lang='lat' dir='ltr'><strong>avi.</strong></span> 
     </span>
    </p>
   </div>
   <div class='ocr_carea' id='block_1_120' title="bbox 2871 5448 3499 5518">
    <p class='ocr_par' dir='ltr' id='par_1_120' title="bbox 2871 5448 3499 5518">
     <span class='ocr_line' id='line_1_120' title="bbox 2871 5448 3499 5518; baseline 0.008 -19"><span class='ocrx_word' id='word_1_918' title='bbox 2871 5448 3052 5514; x_wconf 84' lang='lat' dir='ltr'><strong>(Ovid.,</strong></span> <span class='ocrx_word' id='word_1_919' title='bbox 3079 5451 3113 5501; x_wconf 84' lang='grc' dir='ltr'>ι.</span> <span class='ocrx_word' id='word_1_920' title='bbox 3135 5469 3186 5511; x_wconf 84' lang='grc' dir='ltr'>ιι,</span> <span class='ocrx_word' id='word_1_921' title='bbox 3215 5455 3499 5518; x_wconf 82' lang='lat' dir='ltr'><strong>Fasl.,§9.)</strong></span> 
     </span>
    </p>
   </div>
   <div class='ocr_carea' id='block_1_121' title="bbox 2149 5565 3394 5644">
    <p class='ocr_par' dir='ltr' id='par_1_121' title="bbox 2149 5565 3394 5644">
     <span class='ocr_line' id='line_1_121' title="bbox 2149 5565 3394 5644; baseline 0.01 -21"><span class='ocrx_word' id='word_1_922' title='bbox 2149 5565 2255 5624; x_wconf 90' lang='lat' dir='ltr'><strong>Sed</strong></span> <span class='ocrx_word' id='word_1_923' title='bbox 2283 5567 2420 5626; x_wconf 91' lang='lat' dir='ltr'><strong>hanc</strong></span> <span class='ocrx_word' id='word_1_924' title='bbox 2451 5575 2885 5644; x_wconf 86' lang='lat' dir='ltr'><strong>superstitionem</strong></span> <span class='ocrx_word' id='word_1_925' title='bbox 2912 5577 3052 5634; x_wconf 89' lang='lat' dir='ltr'><strong>ridet</strong></span> <span class='ocrx_word' id='word_1_926' title='bbox 3079 5578 3351 5637; x_wconf 83' lang='lat' dir='ltr'><strong>Juvenalis</strong></span> <span class='ocrx_word' id='word_1_927' title='bbox 3381 5601 3394 5636; x_wconf 88' lang='lat'><strong>:</strong></span> 
     </span>
    </p>
   </div>
   <div class='ocr_carea' id='block_1_122' title="bbox 2297 5725 3470 5801">
    <p class='ocr_par' dir='ltr' id='par_1_122' title="bbox 2297 5725 3470 5801">
     <span class='ocr_line' id='line_1_122' title="bbox 2297 5725 3470 5801; baseline 0.009 -25"><span class='ocrx_word' id='word_1_928' title='bbox 2297 5725 2403 5777; x_wconf 81' lang='lat' dir='ltr'><strong>Nec</strong></span> <span class='ocrx_word' id='word_1_929' title='bbox 2429 5728 2628 5792; x_wconf 81' lang='lat' dir='ltr'><strong>prodest</strong></span> <span class='ocrx_word' id='word_1_930' title='bbox 2654 5731 2771 5795; x_wconf 88' lang='lat' dir='ltr'><strong>agili</strong></span> <span class='ocrx_word' id='word_1_931' title='bbox 2789 5734 2972 5796; x_wconf 87' lang='lat' dir='ltr'><strong>palmas</strong></span> <span class='ocrx_word' id='word_1_932' title='bbox 2995 5735 3225 5798; x_wconf 75' lang='lat' dir='ltr'><strong>prtebere</strong></span> <span class='ocrx_word' id='word_1_933' title='bbox 3248 5736 3470 5801; x_wconf 88' lang='lat' dir='ltr'><strong>luperco.</strong></span> 
     </span>
    </p>
   </div>
   <div class='ocr_carea' id='block_1_123' title="bbox 2809 5817 3617 5887">
    <p class='ocr_par' dir='ltr' id='par_1_123' title="bbox 2809 5817 3617 5887">
     <span class='ocr_line' id='line_1_123' title="bbox 2809 5817 3617 5887; baseline 0.009 -21"><span class='ocrx_word' id='word_1_934' title='bbox 2809 5817 3074 5882; x_wconf 89' lang='lat' dir='ltr'><strong>(Juvenal.,</strong></span> <span class='ocrx_word' id='word_1_935' title='bbox 3101 5821 3266 5886; x_wconf 80' lang='lat' dir='ltr'><strong>Satyr.</strong></span> <span class='ocrx_word' id='word_1_936' title='bbox 3289 5821 3356 5883; x_wconf 87' lang='lat' dir='ltr'><strong>ll,</strong></span> <span class='ocrx_word' id='word_1_937' title='bbox 3381 5829 3494 5873; x_wconf 77' lang='lat' dir='ltr'><strong>tmte</strong></span> <span class='ocrx_word' id='word_1_938' title='bbox 3505 5821 3617 5887; x_wconf 79' lang='lat' dir='ltr'><strong>ﬁn.)</strong></span> 
     </span>
    </p>
   </div>
  </div>
