4034 6320
165 322 265 379 (ill

161 438 361 495 Acrius
386 441 567 490 autem
608 428 936 488 Prudentius
965 427 1018 483 in
1049 438 1165 483 eam
1200 422 1504 478 invehitur:

384 550 513 608 Quid
532 548 611 599 illa
635 547 793 609 turpis
830 542 1034 609 pompa?
1056 535 1520 609 l‘iempe‘iguohiles

386 600 489 664 llos
504 626 617 663 esse
640 600 897 666 monstrat,
922 600 1032 655 cum
1056 600 1269 666 Luperci
1296 600 1512 666 curritis.

384 679 545 736 Quem
586 664 899 723 servulorum
923 682 1019 719 non
1034 664 1154 716 reor
1178 664 1483 736 vilissimum,

385 729 558 789 Nudus
582 736 770 798 plateas
786 736 828 782 si
854 744 943 798 per
965 742 1140 798 omnes
1160 729 1422 798 cursitans,

382 788 560 851 Pnlset
576 788 770 863 puellas
791 788 1006 845 verbere
1029 793 1152 841 ictas
1173 788 1385 839 lubrico.

633 879 917 945 (Prudent.,
937 877 1119 942 Hymn.
1142 871 1196 924 in
1211 874 1267 925 S.
1293 867 1513 934 Roman.)

234 995 349 1052 Cur
375 1001 553 1048 autem
577 1004 608 1044 a
635 987 867 1043 Minucio
898 1002 918 1036 ι
946 982 1122 1039 Cruda
1155 979 1333 1036 hieme
1357 997 1375 1029 ι
1411 975 1540 1032 nudi
1562 973 1771 1029 discur-

158 1103 283 1144 rere
329 1086 577 1142 dicantur
602 1123 618 1145 ,
664 1081 840 1135 disces
869 1093 939 1134 ex
970 1074 1265 1132 Plutarcho
1288 1115 1303 1137 ,
1352 1073 1441 1142 qui
1489 1068 1623 1125 locis
1655 1069 1768 1138 jam

159 1179 343 1235 citatis
372 1178 635 1233 observat
662 1172 779 1227 bmc
800 1170 933 1226 festa
962 1167 1143 1240 peragi
1173 1180 1357 1222 mense
1384 1162 1682 1225 februario,
1704 1175 1769 1214 ac

158 1273 275 1344 ipsa
309 1270 468 1327 tertia
497 1275 622 1340 post
660 1264 779 1321 idus
804 1263 924 1330 die,
952 1258 1403 1335 quemadmodum
1429 1255 1652 1313 Ovidius
1682 1252 1767 1309 bis

158 1366 326 1423 etiam
355 1363 553 1420 cecinit
571 1358 819 1416 versibus
846 1374 861 1412 :

351 1481 525 1545 Tertia
558 1484 668 1544 post
682 1475 798 1545 Idus
821 1475 979 1545 nudos
1001 1485 1179 1545 aurora
1194 1472 1426 1545 lupercos

436 1536 638 1608 Aspicit,
663 1550 716 1592 et
736 1539 890 1590 Fauni
922 1550 1058 1588 sacra
1079 1536 1298 1587 bicornis
1319 1536 1485 1585 erunt.

723 1625 911 1690 (0vid.,
934 1624 1023 1674 lib.
1048 1638 1102 1684 ιι,
1129 1623 1263 1673 Fast.
1285 1621 1314 1684 §
1335 1620 1386 1671 9.

161 1757 378 1815 Videsis
406 1752 582 1812 adhuc
632 1751 899 1808 Valerium
939 1749 1231 1806 Maximum
1280 1756 1334 1802 et
1396 1730 1764 1801 Morestellttm

159 1850 388 1924 (Valer.
419 1847 562 1905 Max.
593 1844 687 1902 lib.
715 1861 773 1914 ιι,
807 1859 927 1916 cap.
963 1845 1016 1910 I,
1050 1842 1163 1915 §9;
1194 1839 1467 1897 Morestel.
1495 1837 1626 1893 dial.
1646 1836 1679 1892 6
1704 1836 1768 1890 de
1796 1850 1847 1910 Β

160 1942 287 2001 Fer.
327 1942 533 2013 Rom.).

231 2038 375 2095 Tum
412 2036 607 2093 deinde
654 2031 958 2092 Minucius‘:
1012 2051 1031 2084 ι
1069 2032 1211 2101 Alii,
1242 2030 1440 2103 finquit
1466 2072 1479 2096 ,
1514 2026 1773 2084 incedunt

159 2131 346 2205 pileati
377 2170 394 2197 ,
441 2139 590 2185 scuta
620 2138 802 2185 vetera
844 2123 1253 2183 circumferunt.
1296 2144 1315 2177 ι
1373 2121 1563 2178 Nullus
1588 2130 1769 2177 autem

158 2224 446 2283 dubitandi
474 2223 627 2279 locus
653 2232 737 2279 est
769 2221 896 2292 quin
941 2219 993 2273 hi
1024 2218 1158 2275 Salii
1184 2218 1291 2272 sint
1314 2260 1327 2284 ,
1377 2230 1511 2287 quos
1538 2230 1567 2269 a
1596 2212 1772 2268 Numa

159 2318 435 2389 Pompilio
466 2315 737 2371 institutos
776 2313 859 2367 bis
888 2311 1069 2367 Livius
1095 2309 1252 2365 docet
1278 2306 1455 2363 verbis
1488 2326 1502 2361 :
1538 2324 1558 2358 ι
1594 2304 1773 2361 Salios

161 2411 454 2469 duodecim
491 2409 646 2465 Marti
687 2406 922 2465 Gradivo
950 2405 1082 2477 legit
1111 2446 1127 2471 ,
1160 2403 1462 2474 tunicaeque
1487 2400 1647 2474 pictae
1684 2401 1773 2453 itt-

161 2507 321 2580 signe
348 2504 498 2561 dedit
526 2549 540 2572 ,
583 2512 639 2560 et
687 2517 851 2574 super
885 2501 1119 2556 tunicam
1151 2515 1351 2555 aereum
1384 2497 1588 2566 pectori
1622 2505 1772 2580 legit:

163 2617 292 2658 men
342 2598 689 2669 caelestiaque
733 2611 880 2651 arma
908 2638 922 2662 ,
969 2608 1089 2666 quae
1136 2594 1329 2649 ancilia
1382 2569 1770 2663 appellantur“.

164 2697 310 2753 ferre
332 2738 348 2761 ,
376 2710 439 2749 ac
469 2709 565 2764 per
596 2690 793 2748 Urbem
825 2690 903 2745 ire
922 2731 938 2757 ,
967 2697 1223 2745 canentes
1250 2686 1487 2742 carmina
1518 2700 1638 2740 cum
1672 2684 1772 2738 tri-

162 2791 346 2863 pndiis
372 2787 709 2857 solemnique
737 2786 931 2841 saltatu
958 2827 973 2851 ,
999 2783 1162 2853 jussit
1196 2802 1215 2836 ι
1251 2782 1269 2854 (
1300 2781 1413 2837 Liv.
1435 2781 1510 2836 lib
1538 2796 1576 2847 ι,
1601 2779 1629 2852 §
1654 2777 1772 2849 20).

162 2886 242 2944 De
272 2883 469 2941 eodem
496 2881 656 2938 etiam
686 2879 857 2935 Numa
887 2876 1112 2934 Ovidius
1144 2895 1157 2931 :

356 3016 386 3065 Ι
391 3030 468 3066 am
490 3015 701 3066 dederat
722 3012 868 3063 Saliis
890 3010 939 3075 (a
955 3010 1290 3075 saltugnomina
1312 3008 1520 3075 ducunt)

358 3082 630 3142 Armaque,
657 3084 710 3127 et
731 3077 793 3126 ad
810 3070 976 3125 certos
998 3073 1150 3123 verba
1173 3073 1396 3121 canenda
1424 3070 1611 3122 modos.

880 3158 1067 3224 (Ovid.,
1092 3159 1127 3208 l.
1152 3172 1204 3207 nt
1228 3159 1383 3217 Fasl.,
1407 3155 1526 3220 §2.)

165 3297 242 3355 Ibi
272 3304 460 3352 autem
480 3292 743 3351 describit
767 3288 1038 3362 quomodo
1068 3287 1158 3343 illa
1186 3302 1367 3352 arma,
1418 3300 1539 3357 qua:
1573 3303 1594 3335 ι
1629 3282 1784 3339 anci—

166 3392 235 3448 lia
274 3410 297 3442 ι
344 3398 401 3445 ει
428 3398 614 3444 auctor
642 3395 825 3442 noster
846 3427 861 3451 ,
899 3403 919 3435 ι
953 3393 1104 3439 scuta
1129 3390 1313 3437 vetera
1344 3421 1359 3445 ,
1403 3390 1682 3449 nuncupat
1704 3418 1721 3446 ,
1754 3393 1787 3433 e

165 3485 313 3541 ccelo
340 3480 606 3539 cecidisse
631 3480 892 3535 ferantur.
919 3464 1076 3533 [Inde
1100 3473 1375 3531 Juvenalis
1403 3471 1635 3528 canebat
1664 3490 1683 3525 :

362 3596 555 3647 Arcano
574 3595 656 3658 qui
674 3604 813 3644 sacra
832 3591 1007 3658 ferens
1025 3591 1245 3640 nutantia
1262 3587 1385 3651 loro,

372 3658 575 3710 Sudavit
592 3654 790 3721 'clypeis
810 3654 1061 3705 ancilibus.

729 3738 996 3804 (Juvenal.,
1023 3739 1191 3806 Satyr.
1216 3752 1268 3798 ιι,
1293 3739 1386 3788 sub
1418 3737 1528 3797 lin.)

170 3856 241 3910 At
259 3853 336 3910 de
362 3850 479 3918 bis,
511 3859 670 3922 atque
694 3846 858 3903 etiam
884 3845 1142 3917 Lupercis
1163 3858 1289 3898 mox
1314 3842 1495 3909 dictis,
1525 3838 1785 3912 Virgilius

171 3949 262 4020 qui
295 3961 394 4003 eos
430 3964 448 3999 ι
482 3944 706 4016 pilentos
729 3983 743 4008 ,
784 3961 802 3994 ι
831 3948 888 3995 ιιι
911 3939 987 3995 ait
1015 3936 1276 3993 Minucius
1302 3976 1317 4003 ,
1365 3935 1650 3992 incessisse
1683 3934 1787 3988 illis

174 4039 468 4097 conﬁrmat
490 4035 735 4093 versibus
764 4049 783 4088 :

298 4153 399 4205 Hic
424 4151 707 4202 exultantes
723 4148 884 4199 Salios
907 4147 1167 4208 nudosque
1190 4142 1462 4208 Lupercos,

298 4216 680 4277 Laniger-osque
700 4214 888 4277 apices,
916 4218 971 4262 et
988 4206 1125 4273 lapsa
1148 4206 1328 4257 ancilia
1351 4206 1476 4256 caslo

307 4277 604 4328 Extuderat.

489 4360 708 4426 (Virgil.,
728 4360 762 4409 l.
787 4374 867 4409 vm
895 4356 1108 4421 .45neid.,
1135 4371 1178 4409 v.
1204 4356 1299 4409 605
1313 4359 1357 4405 et
1379 4360 1536 4417 seqq.)

174 4472 396 4529 Videsis
436 4469 607 4528 Servii
641 4472 691 4525 in
727 4470 826 4525 hos
849 4484 1037 4525 versus
1068 4467 1446 4524 annotationes
1473 4504 1490 4530 ,
1521 4476 1585 4518 ac
1634 4459 1788 4532 plura

174 4564 322 4636 apud
354 4560 700 4619 Plutarchum
723 4602 739 4629 ,
786 4560 1101 4632 Dionysium
1135 4558 1604 4613 Halicarnasseum
1633 4593 1648 4617 ,
1678 4551 1788 4606 Va-

1534 298 2005 361 DISSEllTA'l'lO.

1796 425 1848 484 Α
1874 428 1999 485 pag.
2032 408 2139 467 145
2161 408 2226 478 )?
2277 402 2418 462 Nihil
2449 413 2578 473 ergo
2606 400 2661 455 in
2690 394 2906 454 Minucii
2949 399 3098 450 textu
3135 390 3254 448 sine
3276 389 3481 446 codicis

1809 3237 1856 3301 C

3376 278 3480 333 642

1879 506 2105 574 alicujus
2133 500 2452 557 auctoritate
2482 493 2822 550 mutandum.
2871 490 2945 546 At
2969 495 3119 543 certe
3146 500 3303 541 nemo
3332 497 3482 538 sanae

1876 595 2074 652 mentis
2104 594 2266 649 homo
2283 588 2598 646 difﬂtebitur
2619 626 2635 650 ,
2656 599 2818 655 quam
2846 588 2993 637 recte
3010 594 3075 634 ex
3099 576 3255 632 dietis
3288 578 3481 629 Auctor

1874 699 2061 744 noster
2093 685 2285 741 inierat
2313 682 2505 737 falsam
2551 677 2885 735 divinitatem
2934 675 3012 729 eis
3047 668 3290 735 ascribi,
3343 680 3480 737 quos

1873 780 2106 854 gentiles
2134 788 2242 835 tam
2284 758 2531 830 absurdis
2598 782 2817 840 tamque
2860 765 3093 837 indignis
3122 763 3346 821 deorum
3385 773 3484 815 no;

1874 875 2023 933 mine
2042 882 2098 931 et
2125 870 2386 944 dignitate
2411 862 2884 938 superstitionibus
2913 856 3330 916 venerabantur.

2484 1080 2778 1126 Αιιτιευιυε
2814 1080 2889 1121 Π.

1873 1214 1953 1270 De
1981 1211 2210 1284 templis,
2256 1222 2474 1280 quaram
2501 1205 2673 1260 aditus
2702 1202 2781 1257 vel
2829 1198 2982 1256 semel
3009 1204 3207 1253 laniant
3238 1195 3293 1250 in
3321 1209 3482 1257 anno,

1933 1309 2026 1364 uel
2050 1306 2240 1364 nemini
2268 1319 2532 1373 umquam,
2574 1303 2654 1355 vel
2681 1313 2958 1369 numquam
2987 1296 3107 1350 viris
3156 1292 3398 1365 patebat;
3423 1288 3488 1343 de

1944 1401 2249 1472 quibusdam
2293 1397 2455 1454 sacris
2502 1392 2838 1458 cazremoniis,
2890 1406 3006 1462 quae
3034 1397 3123 1443 aut
3161 1385 3367 1457 feminis
3398 1391 3488 1438 aut

1945 1494 2102 1551 servis
2128 1492 2586 1550 interdicebantur.
2617 1498 2768 1559 atque
2802 1486 2865 1540 de
2910 1485 3030 1540 aliis
3056 1483 3241 1550 sacris,
3269 1496 3383 1552 quw
3409 1478 3488 1535 vel

1946 1588 2175 1654 univira,
2207 1586 2285 1641 vel
2312 1583 2577 1640 multivira
2605 1578 2905 1636 coronabat.

1948 1792 2242 1849 Auctorem
2265 1797 2510 1847 nostrum
2538 1786 2676 1843 alios
2700 1781 2970 1841 absurdos
2995 1779 3312 1840 eorumdem
3343 1776 3487 1834 Gen-

1876 1886 2050 1943 tilium
2081 1885 2218 1940 ritus
2250 1882 2610 1954 exagitantem
2660 1892 2971 1949 sequamur.
3001 1894 3021 1928 ι
3070 1872 3364 1943 ρυτεὰιιιιι,
3411 1867 3493 1924 in-

1878 1979 2021 2050 quit,
2051 1977 2173 2033 fana
2203 1975 2373 2031 semel
2419 1987 2563 2028 anno
2592 1970 2742 2026 adire
2773 1969 3114 2041 permittunt.
3153 1985 3172 2018 ι
3207 1963 3340 2020 Tale
3368 1975 3493 2033 pro-

1880 2071 2141 2128 culdubio
2172 2078 2290 2125 erat
2319 2068 2642 2122 Eurimones
2676 2064 2857 2118 fanum
2882 2105 2899 2129 ,
2938 2062 3007 2117 de
3036 2077 3144 2132 quo
3174 2058 3490 2115 Pausanias.

1886 2184 1905 2218 ι
1943 2165 2095 2220 Stato
2128 2204 2145 2228 ,
2190 2161 2308 2227 ait,
2360 2159 2450 2214 die
2515 2157 2836 2213 Eurimones
2882 2154 3143 2224 templum
3201 2149 3492 2222 aperiunt;

1881 2256 2079 2328 aperiri
2123 2255 2230 2310 alio
2270 2263 2518 2323 tempore
2555 2264 2674 2305 mos
2701 2249 2908 2319 patrius
2936 2261 3043 2302 non
3071 2253 3181 2301 est.
3231 2244 3393 2299 Sacra
3424 2257 3495 2299 eo

1882 2351 1973 2407 die
2002 2347 2252 2419 privatim
2273 2361 2338 2400 ac
2365 2344 2577 2415 publice
2607 2343 2763 2397 liunt.
2783 2340 2910 2396 Mihi
2930 2349 3077 2396 certe
3108 2352 3215 2393 non
3233 2333 3490 2407 contigit,

1882 2453 1939 2499 ut
1966 2458 2033 2498 eo
2063 2451 2307 2510 tempore
2347 2438 2594 2493 adessem
2626 2477 2640 2502 ,
2688 2449 2864 2505 neque
2891 2433 3233 2504 Eurymones
3268 2428 3492 2485 simula-

1883 2551 2035 2593 crum
2056 2533 2241 2590 videre
2260 2531 2408 2603 potui
2431 2529 2450 2601 (
2473 2530 2706 2601 Pausan.
2729 2527 2822 2583 lib.
2842 2541 2938 2582 vut
2962 2525 3152 2579 Arcad.
3176 2538 3298 2595 pag.
3325 2521 3423 2577 271
3450 2518 3493 2592 ).

1884 2628 2018 2684 Tale
2056 2627 2221 2682 etiam
2256 2666 2273 2691 ,
2321 2622 2515 2679 eodem
2546 2631 2684 2676 teste
2713 2660 2728 2684 ,
2773 2618 3123 2692 Dyndimenae
3152 2614 3339 2671 matris
3370 2655 3384 2677 ,
3428 2613 3498 2668 de

1884 2735 1990 2791 qua
2021 2733 2120 2774 nos
2148 2732 2310 2788 supra
2337 2757 2355 2786 ,
2395 2714 2692 2771 sacrarium
2740 2710 2859 2767 fuit.
2915 2710 3047 2765 Nam
3076 2708 3145 2764 ab
3178 2707 3295 2778 ipso
3321 2705 3498 2762 adhuc

1885 2813 2004 2870 haec
2030 2811 2308 2868 memoria:
2345 2809 2553 2877 prodita
2583 2808 2830 2877 legimus.
2868 2823 2887 2857 ι
2924 2803 3023 2860 Die
3048 2804 3206 2859 unico
3239 2800 3498 2857 anniver‘

1889 2906 2035 2961 sario
2064 2905 2360 2961 sacrarium
2387 2901 2737 2973 Dyndimenze
2787 2894 2975 2953 matris
3010 2894 3222 2967 aperire
3251 2893 3501 2949 solemne

1888 2999 2106 3052 habent.
2166 2995 2246 3051 Eo
2275 2996 2394 3065 ipso
2430 2993 2520 3049 die
2546 2990 2676 3047 mihi
2704 3000 2762 3045 ut
2787 2989 3037 3045 adessem
3066 2986 3311 3058 contigit.
3347 3004 3366 3038 ι
3399 2985 3502 3041 Su-

1886 3090 2069 3161 perius
2093 3090 2327 3159 denique
2348 3087 2416 3143 de
2429 3084 2645 3141 Cereris
2659 3093 2713 3138 et
2733 3080 3076 3152 Proserpinae
3099 3078 3225 3134 fano
3251 3078 3461 3133 dixerat
3481 3095 3496 3132 :

1895 3204 1915 3237 ι
1950 3184 2067 3240 Huc
2109 3183 2325 3241 feminis
2369 3180 2562 3252 quovis
2618 3188 2865 3248 tempore
2913 3175 3088 3231 aditus
3133 3182 3320 3245 patet,
3371 3173 3502 3231 viris

1891 3279 2182 3351 quotannis
2207 3276 2375 3333 semel
2410 3294 2430 3327 ι
2469 3272 2489 3346 (
2517 3273 2650 3343 Sup.
2686 3287 2806 3342 cap.
2836 3269 2892 3335 6,
2921 3279 3029 3326 art.
3050 3271 3107 3326 2.
3136 3268 3369 3324 Pausan.
3396 3267 3494 3325 lib.

1890 3386 1966 3427 vn
1995 3412 2012 3439 ,
2037 3384 2162 3442 pag.
2195 3367 2321 3424 300.
2372 3364 2519 3422 Idem
2546 3363 2683 3420 Ibid.
2714 3377 2835 3434 pag.
2866 3359 3021 3432 263).

1966 3464 2100 3518 Tum
2133 3461 2329 3517 deinde
2354 3468 2544 3514 auctor
2593 3464 2778 3513 uester
2805 3494 2822 3522 ,
2885 3472 2904 3506 ι
2942 3452 3233 3523 Quaedam,
3287 3449 3500 3523 inquit,

1893 3556 2018 3612 fana
2041 3597 2055 3620 ,
2095 3555 2150 3610 in
2181 3563 2356 3610 totum
2398 3550 2554 3608 nefas
2590 3551 2787 3606 visere.
2820 3566 2839 3600 ι
2874 3548 2944 3603 At
2971 3546 3111 3602 idem
3162 3545 3456 3602 Pausanias
3485 3585 3501 3609 ,

1894 3648 2055 3714 haec,
2108 3646 2304 3718 quibus
2352 3642 2569 3698 Minucii
2623 3638 2889 3696 sententia
2942 3639 3367 3703 corroboratur,
3433 3634 3504 3690 de

1896 3742 2099 3813 Epyto
2115 3737 2383 3796 Arcadum
2407 3751 2537 3807 rege
2553 3735 2812 3805 scriptum
2830 3732 3046 3803 reliquit
3068 3749 3081 3787 :
3103 3729 3267 3787 «Cum
3287 3730 3340 3785 in
3368 3736 3507 3786 tem-

1897 3836 2047 3904 plum
2077 3831 2311 3903 Neptuni
2337 3871 2353 3896 ,
2406 3827 2553 3899 quod
2582 3827 2866 3881 Mantinea:
2893 3835 2978 3880 est
3001 3864 3016 3890 ,
3050 3830 3334 3893 penetrare
3360 3828 3508 3876 esset

1896 3941 2062 3983 ausus
2093 3967 2109 3992 ,
2165 3939 2272 3995 quo
2320 3922 2448 3977 nulli
2491 3920 2738 3989 cuiquam
2782 3916 2986 3973 homini
3034 3914 3136 3982 hac
3182 3915 3294 3984 ipsa
3342 3912 3507 3967 etiam

1898 4028 2056 4076 aetate
2083 4018 2162 4073 Ias
2189 4024 2274 4073 cst
2294 4013 2580 4081 accedere,
2606 4012 2781 4069 oculis
2808 4014 3039 4081 trimum
3061 4016 3284 4079 captus,
3310 4003 3509 4063 deinde

1900 4127 2010 4167 non
2058 4111 2131 4165 ita
2171 4109 2340 4163 multo
2390 4114 2512 4175 post
2540 4121 2571 4160 e
2598 4104 2706 4158 vita
2748 4102 3002 4159 excessit.
3039 4121 3059 4154 ι
3114 4099 3277 4156 Addit
3318 4105 3506 4166 postea

1899 4221 2020 4263 cum
2052 4202 2193 4259 idem
2222 4200 2480 4272 templum
2504 4200 2660 4270 jussu
2691 4196 2912 4252 Adriani
2940 4193 3287 4266 Imperatoris
3313 4191 3507 4249 reaedi-

1902 4297 2155 4355 ﬁcaretur
2178 4339 2194 4364 ,
2230 4308 2422 4351 omnes
2453 4305 2675 4363 prorsus
2716 4290 2858 4345 illius
2888 4288 3033 4343 aditu
3064 4285 3365 4357 prohibitos
3396 4329 3409 4353 ,
3444 4299 3509 4341 ac

1900 4396 2264 4446 memoratum
2306 4385 2566 4459 Epytum
2600 4427 2615 4452 ,
2663 4382 2754 4453 qui
2812 4380 2947 4439 illud
2994 4378 3348 4452 ingrediendo
3378 4378 3509 4435 reli-

1899 4484 2118 4554 gionem
2167 4480 2506 4545 violaverat,
2555 4477 2779 4534 marinae
2819 4492 2973 4547 aqua:
3023 4476 3075 4530 vi
3130 4476 3305 4530 subita
3336 4474 3514 4530 oberu-

1901 4582 2116 4640 catnm,
2154 4585 2219 4627 ac
2260 4571 2425 4642 paulo
2454 4578 2577 4641 post
2621 4580 2852 4624 mortem
2883 4566 3103 4623 abiisse.
3154 4565 3266 4622 Nec
3294 4580 3514 4636 prorsus

176 4660 374 4715 lerium
415 4655 703 4711 Maximum
749 4664 804 4710 et
852 4653 989 4708 alios
1018 4651 1338 4725 (Plutarch.
1372 4650 1423 4704 in
1459 4646 1576 4702 Vita
1602 4645 1778 4700 Numa

1899 4639 2302 4729 omittendum;
2336 4639 2480 4732 quod
2514 4661 2661 4732 prius
2691 4659 2760 4714 ab
2791 4658 2982 4715 eodem
3008 4658 3270 4714 Pausania
3320 4658 3513 4714 litteris

178 4767 308 4823 pag.
334 4748 402 4805 98
423 4758 475 4803 et
502 4763 678 4819 seqq.;
715 4747 936 4818 Dionys.
967 4745 1202 4800 Halicar.
1236 4744 1330 4799 lib.
1361 4759 1396 4797 tt
1430 4740 1605 4811 Antiq.
1632 4739 1787 4794 Rom.

177 4860 306 4918 pag.
337 4841 464 4904 I29;
492 4840 671 4896 Valer.
704 4838 841 4894 Max.
872 4838 963 4894 lib.
995 4854 1032 4903 ι,
1067 4852 1184 4907 cap.
1217 4838 1274 4897 1,
1304 4835 1332 4909 §
1362 4833 1461 4908 9).

255 4935 505 5004 Denique
531 4932 797 4987 Minucius
825 4930 938 4984 haec
970 4929 1310 4985 continenter
1339 4927 1570 4997 adjecit:
1602 4945 1621 4979 ι
1658 4924 1785 4982 Pel-

178 5030 263 5087 les
290 5027 541 5093 caedunt,
574 5023 943 5082 mendicantes
974 5023 1189 5079 vicatim
1220 5021 1353 5077 deos
1384 5021 1609 5075 ducunt.
1648 5040 1667 5073 ι
1718 5021 1789 5074 At

180 5128 400 5179 constat
448 5133 576 5174 sane
621 5117 805 5172 Matris
858 5115 1018 5171 deum
1070 5114 1380 5169 sacerdotes
1411 5158 1425 5181 ,
1481 5111 1549 5168 de
1593 5112 1788 5183 quibus

181 5216 351 5291 paqu
379 5222 502 5269 ante
531 5213 756 5286 egimus,
788 5209 871 5265 his
899 5207 1286 5278 posterioribus
1315 5206 1497 5261 verbis
1520 5205 1789 5261 denotari.

182 5312 390 5368 Verum
414 5310 464 5364 in
482 5304 905 5364 controversiam
928 5310 1170 5365 vocatur,
1203 5300 1269 5355 ad
1299 5314 1437 5372 quos
1462 5299 1548 5354 illa
1576 5299 1752 5369 priora
1775 5337 1792 5365 ,

190 5426 213 5460 ι
248 5407 429 5464 Pelles
477 5402 728 5469 caedunt,
770 5422 788 5454 ι
825 5398 1014 5457 referri
1060 5397 1314 5454 debeant.
1369 5394 1596 5464 Quidam
1650 5394 1795 5450 enim

185 5500 529 5574 suSpicantnr
565 5513 629 5555 ea
676 5497 796 5552 loco
845 5511 941 5551 suo
986 5509 1108 5550 esse
1153 5501 1296 5548 mota
1329 5534 1344 5559 ,
1396 5506 1457 5545 ac
1487 5479 1793 5561 posthaec,

195 5616 215 5648 ι
252 5596 450 5670 hyeme
489 5594 830 5659 discurrunt,
873 5611 890 5644 ι
939 5589 1271 5661 reponenda.
1321 5585 1489 5655 Quasi
1519 5598 1647 5640 vero
1692 5583 1794 5638 soli

189 5687 558 5744 discurrentes
605 5684 834 5755 Luperci
886 5683 1055 5755 pelles
1114 5678 1438 5737 caederent?
1504 5675 1700 5743 Quidni
1740 5684 1794 5731 et

191 5780 323 5836 Salii
354 5822 367 5844 ,
401 5787 493 5835 aut
527 5798 547 5830 ‹
577 5776 946 5833 mendicantes
967 5818 981 5841 ,
1014 5794 1032 5827 ι
1055 5775 1147 5844 qui
1176 5781 1311 5848 teste
1340 5767 1566 5840 Apuleio
1593 5810 1608 5837 ,
1639 5783 1793 5840 cym-

194 5872 316 5939 bala
347 5880 400 5930 et
425 5881 676 5949 tympana
692 5867 974 5943 pulsabant
1000 5864 1200 5943 (Apul.
1248 5863 1339 5922 lib.
1360 5877 1454 5919 vm
1475 5859 1790 5933 Melamorp.

1895 4758 2269 4826 consignatum
2301 4762 2387 4809 est
2415 4770 2430 4808 :
2472 4773 2490 4805 ε
2520 4753 2658 4807 Sunt
2684 4752 2827 4808 Solis
2860 4767 2969 4806 ara:
2990 4792 3006 4818 ,
3037 4750 3382 4807 Necessitatis
3413 4793 3429 4820 ,
3459 4761 3516 4807 et

1896 4846 2179 4902 Violentire
2208 4845 2384 4913 aedes,
2440 4845 2492 4898 in
2540 4859 2699 4915 quam
2729 4842 2934 4913 ingredi
2969 4840 3049 4896 fas
3080 4856 3201 4899 esse
3232 4851 3447 4914 negant.
3485 4861 3505 4896 ι

1897 4938 2175 5011 (Pausan.
2209 4938 2303 4994 lib.
2332 4953 2442 4994 vm.
2479 4937 2672 4993 Arcad.
2698 4952 2817 5008 pag.
2848 4935 2975 4992 240.
3025 4935 3175 4992 Idem
3220 4935 3350 4992 ibid.
3389 4951 3511 5008 pag.

1891 5031 2019 5087 244.
2080 5031 2226 5087 Idem
2257 5030 2349 5084 lib.
2382 5045 2459 5097 tt,
2494 5044 2615 5101 pag.
2649 5027 2738 5084 48.
2771 5027 2792 5100 )
2888 5032 2891 5033 ⁷

1970 5126 2151 5198 Pergit
2196 5125 2505 5181 Minucius:
2549 5143 2568 5177 ι
2604 5124 2701 5180 Est
2732 5123 2995 5193 templum
3027 5165 3043 5190 ,
3091 5139 3199 5195 quo
3245 5125 3361 5181 viro
3404 5139 3513 5183 uon

1898 5219 2028 5275 licet
2058 5218 2304 5274 introire.
2344 5217 2555 5275 «Unum
2583 5217 2937 5288 proculdubio
2968 5215 3111 5271 illius
3141 5216 3284 5272 modi
3326 5232 3513 5274 sacra-

1899 5311 2038 5365 rium
2070 5352 2087 5379 ,
2136 5311 2211 5365 uti
2241 5310 2523 5366 Ciceronis
2556 5318 2743 5366 contra
2774 5308 2996 5364 Verrem
3044 5317 3259 5364 utamur
3279 5310 3460 5366 verbis
3494 5328 3509 5365 :

1908 5419 1927 5452 ι
1961 5401 2176 5457 Cereris
2200 5411 2284 5458 est
2305 5402 2447 5473 apud
2475 5400 2796 5457 Catinenses
2827 5400 3016 5456 eadem
3064 5400 3329 5473 religione
3350 5444 3365 5469 ,
3408 5416 3515 5473 qua

1902 5492 2130 5561 Romae,
2168 5509 2270 5564 qua
2318 5494 2369 5549 in
2424 5494 2638 5551 caeteris
2685 5492 2863 5558 locis,
2916 5506 3019 5563 qua
3077 5507 3249 5564 prope
3304 5493 3356 5549 in
3401 5502 3514 5550 toto

1899 5585 2033 5642 urbe
2086 5596 2369 5642 terrarum.
2411 5587 2471 5642 In
2519 5601 2587 5643 eo
2639 5585 2880 5642 sacrario
2924 5584 3117 5641 intimo
3155 5585 3255 5641 fuit
3293 5587 3510 5659 signum

1898 5678 2110 5735 Cereris
2158 5681 2571 5751 perantiquum,
2604 5678 2747 5750 quod
2794 5676 2896 5733 viri
2951 5692 3058 5734 non
3111 5678 3273 5735 modo
3319 5682 3506 5750 cujus-

1900 5769 2046 5826 modi
2091 5779 2280 5837 esset,
2331 5769 2427 5826 sed
2464 5786 2532 5827 ne
2571 5785 2693 5826 esse
2736 5768 2954 5840 quidem
3001 5768 3260 5825 sciebant.
3317 5769 3512 5829 Aditus

1899 5864 2043 5922 enim
2082 5862 2134 5922 in
2163 5864 2214 5921 id
2262 5865 2558 5924 sacrarium
2589 5870 2807 5924 nonest
2834 5862 2996 5935 viris;
3050 5877 3201 5920 sacra
3252 5876 3348 5939 per
3394 5880 3515 5932 ιιιιις
