4038 6308
574 289 680 346 6ίό

1864 282 1952 347 DE
1991 280 2249 349 MINUCH
2286 291 2587 354 OCTAVIO
3732 310 3811 374 Gil

565 407 727 460 lieres
770 410 833 459 ac
872 404 1107 473 virgines
1150 403 1339 461 confici
1371 403 1551 460 solent
1608 423 1626 457 ι
1665 402 1823 478 (Cic.
1853 412 1991 461 orat.
2015 406 2085 473 4,
2113 409 2171 461 in
2194 407 2245 469 Α
2270 413 2614 481 custodibus,
2637 413 2803 484 jussit
2830 430 2899 472 ne
2946 416 3232 475 mulierem
3289 421 3547 479 interesse
3573 428 3814 496 permitle~

579 496 724 552 Vm.
772 512 893 568 pag.
939 498 1078 563 l78,
1134 496 1229 551 lin.
1275 497 1418 568 21.)
1464 496 1806 567 Quapropter
1855 499 2166 554 Lactantius

564 591 740 645 citatis
785 591 1027 662 ejusdem
1072 591 1347 647 Ciceronis
1375 592 1554 646 verbis
1592 592 1866 658 ostendit,
1915 593 2161 665 qumdam

564 698 685 739 esse
712 684 909 754 templa
951 685 1003 739 in
1040 698 1159 755 quae
1191 684 1391 755 ingredi
1419 685 1550 740 viris
1586 699 1690 740 non
1734 686 1946 741 licebat.
1978 688 1995 756 (
2022 686 2159 743 Lac-

567 785 700 829 tant.
746 775 837 832 lib.
869 791 941 843 tt,
977 788 1096 847 cap.
1129 779 1183 842 4,
1215 788 1336 847 pag.
1378 775 1522 843 158;
1563 786 1618 832 et
1644 778 1734 834 lib.
1767 794 1860 845 ιιι,
1902 792 2021 851 cap.
2046 778 2156 847 206,

567 883 686 936 pag.
716 867 820 922 507

636 959 713 1014 De
736 958 948 1015 Cereris
973 968 1150 1015 autem
1182 960 1362 1033 Mysiae
1384 963 1640 1028 sacrario,
1672 977 1734 1019 ac
1759 964 1909 1019 festis
1939 962 2155 1030 diebus,

563 1049 751 1106 isthmc
786 1061 1049 1107 memorat
1088 1052 1418 1117 Pausanias,
1464 1069 1583 1124 quin
1626 1054 1694 1110 ad
1726 1054 1940 1111 Minucii
1989 1057 2159 1111 nostri

563 1144 893 1212 propositum
924 1145 1165 1199 nonnihil
1194 1146 1359 1201 etiam
1381 1144 1560 1202 facere
1590 1154 1815 1216 possunt
1847 1163 1860 1201 :
1895 1165 1913 1198 ι
1945 1145 2157 1214 FeStos,

562 1236 766 1306 inquit,
800 1236 913 1293 dies
938 1240 1140 1309 agitant
1168 1249 1371 1309 septem
1394 1279 1408 1304 ,
1457 1254 1684 1311 quorum
1714 1238 1877 1293 tertio
1900 1252 1930 1293 e
1956 1239 2158 1309 templo

564 1330 663 1384 viri
692 1346 881 1385 omnes
910 1340 1127 1398 exeunt,
1157 1333 1412 1388 mulieres
1439 1348 1567 1387 vero
1597 1331 1738 1387 intus
1764 1332 1998 1398 relictae;
2051 1333 2158 1388 ritu

561 1438 591 1479 τι
622 1424 916 1494 majoribus
967 1424 1198 1493 tradito,
1250 1437 1571 1480 nocturnum
1614 1435 1875 1495 peragunt
1918 1440 2154 1483 sacrum.

563 1514 748 1587 Neque
774 1532 901 1572 vero
930 1518 1078 1573 viros
1104 1527 1306 1572 tantum
1335 1517 1656 1582 excludunt,
1686 1518 1779 1573 sed
1806 1533 1969 1574 canes
1995 1519 2156 1574 etiam

569 1610 843 1665 masculos
868 1610 1113 1680 ejiciunt.
1145 1610 1371 1666 Postero
1416 1611 1504 1666 die
1551 1610 1794 1666 revisunt
1838 1610 2063 1666 feminas
2104 1611 2157 1666 iu

561 1702 761 1770 templo
808 1702 940 1768 viri,
1009 1703 1282 1772 multoque
1347 1717 1470 1757 cum
1534 1704 1645 1757 risu
1713 1702 1857 1756 ultro
1912 1703 2159 1773 citroque

2272 515 2444 559 rent.»
2482 506 2501 578 (
2530 507 2760 564 Macrob.
2791 511 2879 565 lib.
2917 527 2953 566 ι.
2989 512 3261 570 Saturnal.
3295 532 3411 585 cap.
3437 519 3549 591 1‘2).
3579 521 3814 591 Quamob-

2268 614 2382 654 rem
2411 602 2636 657 canebat
2669 603 2986 674 Pl‘OpEl'llllS
3011 628 3023 663 :

2389 712 2596 793 Ma‘xirm
2624 730 2743 793 quia!
2767 722 3012 793 gregibus
3032 723 3213 793 devota
3238 730 3318 793 est
3338 740 3425 776 ara
3437 731 3662 793 repertis,

2452 779 2548 826 Ara
2576 792 2666 851 per
2691 779 2796 841 itas,
2838 779 3018 847 in‘quit,
3042 790 3253 838 maxima
3278 788 3403 839 facta
3422 779 3615 841 mahus:

2388 838 2675 919 Hascnult‘is
2699 838 2927 919 umquam
3140 838 3634 919 venerandaipuellis,

2450 901 2683 954 Herculis
2708 901 2873 958 eximii
2906 901 2971 961 ne
2996 911 3064 962 sit
3090 910 3243 962 inulta
3266 901 3391 965 sitis:

3137 996 3311 1062 (Prop.
3337 997 3372 1047 ι.
3393 1012 3459 1062 tv,
3485 997 3604 1066 eleg.
3626 1001 3717 1062 ιο.)

2262 1090 2542 1151 Iuvenalis
2568 1096 2732 1152 etiam
2766 1116 2778 1151 :

2389 1250 2403 1261 .
2505 1248 2518 1262 .
2618 1251 2631 1261 .
2732 1253 2744 1265 .
2848 1254 2860 1265 .
2964 1256 2975 1269 .
3073 1220 3171 1271 Sed
3198 1223 3551 1274 moresinistro

2388 1273 2646 1347 Exagitata
2668 1279 2840 1347 procul
2864 1293 2963 1347 non
2989 1283 3138 1333 intrat
3153 1282 3336 1334 femina
3362 1273 3532 1347 limen,

2390 1338 2519 1388 Solis
2542 1352 2626 1389 ara
2649 1340 2760 1391 dea:
2782 1345 2999 1393 maribus
3019 1353 3170 1408 patet.

2946 1427 3351 1498 (Juven.,Srttyr,
3372 1447 3427 1494 ιι,
3455 1445 3501 1481 υ.
3525 1433 3624 1496 87.)

2340 1526 2413 1582 De
2429 1527 2671 1596 ejusdem
2697 1530 2873 1587 adhuc
2894 1531 3140 1587 Herculis
3163 1536 3507 1592 caeremoniis
3531 1536 3663 1592 haud
3683 1535 3815 1591 dubie

2264 1620 2642 1693 intelligendus
2661 1635 2745 1680 est
2770 1625 3032 1682 Minucius
3054 1670 3068 1694 ,
3096 1643 3221 1684 etim
3251 1632 3521 1702 inceptum
3550 1646 3813 1686 sermonem

2263 1714 2342 1769 sic
2369 1718 2731 1787 prosequitur.
2756 1719 2958 1777 (Servo
2985 1722 3306 1792 quibusdam
3330 1724 3661 1778 caeremoniis
3684 1725 3820 1778 inter-

559 1794 699 1847 sales
749 1802 802 1847 et
839 1793 979 1849 dicta
1028 1794 1300 1864 jaciuntur
1328 1813 1351 1848 ι
1387 1793 1408 1868 (
1441 1793 1675 1851 Peucon.
1728 1795 1817 1850 lib.
1851 1809 1948 1861 vu,
1977 1796 2033 1849 in
2059 1796 2152 1864 ﬁn.

2261 1822 2384 1863 esse
2441 1810 2713 1879 piaculare
2742 1812 3003 1885 flagitium
3051 1826 3155 1885 est.
3192 1836 3213 1870 ι
3248 1816 3481 1874 Tantum
3533 1825 3700 1873 autem
3740 1816 3819 1871 fuit

562 1904 680 1959 pag.
711 1887 839 1944 936.
862 1888 881 1955 )

632 1978 769 2048 Quid
796 1983 943 2051 plura
962 1983 987 2035 ?
1016 1981 1302 2054 Dionysius
1333 1983 1773 2037 Halicarnasseus
1802 1981 2035 2037 monitos
2058 1994 2158 2037 nos

573 2076 698 2130 fecit
724 2073 873 2130 nel‘as
904 2077 1029 2130 viris
1086 2076 1255 2131 fuisse
1305 2077 1356 2130 in
1409 2076 1587 2131 Vesta:
1644 2076 1765 2131 fano
1814 2084 2154 2145 pernoctare.

566 2167 749 2238 Neque
778 2169 939 2223 etiam
983 2168 1085 2223 illis
1115 2170 1165 2223 in
1199 2169 1361 2223 Bome
1388 2169 1503 2224 dea:
1531 2169 1786 2239 templum
1813 2170 1983 2236 ullus,
2016 2168 2156 2222 sicut

565 2260 867 2317 Macrobius
887 2302 903 2326 ,
937 2261 1363 2333 Plutarchusque
1387 2270 1674 2327 testantur,
1714 2261 1932 2332 patebat
1956 2261 2154 2315 aditus.

564 2358 727 2415 Addit
772 2373 900 2414 vero
950 2357 1049 2413 iste
1101 2359 1544 2428 quotiescumque
1588 2357 1845 2412 mulieres
1898 2368 2159 2427 quacum-

567 2468 672 2522 que
700 2451 750 2505 in
779 2451 941 2506 domo
971 2449 1165 2505 festum
1200 2450 1344 2507 illius
1366 2460 1587 2520 agerent
1608 2492 1623 2516 ,
1650 2464 1711 2504 ea
1734 2449 1985 2504 omnibus
2002 2448 2154 2514 viris,

563 2557 723 2614 atque
766 2545 932 2615 ipsius
971 2543 1135 2598 etiam
1163 2542 1356 2597 domus
1399 2542 1621 2597 domino
1652 2543 1807 2612 plane
1833 2540 2155 2596 cedendum.

559 2638 895 2711 Quapropter
913 2635 1104 2691 Cicero
1132 2645 1240 2690 tota
1265 2636 1587 2706 eloquentiae
1607 2650 1719 2689 suae
1739 2636 1791 2689 vi
1810 2635 1865 2688 in
1887 2632 2152 2698 Clodium,

563 2733 717 2800 cujus
747 2732 907 2786 etiam
938 2728 1259 2784 Plutarchus
1303 2728 1424 2782 loco
1470 2727 1632 2782 citato
1682 2727 1956 2793 meminit,
2005 2727 2157 2780 inve-

563 2823 726 2890 hitur,
777 2821 918 2892 quod
963 2837 1026 2877 ea
1070 2836 1223 2877 sacra
1274 2821 1544 2891 aspexerit
1585 2835 1649 2876 ac
1699 2819 2006 2883 violaverit,
2038 2832 2161 2889 quas

566 2916 667 2971 \iri
699 2930 767 2970 ne
809 2914 1168 2986 imprudentis
1196 2912 1414 2985 quidem
1446 2913 1618 2969 oculis
1647 2913 1885 2983 Conspici
1916 2913 1992 2967 fas
2019 2920 2152 2967 erat.

555 3008 797 3084 (Dionys.
823 3008 1051 3063 Halicar.
1072 3009 1159 3064 lib.
1182 3024 1240 3075 ιι,
1264 3008 1435 3078 Antiq.
1474 3006 1656 3073 Rom,
1694 3022 1814 3080 pag.
1864 3007 1994 3073 127;
2031 3005 2160 3060 Plu-

558 3105 722 3158 tarch.
746 3102 936 3168 Quwst.
970 3099 1192 3156 Roman.
1236 3116 1357 3174 pag.
1387 3101 1518 3166 268;
1568 3099 1797 3155 Macrob.
1846 3099 1932 3155 lib.
1967 3115 2000 3153 ι.
2050 3098 2158 3154 Sa-

2262 1901 2389 1956 illud
2421 1904 2597 1959 scelus
2618 1945 2631 1969 ,
2666 1920 2730 1961 ac
2757 1906 2858 1961 diis
2885 1907 3022 1963 adeo
3041 1951 3057 1976 ,
3092 1910 3163 1964 uti
3190 1910 3588 1966 somniaveram
3606 1909 3816 1981 gentiles.

2261 1996 2543 2063 odiosum;
2577 2007 2633 2052 ut
2672 1999 2851 2057 Potitii
2896 2017 3083 2059 omnes
3112 2003 3164 2056 in
3190 2002 3476 2061 duodecim
3507 2001 3722 2057 familias
3746 2000 3814 2055 di-

2263 2089 2396 2156 visi,
2441 2091 2535 2162 qui
2579 2103 2798 2149 auctore
2848 2096 3020 2165 Appio
3044 2140 3059 2163 ,
3092 2110 3244 2155 sacra
3277 2095 3529 2155 Herculis
3555 2095 3617 2159 ad
3646 2094 3818 2152 humile

2260 2195 2539 2238 servorum
2587 2185 2947 2247 ministerium
2988 2188 3401 2254 transtulerant,
3465 2188 3599 2243 intra
3646 2202 3813 2243 annum

2261 2277 2481 2332 extincti
2510 2277 2740 2345 fuerint;
2771 2281 2886 2350 ipse
2907 2298 3038 2339 vero
3087 2282 3293 2353 Appius
3320 2292 3443 2353 post
3467 2283 3663 2353 aliquot
3680 2296 3818 2337 annos

2262 2370 2551 2429 luminibus
2580 2374 2828 2437 orbatus.
2854 2376 3113 2445 Quamvis
3139 2386 3320 2433 autem
3352 2376 3473 2433 hzec
3497 2376 3705 2433 deorum
3726 2376 3819 2431 vin-

2260 2465 2403 2522 dicta
2431 2466 2563 2524 falsa
2592 2484 2809 2536 prorsus
2840 2469 3069 2542 fictaque
3114 2486 3262 2529 sana:
3304 2473 3502 2528 mentis
3550 2469 3820 2526 hominibus

2260 2561 2455 2615 merito
2502 2561 2782 2629 videatur;
2831 2576 3136 2622 catmumen
3188 2564 3256 2619 ab
3301 2564 3555 2621 Ethnicis
3586 2574 3817 2635 tamquam

2260 2654 2481 2709 omnino
2504 2671 2682 2712 veram
2710 2666 3019 2730 certamque
3042 2658 3368 2714 venditatam
3395 2674 3521 2715 esse
3544 2669 3694 2715 testes
3716 2667 3818 2714 sunt

2259 2744 2415 2800 Titus
2467 2746 2687 2815 Livius,
2734 2750 2979 2807 Valerius
3031 2751 3329 2815 Maximus,
3375 2756 3579 2809 Auctor
3623 2753 3729 2808 libri
3766 2751 3818 2807 de

2260 2841 2479 2912 Origine
2503 2845 2679 2913 gentis
2700 2844 2985 2910 Romanae,
3015 2846 3270 2903 Aurelius
3290 2846 3502 2916 Victor,
3551 2847 3819 2904 Laclantius

2261 2945 2315 2991 et
2344 2936 2433 2991 alii
2488 2936 2642 3010 (Liv.
2670 2939 2757 2993 lib.
2790 2956 2829 3003 ι,
2866 2939 2894 3012 §
2924 2940 2984 3005 8;
3017 2939 3191 2996 Valer.
3220 2939 3367 2997 Mam.
3400 2943 3492 2997 lib.
3542 2958 3592 3008 ι,
3636 2958 3737 3010 cap.
3776 2940 3815 3004 l,

2265 3026 2293 3098 ς
2332 3028 2416 3092 l7;
2449 3029 2596 3084 Auct.
2628 3030 2744 3085 libr.
2777 3041 2913 3102 gent.
2946 3030 3099 3087 Rom.
3155 3048 3274 3103 pag.
3331 3031 3463 3101 504',
3509 3033 3673 3089 Aurel.
3710 3031 3813 3086 Vict.

2262 3120 2325 3175 de
2372 3120 2504 3176 Viris
2524 3123 2713 3179 ειιων.
2750 3123 2898 3197 §54;
2926 3124 3142 3181 lactatt.
3175 3126 3262 3182 lib.
3292 3141 3348 3181 ll.
3382 3125 3614 3182 Institut.
3647 3142 3748 3196 cap.
3774 3125 3814 3189 7,

561 3197 752 3251 turnal.
783 3210 897 3265 cap.
928 3195 999 3250 ιε
1027 3214 1040 3262 ;
1075 3193 1344 3249 Plutarch.
1379 3192 1575 3248 in'Vita
1601 3190 1849 3259 Cesaris,
1884 3208 2002 3264 pag.
2032 3191 2156 3255 715;

2270 3235 2389 3288 pag.
2427 3218 2572 3287 175).

561 3292 726 3347 Cicer.
759 3300 888 3345 orat.
939 3288 1033 3355 30,
1080 3286 1143 3342 de
1165 3287 1403 3358 Aruspic.
1428 3298 1666 3359 respuit”
1700 3300 1818 3358 pag.
1845 3286 1973 3351 455,
2004 3285 2097 3340 lin.
2125 3288 2158 3339 6

563 3396 608 3440 et
638 3402 741 3456 seq.
772 3395 817 3440 et
846 3393 976 3438 orat.
1010 3382 1102 3451 29,
1136 3396 1257 3455 pag.
1291 3381 1419 3448 ΜΟ,
1451 3382 1543 3436 lin.
1572 3381 1701 3453 28.)

632 3479 997 3547 Scriptoribus
1041 3487 1218 3534 autem
1247 3476 1449 3533 Griecis
1496 3491 1559 3532 ac
1609 3475 1815 3532 Latinis
1867 3477 2159 3533 concinunt

564 3582 735 3644 poetae
756 3612 771 3637 ,
798 3579 853 3626 et
871 3571 1114 3626 Tibullus
1145 3571 1360 3642 quidem
1402 3571 1503 3625 hoc
1528 3582 1686 3625 versu
1710 3586 1725 3624 :

712 3683 860 3734 Sacra
881 3683 1031 3735 Bona:
1054 3683 1268 3733 maribus
1300 3695 1399 3732 non
1426 3680 1659 3732 adeunda
1681 3681 1811 3732 deae.

1271 3764 1499 3830 (Tibull.,
1524 3766 1557 3815 ι.
1582 3782 1619 3828 ι,
1646 3764 1805 3832 Eleg.,
1833 3765 1907 3828 ϐ.)

560 3874 874 3947 l‘r0pcrtius
902 3889 1114 3945 quoque
1144 3873 1229 3930 his
1250 3871 1459 3929 duobus
1485 3872 1813 3930 carminibus
1841 3890 1856 3929 ε

686 3987 939 4061 Femineis
956 3987 1060 4037 loca
1072 3986 1242 4061 Δ(ιὶιιιιξει
1264 3986 1393 4044 dcte,
1416 3986 1923 4061 fontesgttepiandos,

810 4049 1019 4113 Impune
1036 4058 1088 4100 et
1104 4046 1252 4099 nullis
1272 4062 1410 4099 sacra
1434 4046 1629 4099 retecti
1650 4046 1784 4099 viiis.

1250 4132 1446 4197 (Prop.,
1468 4132 1504 4182 l.
1529 4146 1595 4195 tv,
1621 4130 1782 4198 Eleg.,
1809 4131 1909 4195 10.)

632 4244 815 4316 Neque
842 4244 988 4299 viros
1018 4252 1222 4300 tantum
1244 4283 1259 4310 ,
1302 4241 1398 4298 sed
1449 4241 1659 4296 illorum
1707 4240 1868 4296 etiam
1901 4238 2160 4310 imagines

559 4337 686 4394 inde
715 4337 965 4393 exclusas
1007 4334 1174 4391 fuisse
1218 4344 1407 4390 auctor
1459 4332 1614 4387 nobis
1666 4343 1748 4387 est
1787 4332 1990 4389 Seneca
2045 4330 2156 4401 (lib.

559 4448 671 4502 xvi,
700 4434 853 4504 epist.
884 4430 943 4501 2,
975 4448 1094 4502 pag.
1129 4426 1281 4502 404),
1334 4437 1388 4485 et
1434 4424 1708 4484 Iuvenalis
1738 4426 1821 4482 his
1869 4423 2112 4482 versibus
2142 4441 2155 4479 :

905 4578 918 4593 .
986 4576 1000 4591 .
1041 4576 1082 4605 _.
1144 4540 1246 4605 _Ubi
1260 4540 1423 4605 velari
1440 4542 1641 4605 pictura
1652 4539 1882 4601 jubetur,

654 4602 986 4669 Quaecumque
1011 4602 1219 4654 alterius
1239 4617 1393 4653 sexus
1416 4602 1597 4653 imitata
1618 4603 1821 4665 ligurem
1841 4607 1937 4652 est.

1423 4685 1648 4749 (Juven.,
1676 4688 1842 4753 Satyr.
1869 4687 1920 4747 6,
1946 4699 1992 4736 υ.
2019 4686 2155 4752 3'59.)

632 4800 701 4852 At
728 4796 964 4852 vicissim
1011 4794 1225 4853 feminis
1263 4793 1507 4865 quaedam
1556 4794 1793 4849 virorum
1826 4810 1976 4851 sacra
2008 4793 2158 4849 adire

557 4905 665 4945 non
695 4891 873 4944 minus
899 4888 1166 4958 piaculum
1195 4907 1208 4942 :
1244 4904 1265 4937 ί
1304 4884 1569 4941 Nonnulla
1593 4929 1607 4952 ,
1639 4886 1713 4940 ait
1743 4901 1956 4942 rursum
1987 4884 2159 4943 Minu-

496 5005 502 5012 -
555 4981 669 5035 cius
694 5021 708 5046 ,
751 4980 952 5049 absque
1002 4976 1220 5034 feminis
1270 4992 1421 5032 sacra
1468 4985 1634 5043 sunt,
1673 4996 1692 5029 ι
1726 4978 1848 5048 quia
1885 4996 1904 5028 ‹
1942 4976 2156 5033 Hercu-

557 5074 747 5139 laneo,
801 5073 972 5143 inquit
1028 5072 1094 5126 A.
1143 5068 1382 5137 Gellius,
1445 5070 1712 5125 sacriﬁcio
1776 5070 2051 5129 abstinent
2128 5090 2147 5122 ι

556 5164 573 5236 (
604 5163 733 5219 Gell.
781 5164 865 5217 lib.
922 5180 997 5219 x1.
1049 5160 1204 5219 Noct.
1238 5161 1389 5217 Attic.
1416 5203 1432 5228 ,
1461 5178 1575 5234 cap.
1607 5161 1663 5227 6,
1696 5179 1813 5233 pag.
1847 5161 2014 5233 586).
2052 5163 2155 5217 Ra-

563 5260 760 5313 tionem
814 5256 972 5328 hujus
1020 5257 1291 5312 interdicti
1343 5256 1482 5311 hanc
1522 5254 1823 5311 Macrobius
1874 5254 2153 5311 reddidit:

564 5372 582 5403 i
623 5351 833 5407 llereuli
857 5393 873 5420 ,
902 5366 1023 5406 cum
1060 5352 1222 5406 boves
1251 5349 1515 5424 Geryonis
1545 5366 1644 5421 per
1673 5350 1836 5405 [taliae
1867 5364 2025 5422 agros
2050 5349 2154 5407 du-

553 5456 733 5512 ceret,
767 5445 968 5501 sitienti
994 5446 1273 5517 respondit
1303 5446 1496 5503 mulier
1517 5461 1707 5516 aquam
1752 5459 1812 5501 se
1852 5460 1957 5500 non
1992 5461 2154 5516 posse

552 5550 846 5629 prtc’stare,
893 5539 1035 5609 quod
1062 5540 1384 5597 feminarum
1422 5539 1538 5595 deae
1582 5537 1954 5595 celebraretur
1995 5537 2149 5607 dies,

552 5650 651 5689 nec
695 5649 765 5690 ex
797 5647 862 5688 co
888 5642 1147 5702 apparatu
1189 5633 1318 5688 viris
1364 5640 1581 5702 gustare
1611 5629 1691 5685 fas
1720 5639 1890 5686 esset.
1922 5629 2151 5701 Pr0ptcr

548 5726 690 5799 quod
720 5726 978 5783 Hercules
1024 5724 1263 5783 facturus
1294 5738 1509 5781 sacrum
1556 5720 1856 5778 detestatus
1898 5729 1982 5792 est
2012 5737 2151 5791 prm-

545 5821 770 5878 sentiant
800 5818 1123 5886 mulierum,
1170 5826 1226 5885 et
1268 5817 1446 5875 Potito
1490 5830 1553 5872 ac
1587 5815 1825 5884 Pinario,
1874 5829 2152 5871 sacrorum

2334 3308 2594 3381 Opinatur
2623 3319 2882 3381 praeterea
2921 3311 3189 3368 Meursius
3240 3310 3487 3384 (Meurs.,
3520 3314 3557 3370 l.
3587 3328 3655 3379 tv,
3681 3309 3814 3367 Grec.

2262 3408 2480 3480 feriatis,
2512 3420 2564 3477 p.
2602 3404 2726 3473 800,
2758 3415 2889 3460 tom.
2914 3404 2964 3460 7.
2997 3405 3167 3475 Antiq.
3199 3407 3441 3480 graecar.)
3482 3407 3646 3463 servis
3682 3402 3814 3459 ancilo

2260 3499 2433 3571 lisque
2461 3498 2708 3564 vetitum,
2743 3514 2810 3553 ne
2851 3496 2920 3553 ad
2964 3497 3391 3568 thesmOphoria,
3417 3498 3630 3556 Cereris
3649 3498 3816 3553 scilicet

2261 3607 2412 3648 sacra
2452 3592 2808 3657 accederent,
2841 3598 3001 3662 atque
3039 3591 3092 3646 in
3125 3593 3397 3664 opinionis
3428 3608 3541 3649 suat
3569 3590 3815 3648 conﬁrma-

2259 3688 2463 3743 tionem
2508 3686 2605 3743 hos
2635 3685 3030 3757 Aristophanis,
3057 3687 3203 3747 nullo
3228 3698 3405 3744 tamen
3437 3687 3665 3745 indicato
3689 3687 3814 3750 loco,

2261 3781 2394 3839 citat
2423 3795 2615 3843 versus
2645 3798 2658 3835 :

2603 3935 2612 3946 .
2647 3936 2658 3947 .
2692 3934 2702 3945 .
2736 3908 2781 3946 Σὺ
2803 3904 2839 3947 δ’
2869 3903 2955 3947 ἄνειο
3022 3910 3160 3959 Θρᾶττ⁵
3181 3910 3219 3947 iit
3241 3905 3377 3956 ποδῶν,

2600 3970 2747 4017 metu;
2770 3970 2839 4022 γὰρ
2863 3972 2928 4009 aint
2950 3971 3066 4015 ἱξιστ⁸
3090 3972 3233 4011 habent
3255 3972 3468 4023 τῶνλιόγων.

2422 4103 2432 4114 .
2535 4104 2546 4115 .
2649 4103 2661 4117 .
2759 4064 2832 4115 Tu
2854 4079 2973 4117 vero
2997 4066 3095 4123 abi,
3121 4080 3151 4116 ο
3168 4066 3357 4125 ancilla,
3377 4078 3406 4116 e
3431 4066 3607 4127 medio;

2417 4129 2588 4179 Servis
2613 4128 2748 4179 enim
2774 4142 2871 4180 non
2892 4129 3008 4180 licet
3023 4129 3200 4180 audire
3223 4130 3390 4181 verba.

2743 4211 3016 4276 Aristoph,
3038 4213 3277 4273 conciam,
3300 4218 3396 4263 act.
3423 4214 3542 4276 5,1»
3570 4211 3691 4273 ιω.)

2262 4319 2320 4375 lu
2369 4319 2511 4374 illius
2552 4329 2728 4375 autem
2774 4319 3075 4385 comoedia,
3118 4317 3518 4379 Concionantes
3563 4317 3810 4385 inscripta.

2264 4413 2629 4469 inveniuntur.
2679 4412 2810 4482 Quis
2859 4428 2987 4485 ergo
3039 4429 3102 4467 ex
3153 4413 3411 4468 hactenus
3460 4411 3646 4477 dictis,
3689 4407 3815 4478 plane

2263 4522 2369 4562 nou
2422 4507 2712 4578 perspiciat
2754 4522 2859 4579 quo
2898 4508 3020 4578 jure
3062 4506 3372 4562 Lactantius
3414 4506 3607 4563 dixerit
3635 4505 3811 4564 Roma,

2182 4608 2237 4669 D
2266 4611 2319 4655 et
2364 4601 2416 4655 in
2464 4600 2736 4671 plerisque
2781 4602 2903 4657 aliis
2947 4602 3168 4657 urbibus
3217 4616 3339 4657 esse
3382 4601 3625 4672 quaedam
3655 4608 3810 4657 sacra.

2261 4710 2383 4766 quae
2415 4693 2563 4751 nefas
2593 4705 2709 4751 erat
2737 4710 2764 4747 a
2795 4694 2926 4750 viris
2952 4695 3116 4765 aspici
3137 4738 3153 4763 ,
3200 4709 3263 4750 ac
3306 4694 3602 4753 sceleratos
3629 4688 3809 4751 haberi,

2259 4788 2349 4860 qui
2377 4787 2555 4843 Vestae
2575 4830 2590 4854 ,
2645 4796 2738 4845 aut
2794 4788 2953 4843 Bome
2998 4788 3142 4857 dere,
3177 4796 3269 4843 aut
3292 4786 3506 4844 Cereris
3531 4785 3690 4844 :cdetn
3711 4825 3724 4850 ,
3751 4789 3812 4835 ta-

2260 4882 2419 4939 metsi
2457 4881 2525 4936 ab
2552 4881 2684 4950 ipsis
2704 4882 2836 4938 viris
2862 4880 3173 4938 fabricatam
3202 4880 3522 4936 intraverint
3543 4879 3566 4933 ?
3586 4876 3807 4951 (Lactant.

2261 4977 2348 5032 lib.
2385 4994 2461 5033 ιιι.
2494 4976 2595 5032 div.
2632 4975 2790 5043 Inst,
2821 4993 2937 5046 cap.
2970 4977 3057 5038 10,
3085 4995 3204 5049 pag.
3230 4976 3385 5049 507.)

2335 5072 2574 5143 Denique
2609 5072 2910 5128 Minucius:
2951 5091 2970 5125 ‹
3009 5071 3127 5127 Alia
3157 5088 3343 5143 sacra,
3380 5077 3579 5149 inquit,
3626 5071 3810 5129 coronat

2259 5164 2502 5231 univira,
2549 5164 2649 5219 alia
2691 5164 2981 5221 multivira.
3023 5183 3041 5218 ι
3078 5165 3245 5223 Recte
3283 5168 3520 5238 quidem.
3548 5162 3687 5235 Apud
3707 5159 3808 5214 Ter-

2262 5257 2544 5312 tullianum
2611 5258 2755 5313 enim
2810 5258 3039 5329 legimus
3071 5276 3084 5313 :
3123 5278 3143 5311 ‹
3182 5258 3435 5316 Fortunae
3474 5256 3699 5315 Muliebri
3736 5265 3807 5305 co-

2259 5366 2445 5405 ronam
2493 5365 2599 5406 non
2652 5352 2877 5422 impOnit
2927 5351 3029 5407 nisi
3078 5354 3321 5421 univira,
3370 5356 3508 5410 sicut
3548 5365 3641 5408 nec
3680 5341 3804 5402 matri

2259 5442 2508 5512 Matutae,
2541 5463 2560 5497 ι
2596 5443 2649 5499 id
2695 5455 2811 5512 est,
2861 5442 2958 5501 Ino
3009 5444 3133 5501 lilia:
3162 5446 3388 5512 Cadmi,
3432 5456 3486 5504 et
3513 5434 3804 5501 Athamantis

2260 5539 2451 5606 uxori,
2502 5554 2659 5608 quam
2688 5538 2858 5595 Graeci
2886 5544 3154 5594 Λευκοθέαν
3184 5540 3464 5596 vocabant.
3499 5533 3798 5612 (Tertullian-

2257 5630 2343 5685 lib.
2364 5630 2427 5684 de
2455 5630 2694 5701 Monog.,
2719 5649 2832 5701 cap.
2865 5632 2985 5697 ult.,
3013 5650 3136 5704 pag.
3168 5630 3321 5704 688.)
3346 5634 3603 5702 Scriptum
3628 5634 3802 5698 quoque

2256 5740 2286 5777 a
2323 5725 2575 5796 Dionysio
2601 5725 3012 5781 Halicarnasseo
3043 5727 3269 5797 legimus
3312 5723 3548 5796 ejusdem
3578 5712 3800 5777 Muliebris

2258 5816 2514 5889 Fortuna:
2539 5817 2886 5874 simulacrum
2920 5835 3026 5875 non
3064 5819 3314 5876 coronari
3342 5818 3477 5876 vela
3509 5816 3585 5873 bis
3626 5808 3798 5880 ιιυιιιὲει
