4038 6308
279 287 384 351 (iiii

1709 278 2184 349 DISSERTATIO.

3477 287 3581 354 616

278 413 360 464 vel
391 425 418 464 a
451 408 659 477 viduis,
687 408 781 466 sed
807 407 952 466 hunc
985 407 1250 465 honorem
1299 406 1429 464 solis
1477 419 1668 464 recens
1699 409 1879 478 nuplis
1906 413 1956 472 Α
1984 407 2110 460 titur
2137 413 2445 470 auctorem,
2477 404 2604 476 quid
2646 405 2924 477 gentilium
2957 408 3346 482 scripturarum
3379 413 3583 470 dimisit

279 504 498 560 deferri.
557 505 782 559 Servius
830 519 1042 574 quoque
1091 505 1340 558 observat
1389 501 1679 556 Fortunam
1731 501 1874 555 illam

278 597 592 652 Muliebrem
619 639 634 664 ,
679 613 772 650 seu
823 597 942 666 ejus
986 597 1370 660 simulacrum,
1421 608 1526 648 non
1569 596 1814 648 coronari
1846 609 1878 648 a

281 690 364 744 bis
433 691 614 760 nuptis
661 689 975 744 mulieribus
1041 687 1304 760 (Dionys.
1369 686 1601 740 Halicar.
1654 687 1742 741 lib.
1782 701 1878 741 vm

281 783 452 852 Antiq.
491 782 642 837 Rom.
678 801 797 854 pag.
830 782 959 848 526;
988 781 1134 838 Serv.
1169 782 1223 836 in
1251 783 1340 836 lib.
1377 779 1684 835 tv./Eneid.
1729 779 1872 851 Virg.

279 889 328 929 υ.
354 876 421 931 19
444 877 487 945 ).

354 967 623 1025 Caeterum
653 971 772 1041 quis
798 971 934 1026 adeo
960 970 1128 1026 hebes
1175 970 1505 1041 obtususque
1557 983 1677 1025 esse
1707 976 1881 1039 potest

281 1062 373 1132 qui
399 1079 464 1118 ex
487 1062 571 1118 his
589 1103 605 1130 ,
638 1079 757 1134 qua:
784 1064 1046 1120 hactenus
1071 1066 1414 1134 exposuimus
1437 1107 1451 1130 ,
1501 1078 1606 1118 non
1641 1064 1881 1134 protinus

283 1155 550 1224 intelligat
596 1173 756 1228 quam
787 1159 948 1224 impia
969 1200 984 1226 ,
1035 1159 1275 1214 crudelia
1305 1169 1359 1213 et
1387 1159 1618 1214 absurda
1649 1158 1880 1225 fuerint,

284 1264 436 1305 saera
454 1291 468 1316 ,
503 1252 636 1307 festa
657 1293 670 1315 ,
695 1252 988 1324 mysteria;
1019 1268 1179 1322 quam
1207 1253 1604 1323 superstitiosi,
1632 1253 1880 1320 ridiculi,

284 1342 514 1398 infames
546 1345 703 1412 ritus,
736 1345 928 1416 quibus
963 1345 1176 1402 Ethnici
1202 1347 1332 1402 deos
1369 1362 1496 1402 suos
1525 1347 1705 1403 colere
1734 1347 1882 1402 arbi-

289 1438 609 1494 trabantur?
636 1439 739 1507 Qui
768 1442 910 1496 enim
940 1442 1040 1497 nisi
1069 1443 1226 1512 plane
1256 1443 1422 1498 lictitii
1469 1442 1574 1508 dii,
1604 1453 1657 1497 et
1707 1442 1882 1496 homi-

283 1533 445 1590 nibus
470 1547 614 1590 recta
640 1536 847 1591 ratione
872 1536 1113 1606 prieditis
1139 1537 1436 1592 deteriores
1459 1579 1472 1602 ,
1505 1538 1609 1607 pati
1639 1547 1888 1606 poterant

284 1641 346 1682 se
378 1636 486 1681 tam
539 1627 704 1698 impio
755 1627 1097 1699 absurdoque
1136 1631 1278 1685 cultu
1333 1631 1623 1685 honorari?
1670 1628 1883 1684 Nullum

284 1719 466 1791 itaque
495 1735 617 1776 esse
644 1732 923 1790 putamus,
957 1723 1050 1792 qui
1084 1723 1244 1790 inde,
1279 1734 1438 1794 atque
1482 1737 1547 1778 ex
1597 1723 1882 1789 omnibus,

1982 501 2274 554 intactum?
2311 519 2328 550 ι
2363 499 2690 572 (Hieronym.
2725 501 2891 556 Calai.
2924 506 3078 574 scrip.
3111 507 3230 560 θεοί.
3268 507 3294 577 §
3323 509 3408 562 68.
3439 508 3584 563 lrlcm

1986 592 2152 662 Epist.
2187 594 2258 648 85
2311 595 2378 645 ad
2426 592 2568 665 Mog.
2627 614 2744 664 pug.
2802 596 2972 668 (65.)
3007 599 3075 652 At
3124 600 3166 652 si
3219 600 3582 672 llieronytltus

1983 693 2088 737 tam
2121 687 2294 738 solers
2320 692 2376 739 et
2431 689 2716 756 perspicax
2775 689 3034 744 librorum
3088 690 3386 762 indagator,
3443 696 3584 749 hunc

1982 791 2141 847 quem
2175 777 2375 847 legerat
2403 779 2617 846 librum,
2641 780 2855 835 Minucii
2889 799 3083 838 ιιείιιιωι
3117 785 3252 839 falso
3284 787 3586 856 prmtulisse

1983 873 2223 937 censuit,
2277 888 2381 942 qua
2436 875 2643 929 ratione
2707 877 2851 930 aliud
2902 882 2970 932 de
3021 879 3114 934 illo
3159 895 3298 944 nos,
3356 895 3583 951 quorum

1983 965 2038 1019 in
2066 979 2258 1018 manus
2284 980 2388 1019 non
2423 967 2596 1032 venit,
2625 966 2863 1024 feremus
2884 971 3188 1042 judicium?

2057 1057 2478 1113 Admirationem
2508 1075 2636 1115 vero
2661 1061 2986 1131 quibusdam
3038 1065 3085 1119 is
3131 1081 3263 1121 sane
3315 1067 3582 1133 movebit,

1985 1150 2076 1220 qui
2107 1152 2380 1205 contendit
2409 1152 2695 1208 Minucium
2729 1156 2985 1222 Felicem,
3021 1159 3254 1215 maxima
3283 1163 3585 1230 argumenti

1988 1242 2149 1312 hujus
2188 1244 2449 1299 tractandi
2491 1246 2806 1304 difficultate
2849 1250 3202 1316 deterritum,
3238 1269 3343 1308 non
3373 1255 3588 1309 stetisse

1988 1337 2305 1407 promissis,
2359 1353 2426 1393 ne
2455 1339 2654 1410 aliquid
2686 1351 2890 1396 temere
2915 1343 3139 1399 delinire
3169 1355 3474 1415 cogeretur.
3506 1346 3589 1400 Ab

1989 1427 2094 1484 hac
2120 1430 2398 1486 enimvero
2424 1431 2625 1486 insulsa
2648 1435 3010 1492 ostentatione
3037 1449 3124 1490 aut
3157 1438 3590 1495 dissimulatione

1989 1522 2153 1591 plane
2183 1523 2510 1579 abhorrebat
2544 1525 2806 1584 Minucius
2836 1539 3045 1596 noster,
3083 1531 3236 1600 cujus
3265 1531 3551 1602 singularis
3574 1574 3587 1597 ,

1989 1618 2067 1671 uti
2097 1618 2360 1685 vidimus,
2391 1620 2654 1676 modestia
2673 1664 2689 1689 ,
2720 1623 3033 1695 candorque
3058 1625 3224 1682 animi
3264 1636 3374 1682 toto
3400 1627 3453 1682 in
3493 1626 3593 1683 Oc-

1993 1712 2116 1767 tavii
2150 1713 2285 1768 libro
2316 1715 2534 1770 emicat.

287 1822 398 1870 tota
429 1812 528 1868 bac
557 1815 610 1868 in
639 1813 1025 1871 dissertatione
1047 1815 1336 1886 disputatis
1361 1859 1376 1882 ,
1407 1817 1751 1886 apertissime
1779 1831 1885 1870 non

2065 1804 2168 1859 Alii
2208 1815 2387 1861 autem
2415 1808 2706 1877 Opinatitur
2734 1809 2912 1866 citatis
2933 1811 3052 1878 ejus
3083 1809 3259 1866 verbis
3296 1809 3428 1865 nihil
3473 1826 3593 1878 pro-

285 1907 467 1962 videat
491 1923 652 1978 quam
682 1921 832 1964 certo
868 1919 922 1964 et
948 1908 1226 1966 evidenter
1256 1910 1516 1966 Minucius
1543 1910 1886 1966 demonstra-

289 2003 430 2056 verit
459 2003 704 2057 nuntium
732 2002 817 2058 lus
849 2004 1096 2059 nefandis
1124 2005 1314 2060 ritibus
1335 2047 1350 2071 ,
1383 2007 1584 2075 totique
1604 2004 1884 2075 gentilium

287 2094 537 2165 religioni
575 2111 694 2152 esse
722 2098 1104 2154 remittendum
1125 2139 1142 2164 ,
1191 2114 1254 2154 ac
1281 2099 1630 2154 ehristianam
1657 2099 1890 2169 Religio-

290 2204 449 2253 nem,
503 2205 623 2259 qute
675 2190 804 2244 nihil
861 2191 964 2246 nisi
1020 2203 1266 2260 rectum,
1323 2193 1503 2262 pium,
1547 2205 1601 2248 et
1643 2204 1887 2248 sanctum

287 2280 482 2346 docet,
528 2282 596 2337 ab
639 2283 892 2342 omnibus
927 2285 1328 2356 suscipiendam
1378 2299 1500 2342 esse
1547 2293 1602 2339 et
1651 2286 1889 2357 amplec-

287 2372 528 2428 tendam.

855 2511 1085 2570 CAPUT
1127 2512 1313 2570 XXIII.

287 2642 364 2683 DE
399 2642 612 2692 ρυοωιι
643 2643 816 2694 ιιιιιιο,
842 2643 984 2693 QUEM
1022 2643 1265 2685 MINUCIDS
1294 2645 1354 2684 SE
1395 2643 1728 2685 SCRIPTURUM
1760 2643 1889 2684 PRO-

361 2734 564 2776 IIISISSE
592 2735 846 2787 VIDETUR,
881 2737 946 2777 AC
986 2737 1055 2776 DE
1090 2737 1380 2785 QUIBUSDAII
1430 2738 1577 2777 ιθωε
1620 2737 1888 2786 ουεουιιιε,

365 2829 761 2880 κοΝΝυιιιιιδρυε
805 2830 1176 2871 SCRIPTORIBUS
1217 2831 1282 2870 ΕΤ
1319 2831 1510 2874 ΑΤΗΕΒ
1550 2831 1614 2870 ΑΒ
1642 2831 1759 2872 ILLO
1787 2832 1890 2871 ME-

298 2883 344 2906 ιι-

363 2921 613 2964 IOIATIS.

817 3064 1114 3104 ABTICULUS
1151 3063 1361 3105 Ρῐιιιιυε.

289 3162 483 3220 Utrum
529 3163 789 3222 Minucius
823 3166 1082 3236 scripserit
1111 3165 1298 3226 librum
1337 3165 1399 3222 de
1441 3164 1606 3231 Fato,
1651 3175 1739 3221 aut
1776 3182 1889 3220 eum

363 3274 419 3313 se
447 3259 698 3312 editurum
723 3260 1058 3329 promiserit?
1096 3270 1140 3315 et
1170 3260 1387 3316 obscura
1436 3261 1672 3331 quietiam
1721 3263 1889 3329 arplio

364 3361 545 3407 cantur
576 3352 791 3408 Minucii
824 3354 934 3408 loca
957 3395 970 3419 ,
1024 3355 1105 3408 ubi
1136 3354 1199 3410 de
1227 3356 1440 3410 asininis
1493 3356 1562 3409 ad
1605 3355 1750 3410 Ostia
1796 3357 1889 3410 Ti-

366 3446 539 3502 berina
565 3449 816 3512 lavacris,
855 3450 917 3502 de
944 3451 1083 3520 feriis
1113 3451 1398 3521 forensibus
1437 3459 1484 3505 et
1524 3456 1893 3517 antumm’tate;

364 3543 491 3613 quid
531 3545 788 3598 substrata
837 3545 1049 3599 navibus
1100 3544 1312 3608 robora,
1361 3546 1474 3614 quis
1528 3546 1737 3614 puerilis
1791 3559 1889 3600 tes-

371 3649 542 3694 tarum
619 3641 672 3694 in
737 3657 878 3695 utare
932 3641 1338 3712 jaculalionibus
1406 3641 1594 3705 ludus,
1655 3643 1758 3696 sive
1803 3659 1894 3712 ep-

371 3734 732 3797 ostracismus;
796 3735 922 3801 quid
979 3736 1112 3789 soles
1170 3735 1262 3789 alii
1319 3744 1469 3804 atque
1527 3735 1650 3798 alii,
1706 3752 1766 3790 ac
1834 3736 1897 3789 de

371 3826 598 3892 nebulis,
663 3826 908 3893 nubibus,
984 3827 1227 3898 fulgure,
1297 3826 1541 3897 fulmine,
1613 3837 1658 3880 et
1735 3826 1896 3882 [suam

373 3917 644 3972 laboribus.

372 4052 660 4108 Gentilium
715 4055 781 4110 de
827 4055 935 4110 fato
984 4071 1228 4112 errorem
1281 4057 1368 4111 ubi
1401 4056 1573 4127 rejicit
1601 4056 1890 4121 Minucius,

293 4143 373 4200 ibi
392 4143 458 4199 de
482 4144 570 4199 illo
587 4161 647 4201 se
663 4147 949 4217 aliquando
976 4147 1143 4202 fusius
1167 4149 1557 4220 disputaturum
1581 4150 1896 4220 pollicetur?

303 4257 325 4289 s
370 4239 445 4292 Ac
467 4238 533 4293 de
559 4237 687 4305 fato,
723 4241 925 4307 inquit,
951 4243 1110 4305 satis,
1142 4242 1222 4297 vel
1248 4244 1289 4297 si
1317 4257 1478 4312 pauca
1505 4258 1604 4314 pro
1633 4255 1892 4313 tempore,

294 4330 620 4400 disputaturi
686 4333 817 4387 alias
871 4345 923 4388 et
974 4335 1192 4390 uberius
1247 4346 1300 4391 et
1353 4337 1582 4406 plenius.
1639 4359 1656 4390 ι
1705 4337 1896 4394 Utrum

297 4434 482 4479 autctn
515 4425 673 4481 fidem
709 4429 1017 4484 liberaverit
1047 4445 1230 4496 suam,
1263 4430 1407 4486 dictu
1453 4449 1558 4488 non
1608 4432 1758 4489 facile
1796 4445 1895 4491 est.

295 4516 523 4572 Fatetur
575 4519 838 4591 siquidem
891 4521 1248 4594 Hieronymus
1298 4525 1564 4596 publicam
1626 4528 1678 4582 in
1727 4528 1898 4583 lucem

1995 1900 2255 1964 missum,
2305 1900 2400 1956 sed
2432 1917 2728 1970 suSpensos
2777 1915 2981 1960 tantum
3024 1905 3242 1960 retineri
3289 1904 3592 1960 auditorum

1993 1993 2222 2048 animos.
2278 1992 2410 2048 Nam
2443 1993 2709 2052 Minucius
2761 1995 2905 2052 haud
2954 1997 3112 2066 plane
3155 1997 3384 2054 absimili
3436 1997 3595 2051 modo

1993 2084 2252 2141 dixerat:
2290 2105 2306 2138 ι
2367 2088 2528 2144 Multa
2579 2090 2643 2145 ad
2700 2091 2815 2146 hare
2878 2102 3198 2162 suppetunt,
3265 2094 3318 2149 ni
3383 2093 3598 2149 festinet

1993 2180 2185 2234 oratio.
2229 2199 2247 2231 ι
2281 2182 2412 2248 Quae
2438 2183 2582 2236 enim
2609 2223 2621 2246 ,
2674 2183 2950 2254 inquiunt,
2982 2186 3132 2254 plura
3157 2185 3420 2240 Minucius
3449 2202 3556 2240 uno
3577 2228 3592 2254 ,

1993 2287 2154 2341 quam
2180 2273 2286 2326 alio
2314 2273 2436 2328 loco
2467 2276 2752 2345 promisit?
2785 2276 2890 2331 Sed
2931 2275 3272 2332 dissimulare
3313 2294 3419 2333 non
3469 2292 3594 2347 pos-

1993 2381 2182 2421 sumus
2215 2368 2636 2436 promissionem
2672 2368 2939 2438 prioribus
2967 2369 3143 2439 potius
3164 2411 3178 2437 ,
3225 2385 3383 2439 quam
3414 2381 3594 2440 peste-

1995 2461 2226 2517 rioribus
2254 2463 2435 2518 verbis
2461 2464 2713 2532 exprimi.
2745 2464 2822 2519 De
2852 2464 2952 2518 hoc
2976 2479 3138 2534 porro
3169 2464 3282 2519 sive
3307 2477 3594 2534 numquam

1994 2553 2162 2618 edito,
2190 2554 2306 2610 sive
2326 2555 2438 2624 jam
2469 2571 2497 2608 a
2526 2557 2685 2626 longo
2717 2567 2958 2626 tempore
2977 2556 3256 2626 deperdito
3277 2571 3440 2626 opere
3465 2555 3595 2610 nihil

1993 2647 2150 2701 nobis
2179 2647 2413 2716 amplius
2437 2650 2720 2704 succurrit.

2069 2740 2147 2794 Ad
2180 2756 2242 2795 ea
2271 2739 2450 2810 itaque
2474 2742 2748 2796 veniamus
2777 2742 2990 2796 Minucii
3023 2743 3210 2808 verba,
3248 2758 3365 2812 qua:
3394 2743 3592 2798 obscu-

1994 2834 2169 2889 ritatis
2197 2831 2398 2905 aliquid
2430 2835 2625 2890 habere
2655 2836 2921 2891 videntur.
2949 2836 3090 2892 Libri
3121 2844 3298 2892 autem
3329 2835 3410 2892 sui
3444 2837 3596 2893 initio

1996 2925 2276 2981 Octavium
2333 2927 2568 2996 appellat
2632 2929 3006 2984 fidelissimum
3065 2944 3221 2984 suum
3281 2930 3598 2985 conturber-

1996 3018 2206 3084 nalem,
2249 3020 2376 3089 quia
2418 3019 2558 3086 apud
2597 3035 2686 3086 se,
2736 3036 2857 3075 cum
2906 3020 3132 3080 Romam
3183 3021 3465 3086 veniebat,
3518 3022 3600 3076 di-

1997 3112 2337 3179 versabutur,
2370 3123 2593 3184 eratque
2645 3113 2762 3183 ejus
2807 3114 3023 3185 hospes.
3055 3114 3188 3170 Cum
3231 3129 3297 3170 eo
3327 3125 3503 3172 autem
3535 3133 3599 3172 ac

1917 3221 1961 3284 ρ
1995 3203 2217 3259 Caecilio
2246 3207 2482 3260 marinas
2528 3205 2594 3260 ad
2619 3205 2766 3261 Ostia
2797 3207 3048 3261 Tiberina
3097 3208 3316 3263 balneas
3367 3224 3426 3264 se
3467 3210 3602 3278 peti-

2000 3299 2142 3353 visse
2172 3307 2414 3353 testatur.
2450 3301 2518 3355 At
2546 3311 2730 3370 postea
2756 3299 3084 3371 Augustinus
3112 3300 3180 3354 ibi
3212 3300 3371 3365 lavit,
3409 3301 3594 3371 (quia)

1997 3391 2171 3447 Grtnci
2202 3401 2480 3464 βαλανειον,
2517 3395 2721 3463 inquit,
2757 3393 3060 3459 «dixerint,
3103 3393 3248 3464 quod
3277 3394 3600 3448 anxietatem

1998 3485 2198 3554 pellat,
2241 3505 2258 3537 ›
2291 3485 2554 3542 Minucius
2579 3501 2711 3543 vero
2744 3485 2906 3541 tradit
2935 3501 3032 3542 eas
3055 3487 3327 3541 siccandis
3357 3487 3603 3557 corporis

1998 3576 2318 3632 humoribus
2342 3594 2446 3634 non
2483 3595 2668 3649 parum
2695 3594 2818 3634 esse
2865 3579 3026 3634 utiles
3057 3577 3078 3648 (
3099 3577 3366 3650 Augustin.
3397 3579 3484 3633 lib.
3523 3595 3598 3635 is.

2000 3668 2231 3737 Confess.
2264 3688 2379 3740 cap.
2419 3671 2530 3743 l8).
2560 3672 2748 3727 Nonne
2773 3683 2953 3727 autem
2998 3673 3100 3726 hoc
3143 3671 3450 3727 conﬁrmari
3479 3671 3604 3727 inde

2000 3773 2213 3832 potest,
2267 3764 2408 3832 quod
2443 3765 2735 3820 Suetonius
2785 3766 3060 3820 memoria:
3116 3765 3350 3836 prodidit
3397 3765 3465 3819 de
3491 3766 3604 3819 Au-

1997 3864 2158 3924 gusto
2198 3855 2573 3926 lmperatore:
2612 3875 2631 3908 ‹
2669 3859 2892 3926 Quoties
2939 3872 3228 3914 nervorum
3267 3873 3429 3914 causa
3486 3874 3604 3911 ma-

2000 3950 2130 4003 rinis
2164 3950 2479 4021 Albulisque
2509 3951 2699 4008 calidis
2720 3954 2979 4008 utendum
3001 3962 3166 4021 esset,
3193 3951 3298 4009 hoc
3320 3960 3605 4008 contentus

1999 4050 2156 4096 erat:
2179 4042 2420 4114 (Suetoa.
2443 4044 2533 4098 lib.
2553 4049 2584 4098 ti
2606 4045 2866 4117 Διφίλης
2896 4044 3021 4115 82).
3055 4047 3126 4100 At
3154 4045 3198 4100 si
3231 4045 3380 4101 nervi
3411 4045 3605 4112 laxati,

2000 4145 2056 4191 et
2081 4137 2394 4193 humoribus
2432 4139 2772 4196 remissiores
2802 4139 2920 4195 facti
2946 4182 2960 4205 ,
2987 4142 3142 4211 aquis
3181 4142 3400 4196 marinis
3429 4143 3604 4197 curari

2003 4238 2264 4299 possunt,
2297 4247 2475 4286 nonne
2502 4231 2604 4286 dici
2635 4233 2794 4286 etiam
2822 4242 2997 4302 potest
3027 4233 3341 4298 Minucium,
3374 4233 3599 4304 ejusque

2001 4323 2177 4376 socios
2230 4325 2478 4378 eamdem
2531 4324 2603 4378 ob
2646 4339 2860 4379 causam
2914 4339 3041 4380 usos
3061 4340 3192 4380 esse
3223 4325 3602 4382 Ostiensibus?

2003 4414 2086 4469 De
2111 4415 2312 4470 balneis
2360 4432 2522 4484 porro
2571 4416 2737 4472 libros
2789 4417 3048 4473 habemus
3073 4433 3106 4472 a
3153 4418 3375 4475 medicis
3420 4432 3608 4474 recens

2001 4509 2179 4566 editos
2199 4551 2212 4575 ,
2240 4526 2374 4581 quos
2396 4512 2678 4570 consulere
2699 4513 2868 4568 cuivis
2901 4523 3204 4584 proruptum
3228 4522 3331 4569 est.

297 4611 571 4681 prodiisse
613 4613 928 4685 inscriptum
980 4615 1262 4686 ipsiusmet
1305 4617 1517 4673 Minucii
1570 4621 1786 4676 nomine
1833 4623 1900 4678 de
1925 4622 1978 4685 D
2077 4603 2334 4658 L‘W‘m'm
2366 4615 2548 4660 amem
2574 4606 2836 4660 Μίηυθίυδ
2866 4606 2994 4662 “illo
3023 4608 3153 4673 δίκην
3187 4627 3204 4660 ⁴
3230 4621 3339 4679 quo
3365 4618 3610 4679 tempore

301 4703 442 4760 Fato
470 4707 664 4762 librum
691 4749 706 4773 ,
741 4724 836 4764 seu
865 4709 1155 4780 dialogum,
1186 4711 1278 4765 sed
1308 4713 1399 4782 qui
1427 4712 1494 4766 ab
1519 4711 1726 4768 Octavii
1757 4716 1899 4786 stylo

300 4798 614 4869 discrepare
663 4801 768 4856 sibi
812 4802 1110 4858 videbatur.
1162 4803 1291 4871 Quis
1349 4805 1510 4874 igitur
1557 4807 1702 4861 hunc
1745 4822 1898 4873 esse,

299 4907 464 4961 quem
514 4908 573 4948 se
617 4895 942 4965 scripturum
991 4904 1182 4952 auctor
1243 4908 1430 4953 noster
1484 4901 1723 4968 polliceri
1759 4902 1905 4957 visus

301 4995 421 5052 est,
450 5001 694 5046 asserere
723 4988 984 5044 audebit?
1012 4991 1078 5046 Et
1105 4989 1156 5045 id
1183 4990 1398 5061 quidem
1443 5001 1499 5046 ut
1540 4994 1747 5062 planius
1778 4996 1902 5060 fiat,

302 5078 603 5134 audiendus
633 5091 714 5134 est
739 5081 1093 5151 Hieronymus
1126 5101 1139 5137 :
1178 5100 1196 5133 ι
1237 5082 1422 5148 Alius,
1452 5084 1558 5150 ait,
1613 5085 1748 5141 liber
1793 5089 1907 5143 sive

305 5171 488 5241 potius
516 5171 792 5243 dialogus,
825 5175 926 5230 sub
954 5175 1170 5229 nomine
1197 5175 1314 5244 ejus
1345 5176 1512 5230 fertur
1538 5175 1606 5232 de
1633 5177 1786 5245 Fato,
1823 5181 1906 5234 vel

305 5275 496 5319 contra
525 5265 962 5330 Mathematicos,
1017 5269 1107 5339 qui
1161 5283 1280 5324 cum
1334 5268 1403 5322 sit
1456 5277 1508 5322 et
1566 5272 1679 5341 ipse
1721 5272 1909 5328 diserti

307 5356 579 5426 hominis,
636 5377 741 5415 non
799 5362 928 5416 mihi
961 5363 1172 5418 videtur
1199 5383 1317 5420 cum
1350 5368 1645 5436 superioris
1693 5366 1845 5430 libri,
1887 5384 1906 5417 ι

306 5450 515 5508 Octavii
543 5455 786 5520 scilicet,
821 5472 840 5506 ι
879 5456 1018 5526 ston
1041 5459 1355 5514 convenire.
1394 5479 1412 5511 ι
1449 5459 1632 5530 Neque
1661 5459 1710 5514 id
1742 5458 1912 5514 semel

309 5547 513 5608 dixisse
537 5556 820 5603 contentus
845 5589 860 5614 ,
893 5548 958 5604 ad
988 5548 1234 5620 Magnum
1267 5553 1381 5606 huic
1407 5567 1598 5607 rursus
1626 5553 1691 5607 de
1721 5552 1911 5607 eodem

311 5641 451 5698 libro
481 5643 698 5712 scripsit
727 5659 738 5694 :
779 5660 798 5693 s
837 5642 1100 5698 Minucius
1133 5644 1279 5699 Felix
1301 5685 1316 5710 ,
1351 5646 1657 5702 causidicus
1687 5647 1914 5700 ltomani

313 5737 416 5796 fori
441 5778 456 5801 ,
491 5737 544 5791 in
578 5735 716 5792 libro
742 5735 828 5790 cui
879 5737 1061 5792 titulus
1091 5739 1346 5794 Octavius
1389 5749 1503 5805 est,
1553 5751 1606 5797 et
1645 5743 1698 5794 in
1742 5741 1915 5796 altero

316 5840 503 5887 contra
535 5829 966 5896 Mathematicus,
997 5832 1042 5887 si
1073 5840 1250 5889 tamen
1293 5835 1573 5908 inscriptio
1618 5849 1725 5892 non
1774 5850 1917 5892 men-

2005 4695 2073 4750 ad
2102 4695 2431 4752 vindemiam
2454 4737 2472 4764 ,
2507 4698 2708 4768 inquit,
2760 4698 2910 4754 ferite
2932 4701 3271 4770 jndiciariam
3303 4717 3486 4756 curam
3517 4717 3608 4757 re-

2003 4787 2339 4843 laxaverant.
2368 4788 2502 4843 Νίκη
2527 4797 2582 4844 et
2611 4790 2660 4845 id
2704 4791 2962 4861 temporis
3013 4804 3133 4861 post
3175 4793 3414 4848 aestivam
3464 4793 3608 4850 diem

2008 4881 2060 4935 in
2107 4883 2426 4952 temperiem
2473 4894 2643 4937 semet
2686 4886 3016 4940 autumnitas
3044 4886 3327 4957 dirigebat.
3367 4905 3387 4939 ι
3426 4885 3501 4942 De
3529 4887 3611 4943 his

2010 4974 2316 5031 forensibus
2347 4976 2496 5031 feriis
2525 4975 2640 5031 haec
2669 4978 2812 5032 canit
2839 4977 3042 5033 Statius
3069 4997 3082 5032 :

2105 5089 2253 5155 Qerte
2268 5092 2364 5151 jam
2389 5089 2522 5141 iatl'aa
2545 5103 2640 5141 non
2665 5094 2873 5142 miscent
2892 5092 3056 5155 jurgia
3075 5094 3238 5155 leges,

2104 5152 2167 5220 Et.
2190 5166 2358 5220 pacem
2382 5155 2526 5220 piger
2552 5152 2907 5220 annushabet,
2928 5152 3458 5220 tneSSeSLiue'reversaa

2105 5168 2167 5201 LI.
2190 5168 2358 5216 pacem
2377 5168 2526 5263 piger
2552 5169 2709 5204 annus
2729 5168 2899 5215 habet,
2928 5171 3217 5220 messesque
3241 5171 3304 5208 re

2105 5214 2354 5280 l_)_imiscre
2397 5228 2554 5275 orum,
2585 5231 2686 5280 nec
2704 5217 2804 5280 jam
2830 5221 2920 5268 tibi
2948 5221 3087 5268 turba
3105 5233 3304 5270 reorum

2109 5278 2390 5334 Vestibulo,
2418 5278 2718 5341 querulique
2745 5291 2919 5342 rogant
2945 5283 3087 5331 exire
3112 5281 3338 5333 clientes.

2261 5361 2431 5424 (Stat.,
2452 5362 2484 5410 l.
2510 5376 2575 5422 tv,
2590 5360 2788 5428 Sylaar.
2810 5365 3119 5426 adMarcel.',
3141 5369 3193 5415 ὐ.
3211 5368 3276 5416 36
3296 5374 3342 5418 et
3361 5373 3514 5434 seqq.)

2088 5467 2216 5524 Post
2295 5467 2410 5523 haec
2463 5467 2874 5526 Valentinianus
2931 5471 3122 5528 Junior
3177 5486 3230 5529 et
3279 5473 3617 5532 TheodOSius

2019 5560 2237 5630 Magnus
2267 5562 2524 5618 harumce
2569 5562 2823 5618 feriarum
2853 5566 3081 5633 spatium
3105 5567 3316 5622 duobus
3341 5571 3617 5626 mensibus

2017 5653 2385 5708 circumscribi
2426 5655 2745 5722 voluerunt,
2771 5656 2919 5711 ..data
2969 5673 3114 5712 anno
3155 5659 3264 5715 389
3309 5660 3406 5715 hac
3459 5662 3616 5732 lege:

2027 5766 2044 5798 ε
2083 5748 2206 5802 lllos
2238 5759 2440 5802 tantum
2490 5749 2743 5804 feriarum
2801 5749 2916 5805 di‘es
2947 5752 3024 5806 las
3051 5753 3184 5817 erit,
3219 5767 3353 5822 quos
3393 5753 3620 5822 geminis

2023 5839 2298 5897 mensibus
2351 5841 2415 5894 ad
2495 5841 2731 5911 requiem
2786 5841 2988 5898 laboris
3038 5842 3399 5917 indulgentior
3449 5859 3620 5902 annus
