4038 6308
522 262 627 321 647

1770 252 1858 309 DE
1896 248 2153 310 MINUCII
2190 248 2489 308 OCTAVIO

3696 253 3784 311 6I8

521 377 727 448 accepit
755 376 956 432 :cstivis
987 372 1284 431 fervoribus
1312 367 1620 442 mitigandis
1648 375 1703 426 et
1726 367 1966 424 autumni
2016 366 2116 422 foe.
2142 369 2189 429 Α
2219 381 2282 421 ac
2315 384 2334 415 ι
2372 362 2713 434 congregatis
2738 360 2942 434 ignium
2988 360 3285 418 seminibus
3311 360 3469 419 Soles
3496 362 3624 420 alios
3651 375 3785 434 atque

522 472 666 526 tibus
714 469 1087 541 decerpendis.
1123 485 1142 519 ι
1179 465 1343 533 Vide,
1392 465 1435 519 si
1479 463 1648 527 velis,
1697 459 2015 517 Gotltofredi
2062 459 2114 513 in

519 562 660 618 hanc
684 562 857 633 legem
886 577 948 617 ac
969 558 1260 631 Tiraquelli
1293 558 1347 613 in
1377 554 1669 611 Alexandri
1698 555 1861 608 libros
1887 559 2115 606 annota-

518 656 725 724 tiones,
756 665 812 712 et
844 656 1071 710 aliorum
1102 655 1154 709 in
1182 653 1219 707 Ι.
1258 653 1285 708 1
1317 651 1372 707 ιι.
1403 651 1472 706 de
1495 650 1686 706 Feriis.
1714 646 1981 705 Czrterum
2014 660 2115 700 no-

518 752 695 816 Inine,
733 769 752 801 ι
790 750 1148 815 autumnitas,
1195 766 1215 798 ι
1266 760 1370 802 non
1417 745 1564 800 solus
1610 742 1870 798 Minucius
1899 748 2113 805 noster,

517 842 613 900 sed
641 840 774 899 Cato
802 844 963 898 etiam
1013 854 1070 899 et
1118 839 1389 899 Arnobius
1437 844 1655 892 utuntur
1684 834 1837 907 (Cod.
1857 831 2115 897 (haedos,

519 936 657 991 titul.
706 936 769 991 de
817 933 1007 1006 Feriis,
1037 936 1137 1004 leg.
1160 935 1216 1001 2,
1251 944 1374 989 tom.
1400 948 1440 996 ι,
1465 948 1517 1001 p.
1551 929 1682 992 ﬁt;
1725 928 1901 994 Alex"
1942 925 2030 980 lib.
2061 939 2117 979 ιιι

520 1024 723 1082 Genial.
754 1024 923 1091 Dicin,
947 1026 1175 1098 cap.20;
1204 1024 1344 1088 ϐαίη
1364 1022 1532 1078 lib.de
1560 1021 1634 1075 Re
1662 1018 1837 1084 Rush,
1864 1033 1983 1086 cap.
2005 1016 2038 1071 5
2063 1023 2119 1071 et

515 1118 668 1189 158).
699 1119 938 1191 Scaliger
969 1134 1099 1175 vero
1129 1118 1321 1173 alicubi
1351 1113 1730 1172 animadvertit
1755 1111 1858 1166 hoc
1898 1110 2117 1165 nomine

512 1210 803 1282 signiﬁcari
823 1211 1053 1268 fructum
1067 1209 1453 1275 autumnalem,
1470 1222 1642 1276 eoque
1662 1201 2114 1275 probatdisticbo:
2134 1228 2138 1232 ~

638 1302 769 1366 {ape
788 1303 916 1355 hanc
940 1303 1171 1353 caducam
1215 1301 1385 1366 Liberi
1410 1298 1607 1366 mollem
1627 1297 1808 1366 dapem

638 1361 720 1414 De
737 1365 910 1416 fronde
933 1366 1143 1415 Bromia:
1166 1362 1505 1414 autuumitatis
1527 1361 1737 1409 uvidam.

687 1427 893 1491 (Scalig.
915 1435 1013 1480 not.
1035 1428 1086 1478 in
1113 1431 1265 1479 γαῖν.
1286 1424 1373 1475 lib.
1396 1440 1428 1476 v
1452 1424 1513 1474 de
1536 1421 1677 1489 Ling.
1703 1419 1841 1473 latin.
1870 1434 1919 1485 p.
1947 1421 2052 1483 79.)

592 1511 867 1569 Testatutu
898 1512 1095 1568 deinde
1122 1510 1385 1566 Minucius
1414 1507 1542 1564 facit
1570 1524 1630 1563 se
1658 1505 1728 1561 ad
1757 1505 1812 1560 id
1867 1504 1971 1560 loci
2019 1518 2116 1559 ve-

512 1614 681 1675 nisse,
713 1630 732 1663 ι
767 1609 856 1665 ubi
883 1606 1164 1663 subductas
1190 1603 1471 1669 naviculae,
1498 1601 1784 1657 substratis
1807 1598 2111 1663 roboribus,

515 1723 546 1763 ιι
577 1719 785 1763 terrena
816 1702 937 1758 labe
983 1713 1264 1770 suspensa:
1292 1696 1659 1770 quiescebant.
1700 1714 1719 1748 ι
1755 1694 1887 1763 Quae
1932 1701 2111 1748 autem

514 1797 716 1855 fuerint
768 1794 858 1850 illa
909 1792 1179 1848 substrata
1229 1790 1461 1855 robora,
1514 1788 1559 1844 si
1612 1788 1732 1857 quis
1778 1786 2109 1840 nauticarum
2140 1771 2188 1831 Β

514 1907 695 1950 rerum
729 1888 952 1944 scientia
975 1902 1160 1958 parum
1189 1884 1428 1940 imbutus
1457 1898 1487 1937 a
1512 1881 1668 1938 nobis
1702 1880 1964 1951 postulet,
1991 1891 2109 1933 res-

514 1983 871 2058 pondebimus
901 1982 1066 2037 fuisse
1095 1995 1326 2052 quercea
1349 2021 1363 2045 ,
1396 1979 1584 2049 longa,
1615 1974 1841 2031 rotunda
1860 2016 1875 2039 ,
1905 1987 1969 2029 ac
2006 1972 2109 2027 du-

514 2079 725 2137 rissima
780 2077 953 2148 ligna,
1013 2076 1126 2130 sive
1196 2085 1253 2129 ut
1303 2073 1518 2145 quidam
1582 2072 1889 2141 loquuntur,
1945 2068 2110 2122 fustes

513 2183 750 2238 teretes,
784 2170 869 2226 vel
898 2169 1077 2224 trabes
1099 2210 1114 2234 ,
1149 2168 1345 2239 quibus
1376 2181 1537 2221 naves
1578 2165 1644 2220 ad
1675 2164 1822 2219 littus
1864 2172 1957 2218 ant
1988 2178 2111 2233 por-

519 2280 632 2327 tum
662 2278 846 2324 traclze
871 2267 1225 2323 elevabantur
1250 2282 1277 2318 τι
1313 2276 1485 2328 terra,
1522 2278 1589 2318 ne
1620 2268 2024 2332 putrescerent,
2056 2268 2110 2315 ct

510 2362 703 2419 iisdem
745 2361 799 2416 in
846 2360 1067 2431 pelagus
1127 2365 1310 2429 postea
1356 2356 1770 2413 revebebantur.
1819 2353 1896 2408 Ea
1948 2366 2110 2423 porro

512 2454 701 2511 robora
731 2468 761 2508 a
786 2452 990 2509 Grmcis
1013 2493 1027 2517 ,
1056 2450 1132 2505 uti
1161 2467 1190 2505 a
1225 2449 1441 2505 Polluce
1466 2457 1520 2503 et
1545 2446 1708 2503 Suida
1740 2445 2105 2510 observatum,

510 2555 765 2620 ράλθηες,
806 2554 863 2601 et
888 2551 1179 2617 φαλλάγγες.
1228 2543 1591 2606 vocabantur,
1643 2556 1674 2595 a
1722 2539 1927 2595 Latinis
1978 2553 2109 2594 vero

509 2640 751 2713 pulvini,
784 2639 927 2694 sicut
948 2635 1186 2692 Isidorus
1217 2634 1300 2689 his
1325 2635 1505 2689 verbis
1530 2633 1851 2704 signiﬁcavit
1885 2649 1897 2685 :
1940 2651 1957 2683 ι
1992 2631 2111 2687 Pul-

510 2734 620 2788 vini
663 2742 789 2788 sunt
838 2730 1142 2794 macltinte,
1193 2730 1390 2800 quibus
1437 2742 1604 2782 naves
1650 2726 2010 2789 deducuntur,
2054 2733 2110 2781 et

507 2826 881 2883 subducuntur
913 2845 931 2878 ι
987 2825 1005 2895 (
1037 2823 1173 2879 Poll.
1206 2823 1471 2877 Onomast.
1507 2822 1594 2875 lib.
1615 2835 1712 2888 vu,
1743 2835 1856 2892 cap.
1882 2819 1973 2883 '53,
2002 2818 2105 2891 §9,

507 2938 626 2994 pag.
655 2921 784 2988 571,
816 2929 864 2974 et
892 2919 979 2974 lib.
1012 2934 1073 2983 ι,
1097 2933 1212 2987 cap.
1244 2917 1335 2983 3i,
1383 2931 1500 2987 pag.
1549 2912 1681 2979 492;
1730 2912 1880 2968 Suid.
1930 2912 1999 2966 ad
2016 2918 2107 2982 φά-

506 3021 702 3086 λαγγες,
749 3011 944 3068 Isidor.
980 3009 1068 3065 lib.
1103 3024 1195 3075 xx,
1223 3025 1339 3080 cap.
1370 3005 1470 3079 2).
1502 3004 1660 3062 Unde
1711 3004 1959 3060 Horatius
2009 3018 2105 3060 ca-

506 3107 670 3165 nebat
700 3124 715 3160 :

781 3174 996 3227 Solvitur
1016 3174 1144 3226 acris
1162 3173 1337 3237 byems
1356 3177 1498 3234 grata
1510 3173 1620 3223 vice

972 3237 1122 3287 Veris
1145 3235 1380 3287 et‘favoui
1402 3250 1417 3297 ;

628 3301 949 3365 Trabuntque
988 3301 1144 3351 siccas
1169 3299 1404 3365 niacbmze
1428 3297 1622 3365 carinas

1265 3362 1483 3423 (Horat.,
1504 3361 1539 3412 ι.
1564 3374 1600 3422 ι,
1629 3360 1752 3424 Ode,
1778 3360 1851 3424 4.)

576 3449 633 3507 Si
650 3449 770 3521 quis
791 3456 969 3503 tamen
987 3447 1255 3503 substrata
1272 3445 1490 3511 robora,
1521 3444 1714 3514 quibus
1732 3458 1895 3502 naves
1920 3444 2100 3515 quies-

504 3543 717 3607 cebant,
745 3557 778 3597 a
806 3539 1069 3597 machinis
1097 3539 1289 3611 quibus
1328 3538 1695 3600 trahebantur.
1724 3536 2099 3609 distinguenda

502 3652 624 3695 esse
652 3637 802 3700 velit,
846 3635 897 3691 id
936 3634 983 3688 si
1017 3633 1108 3689 ille
1145 3633 1470 3703 probaverit,
1500 3633 1647 3689 illico
1675 3631 1952 3690 cedemus.

572 3727 656 3783 Eo
698 3741 861 3797 porro
894 3724 1000 3781 loci
1040 3724 1303 3780 Minucius
1340 3733 1498 3779 nocte
1530 3739 1653 3780 cum
1690 3723 1902 3781 duobus
1937 3722 2098 3781 sociis

496 3821 614 3879 suis
650 3820 780 3877 vidit
825 3839 846 3873 ι
888 3834 1088 3892 pueros
1126 3818 1370 3891 certatim
1413 3819 1722 3889 gestientes,
1758 3829 2013 3875 testarum
2042 3817 2095 3874 in

499 3932 650 3974 mare
678 3915 1090 3992 iaculationibus
1115 3914 1301 3971 ludere
1335 3932 1382 3968 ι.
1427 3914 1657 3970 Puerilis
1686 3914 1778 3970 ille
1807 3915 1962 3969 ludus
1987 3922 2092 3978 est,

497 4010 591 4082 qui
615 4010 685 4065 ab
714 4024 781 4066 eo
808 4024 916 4065 non
945 4008 1121 4064 minus
1146 4007 1319 4072 brevi,
1348 4023 1507 4078 quam
1532 4007 1761 4077 eleganti
1790 4007 2097 4063 narratione

497 4102 837 4161 describitur.
868 4102 916 4159 Α
965 4101 1169 4159 erecis
1197 4117 1326 4157 vero
1363 4100 1687 4172 appellatur,
1711 4105 2094 4173 ἐποστρσικισμὸς

499 4205 663 4268 atque
683 4212 714 4252 a
741 4197 803 4252 P.
831 4195 973 4252 Julio
998 4196 1217 4252 Polluce
1239 4197 1319 4251 sic
1346 4194 1643 4264 explicatur
1672 4212 1687 4248 :
1717 4199 1744 4249 ὁ
1774 4199 1825 4248 διε
1859 4199 2096 4265 ἐπιστρα-

498 4294 680 4362 κισμός.
710 4274 955 4364 ὃηρικον
971 4307 1065 4347 τῶν
1092 4299 1365 4361 palantur
1391 4296 1515 4345 κατὰ
1549 4296 1638 4343 τοῦ
1672 4292 1841 4351 ὓδατος
1860 4295 2094 4351 ituram;

496 4393 711 4458 ἀφιᾶσιν,
739 4387 1047 4455 ἀριθμοῦντες
1072 4386 1222 4439 αὐτοῦ
1242 4388 1308 4438 τὰ
1319 4392 1412 4453 πρὸ
1432 4388 1516 4439 τοῦ
1541 4385 1806 4438 turnebus
1829 4385 2095 4450 πηδήματα.

496 4487 544 4536 Iv
584 4492 644 4550 τῇ
699 4485 818 4550 ὑπὲρ
857 4488 913 4534 τὸ
965 4481 1085 4547 ὕδωρ
1134 4481 1393 4549 ἕπιδρομῇ.
1426 4482 1477 4530 εκ
1514 4482 1603 4547 γὰρ
1642 4482 1728 4533 τοῦ
1771 4483 1980 4538 πλήθους
2004 4493 2095 4532 τῶν

2220 459 2355 512 alios
2379 472 2590 527 semper
2614 454 2921 527 splendere,
2942 456 3021 511 sic
3042 456 3304 511 exhalatis
3323 468 3481 513 terra:
3506 455 3783 525 vaporibus,

2222 553 2443 608 nebulas
2469 567 2682 619 semper
2706 551 3035 619 adolescere,
3086 553 3280 624 quibus
3304 553 3545 610 densatis
3584 556 3784 608 coactis-

2222 662 2347 716 que,
2379 646 2546 700 nubes
2573 645 2734 700 altius
2770 662 3009 716 surgere,
3041 647 3229 703 iisdem
3262 646 3579 712 labentibus,
3609 646 3784 716 pluvias

2224 740 2413 806 fluere,
2444 739 2574 797 ﬂare
2605 752 2813 806 ventos,
2842 742 3132 812 grandines
3168 742 3469 812 increpare,
3502 742 3585 797 vel
3615 741 3784 796 nimbis

2222 832 2617 898 collidentibus,
2648 833 2880 889 tonitrua
2908 835 3134 905 mugire,
3186 834 3408 889 rutilare
3452 832 3669 904 fulgura,
3699 831 3784 887 ful-

2223 925 2370 980 mina
2402 926 2741 995 prmmicare.
2795 945 2814 978 ι
2846 923 3134 981 Garriebat
3181 926 3360 997 itaque
3403 925 3606 997 absque
3649 924 3785 981 ullius

2223 1021 2417 1076 divina:
2442 1020 2791 1091 providetitia:
2818 1032 2964 1075 motu
2997 1020 3113 1076 haec
3135 1023 3315 1077 omnia
3341 1019 3667 1076 naturalibus
3692 1023 3786 1076 suis

2223 1116 2402 1171 causis
2429 1115 2591 1170 efﬁci.
2612 1114 2702 1171 Sol
2722 1116 2919 1187 quippe
2938 1117 3275 1187 congregatis
3303 1116 3503 1186 ignium
3522 1116 3788 1172 seminibus

2222 1206 2454 1273 fovetur,
2482 1223 2799 1279 semperque
2824 1207 3089 1278 splendet.
3120 1208 3274 1263 Soles
3294 1216 3477 1264 autem
3501 1208 3634 1264 alios
3652 1220 3789 1279 atque

2222 1301 2359 1355 alios
2386 1300 2568 1356 dicere
2614 1300 2824 1365 maluit,
2867 1300 2991 1371 quia
3036 1300 3129 1356 Sol
3170 1303 3324 1356 novis
3357 1315 3572 1370 semper
3612 1301 3790 1371 ignium

2221 1394 2517 1449 seminibus
2558 1394 2815 1470 acceptis,
2849 1409 3020 1451 novus
3051 1393 3294 1465 alterque
3323 1395 3561 1465 quotidie
3606 1396 3793 1451 videtur

2222 1486 2452 1542 renasci.
2488 1485 2664 1541 Poetis
2701 1496 2881 1542 autem
2911 1486 3149 1541 insolens
3179 1501 3285 1542 non
3312 1496 3417 1553 est,
3441 1496 3499 1541 ut
3525 1486 3662 1542 soles
3690 1487 3792 1556 plu-

2220 1578 2319 1632 rali
2348 1592 2572 1634 numero
2594 1594 2692 1649 pro
2718 1578 2844 1634 Sole
2867 1578 3068 1634 dicant.
3100 1577 3350 1634 Omnium
3379 1578 3551 1634 instar
3573 1578 3717 1636 nobis
3734 1578 3794 1638 sit

2223 1673 2494 1746 Virgilius,
2522 1672 2612 1745 qui
2637 1674 2833 1731 cecinit
2868 1693 2881 1731 :

2317 1829 2348 1857 ._
2401 1830 2413 1841 .
2488 1828 2527 1857 ._
2659 1824 2754 1840 .-
2829 1830 2841 1840 .
2913 1791 3469 1857 .‘Saapeegolongos

2315 1853 2563 1905 Cautando
2582 1868 2790 1919 puerum
2815 1854 3017 1905 memini
3041 1853 3122 1906 uie
3144 1853 3361 1907 condere
3378 1853 3533 1908 soles.

2288 1984 2411 2041 Alio
2438 1985 2625 2043 itidem
2652 1987 2706 2042 in
2733 1986 2871 2044 libro
2907 2004 2921 2041 :

2314 2138 2348 2168 ._
2396 2139 2415 2168 _.
2654 2144 2665 2153 .
2736 2143 2748 2154 .
2818 2138 2833 2153 .
2905 2141 2915 2152 .
2983 2101 3269 2168 Glebasque
3303 2106 3535 2168 iacentes

2316 2163 2677 2218 Pulverulenta
2698 2174 2876 2232 coquat
2898 2180 3061 2223 matur
3074 2163 3263 2219 solibus
3284 2163 3443 2223 testas.

2405 2273 2627 2339 (Virgil.,
2652 2275 2780 2339 Ecl.,
2806 2291 2875 2337 ιιι,
2903 2291 2949 2329 υ.
2970 2281 3053 2341 5i,
3075 2287 3130 2331 et
3151 2278 3237 2331 lib.
3268 2296 3303 2342 ι,
3331 2280 3533 2346 Georg.,
3559 2292 3605 2341 υ,
3628 2279 3740 2342 65.)

2291 2397 2431 2454 Solis
2479 2410 2658 2456 autem
2701 2404 2918 2459 nomine
2947 2406 2991 2461 si
3021 2405 3166 2463 diem
3193 2423 3221 2461 a
3249 2405 3485 2473 Caecilio,
3519 2409 3654 2463 sient
3679 2406 3740 2462 ibi
3764 2421 3790 2461 a

2217 2490 2459 2564 Virgilio,
2509 2494 2797 2567 significari
2830 2500 2984 2566 velis,
3035 2515 3139 2556 non
3190 2503 3413 2557 multum
3456 2503 3670 2573 quidem
3715 2516 3791 2557 rc-

2214 2586 2588 2656 pugnabimus.
2639 2589 2771 2645 Nam
2818 2594 2992 2661 major
3031 2593 3113 2649 vis
3164 2594 3289 2650 inde
3326 2603 3646 2668 argumento
3688 2593 3789 2662 ejus

2211 2681 2513 2749 accederet,
2541 2684 2681 2753 quod
2716 2692 2895 2742 tamen
2936 2686 3005 2743 ab
3047 2688 3269 2744 Octavio
3302 2701 3526 2758 prorsus
3560 2701 3789 2745 eversum

2211 2786 2334 2828 esse
2354 2787 2515 2842 supra
2536 2776 2890 2832 ostendimus.

2287 2864 2362 2919 De
2408 2865 2620 2921 nebulis
2667 2884 2847 2937 porro,
2899 2869 3151 2937 nubibus,
3184 2872 3410 2944 aliisque
3451 2874 3706 2931 meteoris
3731 2874 3789 2929 ab

2211 2958 2401 3014 eodem
2430 2960 2647 3016 Caecilio
2675 2964 3008 3032 memoratis,
3039 2964 3220 3034 legere
3251 2966 3452 3033 poteris
3482 2982 3551 3021 ex
3574 2966 3788 3037 antiquis

2210 3053 2563 3124 scriptoribus
2592 3055 2961 3123 Aristotelem,
2997 3058 3290 3127 Laertium,
3323 3059 3581 3126 Plinium,
3610 3060 3787 3116 Lucre-

2126 3172 2174 3236 ρ
2210 3142 2380 3211 tium,
2421 3143 2718 3213 Senecam;
2762 3163 2831 3203 ex
2874 3150 3262 3207 recentioribus
3303 3165 3434 3207 vero
3470 3152 3784 3219 Cartesium,

2198 3235 2566 3306 Gassendum,
2593 3240 2885 3296 Antonium
2918 3242 2967 3297 le
2992 3241 3197 3311 Grand,
3231 3252 3285 3299 ct
3308 3242 3463 3311 alios,
3508 3244 3598 3316 qui
3630 3244 3695 3300 de
3715 3242 3787 3299 bis

2204 3332 2327 3388 data
2368 3349 2531 3405 opera
2575 3335 2986 3407 disputaverunt
3038 3337 3299 3411 (Aristot.
3351 3339 3445 3396 lib.
3497 3356 3535 3395 ι.
3589 3340 3783 3394 Meteon

2203 3440 2325 3497 cap.
2359 3427 2414 3482 4.
2445 3436 2500 3483 et
2528 3442 2680 3501 seqq.
2706 3445 2721 3496 ;
2748 3429 2929 3487 Laert.
2980 3431 3075 3486 lib.
3116 3447 3176 3487 ι.
3211 3430 3240 3504 §
3282 3431 3388 3499 99;
3425 3432 3568 3487 Plin.
3614 3432 3701 3489 lib.
3732 3448 3781 3487 ιι.

2205 3517 2344 3574 Hist.
2376 3517 2568 3576 Natur.
2600 3536 2719 3592 cap.
2743 3522 2834 3577 42.
2864 3533 2919 3579 et
2952 3538 3095 3594 seq.;
3127 3525 3341 3581 Lucret.
3375 3525 3470 3581 lib.
3501 3542 3576 3593 vr;
3604 3526 3780 3582 Senec.

2204 3611 2298 3668 lib.
2318 3628 2376 3668 ιι.
2408 3614 2533 3667 Nat.
2557 3614 2753 3683 Quam.
2783 3631 2902 3688 cap.
2927 3618 3015 3674 12.
3036 3626 3091 3674 et
3106 3635 3291 3691 seqq.;
3313 3620 3461 3676 Cart.
3489 3623 3583 3677 lib.
3611 3620 3782 3677 delle-

2202 3698 2362 3776 teor.;
2387 3708 2545 3766 Gass.
2577 3710 2800 3784 Syntag.
2824 3714 2941 3769 uiue
2964 3712 3119 3785 Epic.
3151 3724 3255 3771 art.
3285 3714 3395 3790 2,5
3425 3716 3482 3785 4,
3516 3732 3636 3788 cap.
3665 3718 3716 3774 9.
3736 3725 3785 3774 et

2201 3803 2405 3876 seqq.)-

2277 3898 2531 3956 Octavius
2548 3910 2731 3973 postea
2758 3903 2951 3961 asserit
2972 3904 3204 3961 divinam
3234 3905 3625 3977 providentiam
3652 3909 3701 3963 in
3728 3922 3783 3963 eo

2201 3994 2455 4061 emicare,
2488 3996 2631 4067 quod
2662 3997 2787 4052 luna
2820 4016 2839 4049 ι
2877 4014 3116 4055 mensem
3166 4014 3347 4065 auctu,
3391 4002 3568 4070 senio,
3617 4001 3783 4057 labore

2199 4088 2542 4159 circumagat.
2580 4108 2600 4142 ι
2632 4088 2818 4146 Varios
2841 4090 3103 4163 siquidem
3120 4093 3328 4151 Ethnici
3356 4093 3631 4164 ﬁngebant
3657 4096 3781 4151 lunas

2200 4180 2431 4247 labores,
2471 4191 2632 4254 atque
2675 4198 2799 4240 eum
2840 4187 2892 4240 in
2923 4186 3128 4257 primis,
3181 4204 3302 4243 cum
3349 4189 3781 4246 incantationibus

2198 4273 2465 4331 defectum
2495 4276 2602 4346 pati
2645 4278 2807 4333 stulte
2830 4278 3249 4336 arbitrabantur.
3282 4281 3644 4348 Quamobrem
3672 4282 3780 4338 teris

2199 4367 2410 4435 tinnitu,
2451 4368 2678 4440 aliisque
2714 4371 2997 4438 sonitibus,
3023 4388 3086 4428 ac
3111 4374 3318 4445 magnis
3345 4376 3671 4432 clamoribus
3696 4390 3777 4431 co-

2198 4460 2462 4516 nabantur
2486 4462 2749 4518 laboranti
2801 4465 2873 4520 ita
2923 4481 3258 4535 succurrere,
3299 4478 3356 4524 ut
3406 4470 3779 4526 incantationes

495 4575 722 4641 ἀλμάτων
749 4583 777 4634 ἡ
801 4578 906 4634 νίκη
931 4584 1002 4642 τῷ
1015 4577 1267 4642 penam.
1296 4589 1316 4622 ‹
1344 4570 1794 4640 Epostracismus.
1818 4567 2089 4625 Testulam

2208 4569 2302 4609 non
2333 4555 2561 4612 audiret.
2588 4555 2742 4614 Unde
2765 4557 3036 4615 Iuvenalis
3063 4559 3131 4616 de
3159 4561 3394 4618 clamosa
3436 4563 3663 4621 muliere
3696 4578 3776 4619 ca-

496 4668 758 4723 marinam
797 4666 851 4722 in
889 4680 1041 4737 aquae
1082 4662 1420 4737 superﬁciem
1467 4664 1703 4731 mittunt,
1752 4672 2095 4720 numerantes

495 4760 666 4833 ipsius
705 4761 873 4817 saltus
897 4760 951 4815 in
982 4775 1136 4830 aquae
1181 4757 1464 4829 superficie
1502 4757 1671 4814 factos
1697 4766 1823 4814 ante
1849 4758 2095 4814 submer-

495 4855 741 4920 sionem;
765 4869 831 4909 ex
851 4854 1082 4909 saltuum
1104 4853 1248 4907 enim
1271 4851 1610 4908 multitudine
1629 4851 1847 4921 jacienti
1870 4851 2092 4907 victoria

494 4948 781 5005 ascribitur
818 4966 837 5000 ι
869 4945 1040 5021 (Poll.
1071 4945 1165 4999 lib.
1213 4960 1296 4999 ix.
1322 4959 1445 5014 cap.
1488 4946 1543 5013 7,
1586 4957 1705 5016 pag.
1739 4942 1899 5017 M4).
1959 4945 2091 5001 Bre-

495 5041 615 5096 vius
650 5039 882 5096 Suidas:
925 5047 1300 5109 ὶττοστρακίςειν.
1331 5041 1513 5093 παιδιά.
1552 5062 1647 5105 τις,
1677 5048 1733 5100 ἣν
1759 5048 2013 5103 παιςουσιν
2049 5046 2093 5094 οἵ

495 5138 681 5199 παῖδας,
704 5139 913 5205 ὄστρακα
930 5137 1143 5205 ἀφιέντες
1170 5137 1235 5194 εὶς
1263 5139 1525 5187 θάλασσαν.
1555 5151 1574 5185 t
1595 5134 1830 5189 Ostracis
1858 5148 1955 5189 seu
1978 5145 2087 5189 tes-

495 5226 626 5283 tulis
656 5226 861 5282 ludere.
893 5225 1078 5281 Ludus
1106 5225 1344 5296 quidam,
1376 5242 1535 5297 quem
1579 5226 1727 5296 pueri
1753 5226 1962 5291 ludunt,
1992 5241 2086 5282 os-

492 5329 696 5378 tracam
735 5334 830 5375 seu
857 5320 1105 5375 testulam
1128 5319 1181 5374 in
1200 5334 1352 5376 mare
1384 5318 1729 5388 projicientes
1760 5338 1779 5372 ι
1809 5318 1986 5392 (Suid.
2015 5317 2084 5374 ad

2197 4646 2357 4703 nebat
2390 4666 2404 4702 :

2388 4783 2495 4834 Una
2520 4783 2763 4838 laboranti
2780 4790 2964 4853 poterit
2981 4803 3281 4843 succurrere
3299 4792 3452 4843 lunae.

2776 4871 3008 4938 (lavem,
3032 4876 3139 4927 Sat.
3162 4891 3227 4940 τι,
3253 4882 3361 4940 post
3378 4875 3541 4938 tried.)

2193 4973 2393 5031 Statius
2419 4991 2550 5032 vero
2574 4977 2693 5033 illos
2721 4980 2845 5035 mris
2874 4981 3080 5036 sonitus
3100 4982 3177 5038 sic
3196 4982 3453 5039 describit
3477 4992 3533 5040 et
3563 4982 3771 5040 irridet:

2292 5127 2317 5160 ε.
2353 5125 2389 5160 _.
2460 5128 2473 5139 .
2541 5124 2558 5142 .
2626 5130 2640 5142 .
2705 5084 3159 5160 Attonitis‘quotiges
3180 5097 3406 5148 avellitur
3429 5100 3578 5150 astris

2284 5149 2414 5225 Solis
2434 5165 2584 5216 Opaca
2606 5167 2761 5225 δοξον,
2787 5156 2955 5220 procul
2977 5149 3257 5225 auxiliantia
3276 5169 3458 5225 gentes

2286 5212 2401 5264 IEra
2421 5212 2644 5279 crepant,
2669 5212 2948 5284 frustraque
2970 5223 3168 5274 timent.

2416 5296 2584 5363 (Stat.,
2609 5300 2695 5351 lib.
2719 5316 2767 5354 vi
2790 5300 3044 5365 Thebaid.,
3068 5314 3173 5369 post
3189 5308 3345 5373 med.)

492 5430 542 5468 υ.
595 5409 1001 5484 ἱσοστρικίζυν).
1053 5409 1265 5467 Vidcsis
1334 5408 1673 5466 Eustathium
1743 5410 1797 5465 in
1869 5409 2084 5467 Homeri

2208 5421 2369 5478 Livius
2396 5432 2577 5481 autem
2616 5437 2799 5483 narrat
2846 5439 3078 5501 emptum
3123 5434 3191 5489 ab
3235 5435 3494 5495 Annibale
3540 5440 3766 5511 prmlium

491 5503 714 5561 Iliadem
743 5511 776 5556 Σ
805 5517 901 5558 seu
928 5501 1017 5558 18.

2196 5534 2216 5568 ι
2250 5517 2376 5574 acris
2415 5518 2642 5591 crepitu,
2672 5522 2843 5592 qualis
2884 5524 2938 5579 in
2982 5524 3195 5582 defectu
3234 5529 3375 5584 luna:
3418 5532 3594 5588 silenti
3625 5540 3766 5588 nocte

566 5595 1071 5694 Postea_Caef=i|_ivs.
1114 5595 1421 5694 Academici
1465 5597 1532 5694 de
1566 5613 1696 5694 vero
1727 5598 1837 5656 Deo
1866 5598 2087 5671 eiusque
2189 5608 2320 5664 cieri
2346 5609 2487 5666 solet
2518 5629 2538 5664 ι
2586 5612 2747 5685 (Liv.
2780 5615 2875 5670 lib.
2911 5618 3112 5690 xxvr.§
3153 5621 3187 5676 5
3208 5622 3246 5692 ).
3284 5624 3515 5694 Denique
3546 5640 3614 5681 ne
3639 5625 3687 5679 iu
3714 5638 3766 5679 re

493 5688 831 5765 providentia
874 5688 1172 5788 dubitantis
1195 5704 1483 5788 personam
1512 5690 1748 5788 indutus,
1798 5708 1898 5765 pro
1938 5702 2089 5748 certo
2190 5714 2374 5772 apem
2411 5702 2681 5772 longiores
2717 5708 2910 5777 simus,
2951 5709 3050 5768 hos
3090 5688 3295 5770 imm",
3321 5688 3630 5788 adji'ciemus
3650 5714 3762 5773 γίτ,

495 5801 699 5867 ponere
716 5793 946 5851 conatur
963 5783 1143 5842 omnia
1163 5783 1284 5843 sine
1308 5784 1419 5842 ullo
1441 5785 1574 5855 Deo,
1592 5785 1650 5842 in
1667 5787 1842 5860 seipsa
1860 5788 2086 5862 revolvi,
2191 5793 2303 5870 gilii
2330 5811 2517 5854 versus
2540 5814 2555 5851 :
