4038 6308
310 256 422 316 619

404 407 416 414 -
493 412 504 423 .
577 411 586 422 .
652 374 872 436 Ωαειὶαιιρ
897 371 1537 436 ι’ἱειενθιδίιιρη-ηιοηειιθθι,

401 437 640 488 Defectus
661 439 780 487 solis
794 434 980 496 varios,
1004 435 1233 499 lunaeque
1255 434 1467 484 labores.

841 519 1075 585 (Virgil.,
1099 519 1135 570 1.
1155 535 1189 569 ιι
1214 520 1410 584 Georg.,
1440 531 1485 568 υ.
1515 517 1650 580 478.)

305 633 380 690 At
419 639 605 688 contra
645 630 785 687 hanc
825 629 1106 686 ridiculam
1133 627 1569 698 superstitionem
1598 623 1794 695 szepius
1827 622 1908 676 in-

309 727 575 783 vehuntur
621 723 942 779 sanctissimi
986 721 1244 777 Ecclesia:
1288 719 1501 785 Patres,
1537 732 1600 772 ac
1646 716 1913 787 praecipue

305 821 570 880 Maximus
593 817 964 884 Taurinensis,
995 818 1047 872 in
1073 815 1306 886 quodam
1353 827 1604 869 sermone
1643 812 1706 867 de
1751 809 1914 865 Luna:

309 914 535 983 defectu,
598 927 755 983 quem
801 927 870 967 ex
925 909 1194 966 Ambrosii
1221 907 1480 978 ejecimus
1509 904 1793 976 Operihus,
1823 903 1913 958 ubi

310 1007 448 1064 l‘also
490 1005 608 1076 ejus
652 1005 869 1060 nomine
913 1003 1090 1058 editus
1129 1003 1300 1057 fuerat
1353 998 1624 1072 (Ambros.
1666 996 1908 1068 Append.

309 1115 435 1174 pag.
487 1099 592 1156 377
620 1097 657 1172 ).
716 1098 976 1154 Minucius
1019 1113 1147 1153 vero
1194 1098 1313 1151 haec
1363 1096 1618 1150 adversus
1653 1092 1913 1172 Ethnicos

307 1201 482 1263 urget,
531 1200 588 1247 ut
623 1207 811 1247 eorum
867 1206 1128 1254 errorem,
1176 1189 1444 1260 simulque
1498 1188 1734 1242 divinam
1779 1185 1913 1241 Pro-

312 1288 604 1344 videntiam
645 1302 711 1344 ex
761 1288 902 1344 lunae
948 1286 1293 1342 incrementis
1324 1294 1376 1341 et
1403 1283 1765 1341 decrementis
1819 1297 1916 1338 os-

311 1369 522 1438 tendat.

917 1467 1212 1510 ARTICULUS
1249 1469 1308 1509 11.

308 1544 387 1604 Dc
417 1547 586 1603 citatis
616 1564 647 1600 a
676 1545 908 1603 Minucio
951 1548 1252 1618 quibusdam
1292 1547 1656 1616 scriptoribus,
1692 1545 1911 1618 Nepote,

383 1642 581 1708 Cassio,
602 1641 806 1708 Thallo,
830 1640 1077 1710 Diodoro,
1098 1651 1143 1696 et
1161 1642 1323 1697 atheis
1339 1640 1627 1708 Theodoro,
1659 1641 1910 1713 Diagora,

382 1753 444 1790 ac
471 1735 775 1807 Protagora.

383 1829 516 1884 Tota
546 1829 760 1885 Minucii
787 1829 1080 1900 disputatio
1111 1829 1322 1885 tametsi
1351 1829 1513 1884 variis
1545 1827 1905 1900 potissimum,

309 1923 468 1981 sicuti
515 1926 840 1992 monuimus,
872 1925 1140 1980 rationum
1175 1923 1461 1979 momentis
1490 1923 1712 1986 nitatur,
1746 1923 1912 1993 pluri-

308 2035 431 2075 mos
467 2018 842 2086 nihilominus,
891 2019 1120 2075 celebris
1165 2017 1306 2088 apud
1361 2015 1624 2072 Ethnicos
1654 2016 1910 2084 nominis,

310 2110 628 2180 scriptores,
658 2113 819 2168 variis
855 2111 1072 2166 illorum
1117 2109 1461 2181 Opinionibus
1487 2109 1645 2180 plane
1676 2109 1916 2179 penitus-

310 2222 416 2276 quc
447 2214 829 2275 repugnantes,
879 2205 1082 2260 citavit.
1117 2205 1361 2272 Quatuor
1389 2213 1567 2258 autem
1602 2204 1654 2258 in
1698 2218 1804 2257 uno
1831 2219 1917 2259 eo-

310 2297 544 2368 demque
595 2298 710 2352 loco
755 2298 823 2352 ab
870 2296 959 2352 illo
1009 2297 1368 2366 appellantur,
1425 2296 1626 2366 Nepos,
1674 2294 1910 2361 Cassius,

309 2392 556 2457 Thallus,
603 2407 666 2448 ac
711 2392 972 2447 Diodorus
1006 2391 1143 2446 hautl
1186 2391 1348 2447 dubie
1377 2391 1614 2454 Siculus,
1645 2406 1674 2444 a
1705 2390 1918 2446 Justino

317 2485 554 2559 Martyre
598 2503 702 2541 non
737 2486 972 2542 n'iinimis
1006 2486 1246 2540 laudibus
1285 2495 1578 2540 exornatus
1607 2485 1678 2541 ob
1721 2484 1918 2540 Biblio-

314 2582 489 2636 theca:
520 2581 789 2638 historica:
817 2581 1004 2644 libros,
1035 2580 1123 2650 qui
1155 2595 1329 2651 graece
1355 2589 1410 2635 et
1434 2580 1600 2636 latine
1639 2579 1769 2636 editi
1799 2595 1918 2635 om-

314 2675 466 2730 nium
494 2675 739 2730 manibus
768 2684 1015 2730 teruntur
1060 2673 1327 2745 (Justin.,
1356 2672 1618 2729 Cohortat.
1647 2675 1718 2732 ad
1753 2672 1918 2730 Gram.

315 2782 444 2839 pag.
480 2767 600 2840 10

394 2860 608 2916 Primus
640 2877 766 2917 vero
792 2876 860 2918 ex
887 2861 971 2918 his
999 2861 1350 2932 scriptoribus
1389 2862 1696 2918 nominatur
1720 2863 1924 2920 Corne-

315 2953 424 3010 lius
451 2952 651 3024 Nepos,
684 2955 772 3025 qui
803 2955 941 3010 sicut
964 2955 1029 3010 Α.
1063 2956 1268 3012 Gellius
1300 2955 1569 3026 perhibet,
1597 2957 1813 3026 scripsit
1835 2957 1926 3014 Ci-

317 3047 539 3102 coronis
580 3047 734 3111 amici
759 3048 840 3103 sui
873 3047 1070 3113 Vitam,
1125 3058 1180 3103 et
1223 3048 1389 3103 libros
1434 3049 1497 3103 de
1533 3047 1667 3104 Viris
1705 3050 1925 3104 illustri-

321 3137 440 3204 bus,
499 3137 891 3210 Exemplorum,
934 3149 1096 3210 atque
1135 3138 1505 3195 Cltronicorum
1541 3140 1701 3213 (Gell.
1733 3142 1825 3197 lib.
1857 3158 1926 3198 xv

322 3231 678 3298 Nact.Attic.,
701 3249 819 3304 cap.
848 3234 1064 3300 28;lib.
1098 3251 1137 3301 ι,
1160 3249 1281 3305 cap.
1307 3236 1403 3299 18;
1440 3235 1532 3290 lib.
1560 3252 1654 3300 γη,
1686 3250 1806 3306 cap.
1837 3237 1924 3303 18;

321 3334 381 3380 ct
411 3326 504 3379 lib.
536 3342 666 3395 xvu,
698 3342 819 3397 cap.
865 3327 998 3397 2|).
1058 3327 1216 3398 Saepe
1254 3330 1414 3383 etiam
1457 3328 1705 3383 laudatur
1743 3345 1771 3382 a
1821 3330 1930 3385 Pli-

323 3417 438 3483 nio,
478 3433 539 3474 ac
582 3421 820 3490 Augusto
849 3421 1169 3488 imperante,
1213 3420 1428 3485 obiisse,
1478 3430 1532 3474 et
1572 3421 1623 3476 in
1659 3420 1930 3477 Chronico

325 3509 636 3565 Eusebiano
678 3521 804 3566 tunc
833 3510 1078 3567 ﬂoruisse
1105 3512 1320 3568 dicitur.
1364 3513 1446 3569 Ab
1505 3513 1695 3569 eodem
1749 3524 1926 3572 autem

328 3601 504 3659 Plinio
528 3614 766 3671 vocatur,
794 3624 812 3656 ε
845 3605 974 3662 Padi
1025 3607 1196 3662 incola
1228 3627 1247 3659 p
1293 3607 1482 3679 (Plin.,
1515 3608 1548 3661 l.
1584 3625 1657 3675 Ix,
1685 3625 1803 3680 cap.
1839 3612 1929 3680 39,

328 3712 451 3769 pag.
483 3698 609 3763 545;
631 3708 688 3754 et
713 3699 806 3754 lib.
841 3715 894 3767 ι,
927 3714 1043 3768 cap.
1074 3701 1144 3756 3'5
1167 3743 1181 3766 ,
1214 3717 1266 3769 p.
1296 3701 1421 3755 411.
1471 3700 1675 3757 Chron.
1707 3703 1930 3771 Euseb.,

327 3789 397 3843 ad
450 3803 576 3844 ann.
627 3791 661 3844 4
708 3791 956 3860 Augusti.
994 3789 1134 3846 Plin.
1187 3792 1224 3848 l.
1274 3809 1345 3857 vr,
1389 3808 1507 3864 cap.
1538 3794 1592 3858 9,
1628 3810 1747 3864 pag.
1777 3797 1930 3865 373).

327 3885 712 3954 Quaproptera
735 3883 964 3952 Catullo,
992 3901 1160 3940 «unus
1180 3886 1453 3950 Italorum,
1479 3906 1498 3939 ι
1538 3887 1619 3940 his
1636 3888 1936 3958 appellatur

326 3981 598 4050 versibus,
619 3981 814 4052 quibus
837 3995 993 4036 suum
1023 3982 1215 4036 librum
1248 3982 1294 4038 ei
1337 3982 1480 4036 misit
1509 3981 1883 4056 dedicavitque
1918 4001 1930 4038 :

585 4078 669 4129 Cui
692 4077 820 4126 dono
844 4077 1060 4140 lepidum
1082 4092 1256 4128 novum
1281 4078 1500 4129 libellum

583 4140 902 4204 Aridomodo
927 4143 1119 4203 pumice
1145 4141 1418 4204 expolitum

583 4203 794 4259 Corneli,
821 4205 907 4253 tibi
929 4217 1140 4259 namque
1157 4203 1426 4255 tu’solebas

591 4266 728 4330 Meas
752 4281 864 4317 esse
888 4266 1073 4330 aliquid
1101 4275 1273 4330 putare
1301 4282 1475 4330 nugas,

582 4328 689 4378 Jam
715 4338 767 4379 tu
791 4343 901 4379 cum
918 4328 1068 4380 ausus
1091 4328 1162 4388 es,
1187 4345 1312 4380 unus
1337 4328 1571 4382 Italorum

586 4391 745 4456 ane
770 4406 926 4456 aevum
954 4394 1204 4454 tribusex
1215 4393 1396 4456 plicare
1415 4395 1598 4445 chartis

587 4452 773 4518 Doctis,
799 4454 1016 4518 Jupiter,
1035 4463 1088 4506 et
1111 4452 1393 4507 laboriosis.

443 4597 451 4603 ,
1057 4538 1273 4601 (Catull.,
1300 4540 1408 4590 init.
1428 4539 1515 4591 lib.
1539 4556 1574 4602 ι,
1599 4553 1710 4605 pag.
1743 4543 1811 4604 1.)

337 4646 524 4717 Neque
569 4653 652 4700 est
697 4645 838 4715 quod
889 4653 940 4701 te
984 4653 1196 4701 moveat
1239 4646 1532 4715 Ausonius,
1580 4646 1672 4718 qui
1704 4647 1803 4704 hos
1831 4647 1936 4704 Ca-

339 4742 455 4796 tulli
488 4755 674 4797 versus
703 4739 937 4809 citando,
968 4738 1226 4810 Nepotem
1256 4739 1464 4796 Gallum
1495 4740 1692 4797 ibidem
1723 4757 1934 4798 nuncu-

340 4831 488 4904 pavit
515 4844 530 4885 :

528 4923 632 4974 Nec
655 4924 849 4974 doctum
872 4923 1050 4988 minus,
1074 4938 1167 4975 nec
1194 4927 1348 4988 magis
1372 4926 1647 4988 benignum

532 4987 685 5046 Quam
709 5001 860 5051 quem
887 4986 1040 5037 Gallia
1064 4986 1500 5051 prazbuit'Catullo.

910 5070 1132 5133 (Auson.,
1159 5072 1276 5136 Edy.
1307 5073 1334 5122 7
1363 5071 1430 5123 ad
1453 5074 1695 5138 Drepan.)
1739 5138 1742 5141 ι

344 5155 462 5212 Non
502 5156 644 5214 enim
675 5157 797 5214 testi
821 5172 919 5212 suo
947 5159 1301 5223 contradixit,
1355 5158 1448 5214 sed
1479 5159 1706 5215 Galliam
1747 5157 1948 5213 indicat

345 5249 628 5322 Togatam,
650 5267 770 5323 quae
796 5251 984 5308 eadem
1013 5266 1075 5306 ac
1089 5251 1239 5307 Italia
1266 5251 1646 5324 Transpadana
1676 5262 1780 5308 est.
1806 5253 1945 5310 Alibi

349 5356 479 5396 vero
509 5344 632 5397 citat
660 5343 899 5412 ejusdem
937 5363 956 5396 ‹
991 5342 1212 5412 Nep0tis
1250 5341 1513 5400 Chronica
1540 5364 1558 5397 ι
1586 5344 1752 5415 (Idem
1784 5345 1944 5416 epist.

349 5449 408 5490 nt
435 5435 504 5488 ad
532 5433 776 5490 Probum.
810 5435 877 5490 P.
915 5437 1031 5510 P.).
1092 5437 1330 5509 Denique
1361 5439 1666 5494 Lactantius
1697 5440 1836 5493 illius
1880 5441 1944 5495 ad

348 5527 686 5597 Ciceronem,
718 5538 771 5585 et
798 5540 982 5586 contra
1031 5532 1150 5590 eius
1180 5532 1245 5586 de
1269 5532 1606 5603 philosophia
1636 5533 1942 5603 opinionem

349 5622 636 5677 scribentis
689 5624 850 5679 verba
919 5626 1275 5696 transcripsit.
1323 5625 1534 5683 Videsis
1585 5626 1944 5694 Suetonium,

351 5713 629 5780 Vossium,
666 5725 719 5772 et
749 5717 896 5786 plura
939 5734 1058 5789 qum
1088 5719 1156 5774 ab
1184 5719 1275 5774 illo
1299 5731 1418 5791 post
1444 5719 1641 5775 editam
1680 5721 1949 5776 excellen-

352 5808 488 5866 tium
519 5811 752 5865 virorum
786 5811 948 5864 vitam
993 5811 1271 5866 observata
1300 5822 1421 5868 sunt
1450 5814 1716 5886 (Lactant.
1768 5814 1859 5870 lib.
1894 5830 1949 5872 tu

792 5901 1074 5970 PATROL.
1107 5903 1216 5967 III.

1709 245 2182 309 DI-SSERTATIO.

1940 371 1992 432 Α
2022 361 2358 428 Iustit.,cap.
2393 358 2481 424 15,
2505 370 2624 428 pag.
2667 355 2794 411 282.
2816 354 2966 412 Suet.
2996 353 3088 410 lih.
3120 369 3157 420 ι,
3191 354 3220 427 §
3249 353 3340 421 56,
3369 361 3422 410 ct
3442 353 3535 412 lib.
3559 371 3618 421 ll,

3511 237 3616 294 050

2018 452 2046 523 §
2083 453 2166 507 77.
2227 449 2382 506 Voss.
2415 451 2477 503 de
2509 447 2647 503 Hist.
2683 449 2852 513 lalin.,
2883 448 2974 502 lib.
3007 463 3179 518 I,cap.
3209 447 3297 502 14.

2085 541 2323 606 Cassius,
2345 549 2704 612 cognomento
2717 539 2964 607 Hemina,
2982 541 3180 595 vixisse
3208 540 3375 594 fertur
3399 539 3462 595 C.
3491 540 3622 596 Cor-

2015 633 2158 689 nelio
2189 633 2435 697 Lentulo,
2462 632 2596 689 etL.
2620 632 2875 687 Mummio
2907 631 3141 686 Achaico
3163 632 3342 698 Coss.,
3366 648 3527 687 anno.
3555 632 3620 686 V.

2017 724 2079 780 C.
2112 726 2237 790 608,
2265 734 2424 796 atque
2451 739 2480 778 a
2519 723 3011 794 Plinioappellatur
3041 742 3059 776 ι
3097 725 3492 780 vetustissimus
3519 741 3620 780 au-

2015 827 2134 874 ctor
2161 818 2469 872 Annalium.
2511 835 2533 870 s
2567 816 2672 872 Sed
2698 817 2766 871 ibi
2798 815 3013 888 quidam
3044 815 3147 886 legi
3175 815 3362 870 volunt
3396 835 3414 866 ‹
3454 817 3625 871 veris-

2016 912 2207 979 simus,
2241 931 2260 964 ι
2288 927 2396 966 non
2427 911 2823 968 vetustissimus
2845 953 2859 978 ,
2895 920 2951 965 ut
2983 923 3106 980 pote
3136 912 3227 981 qui
3251 911 3334 964 vix
3367 910 3437 965 70
3468 912 3624 966 annis

2018 1005 2193 1060 Plinio
2209 1005 2484 1076 antiquior
2515 1006 2700 1070 fuerit;
2738 1022 2757 1056 ι
2791 1003 3011 1059 Cassius
3037 1022 3054 1055 ι
3081 1014 3262 1058 autem
3301 1023 3319 1054 ‹
3345 1003 3567 1059 llemina
3599 1022 3621 1056 ι

2020 1110 2244 1155 vocatur
2272 1113 2302 1152 a
2332 1097 2622 1164 Macrobio,
2654 1097 2744 1168 qui
2781 1096 3078 1152 secundum
3115 1097 3245 1152 citat
3266 1096 3621 1151 Historiarum

2018 1194 2138 1262 ejus
2162 1191 2388 1258 librum,
2421 1189 2826 1261 atqueaSolino
2853 1189 3077 1245 lletnina
3109 1189 3629 1258 simpliciterappel-

2014 1285 2334 1355 lalttr(Plin.
2361 1285 2454 1339 lib.
2480 1299 2575 1339 xm
2604 1283 2739 1338 Hist.
2761 1282 2977 1351 Natur.,
3002 1299 3120 1353 cap.
3150 1284 3238 1348 18,
3261 1300 3377 1354 pag.
3403 1284 3494 1348 84;
3520 1283 3632 1338 Ma-p

2019 1378 2170 1433 crob.
2207 1377 2300 1432 lib.
2331 1392 2347 1430 ι
2379 1376 2680 1441 Saturnal.,
2707 1392 2826 1446 cap.
2859 1378 2947 1442 16,
2989 1392 3110 1446 pag.
3140 1375 3282 1442 247;
3315 1378 3486 1431 Solin.
3522 1377 3628 1431 Po-

2018 1469 2234 1541 lyhist..
2265 1483 2386 1539 cap.
2435 1469 2494 1536 2,
2525 1484 2645 1540 pag.
2702 1467 2813 1540 15).
2861 1468 3088 1524 Dillicile
3131 1483 3261 1539 ergo
3305 1467 3450 1524 dictu
3478 1485 3574 1524 cur
3602 1484 3632 1522 a

2018 1563 2354 1618 Ter-tulliano
2398 1563 2808 1633 coguominetur
2876 1581 2894 1611 ‹
2930 1562 3149 1618 Cassius
3196 1563 3453 1618 Severus.
3498 1583 3516 1616 ι
3551 1564 3628 1619 De

2019 1655 2212 1712 eodem
2259 1657 2478 1728 quippe.
2526 1665 2686 1727 atque
2717 1655 2980 1711 Minucius
3029 1667 3235 1721 noster,
3270 1657 3626 1728 proculdubio

1938 1773 1986 1832 Β
2018 1750 2164 1822 loqui
2193 1751 2422 1807 videtur.
2459 1751 2566 1807 Sed
2595 1751 2662 1806 de
2693 1752 2797 1806 hoc
2829 1751 3142 1806 Tertulliani
3191 1751 3310 1806 loco
3342 1752 3395 1807 in
3442 1763 3626 1808 nostra

2017 1844 2086 1900 de
2111 1843 2228 1915 ejus
2261 1844 2411 1900 libris
2440 1845 2818 1902 dissertatione
2843 1845 3106 1918 agendum
3133 1844 3382 1916 (Tertull.
3405 1845 3626 1917 Apolog.

2018 1952 2139 2007 cap.
2176 1939 2264 2002 10,
2298 1952 2416 2008 pag.
2440 1936 2553 2010 12).

2092 2051 2316 2107 Thallus
2345 2068 2506 2123 porro
2539 2053 2761 2109 Griecns
2804 2054 3036 2123 scriptor
3061 2053 3180 2120 luit,
3223 2068 3381 2124 quem
3419 2052 3632 2109 Africa-

2021 2163 2123 2201 nus
2161 2146 2302 2217 apud
2337 2146 2626 2202 Eusebium
2666 2161 2756 2203 res
2782 2147 3029 2216 Syriacas
3055 2147 3339 2217 scripsisse
3370 2146 3633 2202 testiﬁca-

2023 2248 2130 2294 tur.
2154 2238 2476 2295 Mentionem
2506 2239 2620 2310 ejus
2656 2239 2898 2294 fecerunt
2926 2239 3169 2294 Justinus
3195 2239 3418 2312 Martyr,
3449 2240 3630 2296 Theo-

2024 2333 2202 2404 philus
2251 2333 2652 2397 Antiocheuus,
2687 2348 2749 2387 ac
2791 2342 2910 2402 post
2952 2332 3094 2387 hunc
3134 2332 3466 2400 Lactantius,
3495 2332 3632 2388 etin

2023 2423 2296 2480 Chronico
2342 2440 2521 2495 grreco
2564 2424 2828 2480 Eusebius
2879 2424 3107 2491 (Euseb.
3143 2411 3248 2479 lib.
3311 2441 3343 2478 ιι
3392 2423 3638 2493 Prwpar.

2024 2515 2227 2589 Evang.
2259 2533 2378 2586 cap.
2415 2517 2502 2583 10,
2557 2533 2678 2588 pag.
2712 2517 2848 2582 489;
2881 2515 3167 2586 Theophil.
3219 2533 3297 2583 Ill,
3347 2519 3417 2572 ad
3464 2518 3641 2572 Autol.

2026 2625 2150 2682 pag.
2190 2610 2314 2676 159;
2349 2609 2595 2666 Lactant.
2628 2611 2722 2665 lib.
2772 2626 2787 2664 ι
2832 2609 3006 2665 lnstit.
3041 2626 3161 2681 cap.
3199 2612 3295 2677 25,
3338 2627 3458 2684 pag.
3491 2612 3636 2678 132;

2025 2703 2226 2758 Euseb.
2255 2703 2347 2758 lib.
2377 2701 2612 2758 tCItron.
2642 2719 2762 2775 pag.
2798 2704 2908 2773 ll).

2099 2816 2236 2873 Tres
2274 2826 2538 2887 prmterea
2572 2817 2848 2888 impietate
2877 2833 2972 2872 sua
3006 2817 3238 2874 famosos
3263 2820 3447 2875 citavit
3471 2821 3639 2877 (1ωοὶ-

2029 2912 2170 2978 lius,
2223 2911 2611 2979 Theodorum,
2667 2913 2987 2984 Diagoram,
3052 2925 3104 2969 et
3142 2916 3508 2987 Protagoram.
3569 2919 3642 2972 At

2035 3003 2435 3071 «Theodorus,»
2463 3006 2536 3060 uti
2555 3005 3263 3078 illeait,tCyren:eus,»sive
3289 3010 3641 3082 Cyrenaicus,

2037 3117 2056 3151 ι
2085 3100 2167 3156 vel
2217 3101 2305 3170 qui
2339 3100 2488 3168 prior
2517 3100 2772 3172 Diagoras
2795 3101 3019 3168 Melius;
3065 3103 3156 3172 qui
3205 3113 3426 3174 uterque
3467 3104 3644 3160 nullos

2038 3192 2172 3250 deos
2209 3212 2228 3245 ι
2259 3210 2379 3250 esse
2417 3197 2819 3252 asseverabant.
2852 3197 3039 3252 Nonne
3066 3209 3244 3252 autem
3268 3199 3336 3252 ibi
3373 3215 3520 3254 more
3545 3216 3644 3255 suo

2033 3297 2248 3343 secutus
2315 3298 2397 3343 est
2444 3288 2794 3356 CicerOncm,
2839 3290 2928 3360 qui
2972 3290 3040 3345 de
3090 3300 3316 3361 utroque
3361 3291 3569 3348 dixerat
3627 3312 3640 3348 :

2040 3400 2058 3433 ι
2085 3381 2276 3438 Nullos
2328 3381 2462 3438 deos
2506 3398 2628 3440 esse
2653 3385 2873 3438 omnino
2893 3383 3147 3454 Diagoras
3165 3385 3373 3450 Melius,
3394 3395 3449 3440 et
3468 3385 3643 3441 Theo-

2032 3476 2196 3532 dorus
2241 3476 2566 3549 Cyrenaicus
2624 3488 2964 3547 putaverunt.
3005 3497 3022 3529 ›
3059 3477 3291 3532 Rursum
3327 3493 3455 3534 vero
3482 3479 3640 3548 paulo

2037 3579 2196 3639 post:
2230 3587 2248 3619 ι
2276 3570 2532 3640 Diagoras
2583 3569 2773 3625 atheos
2817 3570 2906 3642 qui
2959 3570 3137 3625 dictus
3182 3581 3303 3637 est,
3346 3581 3640 3643 posteaque

2036 3660 2378 3725 Theodorus,
2425 3677 2605 3718 nonne
2655 3673 2840 3733 aperte
2891 3661 3114 3716 deorum
3165 3670 3407 3716 naturam
3459 3675 3636 3719 sustu-

2037 3755 2248 3810 lerunt?
2275 3775 2292 3807 s
2326 3754 2522 3826 (Cicer.
2552 3755 2683 3812 lib.t
2717 3756 2780 3810 de
2809 3753 3000 3809 Nntiir.
3039 3753 3220 3819 Deor.,
3251 3769 3369 3825 pag.
3406 3755 3643 3819 195,lin.

2035 3849 2127 3913 40;
2165 3848 2292 3904 ibid.
2321 3866 2444 3921 pag.
2473 3850 2601 3913 201,
2631 3849 2725 3904 lin.
2757 3849 2878 3918 52.)
2926 3847 3160 3904 Videsne
3202 3847 3286 3902 his
3331 3847 3481 3902 latini
3509 3847 3645 3902 Ora-

2039 3943 2170 3998 toris
2201 3944 2382 3998 verbis
2412 3943 2590 4012 colligi
2623 3958 2780 4012 posse
2819 3957 2913 3997 cur
2961 3942 3223 3996 Minucius
3271 3940 3518 3997 consulto
3548 3941 3644 3996 ad-

2039 4038 2272 4095 diderit:
2314 4058 2331 4090 t
2358 4038 2453 4094 Vel
2485 4040 2576 4108 qui
2620 4039 2764 4108 prior
2796 4037 3084 4106 Diagoras?
3114 4055 3132 4089 »
3168 4035 3301 4091 Nam
3334 4046 3520 4106 aperte
3550 4037 3642 4093 Ci—

2040 4147 2167 4189 ccro
2205 4131 2346 4186 hunc
2389 4130 2678 4186 Theodoro
2730 4129 3083 4199 antiquiorem
3132 4128 3295 4183 fuisse
3355 4128 3641 4200 signiﬁcat.

2045 4226 2110 4280 Et
2160 4235 2306 4281 certe
2341 4226 2392 4280 in
2421 4224 2694 4280 Chronico
2720 4223 3024 4279 Eusebiano
3054 4222 3120 4277 ad
3164 4239 3359 4278 annum
3397 4224 3536 4279 15.35
3564 4224 3643 4279 le-

2042 4321 2250 4391 gimus:
2288 4337 2305 4370 ‹
2333 4319 2586 4389 Diagoras
2615 4319 2942 4388 agnoscitur,
2970 4324 3025 4369 ct
3050 4324 3346 4370 sectatores
3367 4315 3484 4385 ejus
3512 4317 3646 4386 phy-

2044 4415 2140 4469 sici
2185 4411 2509 4484 philosophi.
2543 4432 2561 4463 ι
2624 4411 2692 4465 Ει
2743 4410 2809 4464 ad
2863 4425 3064 4464 annum
3112 4408 3291 4463 1549:
3342 4426 3360 4458 ι
3389 4408 3644 4478 Diagoras

2044 4507 2236 4563 atheus
2265 4506 2493 4576 plurimo
2530 4518 2782 4560 sermone
2807 4504 3124 4558 celebratur.
3150 4519 3168 4553 ι
3203 4501 3389 4556 Postea
3419 4515 3546 4555 vero
3573 4499 3643 4554 ad

2042 4615 2239 4655 annum
2303 4598 2468 4664 l697,
2526 4617 2545 4649 ι
2593 4596 2908 4652 Theodorus
2967 4595 3156 4650 atheos
3209 4595 3570 4664 cognoscitur.
3616 4611 3636 4643 ›

2040 4693 2300 4762 Quamvis
2349 4707 2478 4761 ergo
2517 4706 2778 4746 annorum
2829 4688 2962 4743 ordo
2984 4703 3089 4743 non
3128 4686 3259 4741 satis
3286 4695 3532 4741 accizrate
3588 4685 3645 4739 in

2043 4785 2146 4840 hoc
2161 4784 2431 4840 Chronico
2462 4792 2680 4840 notatus
2713 4781 2896 4846 fuerit,
2925 4779 3047 4835 inde
3081 4787 3260 4833 tamen
3295 4777 3436 4831 haud
3461 4777 3638 4831 incer-

2044 4890 2100 4936 to
2147 4881 2421 4950 colligitur
2469 4879 2752 4949 Diagoram
2780 4890 2902 4931 esse
2927 4873 3212 4929 Theodoro
3261 4871 3640 4940 antiquiorem.

2120 4976 2194 5032 De
2222 4976 2380 5030 tertio
2417 4984 2595 5028 autem
2625 4971 2866 5043 ejusdem
2913 4967 3200 5038 impietatis
3230 4974 3480 5020 accusata
3529 4964 3647 5020 Ca:-

2049 5071 2206 5127 cilius
2248 5071 2325 5124 sic
2357 5068 2635 5139 loquitur:
2677 5084 2694 5116 t
2725 5063 3033 5120 Ahderitem
3082 5061 3426 5129 Protagoram
3479 5057 3645 5112 Athe-

2053 5164 2268 5217 nienses
2317 5160 2417 5214 viri
2445 5157 2690 5214 consulte
2719 5155 2895 5226 potius
2925 5169 3081 5222 quant
3115 5151 3333 5222 prohinc
3357 5148 3424 5204 de
3449 5148 3650 5204 divini-

2053 5265 2163 5312 tate
2206 5255 2588 5325 disputantem,
2637 5259 2689 5306 et
2739 5248 3061 5318 expulerunt
3103 5247 3213 5300 suis
3246 5245 3460 5306 linihus,
3494 5253 3547 5298 et
3600 5244 3651 5297 in

2053 5351 2312 5406 concione
2332 5348 2448 5419 ejus
2475 5349 2669 5417 scripta
2692 5345 3032 5400 deusscruut.
3069 5361 3085 5392 ι
3113 5341 3179 5395 At
3207 5341 3321 5395 hzec
3344 5341 3503 5396 etiam
3531 5356 3653 5408 pro-

2054 5444 2304 5500 cultluhio
2337 5443 2525 5496 hausta
2559 5449 2683 5494 sunt
2711 5456 2777 5493 cx
2823 5436 3086 5491 Cicerone
3109 5475 3122 5499 ,
3155 5435 3243 5504 qui
3273 5449 3394 5488 cum
3435 5434 3661 5489 dixisset

2053 5540 2406 5609 Protagoram
2435 5537 2612 5607 palam
2646 5533 2946 5588 asseruisse
2968 5545 3026 5584 se
3049 5528 3184 5584 nihil
3209 5529 3430 5583 omnino
3465 5529 3531 5582 de
3558 5529 3666 5582 diis

2056 5631 2254 5685 habere
2288 5650 2306 5682 ‹
2331 5628 2472 5698 quod
2505 5627 2706 5696 liqueat
2734 5640 2799 5677 an
2829 5623 2958 5688 sint,
2989 5621 3070 5676 vel
3103 5635 3208 5675 non
3239 5621 3370 5687 sint,
3403 5619 3662 5688 qualesve

2055 5723 2184 5788 sint,
2217 5741 2234 5774 ι
2269 5723 2385 5776 haec
2416 5720 2574 5790 paulo
2603 5729 2724 5788 post
2754 5716 2950 5786 adjecit
2976 5731 2990 5769 :
3028 5734 3045 5765 ‹
3072 5713 3358 5769 Abderites
3398 5713 3659 5780 Protago-

2057 5831 2146 5872 ras
2195 5829 2316 5871 cum
2347 5814 2398 5868 in
2424 5811 2687 5886 principio
2717 5809 2834 5866 libri
2869 5809 2948 5863 sui
2981 5807 3059 5863 sic
3091 5807 3391 5877 posuisset:
3430 5803 3505 5859 De
3533 5801 3668 5858 diis-

3104 5900 3178 5966 21
