4034 6320
452 342 557 399 651

1853 341 2372 400 PROLEGOMENA

3651 346 3759 403 652

447 477 552 533 que
590 468 647 516 ut
681 461 809 530 sint,
840 475 1015 532 neque
1044 469 1101 515 ιιι
1123 473 1227 514 ιιοιι
1253 459 1387 524 sint,
1419 459 1590 515 habeo
1614 458 1797 515 dicere
1828 476 1842 515 :
1875 458 2042 515 Athe-
2070 460 2121 522 Α
2147 460 2242 526 vit,
2262 459 2416 531 cujus
2444 458 2548 526 hic,
2580 459 2631 514 in
2659 474 2754 514 suo
2774 457 2958 516 dediis
2975 473 3160 531 opere,
3188 458 3395 531 primus
3422 466 3508 516 est
3537 457 3589 516 in
3610 456 3761 519 l‘lam

450 557 716 612 niensiutn
750 555 925 625 jussu,
962 552 1096 611 urbe
1126 564 1287 625 atque
1331 568 1463 625 agro
1507 560 1591 609 est
1636 557 2047 621 exterminatus,

453 650 574 703 libri
598 649 713 719 ejus
743 648 794 703 in
824 648 1082 703 concione
1100 646 1365 703 combusti
1390 666 1408 699 ι
1444 645 1643 719 (Cicer.
1676 642 1769 702 lib.
1799 647 1891 702 cit.
1927 660 2047 719 pag.

450 742 579 807 9.00,
615 740 707 795 litt.
737 741 790 806 ὃς
829 739 957 797 ibid.
988 754 1105 811 pag.
1135 738 1385 805 204,1in.
1418 738 1539 811 33);
1588 739 1674 796 vel
1702 747 1759 794 ut
1788 739 1861 794 ait
1890 730 2051 808 Laer-

2155 553 2570 623 dZSputationem
2600 550 2911 623 ingressus:
2944 552 3095 609 Diine
3138 554 3265 620 sint,
3299 569 3367 607 an
3395 569 3525 621 non,
3557 554 3757 625 inquit,

2154 662 2324 717 quave
2339 645 2509 703 forma
2528 646 2603 702 illi
2621 648 2748 715 sint,
2766 646 3017 720 equidem
3041 646 3221 704 nescio
3246 666 3266 700 ›
3292 638 3519 721 (Euseb.
3540 644 3639 701 lib.
3667 660 3762 704 xw

2154 740 2393 811 Pra'pnr.
2456 739 2656 814 Evang.
2706 754 2824 813 cap.
2889 741 2944 808 2,
2996 758 3118 815 pag.
3165 742 3316 814 τεο).
3385 741 3760 799 Thcodoretus

448 832 576 899 tius,
609 840 902 888 κατέκαυσαν
929 839 974 887 ἓν
992 845 1051 905 τῇ
1096 835 1249 904 ἀγορᾷ
1277 838 1369 887 ὑπὸ
1396 848 1600 905 κγ’ρυιια,
1636 850 1654 883 t
1676 832 1898 888 cremati
1924 846 2023 887 sun

2155 848 2283 888 vero
2310 849 2373 889 ex
2404 834 2582 889 citatis
2626 833 2707 888 his
2737 835 2867 905 ipsis
2894 832 3203 905 Protagorae
3232 835 3411 891 verbis
3443 835 3752 892 concludit:

446 927 502 982 in
533 925 651 982 foro
675 926 775 981 sub
799 926 1063 997 pricconis
1086 941 1238 982 voce.
1273 946 1291 979 ι
1327 924 1521 982 Suidas
1547 941 1676 981 vero
1707 925 2044 996 simpliciter,

442 1026 640 1089 ἐκαύθη,
680 1038 699 1073 ι
728 1021 949 1077 cremati
976 1029 1139 1075 sunt)
1175 1021 1379 1093 (Laert.
1411 1020 1577 1076 lib.tx
1604 1022 1655 1075 in
1686 1021 1798 1076 Vita
1828 1020 2045 1094 Protag.

447 1110 476 1187 ᾗ
506 1113 606 1180 52;
630 1113 783 1169 Suid.
807 1113 874 1169 ad
902 1128 952 1169 ν.
977 1114 1362 1187 Πρωταγὸρας.).
1403 1111 1574 1169 Citata
1619 1128 1778 1184 porro
1825 1129 1855 1169 a
1893 1113 2046 1168 nobis

443 1203 719 1262 Ciceronis
746 1205 908 1262 verba
940 1221 969 1260 a
1000 1205 1236 1262 Minucio
1262 1204 1581 1277 transcripta
1606 1206 1852 1276 legimus,
1880 1221 1943 1261 ac
1969 1205 2043 1261 si-

440 1299 641 1355 militer
662 1299 864 1355 dictum
908 1299 1190 1368 incertant,
1219 1300 1508 1369 ancipitem
1538 1315 1600 1354 ac
1634 1300 1848 1353 dubiam
1879 1300 2044 1356 fuisse

441 1388 589 1444 illius
639 1390 708 1445 de
737 1390 839 1446 diis
886 1391 1217 1461 Opinionem.
1273 1390 1655 1446 Verumtamen
1714 1390 2043 1462 Epiphanius

442 1480 641 1537 diserte
680 1482 876 1538 asserit
907 1482 1047 1538 hunc
1071 1483 1417 1553 Protagoram
1444 1498 1550 1538 non
1583 1481 1744 1537 modo
1766 1483 2042 1539 dubitasse

440 1581 620 1630 utrum
647 1573 721 1629 dii
750 1582 955 1642 essent,
1003 1575 1097 1630 sed
1132 1572 1287 1645 plane
1320 1575 1634 1646 penitusmtc
1668 1590 1925 1646 negasse:
1955 1583 2040 1647 ign

440 1676 509 1737 μὴ
536 1675 661 1732 Osci);
688 1668 833 1733 sint,
861 1670 983 1737 μηδὲ
1010 1675 1126 1731 ὅλως
1158 1677 1254 1722 0er
1283 1674 1532 1739 ὑπάρχειν,
1567 1687 1585 1719 ι
1610 1668 1748 1723 D805
1788 1667 2037 1738 negabat,

434 1773 499 1816 ac
549 1757 881 1815 divinitatem
924 1775 1137 1816 omnem
1169 1760 1405 1816 funditus
1436 1758 1658 1815 tollebat
1687 1778 1704 1812 ι
1747 1759 2032 1832 (Epiphan.

2151 937 2255 990 τοὺς
2283 930 2572 999 ἀμφιϐόλους
2604 938 2712 1001 περὶ
2740 938 2823 983 τοῦ
2848 935 2992 995 Θεοῦ,
3024 928 3107 984 καὶ
3138 932 3370 991 ἀπιστως
3401 938 3581 997 λόγους,
3613 927 3759 985 illius

2161 1039 2178 1071 ι
2217 1020 2498 1091 ambiguos
2528 1019 2593 1076 de
2628 1018 2758 1088 Deo,
2792 1020 3093 1092 inﬁdosque
3125 1039 3144 1073 ι
3173 1020 3343 1077 fuisse
3375 1038 3394 1074 ι
3426 1035 3706 1077 sermones
3729 1038 3749 1074 ι

2152 1110 2501 1181 (Theodorei.
2536 1126 2699 1167 scrm.
2730 1112 2786 1167 2.
2814 1112 2878 1166 de
2909 1111 3146 1183 Princip.
3173 1130 3293 1185 pag.
3326 1112 3457 1180 505,
3490 1123 3546 1169 et
3583 1129 3754 1169 serm.

2149 1206 2180 1259 6
2210 1206 2272 1258 de
2311 1203 2607 1261 Provident.
2667 1221 2788 1276 pag.
2844 1205 2997 1277 56t).
3056 1205 3327 1262 Cmterum
3358 1207 3583 1263 Crocilio
3617 1207 3757 1264 Aca-

2145 1297 2479 1353 demicorum
2510 1299 2770 1354 sectatori
2808 1298 3053 1368 placebat
3085 1301 3199 1355 haec
3219 1299 3559 1356 intoleranda
3586 1315 3755 1370 prora

2147 1406 2240 1445 sus
2295 1390 2580 1446 dubitatio.
2637 1392 2996 1461 Quamobrem
3053 1408 3298 1449 asserere
3362 1409 3468 1448 non
3525 1393 3755 1449 vereba-

2145 1491 2229 1536 tttr
2270 1484 2419 1537 illum
2456 1502 2474 1536 ι
2514 1485 2758 1539 consulte
2801 1484 3013 1556 potius,
3052 1504 3069 1538 ι
3129 1484 3231 1541 hoc
3272 1494 3374 1553 est,
3437 1485 3507 1542 de
3557 1485 3756 1541 divini-

2147 1578 2258 1630 tate
2291 1575 2461 1647 magis
2498 1576 2795 1647 prudenter
2848 1576 3175 1648 disputasse,
3209 1597 3228 1631 ι
3261 1593 3420 1649 quam
3469 1576 3751 1649 profane,s

2145 1667 2257 1722 sive
2282 1679 2471 1723 contra
2503 1668 2672 1738 ipsam
2692 1712 2706 1736 ,
2740 1668 2814 1724 uti
2846 1670 3135 1740 putabant,
3165 1668 3479 1739 religionem
3514 1684 3577 1725 ac
3604 1672 3752 1725 veri-

2146 1768 2343 1829 tatem,
2366 1772 2528 1833 atque
2562 1762 2764 1818 idcirco
2813 1762 3011 1834 injuSte
3050 1761 3118 1817 ab
3148 1761 3570 1819 Atheniensibus
3615 1776 3751 1818 con-

434 1848 673 1922 Eatposit.
704 1851 797 1921 βά.
840 1850 947 1923 59,
979 1868 1097 1923 pag.
1156 1852 1338 1924 1088).
1382 1850 1519 1921 Quid
1568 1852 1745 1925 igitur,
1779 1852 2035 1924 inquies?
2064 1869 2111 1929 Β
2142 1855 2481 1911 damnatum.
2527 1854 2632 1912 Sed
2669 1854 2932 1912 Minucius
2985 1857 3226 1910 insanatn
3262 1871 3481 1926 prorsus
3511 1853 3629 1924 ejus
3668 1863 3751 1913 te-

436 1944 658 2000 ldemne
702 1956 787 2000 est
828 1943 960 2000 deos
988 1961 1207 2015 negare,
1255 1961 1317 2000 ac
1341 1946 1407 2001 de
1439 1947 1541 2001 illis
1579 1945 1862 2002 dubitare?
1891 1950 1959 2003 At
1993 1946 2042 2003 si

434 2051 543 2092 non
569 2035 711 2093 idem
739 2052 960 2107 prorsus
981 2053 1195 2101 censes,
1222 2022 1345 2095 huic
1374 2049 1521 2095 certe
1548 2055 1707 2109 quam
1733 2041 2033 2110 proximum

2147 1950 2452 2004 meritatem
2507 1950 2746 2013 acriter,
2795 1948 2932 2004 sicut
2979 1947 3243 2014 vidimus,
3288 1964 3350 2003 ac
3401 1963 3497 2018 pro
3554 1947 3748 2003 merito

2144 2042 2421 2113 repressit.
2461 2040 2700 2112 Denique
2729 2040 2796 2097 de
2821 2041 2911 2097 illo
2936 2038 3252 2112 Protagora,
3274 2038 3511 2112 aliisque
3532 2038 3744 2105 duobus

435 2129 661 2197 dixeris,
713 2144 943 2186 necesse
980 2142 1084 2186 est.
1134 2132 1263 2186 Nam
1317 2132 1385 2188 de
1436 2133 1538 2188 hoc
1589 2134 1706 2203 ipso
1743 2134 2037 2205 Protagora
2140 2138 2312 2192 atlteis
2345 2138 2395 2192 in
2426 2137 2691 2208 superiori
2744 2137 3048 2207 Apparatus
3092 2134 3260 2193 nostri
3309 2144 3457 2192 tomo
3504 2128 3741 2208 aliquid,

431 2224 691 2293 scriptum
722 2224 790 2278 ab
820 2222 1052 2280 Eusebio
1082 2226 1308 2295 legimus
1335 2244 1347 2279 :
1382 2232 1698 2298 Πρωταγόρας
1724 2234 1862 2281 ἄθεον
1888 2236 2033 2291 tusi-

424 2340 545 2373 σιιτο
575 2321 731 2384 δόξω.
755 2326 959 2390 Aberat
982 2327 1093 2386 γοῦν
1136 2325 1302 2391 τοιᾷδε
1347 2331 1605 2393 κεχρῆσθαι
1642 2326 1851 2393 εἰσϐολῇ,
1892 2328 1939 2376 ιν
1961 2331 2030 2393 ᾧῷ

422 2418 529 2483 περὶ
572 2420 683 2466 θεῶν
712 2426 727 2476 ς
771 2416 853 2467 citis
880 2414 992 2467 οῗδι
1032 2415 1126 2469 οὔθ’
1154 2423 1215 2477 ὥς
1245 2420 1379 2479 εἰσιν,
1416 2417 1510 2470 οὔθ’
1537 2423 1595 2480 ὡς
1642 2423 1725 2471 oss
1755 2420 1892 2481 εἰςιν,
1932 2417 2030 2471 οὔθ’

418 2510 579 2560 ὁποῖοί
626 2530 747 2567 τινες
771 2511 917 2562 ἰδίαν.
952 2526 972 2560 ι
1001 2508 1324 2581 Protagoras
1354 2509 1498 2566 athel
1528 2510 1781 2581 opinione
1821 2511 2027 2566 labora.

2140 2226 2205 2283 de
2237 2230 2356 2284 aliis
2389 2245 2517 2285 vero
2546 2229 2911 2301 Scriptoribus
2935 2273 2948 2296 ,
2982 2230 3036 2285 in
3068 2230 3170 2286 isto
3204 2229 3416 2285 Minucii
3461 2230 3631 2284 nostri
3670 2227 3742 2283 li-

2142 2322 2238 2377 bro
2264 2322 2460 2387 citatis,
2488 2322 2589 2377 hac
2622 2323 2674 2377 in
2699 2321 3100 2389 dissertatione,
3133 2322 3221 2376 ubi
3247 2320 3460 2397 occasio
3489 2336 3615 2376 sese
3634 2319 3740 2376 ob-

2137 2414 2291 2482 tulit,
2321 2413 2427 2486 jam
2459 2413 2852 2488 disputavimus
2887 2413 3067 2487 (Tom.
3112 2432 3127 2469 ι
3194 2414 3449 2486 Apparat.
3498 2413 3596 2470 lib.
3640 2428 3738 2485 ιιι,

2134 2509 2349 2566 dissert.
2374 2526 2414 2579 ι,
2442 2526 2559 2582 cap.
2596 2511 2684 2578 ll,
2713 2520 2817 2565 art.
2848 2510 2903 2576 5,
2931 2524 3049 2582 pag.
3084 2507 3209 2577 785,
3238 2518 3294 2566 et
3313 2509 3515 2582 seqq.).

834 2698 914 2707 _
967 2696 1191 2707 ~———O’V~
1220 2700 1273 2705 ειν
1610 2701 1651 2708 -φ
3620 2708 3623 2711 -

434 2692 3738 2758 mw

651 2901 732 2974 Θ
1061 2882 1421 2968 CIRCA
1481 2884 1955 2969 CHRISTI
2013 2878 2444 2971 ANNUM
2487 2882 3084 2973 CCXXXVI.

871 3102 2192 3262 ANONYMUS
2313 3109 3278 3267 AUCTOR

1715 3404 2311 3530 ERONICI
2334 3452 2361 3497 ,

1048 3642 1235 3771 SUB
1315 3641 1906 3776 ALEXANDM
1980 3640 2362 3779 SEVERll
2436 3646 3066 3783 (IONSCRIPTI.

616 3909 1004 3956 rnossoosuaua
1048 3912 1116 3954 ex
1148 3912 1567 3957 ntssenrariosr.
1604 3918 1688 3959 ra.
1730 3918 2034 3959 Buscman
2066 3921 2133 3961 DE
2160 3918 2368 3962 canona
2396 3923 2654 3971 assensu
2680 3927 2725 3967 ε.
2756 3929 3029 3971 ιιιιιιιοιινιτι
3062 3915 3240 3990 plpud
3264 3914 3490 3973 Galland

1787 3995 1924 4054 Bibl.
1950 4009 2050 4055 υει.
2080 3999 2218 4069 PP.,
2245 4010 2282 4056 t.
2312 4000 2430 4076 Ill).
3282 4006 3283 4009 ‘

995 4150 1987 4195 Ἢ

1027 4302 1366 4361 SYNOPSIS.
2025 4317 2069 4378 (ζ

467 4391 507 4448 l.
565 4389 717 4448 Varia
744 4394 970 4452 uirorum
1004 4400 1315 4455 eruditorum
1343 4400 1533 4472 placita
1560 4401 1623 4456 de
1653 4400 1810 4471 huius
1835 4400 2003 4455 Chro-

394 4484 498 4539 nici
520 4495 743 4541 auctore.

2001 4148 3080 4194 Osirim..-

2176 4309 2262 4367 ιν.
2306 4309 2487 4384 Caugii
2514 4316 2761 4372 sententia
2800 4318 2863 4372 de
2901 4315 3184 4390 Hippolyto
3225 4318 3463 4375 Chronici
3502 4330 3711 4380 auctore

2113 4404 2428 4474 prapouitur.

2182 4493 2249 4549 V.
2290 4497 2353 4550 At
2394 4498 2446 4553 in
2484 4502 2734 4573 computis
2772 4503 2834 4557 ab
2876 4501 3160 4577 Hippolyto
3205 4506 3433 4562 dissentit
3474 4506 3713 4565 Chronici

466 4577 529 4634 ll.
563 4578 709 4633 Illud
747 4578 1032 4655 Hippolyto
1068 4585 1305 4657 episcopo
1343 4597 1391 4642 et
1430 4586 1643 4660 martyri
1683 4588 2003 4645 tribuendum
2107 4587 2345 4659 scriptor.

396 4671 630 4727 nonnulli
658 4674 1032 4731 existimarunt.

2181 4678 2267 4737 V'l.
2313 4680 2463 4751 Quod
2496 4684 2698 4754 quidem
2736 4687 2907 4744 allatis
2947 4690 2999 4745 in
3038 4693 3259 4747 medium
3293 4694 3539 4766 exentplis
3573 4696 3714 4753 evin-

2105 4787 2254 4830 ειηιν.

2176 4870 2288 4924 VII.
2333 4869 2788 4931 Demonstratiouis
2819 4876 2971 4950 hujus
3006 4877 3398 4937 Blancltiniantz
3422 4883 3705 4940 conclusio.

2178 4960 2314 5017 VIII.
2360 4961 2528 5020 Varia;
2558 4965 2798 5022 Chronici
2827 4972 3089 5026 mentoroti
3117 4972 3378 5030 editiones.

465 4765 553 4823 Ill.
596 4766 705 4822 Sed
729 4770 840 4841 ejus
869 4779 1065 4838 auctor,
1095 4773 1173 4828 vel
1201 4771 1373 4829 Heron
1400 4792 1463 4831 ea;
1496 4777 1802 4849 philosOpho
1832 4780 1998 4834 cla-is-

393 4861 561 4917 tianus
590 4871 637 4916 et
658 4873 874 4932 martyr,
893 4865 970 4921 uel
995 4868 1162 4937 potius
1188 4870 1511 4941 Anonymus,
1542 4875 1628 4945 qui
1654 4872 1746 4928 sub
1773 4868 2000 4929 Alexan-

391 4954 485 5009 dro
512 4956 703 5013 Severo
723 4959 922 5027 uixerit,
954 4960 1215 5017 habendus
1256 4964 1472 5019 videtur.

2091 5110 2208 5165 nius
2228 5107 2331 5180 (ἓ),
2357 5120 2409 5166 et
2435 5110 2743 5168 Dodwellus
2775 5113 2854 5187 (3)
2880 5132 2893 5169 :
2922 5131 3147 5187 quorum
3172 5118 3436 5187 posterior
3476 5120 3713 5193 Anony-

2090 5218 2233 5257 nmm
2251 5218 2355 5271 quo
2385 5203 2453 5259 de
2480 5207 2708 5276 agimus,
2739 5208 3019 5278 scripsisse
3038 5210 3420 5281 statuitpaucis
3436 5215 3709 5287 postHip-

2092 5296 2331 5366 polytum
2359 5299 2544 5363 annis;
2573 5314 2736 5369 quum
2765 5302 2894 5355 alias
2909 5312 3125 5359 sanctus
3156 5304 3245 5360 ille
3286 5317 3492 5379 martyr
3512 5319 3563 5362 et
3582 5311 3705 5379 epi-

2090 5404 2287 5459 scopus
2318 5391 2490 5461 primo
2506 5392 2748 5462 ejusdem
2779 5395 3065 5451 Alexandri
3093 5395 3278 5454 Severi
3302 5415 3446 5461 anno
3475 5401 3700 5473 Cyclum

2090 5498 2245 5537 suum
2291 5483 2573 5542 inchoasse
2617 5496 2887 5544 noscatur.
2941 5490 3232 5560 Caeterum,
3281 5492 3475 5564 inquit,
3532 5495 3699 5551 multa

459 5097 501 5156 l.
550 5099 693 5159 Inter
720 5119 883 5176 opera
920 5108 977 5166 S.
1020 5109 1289 5185 Hippolyti
1332 5116 1568 5188 episcopi
1609 5126 1664 5173 et
1706 5118 1981 5189 martyris,

385 5208 505 5262 qua:
551 5198 829 5265 superiore
866 5204 1135 5260 volumine
1177 5223 1216 5262 ιι
1254 5208 1477 5267 collecta
1509 5211 1666 5266 simul
1693 5212 1980 5278 edidimus,

385 5288 624 5342 nonnulli
676 5291 774 5347 viri
832 5294 972 5353 docti
1041 5303 1428 5358 recensendum
1497 5307 1870 5361 existimarunt
1931 5302 1993 5361 et

378 5373 693 5435 Cltronicun
738 5383 888 5451 illud,
918 5388 1058 5458 quod
1106 5394 1452 5466 Anonymus,
1486 5397 1577 5466 qui
1599 5397 1698 5451 sub
1729 5398 1986 5453 extremis

380 5469 681 5525 Alexandri
702 5473 886 5529 Severi
909 5477 1244 5548 imperatoris
1272 5487 1603 5555 temporibus
1627 5489 1823 5553 ﬂoruit,
1849 5489 1988 5545 Afri-

378 5577 516 5617 cano
545 5579 777 5633 coan'us,
802 5567 940 5623 circa
973 5570 1171 5631 Christi
1198 5592 1399 5635 annum
1428 5595 1668 5637 ccxxx“
1698 5583 1981 5653 scripsisse
2007 5597 2062 5658 1)

374 5659 723 5720 comperitur.
767 5660 912 5716 Hanc
949 5669 1266 5720 sententiam
1318 5689 1427 5720 nrm
1475 5675 1687 5720 nmmriﬁ
1732 5686 1815 5720 ρει,
1857 5694 1975 5720 nm-
2163 5705 2233 5720 η..
2266 5707 2321 5720 ...

374 5674 723 5726 comperttur.
767 5674 912 5716 Hanc
949 5674 1267 5727 sententiam
1318 5689 1427 5743 pra:
1475 5675 1687 5737 caeteris
1732 5686 1816 5733 est
1856 5694 1975 5734 am-

371 5751 560 5818 plexus
581 5751 643 5808 V.
661 5752 720 5809 C.
742 5753 973 5829 Congius
989 5758 1091 5831 (l).
1119 5761 1226 5822 Sed
1241 5766 1293 5821 in
1310 5768 1469 5824 aliam
1483 5770 1732 5827 abierunt
1745 5771 1973 5831 Pearso-

2145 5705 2238 5831 i(‘2)
2265 5707 2488 5764 Bissert.
2512 5708 2534 5764 l
2555 5710 2619 5765 de
2642 5710 2879 5769 Success.
2922 5716 3081 5787 prim.
3116 5715 3268 5772 Rom.
3301 5717 3601 5792 episc.cap.
3634 5735 3688 5788 ς,

2151 5816 2543 5935 Z3)_l?is§ertat.
2569 5855 2708 5929 sing.
2739 5845 2802 5913 de
2836 5858 2992 5915 Rom.
3028 5859 3191 5917 Pent.
3241 5862 3396 5934 print.
3440 5880 3680 5935 success.,

436 5890 514 5962 (l)
543 5893 756 5956 Przciat.
788 5895 855 5952 ad
878 5895 1069 5957 Clu-on.
1100 5900 1367 5981 Pascit.,§
1406 5926 1536 5968 xvnt
1563 5920 1617 5970 et
1642 5928 1772 5969 xxv.
2079 5890 2495 5994 captlizgvllé:
