4034 6320
299 414 402 472 C553

1786 410 2125 469 CIIRONICI.

3490 424 3598 482 654

293 536 477 586 noster
507 525 822 601 Anonymus
851 527 1031 596 habet,
1064 541 1182 599 qum
1205 542 1323 582 cum
1360 526 1741 599 itypttlitCSIltus
1766 526 1893 597 llip-
1920 524 1971 587 Α
1998 526 2221 583 Praestat
2240 527 2358 599 ejus
2386 529 2546 586 verba
2571 532 2953 590 transscribere
2971 548 3037 590 ex
3061 551 3285 594 numero
3306 555 3436 596 xvtu
3459 557 3601 613 pm.

287 622 450 694 polyti
482 618 875 694 chronologicis
908 622 960 677 in
1001 619 1238 692 ejusdem
1274 620 1515 676 Paschali
1543 618 1762 675 Conone
1790 620 1889 675 ob.

287 715 516 769 servatis
536 711 843 770 consentire
870 713 1166 781 videantur,
1198 728 1422 785 quicque
1447 710 1580 768 adeo
1604 711 1892 785 Hippolyto

287 808 630 880 Anonymum
667 808 917 866 debuisse
949 810 1027 867 fas
1058 819 1141 868 est
1169 819 1225 866 ut
1265 810 1619 882 suSpiccmur.
1649 809 1889 879 Quorum

288 901 504 972 quidem
542 901 779 958 virorum
818 903 1149 960 eruditorum
1184 902 1463 960 sententia:
1500 903 1587 959 illa
1620 904 1672 958 in
1707 903 1891 974 primis

289 1011 387 1053 nos
417 980 616 1068 Cogunt
643 997 925 1067 accedere,
968 1016 1087 1083 quae
1128 999 1226 1067 hac
1264 1000 1330 1055 de
1365 1015 1425 1055 re
1466 995 1721 1083 praeclare
1761 1000 1892 1054 satis

287 1088 575 1146 edisseruit
598 1089 824 1150 illustris
851 1090 1045 1163 praesul
1078 1074 1396 1148 Francisws
1424 1074 1770 1157 Bianchinius
1788 1090 1889 1164 (l).

291 1180 379 1236 Sic
409 1181 571 1253 igitur
598 1183 686 1239 ille
718 1201 733 1241 :

355 1276 424 1331 ll.
461 1296 478 1328 ι
517 1278 1018 1350 Dolebamus,quod
1047 1279 1183 1334 liber
1203 1279 1291 1334 ille
1318 1276 1668 1343 interciderit,
1699 1274 1891 1332 ubidi-

285 1379 527 1441 gesserat
550 1370 869 1444 Hippolytus
901 1371 1418 1429 Demonstrationem
1450 1383 1749 1443 temporqu
1766 1371 1896 1427 Pas;-

285 1456 401 1513 clue
447 1458 898 1529 quemadmodum
962 1460 1016 1515 in
1080 1460 1304 1515 Tabula.
1353 1460 1500 1529 Opus
1545 1460 1687 1517 enim
1739 1458 1889 1524 illud,

287 1550 334 1606 si
370 1550 438 1606 ad
468 1568 566 1609 nos
600 1552 866 1625 integrum
909 1553 1261 1624 pervenisset,
1305 1552 1492 1613 haberi
1520 1553 1745 1611 deberet
1776 1561 1895 1622 post

286 1660 468 1701 sacras
507 1644 737 1702 Litteras
785 1648 1024 1702 omnium
1094 1647 1568 1720 pretiosissimum.
1615 1647 1890 1719 Siquidem

288 1750 416 1796 ante
457 1739 800 1812 Hippolytum
842 1756 1002 1797 nemo
1028 1740 1328 1811 digesserat
1359 1742 1411 1798 in
1441 1753 1655 1823 certam~
1674 1743 1891 1810 seriem,

289 1849 391 1889 nec
418 1833 483 1888 ad
509 1832 657 1905 Cycli
682 1846 923 1889 normam
944 1833 1225 1905 redegerat
1246 1848 1431 1891 sacros
1455 1834 1679 1890 annales
1713 1854 1726 1890 :
1752 1832 1893 1905 quod

1996 622 2231 679 faliottis.

1996 746 2004 775 ι
2069 714 2156 771 ιγ.
2196 737 2213 768 ι
2251 718 2519 776 Craterum
2542 720 2811 796 Hippolyti
2838 722 3107 782 Chronico
3136 727 3203 785 de
3227 745 3332 801 quo
3366 734 3597 804 agimus,

1994 812 2266 879 geminum
2316 827 2484 883 prope
2523 823 2627 879 est,
2659 815 2758 871 nisi
2787 815 3076 887 ipsummet
3117 824 3402 894 exstiterit,
3424 825 3598 883 CiII‘O'

1997 901 2153 956 uicon
2194 903 2346 972 illttd,
2377 906 2519 976 quod
2551 906 2716 963 edidit
2764 906 3026 967 Henricus
3056 910 3322 983 Curtisius,
3378 926 3508 975 toni.
3539 936 3601 976 ιιι

1995 996 2176 1068 Antiq.
2210 999 2392 1069 ’l.ect.,
2446 1012 2501 1057 et
2546 1002 2819 1075 Philippus
2864 1005 3133 1076 Labbeus,
3186 1021 3317 1067 toni.
3358 1029 3375 1068 1
3433 1014 3600 1072 Novae

1996 1089 2341 1148 Bibliotheca:
2400 1110 2463 1149 ex
2518 1111 2622 1161 ms.
2676 1098 2796 1165 cod.
2842 1098 3066 1177 Collegii
3097 1103 3265 1161 Paris.
3294 1106 3417 1162 Soc.
3447 1107 3597 1177 Jesu,

2002 1180 2172 1238 hocce
2221 1183 2373 1240 titulo
2407 1205 2419 1239 :
2448 1174 2527 1242 De
2551 1187 2881 1247 divisionibus
2916 1204 2962 1247 et
3013 1176 3419 1267 generationibus
3468 1219 3600 1271 gen-

1996 1276 2139 1330 tium.
2202 1277 2352 1345 Quod
2410 1279 2623 1350 quidem
2666 1282 2966 1341 Chronicon
2996 1287 3061 1341 ad
3091 1289 3380 1347 Alexandti
3417 1292 3606 1350 Seteri

1996 1384 2195 1424 annum
2248 1386 2362 1437 xm,
2391 1387 2624 1442 cumque
2647 1372 2858 1445 imperii
2906 1386 3254 1450 postremum,
3300 1400 3406 1454 quo
3429 1387 3603 1457 impc-

1995 1473 2151 1520 rante
2204 1479 2263 1521 se
2313 1467 2511 1523 vixisse
2542 1484 2649 1524 nou
2702 1471 2868 1528 semel
2903 1484 3092 1531 auctor
3132 1477 3320 1544 innuit,
3357 1480 3607 1549 perduci-

1996 1564 2101 1611 tur.
2132 1556 2184 1612 Is
2210 1574 2340 1615 vero
2394 1561 2444 1615 in
2490 1561 2801 1632 praefatione
2847 1565 3242 1638 descripturum
3264 1586 3324 1627 se
3349 1573 3443 1641 ait,
3471 1572 3606 1629 Gen-

2000 1649 2124 1704 tium
2182 1652 2499 1722 divisionem,
2567 1664 2613 1710 et
2675 1668 2941 1728 parentum
2985 1659 3355 1718 dinumeratam
3392 1682 3609 1737 genera-

2000 1742 2229 1809 tionem,
2305 1746 2689 1804 inltabitationis
2749 1767 2949 1822 quoque
2984 1764 3233 1826 tempora,
3273 1768 3323 1812 et
3363 1759 3610 1815 bellorum

1997 1837 2399 1907 commissiones,
2434 1850 2479 1895 et
2531 1840 2779 1899 Judicum
2811 1855 3060 1916 tempora,
3097 1850 3183 1918 qui
3232 1860 3279 1905 et
3323 1868 3385 1906 ea:
3427 1854 3609 1923 quibus

286 1927 379 1985 ille
425 1927 677 2007 praestitit
719 1928 1143 1985 Christianorum
1181 1929 1503 1999 scriptorum
1539 1930 1762 2000 primus.
1791 1928 1892 1986 Oc-
1925 1928 1973 1990 B
2000 1927 2226 2001 Regibus
2271 1935 2381 1991 nati
2424 1946 2563 2005 sunt,
2608 1939 2881 2011 qualesque
2919 1944 3235 2013 captivitates
3298 1950 3505 2019 populi,
3562 1960 3611 2005 et

285 2023 542 2080 currebat
572 2023 743 2079 dolori
795 2032 982 2079 nostro
1021 2024 1101 2079 vir
1141 2023 1485 2080 doctissimus
1528 2024 1785 2080 Dominus
1827 2023 1900 2081 du

287 2116 474 2189 Gange
510 2118 563 2173 in
602 2127 875 2189 postrema
900 2118 1135 2184 editione
1164 2117 1438 2174 Paschalis
1477 2115 1729 2173 Chronici
1762 2134 1774 2172 :
1811 2116 1902 2172 ubi

284 2210 360 2268 de
390 2211 662 2284 Hippolyti
696 2209 940 2276 Cottone,
985 2220 1039 2271 et
1082 2210 1479 2266 Commentario
1524 2209 1745 2265 Paschm
1785 2208 1903 2280 plu-

287 2306 428 2364 rima
457 2322 579 2365 cum
609 2305 927 2369 disseruerit
955 2304 1195 2361 solidiori
1238 2322 1341 2376 qua
1407 2303 1571 2374 pollet
1602 2304 1904 2359 eruditione

286 2402 346 2457 in
377 2400 525 2455 omni
552 2412 751 2471 genere
782 2398 1266 2464 litterarnm,visus
1295 2408 1378 2454 est
1404 2398 1633 2469 aliquam
1667 2398 1717 2451 in
1751 2412 1901 2468 spem

292 2502 397 2548 nos
422 2490 689 2548 adducere
727 2488 845 2547 libri
888 2490 1194 2562 llippolytei
1223 2488 1527 2560 reperiundi
1560 2498 1772 2545 vetusto
1813 2487 1904 2545 illo

291 2584 348 2639 iu
417 2583 625 2649 codice,
691 2597 850 2654 quem
912 2580 1158 2637 Canisius
1205 2581 1559 2651 Antiquarum
1613 2581 1904 2637 lectionum

291 2688 446 2736 tome
489 2694 572 2747 ut,
600 2687 656 2735 et
698 2677 946 2737 Lahbeus
998 2677 1052 2737 in
1111 2677 1288 2748 primo
1336 2676 1684 2737 Bibliothecae
1718 2676 1907 2737 Manu-

290 2773 617 2844 scriptorum
647 2772 863 2844 publico
890 2771 1032 2826 bono
1060 2771 1113 2825 in
1144 2771 1314 2838 lucem
1339 2770 1693 2841 protulerant.
1726 2770 1904 2825 Ador-

292 2868 452 2925 navit
480 2883 609 2924 vero
637 2868 799 2923 etiam
830 2866 946 2937 ipso
965 2865 1032 2922 γ.
1054 2864 1117 2921 C.
1151 2866 1362 2921 tertiam
1389 2862 1628 2934 ejusdem
1658 2863 1908 2933 opusculi

289 2964 611 3033 editionem,
635 2978 786 3018 num.
810 2963 867 3027 4,
918 2963 971 3017 in
993 2948 1218 3017 Selectis
1244 2961 1309 3015 ad
1339 2958 1712 3016 illustrandum
1743 2958 1907 3014 Chro-

294 3060 487 3125 nicon,
519 3057 662 3131 quod
692 3057 914 3129 parabat
945 3075 959 3109 :
992 3056 1155 3133 cujus,
1172 3056 1381 3111 titulum
1412 3056 1464 3111 in
1493 3056 1728 3111 indiculo
1758 3073 1779 3105 ο
1809 3055 1906 3111 Se-

291 3152 451 3210 lectis
484 3171 503 3205 ›
536 3152 760 3223 ιπωῆχο
786 3164 852 3207 ex
877 3148 1109 3220 antiquis
1138 3146 1463 3204 membranis
1493 3160 1614 3204 cum
1656 3144 1908 3211 redderet

290 3260 420 3317 pag.
466 3243 594 3310 405,
642 3244 715 3298 ita
761 3239 1159 3299 commendavit
1189 3256 1202 3296 :
1232 3239 1319 3297 iV.
1354 3230 1515 3298 Liber
1541 3240 1907 3313 generationis

289 3337 364 3393 ab
400 3336 571 3394 Adam
597 3351 765 3408 usque
792 3334 861 3392 ad
896 3333 1139 3391 ordinem
1176 3350 1294 3404 quae
1323 3334 1445 3407 (sic)
1476 3334 1822 3390 continentur
1850 3335 1902 3390 in
1930 3324 1975 3387 C

289 3433 402 3490 hoc
431 3432 588 3488 libro.
639 3431 787 3503 Opus
820 3429 963 3503 quod
1019 3428 1306 3501 Hippolyto
1360 3428 1645 3484 Portuensi
1672 3427 1905 3484 adscribi

244 3540 249 3547 δ
292 3540 459 3599 posse
498 3525 747 3581 duximus
792 3523 847 3579 in
892 3521 1258 3579 Prtefatione:
1297 3536 1360 3576 ex
1405 3520 1640 3577 editione
1689 3520 1903 3577 Henrici

292 3614 526 3685 Canisii,
572 3625 628 3672 et
656 3615 885 3687 Philippi
924 3614 1125 3671 Labbei
1151 3613 1219 3670 ad
1250 3612 1407 3670 tidem
1449 3612 1650 3670 codicis
1681 3611 1905 3685 Collegii

290 3714 471 3772 Paris.
522 3711 648 3769 Soc.
702 3710 828 3769 Jesu
873 3711 1230 3782 recognitum.
1281 3729 1302 3764 ›
1345 3710 1411 3767 Et
1445 3720 1592 3767 certe
1621 3704 1904 3780 inprazfa-

292 3811 448 3867 tione
479 3808 740 3880 plurimus
770 3816 852 3864 est
886 3808 940 3863 in
974 3805 1301 3878 coniecturis
1329 3804 1729 3875 conquirendis,
1762 3804 1905 3861 unde

290 3901 592 3974 Hippolyto
642 3899 898 3972 Martyri,
957 3915 1115 3973 quem
1181 3898 1532 3954 Portuensem
1594 3897 1904 3969 episcopum

291 4010 364 4053 ex
392 4010 470 4050 vn
509 3992 895 4049 suburbieariis
933 3989 1098 4047 fuisse
1127 3998 1387 4059 autumat,
1420 3989 1581 4046 tribui
1609 4000 1719 4061 prae
1744 3998 1906 4046 caete-

292 4089 373 4145 ris
398 4085 615 4143 debeat.

366 4178 458 4237 ill.
490 4178 711 4246 Verum,
740 4178 787 4233 si
806 4176 873 4234 ad
896 4175 1243 4251 Hippolytum
1275 4176 1583 4247 episcopum
1613 4183 1669 4232 et
1704 4182 1907 4246 marty-

295 4291 418 4334 rem
441 4273 628 4330 Canon
654 4273 757 4330 iste
779 4286 1113 4329 marmoreus
1134 4270 1446 4327 referendus
1463 4279 1566 4335 est,
1591 4277 1647 4325 ut
1666 4267 1903 4327 omnium

294 4371 583 4427 doctorum
616 4367 888 4438 ipsiusque
929 4363 1066 4422 adeo
1105 4362 1289 4435 Cangii
1334 4360 1589 4432 suﬂ‘ragio
1636 4360 1902 4427 refertur;

294 4463 796 4521 demonstraturum
840 4474 927 4515 me
969 4470 1092 4515 esse
1120 4455 1356 4523 conﬁdo,
1398 4454 1465 4509 ad
1501 4452 1749 4511 eumdem
1778 4453 1907 4524 Hip-

296 4557 542 4631 polytum
578 4569 690 4611 non
720 4552 987 4625 pertinere
1012 4550 1253 4605 codicem
1280 4547 1428 4602 illum
1456 4545 1822 4610 Cauisianum,
1852 4554 1908 4601 et

295 4653 670 4718 Labbeanum,
700 4638 985 4718 caeteroqui
1015 4643 1361 4717 spectabilem
1400 4659 1414 4696 :
1454 4639 1549 4698 sed
1578 4655 1700 4697 esse
1729 4639 1906 4711 potius

2004 2023 2187 2094 quibus
2230 2023 2499 2083 Iudicibus
2554 2030 2876 2102 contigerint,
2928 2035 3114 2105 quique
3141 2037 3463 2108 Sacerdotes,
3500 2044 3615 2114 qui-

2006 2116 2097 2171 bus
2125 2121 2435 2190 temporibus
2482 2127 2707 2194 fuerunt,
2763 2135 2809 2180 et
2856 2142 2969 2198 qua:
2994 2131 3199 2201 divisio,
3230 2144 3276 2188 et
3301 2151 3415 2205 qua:
3440 2138 3613 2207 perdi-

2008 2212 2077 2266 tio
2127 2217 2268 2286 facta
2312 2218 2399 2287 sit,
2454 2235 2675 2284 quonam
2717 2222 2866 2277 modo
2902 2228 3163 2295 generatio
3197 2231 3403 2284 seminis
3445 2229 3615 2286 Israel

2007 2305 2070 2360 de
2101 2306 2343 2364 Patribus
2392 2311 2445 2364 in
2472 2310 2674 2367 Christo
2724 2317 2976 2384 completa
3007 2317 3094 2385 sit,
3123 2329 3170 2373 et
3195 2332 3316 2390 quot
3336 2324 3615 2392 quantique

2006 2417 2097 2472 per
2150 2412 2342 2473 quanta
2417 2414 2641 2477 tempora
2698 2408 3082 2464 dinumerantur
3141 2413 3265 2467 anni
3305 2432 3337 2467 α
3379 2427 3614 2470 creatura

2007 2494 2186 2548 swculi
2232 2512 2390 2568 usque
2435 2498 2489 2551 in
2522 2500 2676 2554 nunc
2715 2502 2871 2559 diem.
2914 2502 3223 2560 Praefatioui
3255 2505 3416 2562 index
3447 2508 3615 2577 subji-

2008 2590 2180 2656 citur,
2232 2591 2387 2662 cujus
2439 2603 2601 2665 caput
2663 2595 2810 2652 hisce
2861 2598 3039 2655 verbis
3103 2611 3422 2671 conceptum
3478 2602 3613 2673 legi-

2010 2693 2097 2738 tur
2128 2702 2142 2737 :
2178 2682 2476 2740 Declaratio
2509 2686 2749 2752 Pass/nu,
2790 2698 2839 2743 et
2888 2692 3005 2761 quis
3069 2694 3274 2761 quando
3303 2696 3517 2749 servavit
3552 2711 3617 2751 ea:

2012 2777 2322 2847 temporibus
2386 2778 2557 2851 Moysi
2581 2782 2632 2836 in
2686 2783 2819 2837 hunc
2849 2784 3001 2840 diem.
3047 2785 3176 2854 Qua:
3204 2788 3417 2858 quidem
3448 2790 3513 2844 ad
3548 2806 3617 2847 ea

2010 2867 2320 2925 referuntur
2363 2888 2484 2941 «tua:
2533 2874 2800 2929 habentur
2859 2876 2911 2931 iu
2982 2892 3043 2933 ea
3111 2881 3373 2947 sectione,
3421 2882 3510 2937 ubi
3545 2883 3614 2939 de

2013 2961 2275 3018 Faschate
2307 2964 2534 3020 subinde
2586 2983 2613 3020 a
2662 2966 2863 3023 Judacis
2892 2981 3081 3026 exacto
3128 2972 3320 3041 agitur.
3352 2973 3487 3029 Tum
3517 2975 3614 3031 ad-

2010 3055 2157 3111 ditur
2195 3073 2207 3109 :
2250 3057 2293 3111 Α
2344 3061 2672 3131 generatione
2704 3072 2877 3116 autem
2916 3063 3108 3131 Clu-isti
3146 3076 3259 3136 post
3297 3083 3403 3122 xxx
3449 3085 3615 3125 annos

2011 3166 2125 3204 cum
2149 3167 2331 3222 passus
2345 3164 2417 3209 est
2432 3152 2700 3225 Dominus,
2750 3154 2958 3212 Pascha
2991 3157 3293 3218 celebratur.
3316 3159 3362 3215 -Ι
3368 3181 3458 3235 pse
3480 3166 3619 3219 enim

2010 3255 2118 3299 erat
2156 3245 2359 3315 justum
2390 3245 2618 3306 Pascha.
2642 3251 2687 3305 Α
2722 3249 2975 3309 Passione
3019 3266 3189 3311 autem
3217 3255 3431 3313 Domini
3459 3272 3618 3331 usque

2008 3340 2062 3393 in
2124 3356 2219 3396 xm
2273 3360 2467 3398 annum
2507 3345 2707 3419 imperii
2756 3344 3035 3404 Alexandri
3084 3350 3299 3408 Caesaris
3334 3355 3456 3410 anni
3494 3372 3617 3415 CCVI

2007 3443 2259 3490 servatum
2312 3448 2384 3492 est
2412 3437 2635 3505 Pascha,
2665 3442 2803 3512 quod
2843 3445 2897 3498 in
2949 3432 3478 3505 commemorationem
3508 3450 3618 3506 Do-

2008 3528 2134 3581 mini
2183 3531 2343 3585 nostri
2391 3531 2517 3588 Jcsu
2565 3532 2755 3590 Christi
2779 3540 3247 3595 servaturanobis.
3273 3540 3435 3597 Fiunt
3461 3544 3620 3614 igitur

2009 3638 2181 3677 omnes
2247 3628 2371 3681 anni
2428 3627 2492 3681 ab
2533 3628 2701 3685 Adam
2767 3648 2924 3703 usque
2969 3635 3022 3688 in
3062 3635 3194 3689 hunc
3232 3636 3367 3692 diem
3401 3640 3526 3694 anni
3556 3657 3613 3706 v,

2008 3730 2375 3776 noccxxxvnt.
2423 3721 2554 3790 Qum
2600 3724 2813 3793 quidem
2857 3725 2944 3781 hic
2986 3742 3015 3780 a
3068 3727 3226 3786 nobis
3249 3729 3406 3784 allata
3430 3730 3474 3787 si
3495 3732 3617 3802 quis

2008 3821 2128 3862 cum
2172 3809 2256 3877 iis,
2313 3826 2434 3883 qua:
2475 3812 2543 3869 de
2580 3812 2851 3888 Hippolyti
2901 3816 3174 3875 Chronico
3225 3821 3515 3892 attigimus,
3545 3824 3618 3882 ad

2009 3901 2263 3961 amussim
2320 3903 2568 3962 conferre
2620 3907 2786 3973 velit;
2834 3909 2966 3965 illud
3012 3910 3188 3981 ipsum
3217 3929 3339 3970 esse
3367 3915 3615 3985 ejusdem

2006 3994 2312 4055 Chronicnn
2365 3998 2504 4054 haud
2546 3998 2833 4058 difﬁculter
2861 4001 3000 4059 forte
3021 4006 3296 4074 concedet,
3345 4008 3429 4063 cui
3450 4007 3614 4065 later-

2007 4088 2185 4145 culum
2230 4091 2275 4147 is
2318 4093 2674 4163 praemiserit,
2724 4096 2806 4151 vel
2847 4096 3144 4155 subdiderit
3212 4099 3265 4155 in
3335 4101 3616 4160 Paschalis

2008 4182 2150 4252 l‘esti,
2200 4183 2267 4241 de
2308 4202 2414 4256 quo
2448 4185 2499 4240 in
2528 4186 2639 4254 illa,
2669 4205 2829 4260 quam
2847 4190 3099 4262 diximus,
3121 4195 3360 4252 sectione
3384 4197 3513 4268 egit,
3532 4197 3618 4254 in-

2007 4276 2255 4334 veniendi
2285 4278 2557 4336 Cononem
2582 4296 2674 4338 seu
2695 4282 2930 4353 regulam
2976 4302 2988 4337 :
3029 4285 3095 4340 ad
3132 4303 3290 4358 quam
3313 4290 3617 4360 praeteritos

2009 4380 2063 4426 et
2105 4381 2391 4442 sequentes
2430 4390 2601 4430 annos
2662 4375 2969 4446 expendere
3002 4378 3257 4436 lectorem
3300 4382 3548 4438 voluerit.
3584 4404 3605 4435 ι

2084 4466 2149 4521 ν.
2192 4466 2359 4524 Recte
2405 4467 2621 4538 quidem
2657 4480 3063 4540 argumentatur
3100 4489 3167 4529 ex
3211 4473 3360 4531 hisce
3397 4474 3612 4532 duobus

2011 4559 2250 4616 numeris
2293 4575 2556 4617 annorum
2601 4576 2628 4616 a
2657 4562 2911 4619 Passione
2941 4564 3149 4623 Domini
3176 4566 3240 4622 ad
3287 4582 3485 4624 annum
3514 4586 3613 4626 xnr

2007 4652 2192 4709 Severi
2215 4654 2530 4723 Alexandri,
2558 4671 2655 4711 nec
2681 4671 2786 4711 non
2822 4657 2889 4711 ab
2914 4674 3001 4726 eo,
3031 4674 3190 4730 quem
3220 4677 3334 4717 xxx
3364 4663 3450 4719 vel
3482 4680 3616 4721 xxx:

296 4743 670 4811 referendum,
718 4741 798 4798 vel
846 4738 911 4795 ad
962 4738 1230 4797 Heronem
1276 4736 1423 4793 illum
1470 4751 1534 4792 ex
1586 4732 1901 4805 philosopho

2008 4752 2134 4800 ante
2172 4744 2488 4803 Passionem
2539 4764 2607 4805 ex
2654 4759 2894 4807 veterum
2938 4755 3201 4809 sententia
3254 4756 3613 4814 lncarnationi

297 4841 654 4899 christianum
700 4845 753 4892 et
792 4843 1078 4907 martyrem
1120 4852 1133 4889 :
1180 4848 1339 4903 quem
1386 4832 1500 4902 ipse
1543 4846 1570 4882 a
1614 4836 1904 4883 ueocoratu

301 4934 491 5007 templi
527 4930 802 5003 Sarapidis
831 4930 882 4984 in
920 4924 1084 4984 Portu
1128 4926 1373 4981 Romano
1404 4922 1470 4979 ad
1504 4921 1702 4979 Christi
1743 4919 1903 4976 iidem

301 5037 584 5088 evocatum
608 5026 908 5094 suSpicatur
933 5037 997 5078 ex
1021 5020 1205 5078 Graeca
1231 5018 1578 5089 inscriptione
1601 5015 1744 5087 apud
1771 5017 1905 5086 Spo-

301 5121 478 5189 nium,
497 5127 633 5177 sect.
655 5133 714 5187 ι,
744 5133 893 5173 num.
923 5114 1236 5180 22,8evero
1262 5108 1901 5181 Alexandroimperante,

302 5214 516 5284 ipsique
562 5212 699 5267 adeo
744 5208 1033 5280 Hippolyto
1072 5206 1366 5278 aequalem;
1397 5212 1453 5260 et
1479 5204 1546 5261 de
1575 5201 1906 5274 temporibus

304 5305 588 5376 scripsisse
606 5303 767 5360 docet
783 5318 849 5359 ex
867 5310 1107 5358 veterum
1129 5298 1465 5366 testimoniis,
1484 5314 1712 5367 eumque
1730 5296 1907 5354 adhuc

306 5398 637 5470 neopliytum
683 5394 930 5466 explesse
970 5394 1307 5466 martyrium.
1353 5393 1566 5448 Accedo
1611 5394 1789 5463 itaque
1838 5389 1905 5447 ad

305 5506 433 5550 eam
467 5489 810 5562 sententiam.
842 5502 1001 5559 quam
1038 5488 1276 5545 secundo
1313 5488 1435 5542 loco
1472 5486 1613 5545 idem
1659 5485 1907 5542 laudatus

308 5595 496 5644 auctor
536 5587 587 5642 in
619 5584 931 5657 praefatione
966 5584 1256 5648 subtexuit,
1288 5583 1472 5639 dicens
1504 5582 1587 5638 vel
1620 5581 1910 5652 Hippolyto

308 5681 584 5753 episcopo,
641 5698 661 5731 ι
717 5678 798 5733 vel
843 5677 1052 5734 auctori
1093 5676 1422 5748 synehrono,
1467 5674 1555 5745 qui
1588 5672 1776 5729 vixerit
1810 5673 1910 5729 Sub

312 5774 619 5833 Alexandro
663 5773 928 5846 Augusto,
989 5793 1007 5827 ι
1060 5786 1180 5830 esse
1228 5772 1420 5828 librum
1474 5769 1912 5842 adjudieandum.

385 5906 466 5978 (i)
497 5906 630 5979 Cap.
660 5907 716 5973 ’5,
747 5907 774 5981 ᾗ
809 5908 864 5977 τ,
898 5918 1048 5980 seqq.
1085 5906 1309 5979 Etapud
1336 5905 1577 5974 Fabric.,
1605 5913 1735 5964 tom.
1782 5920 1909 5978 opp.

318 5996 358 6039 ι.
386 5998 441 6059 p.
474 5982 539 6038 l4
559 5990 615 6038 et
639 5995 791 6053 seqq.

2013 4839 2301 4897 Dominicac
2332 4843 2615 4899 tribuebat.
2649 4845 2786 4914 Quin
2830 4847 3012 4915 etiam,
3060 4859 3118 4906 ut
3145 4850 3336 4908 addam
3378 4854 3610 4924 reliquas

2010 4934 2258 5007 Epochas
2285 4937 2335 4991 in
2373 4953 2676 4997 marmoreo
2713 4940 2929 4998 Canone
2968 4944 3281 5011 recensitos,
3315 4949 3609 5005 concedam

2011 5030 2294 5101 plerasque
2336 5047 2519 5088 earum
2567 5048 2687 5089 eum
2732 5036 2970 5092 numeris
3024 5038 3223 5093 codicis
3255 5038 3521 5097 Lahbeani
3559 5053 3616 5099 ct

2009 5124 2279 5195 Canisiani
2317 5145 2633 5200 congruere.
2668 5131 2861 5188 Verum
2889 5148 3010 5188 cum
3054 5133 3361 5207 discrepent
3389 5139 3457 5194 ab
3497 5140 3610 5195 eis-

2011 5220 2133 5276 dem
2161 5206 2402 5293 rcliqum,
2427 5239 2597 5294 eaque
2622 5226 2975 5296 potissimum,
3004 5243 3123 5299 qua:
3147 5206 3331 5286 deﬂuit
3350 5232 3609 5289 interval.

2012 5316 2121 5372 lum
2146 5318 2284 5373 inter
2309 5316 2416 5375 duo
2442 5320 2718 5388 Paschata,
2752 5320 2923 5377 Exodi
2950 5331 3004 5378 et
3030 5318 3301 5395 Ezechiae,
3335 5327 3612 5386 evidenter

2012 5411 2330 5479 ostenditur,
2350 5428 2708 5470 marmoreum
2725 5415 2992 5488 Hippolyti
3008 5416 3312 5476 Chronicon
3331 5421 3611 5482 diversum

2013 5516 2186 5559 ossea
2220 5504 2434 5575 Scripto
2485 5506 2586 5576 ipsi
2630 5507 2821 5578 aequali
2871 5508 3195 5580 incompulis
3245 5511 3607 5572 dissentienti.

2012 5598 2145 5654 Cum
2170 5612 2296 5653 vero
2310 5607 2520 5654 constet
2548 5598 2820 5672 Hippolyti
2839 5617 3088 5659 numeros
3121 5613 3227 5660 tam
3260 5623 3423 5678 prope
3460 5625 3619 5666 acce-

2014 5692 2142 5748 dere
2172 5692 2236 5748 ad
2277 5692 2587 5764 peritiorem
2614 5693 3075 5766 Chronologorum
3104 5700 3419 5767 sententias,
3444 5704 3520 5757 ιιιί
3548 5719 3619 5759 ex

2016 5788 2418 5858 comparatione
2434 5797 2711 5843 ostensum
2735 5787 2828 5844 fuit
2851 5805 2971 5861 pag.
2999 5791 3098 5849 105
3114 5806 3254 5865 seq,
3279 5805 3461 5849 contra
3491 5812 3618 5852 vero

2018 5881 2207 5935 vitiosa
2249 5879 2531 5937 manifeste
2572 5881 2640 5936 sit
2680 5883 3009 5954 computatio
3065 5887 3331 5959 Anonymi
3379 5889 3430 5943 in
3485 5889 3624 5945 deli-

2021 5971 2218 6031 uicndo
2250 5975 2549 6046 praesertim
2576 5975 2861 6037 intervallo
2887 5993 2914 6035 a
2941 5978 3203 6038 Paschatc
3229 5979 3391 6041 Josue
3417 5983 3482 6041 ad
3525 5982 3628 6044 Pa-
