4038 6308
319 251 425 309 657

1829 204 2170 268 CHRONICI.

3520 175 3628 233 658

322 366 434 426 592
476 380 509 422 a
545 361 808 422 Paschate
834 359 1000 415 Josue
1027 351 1094 408 ad
1134 346 1342 406 initium
1373 339 1540 399 David
1571 334 1735 393 additi
1769 331 1923 386 annis
1953 328 1999 387 Α
2030 325 2080 377 in
2111 317 2428 376 marmoreis
2448 311 2656 370 cellulis
2677 308 2776 364 sibi
2801 305 3003 378 optime
3027 308 3302 362 constans,
3325 293 3391 350 ad
3418 293 3635 348 vitiatos

2115 415 2146 426 ..
2460 421 2568 426 ,__-
2613 405 2750 426 τμη..
2780 416 2836 426 ,Α
2878 394 3195 426 mmmam“
3249 399 3297 426 nl
3328 388 3394 426 ah
3437 398 3635 426 smnmr.

322 461 434 520 342
459 460 528 514 ab
569 457 722 513 initio
759 450 924 510 David
958 447 1024 504 ad
1058 445 1264 502 initium
1298 435 1565 501 Ezechias,
1598 426 1927 486 constituunt

326 569 590 615 summam
615 550 742 607 954.

399 651 467 707 At
498 649 552 704 in
580 658 786 702 summa
817 638 1007 710 capitis
1030 651 1136 691 xvn
1157 625 1428 688 Canisiani
1452 666 1465 690 ,
1495 633 1550 678 et
1579 614 1835 675 seetionis
1857 627 1928 666 xu

327 739 600 799 Labbeani
648 734 852 793 codicis
888 706 1044 787 idem
1098 720 1438 781 intervallum
1487 711 1745 770 minuitur
1793 706 1929 776 plus-

331 852 491 908 quam
519 831 732 890 smculis
761 837 992 900 quatuor
1024 840 1038 879 :
1068 836 1191 877 nam
1223 813 1562 872 constituitur
1590 801 1929 862 intervallum

332 894 399 988 ab
419 931 584 986 Josue
609 894 871 982 Paschate
897 920 962 975 ad
991 915 1196 974 Pascha
1223 909 1470 967 Ezechia:
1508 915 1768 959 annorum
1798 894 1923 952 464.

407 1023 521 1080 VII.
571 1021 665 1076 His
699 1010 1152 1074 anachronismis.
1199 1016 1251 1062 ct
1290 994 1723 1059 antiehronismis
1753 991 1819 1065 (si
1851 987 1930 1044 fas

335 1132 416 1176 ρει
437 1117 636 1182 dicere)
673 1128 777 1168 non
816 1109 1020 1165 laborat
1050 1115 1286 1160 marmor
1312 1093 1616 1166 Hippolyti:
1651 1090 1700 1143 in
1733 1099 1838 1156 quo
1862 1082 1935 1136 vi-

335 1211 532 1276 dimus,
554 1203 830 1262 intervalla
849 1217 912 1256 ex
935 1197 1132 1268 duplici
1153 1200 1427 1263 computo,
1457 1197 1563 1240 tam
1593 1202 1611 1236 ι
1636 1177 1883 1249 simplici,
1908 1196 1926 1228 ι

337 1319 496 1375 quam
528 1320 546 1352 ι
582 1301 731 1370 juxta
759 1294 1052 1354 Danielcm,
1088 1309 1107 1344 ι
1139 1289 1336 1360 optime
1371 1279 1676 1339 consmtire
1697 1291 1816 1332 cum
1844 1288 1932 1328 ra-

341 1397 570 1452 tionibus
610 1389 968 1447 celebriorum
1007 1381 1490 1449 Chronologorum,
1537 1373 1662 1429 dum
1693 1365 1938 1425 interval-

339 1493 448 1546 lum
475 1488 544 1543 ab
571 1485 758 1542 Exodo
787 1482 852 1537 ad
894 1479 1096 1536 Pascha
1128 1473 1369 1534 Ezechias
1395 1485 1461 1524 ex
1501 1465 1812 1523 cellularum
1840 1459 1942 1514 dis-

343 1582 606 1654 positione
643 1574 1066 1647 deprehenditur
1106 1582 1368 1624 annorum
1397 1561 1523 1626 795.
1547 1560 1696 1634 juxta
1735 1553 1940 1625 simpli-

342 1691 458 1731 cem
485 1672 775 1736 calculum,
807 1667 890 1724 vel
919 1666 1018 1722 791
1055 1682 1072 1714 ι
1101 1663 1253 1732 juxta
1284 1658 1558 1714 Danielcm
1590 1673 1602 1708 :
1645 1673 1664 1704 ι
1701 1650 1941 1717 adeoque

345 1768 530 1825 haberi
577 1763 886 1821 distantiam
933 1755 1177 1814 Ezechiae
1205 1769 1235 1807 a
1265 1750 1526 1807 Paschatc
1563 1747 1726 1802 Josue
1751 1741 1855 1796 749
1882 1754 1948 1795 ex

344 1861 554 1919 calculo
601 1857 852 1928 simplici,
894 1864 949 1910 et
986 1851 1092 1908 750
1129 1864 1195 1904 ex
1226 1845 1433 1902 calculo
1467 1844 1622 1914 juxta
1651 1837 1943 1895 Danielcm.

346 1955 536 2026 Neque
561 1954 704 2009 enim
731 1951 886 2005 aliter
915 1946 1216 2003 inciderent
1244 1945 1296 1997 in
1325 1940 1545 1996 ccllnlas
1567 1937 1815 1992 lemmata
1837 1931 1948 1993 illa,

353 2050 591 2109 Exonus,
616 2056 672 2100 et
691 2044 871 2110 Jssus,
901 2051 957 2098 et
980 2042 1260 2104 Ezscmxs,
1293 2035 1390 2090 nisi
1412 2041 1616 2104 septem
1639 2027 1823 2084 solidae
1853 2025 1954 2080 Pc-

347 2144 482 2199 iiodi
510 2143 748 2196 minores
777 2137 1040 2194 annorum
1069 2135 1194 2199 ΗΞ,
1222 2144 1272 2188 et
1299 2141 1558 2204 prteterea
1587 2125 1713 2180 anni
1755 2121 1789 2177 9
1823 2135 1954 2190 sup-

351 2246 622 2309 ponantur
651 2232 920 2289 numerari
947 2246 975 2284 a
1007 2227 1269 2284 Paschatc
1301 2222 1469 2280 Exodi
1499 2221 1564 2275 ad
1592 2216 1794 2274 Pascha
1825 2215 1955 2270 Eze-

349 2332 488 2388 chia:
521 2347 534 2385 τ
568 2339 623 2386 et
653 2325 866 2383 Periodi
899 2325 1134 2380 minores
1163 2329 1390 2390 septem,
1422 2315 1715 2371 imminut-.c
1752 2307 1957 2363 cellulis

349 2428 464 2482 sive
511 2423 668 2478 annis
714 2419 785 2476 ’52
837 2419 986 2489 juxta
1037 2413 1332 2485 simplicem
1384 2406 1688 2467 calculum,
1744 2402 1833 2456 vel
1890 2399 1959 2456 33

359 2539 376 2571 ι
413 2517 566 2588 juxta
593 2513 866 2571 Danielcm
891 2532 909 2564 ι
932 2511 1177 2567 dicantur
1197 2506 1456 2560 interesse
1473 2517 1498 2554 a
1520 2492 1960 2554 PaschateJosue

360 2612 426 2666 ad
450 2611 657 2665 Pascha
679 2606 958 2664 Ezechiae:
981 2617 1104 2658 cum
1128 2611 1461 2668 unaqna'que
1483 2592 1734 2665 periodus
1760 2589 1958 2655 minor,

356 2705 444 2759 ubi
489 2703 661 2758 solida
709 2702 801 2764 sit,
833 2697 1076 2755 eamdem
1124 2701 1335 2763 repetat
1373 2688 1623 2744 cellulam
1654 2703 1666 2738 :
1700 2696 1751 2739 et
1781 2695 1964 2737 unum:

367 2799 616 2870 quodque
643 2796 897 2851 szeculum
925 2789 1133 2847 cellulis
1163 2803 1238 2842 xu
1265 2782 1569 2841 retrocedat
1609 2782 1662 2836 in
1702 2791 1963 2833 annorum

358 2890 788 2960 consignatione.
826 2885 1062 2941 Necesse
1104 2881 1263 2951 igitur
1302 2886 1385 2934 est
1409 2891 1581 2932 annos
1621 2870 1966 2941 interpositos

359 2986 428 3040 ah
450 2983 644 3038 Exodo
672 2981 736 3034 ad
761 2978 1043 3036 Ezechiam
1072 2974 1255 3029 haberi
1288 2987 1355 3026 ex
1388 2971 1536 3026 hisce
1557 2967 1795 3023 cellulist
1815 2964 1965 3033 juxta

364 3075 632 3132 Danielcm
667 3094 684 3126 ι
717 3072 798 3127 vel
826 3072 881 3136 7,
909 3071 990 3125 vel
1025 3067 1149 3134 “9,
1180 3065 1267 3121 vel
1293 3065 1421 3130 25!,
1452 3063 1534 3117 vel
1559 3061 1688 3125 245,
1721 3057 1807 3113 vel
1836 3055 1962 3119 545,

363 3171 446 3226 vel
493 3169 622 3233 457,
654 3166 739 3222 vel
783 3165 909 3228 569,
957 3163 1038 3218 vel
1070 3162 1197 3226 681,
1244 3158 1386 3231 quod
1421 3171 1579 3212 netno
1607 3151 1803 3209 dixerit
1829 3149 1968 3204 nulla

2031 415 2274 471 eodiCum
2316 421 2573 466 numeros
2597 405 2750 483 [inter
2780 416 2838 455 se
2877 394 3220 456 dissidentes,
3249 388 3394 444 etab
3437 398 3638 454 anonyo

2030 507 2132 563 mis
2177 502 2485 559 auctoribds
2521 478 2810 566 acceptos,
2862 500 2971 545 tum
3027 485 3095 541 ab
3147 478 3430 552 anonymis
3469 475 3638 528 latine

2030 600 2272 658 redditos
2317 595 2678 651 inﬂectantur.
2707 585 2881 642 Velim
2927 580 3125 654 potius,
3149 585 3207 632 ut
3248 589 3315 630 ex
3346 569 3451 627 iidc
3477 567 3640 635 hujus

2031 675 2266 750 Canonis
2321 683 2624 756 Hippolytei
2679 678 3018 748 corrigantur
3063 668 3256 726 menda
3313 664 3637 734 scriptorum

2032 784 2302 842 codicum.
2355 778 2532 834 Fat-ile
2573 774 2717 830 enim
2769 766 3084 837 intelligitur
3147 761 3338 816 deesse
3384 765 3642 809 numeros

2035 879 2086 934 in
2118 876 2331 944 scriptis
2357 867 2639 928 Chronicis
2665 866 2840 936 capite
2869 877 2997 916 xvm
3026 853 3314 912 Canisiano
3345 849 3486 903 inter
3508 845 3644 914 Epo.

2033 970 2163 1027 cllas
2190 966 2358 1023 Exodi
2403 973 2456 1018 et
2495 958 2763 1016 Ezechiae.
2807 954 3057 1008 Fortasse
3106 940 3424 1000 intermedia
3465 935 3644 1005 aliqua

2022 1061 2242 1142 .jacehat
2273 1054 2485 1128 Epocha
2516 1052 2584 1107 ab
2613 1046 2796 1105 Exodo
2828 1043 2893 1098 ad
2924 1040 3130 1096 initium
3162 1033 3322 1090 David
3355 1050 3366 1085 :
3397 1039 3507 1083 tmn
3557 1026 3644 1080 illa

2036 1127 2464 1223 subsequebatur
2489 1145 2558 1200 ab
2581 1141 2732 1197 initio
2761 1136 2927 1193 David
2957 1133 3024 1188 ad
3053 1127 3364 1191 Ezechiam,
3390 1137 3509 1193 qua:
3535 1134 3648 1174 cor-

2037 1246 2210 1316 ruptis
2263 1239 2503 1296 numeris
2534 1250 2642 1290 non
2681 1229 2784 1286 sibi
2822 1233 3052 1283 constat.
3101 1219 3301 1276 Omitto
3345 1215 3479 1269 alios
3517 1210 3651 1266 anti-

2039 1335 2382 1392 chronismos
2428 1339 2713 1385 recensere
2758 1337 2821 1377 ex
2869 1316 3087 1372 variatis
3114 1309 3452 1392 iectiouibus
3497 1303 3647 1359 Cani-

2043 1389 2260 1484 sianiet
2292 1418 2562 1478 Labhcani
2588 1414 2829 1477 codicis;
2873 1422 3006 1478 quas
3031 1389 3284 1474 colligent
3307 1398 3652 1465 Chronogra-

2047 1521 2161 1593 phi,
2184 1517 2274 1590 qui
2301 1512 2586 1571 conferant
2609 1519 2849 1563 sunnnas
2871 1512 3135 1555 annorum
3167 1512 3195 1548 a
3218 1490 3398 1548 Mundi
3429 1485 3651 1543 conditu

1977 1729 2026 1788 Β
2053 1707 2180 1763 Jesn
2203 1703 2347 1759 Nave
2367 1699 2432 1755 ad
2466 1696 2678 1752 Davidis
2708 1691 2913 1747 initimn
2936 1687 3086 1756 juxta
3116 1679 3454 1736 Canisianum
3479 1685 3656 1729 excru-

2055 1804 2170 1872 plar
2196 1815 2321 1854 ann.
2348 1794 2476 1858 555,
2503 1791 2653 1862 juxta
2685 1785 3028 1843 Labbeanum
3059 1778 3187 1841 495,
3213 1786 3438 1844 quarmn
3468 1775 3657 1822 neutra

2056 1891 2341 1961 respondet
2386 1885 2543 1942 annis
2586 1885 2640 1938 in
2679 1878 2948 1938 Judicum,
2981 1881 3036 1926 et
3075 1870 3280 1938 Regum
3322 1873 3546 1917 numero
3581 1870 3661 1911 re-

2056 1986 2295 2042 censitis.
2331 1975 2684 2035 Commendat
2706 1973 2866 2043 igitur
2893 1964 3124 2022 maxime
3155 1956 3325 2015 nostri
3372 1948 3660 2008 marmoris

2060 2080 2245 2143 ﬁdem,
2279 2087 2331 2128 et
2360 2038 2932 2143 praestantiam'operis
2969 2050 3292 2126 Hippolytci,
3325 2038 3662 2112 comparatio

2057 2188 2178 2230 cum
2203 2168 2478 2225 codicibus
2511 2162 2752 2218 instituta
2788 2175 2800 2210 :
2835 2165 2888 2210 et
2919 2149 3250 2209 desiderium
3293 2135 3666 2198 vehementius

2062 2261 2292 2320 intendit
2317 2273 2540 2330 Operum
2571 2252 2703 2308 tanti
2736 2247 2930 2312 Patris,
2966 2253 3021 2297 et
3053 2236 3302 2309 Martyris
3336 2253 3349 2288 :
3379 2245 3499 2302 qua:
3530 2228 3669 2282 intc-

2061 2375 2154 2432 gra
2182 2352 2564 2412 concidissent.
2593 2347 2694 2402 nisi
2725 2339 3112 2414 perennitatem
3152 2331 3384 2399 aliquam
3423 2319 3666 2394 ejusdem

2061 2450 2322 2508 doctrina:
2358 2443 2598 2515 reliquiis
2620 2437 2936 2511 prteclarum
2968 2429 3194 2499 hujusce
3223 2413 3558 2477 monmnenti
3584 2425 3670 2468 vc‘

2067 2545 2282 2615 Stigimn
2309 2544 2696 2609 comparasset.
2723 2531 2997 2586 Hactenus
3017 2523 3083 2579 γ.
3102 2518 3166 2576 C.

2140 2603 2272 2691 ἶἸΙι.
2292 2635 2402 2690 Hoc
2424 2603 2601 2699 itaque
2628 2620 2896 2693 Anonymi
2917 2612 3223 2672 Chronicon
3242 2603 3527 2676 Hippolyto
3540 2611 3670 2670 syn-

2068 2731 2279 2792 chroni,
2299 2726 2436 2796 quod
2453 2690 2683 2796 primum
2700 2690 2946 2774 Canisius
2963 2709 3068 2781 (l),
3091 2702 3281 2760 dei-.de
3299 2697 3544 2755 Lahbcus
3561 2690 3669 2765 (2),

2069 2788 2344 2897 postumo
2371 2788 2602 2886 Caingius
2627 2812 2707 2882 (ὃ)
2733 2807 3074 2877 evulgarunt,
3099 2797 3218 2852 heic
3238 2788 3502 2849 edendum
3525 2795 3675 2838 cura-

2071 2888 2267 2979 vimus,
2286 2913 2429 2966 velut
2451 2905 2798 2978 appendicem
2823 2912 3045 2970 operum
3067 2889 3528 2960 Ilippolyteorutn,
3551 2888 3674 2947 qua:

2073 3007 2353 3079 superiore
2395 2977 2675 3056 volumine
2699 3013 2734 3050 ιι
2774 2993 2994 3048 collecta
3022 2984 3180 3042 simul
3215 2994 3278 3034 ac
3302 2977 3504 3046 digesta
3547 2982 3674 3039 pro-

1996 3124 2040 3185 ς
2075 3103 2316 3161 tulimus.
2365 3095 2664 3151 Editionem
2711 3098 2946 3142 nostram
2975 3080 3041 3136 ad
3082 3073 3423 3134 Lahhcanam
3455 3060 3678 3136 potissi-

2701 3184 2706 3185 ’
2798 3182 2807 3185 ‘
2885 3180 2894 3185 ‘
3026 3175 3036 3185 ·
3178 3171 3210 3185 ι·
3288 3167 3333 3185 I9
3382 3159 3576 3185 F-..2-t:
3624 3165 3675 3185 ιη

2076 3214 2222 3256 mum
2256 3192 2530 3262 exegimus
2576 3206 2589 3242 :
2631 3182 2842 3240 collatis
2885 3175 3096 3234 interim
3143 3167 3336 3226 alicubi
3381 3159 3578 3216 Canisii
3623 3165 3680 3210 et

368 3263 562 3318 ⁵⁴¹⁰¹¹⁰⁵¹
592 3261 912 3315 “mmmam
940 3262 1214 3327 νθ¹’¹¹¹⁰¹¹¹⁸
1243 3271 1256 3307 ³
1289 3252 1374 3307 ν⁰¹
1421 3249 1638 3304 ί¹⁰¹¹¹¹¹¹¹¹
1686 3246 1791 3300 ⁷9⁵
1829 3240 1972 3312 (ιυθά
2077 3240 2525 3327 ἓῖλῗξζξςῖῖῖἔιζζζζέζῖ
2555 3240 2701 3327 ab...
2779 3272 2920 3327 unde
2967 3265 3252 3324 nonnullas
3296 3251 3553 3323 desrripsi

2077 3289 2262 3360 Cangii
2307 3283 2517 3354 exempl
2555 3280 2740 3344 ribus,
2779 3272 2920 3330 unde
2967 3265 3252 3324 nonnullas
3296 3257 3681 3323 descripsimus

369 3357 688 3419 asscrimos,
722 3359 930 3408 cumet
968 3351 1169 3422 reliqua
1211 3346 1549 3403 consentiant
1591 3357 1713 3398 cum
1758 3337 1976 3408 peritio-

372 3466 491 3507 rum
537 3446 1002 3515 Chronologorum
1037 3440 1349 3506 rationibus,
1378 3453 1441 3493 ex
1471 3434 1762 3490 Bibliorum
1792 3441 1975 3484 sacro-

374 3560 492 3600 rum
540 3542 779 3597 numeris
826 3543 932 3596 rite
970 3537 1232 3594 collectis.
1263 3535 1393 3601 Qua:
1417 3547 1536 3589 cum
1567 3529 1852 3598 diligenter
1895 3539 1982 3578 cx.

377 3654 543 3711 pensa
575 3638 800 3701 fuerint,
834 3633 1122 3700 constabit,
1164 3640 1222 3686 ut
1249 3638 1398 3700 puto,
1435 3626 1641 3681 facilius
1681 3637 1839 3694 posse
1888 3636 1980 3674 re-

379 3731 527 3787 stitui
567 3747 630 3785 ex
671 3741 975 3784 marmoreo
1009 3725 1278 3779 Chronico
1299 3720 1513 3774 vitiatus
1539 3731 1794 3772 nuneros
1834 3715 1980 3768 Ano-

383 3823 530 3894 nymi
553 3820 836 3892 Hippolyto
858 3816 1078 3888 aequalis
1095 3855 1110 3881 ,
1135 3827 1294 3885 quam
1319 3821 1377 3865 ut
1395 3807 1664 3880 Hippolyti
1683 3804 1984 3876 Chronicon

1323 4020 1546 4033 ’——-——--

1922 4009 1933 4010 γ
1950 4009 1957 4010 ,

2083 3385 2352 3439 variantes
2383 3377 2661 3434 lectiones,
2690 3382 2810 3440 qua:
2836 3361 3062 3430 alicujus
3090 3354 3246 3428 pretii
3279 3364 3397 3419 esse
3420 3343 3681 3400 videban-

2082 3434 2346 3543 t'tieruis
2378 3468 2542 3531 cnim,
2574 3473 2632 3519 ut
2659 3434 2779 3518 cum
2811 3457 3026 3514 Lahbco
3067 3443 3279 3521 loquar,
3329 3439 3457 3498 illud
3499 3434 3684 3506 Angitc

2084 3569 2349 3626 stabulum
2385 3573 2607 3632 purgare
2634 3552 2833 3628 possit?

2151 3679 2221 3742 (l)
2259 3671 2724 3742 (frtttis._§ttt._i._ect.
2753 3675 2789 3717 t.
2816 3661 3497 3742 u.“edit-.Anov:to_m;1,3333.

2259 3713 2978 3805 privilegium.
3006 3732 3120 3805 tgut.
3144 3737 3184 3805 It,
3212 3729 3323 3805 pag:
3490 3729 3504 3774 λ

2429 3776 2499 3850 ⁸ἱίἶ
2515 3776 2707 3849 έεῖἐξίξ
2727 3776 2997 3842 ἓιᾶἶὶὶιιοιι.
3017 3776 3193 3836 Pasch.
3213 3776 3336 3843 pag.
3360 3776 3470 3825 413.

730 3995 763 4002 —
795 3993 816 4002 ι.
835 3992 950 4004 ρ.-
989 3989 1242 3998 ____—._—-
1282 3977 1902 3995 __—____...___._._.‘___.,_
1919 3969 2336 3982 -_____._____.~_,-___
2352 3957 2789 3973 ___._____________.--..
2879 3954 2892 3962 4
2993 3935 3546 3960 ..υ-ρ-ή⁶⁴-

409 3995 1546 4050 εῇυψΕ--υΙΙΙΙΙ--ω-ΙΙΙ
1552 3951 3276 4029 -Εοέ.--α¹--¹Ιφ
3287 3935 3557 3991 β
3573 3933 3634 3984 ἓν
3667 3971 3669 3974 ⁴

3491 3935 3546 3944 ις-

413 3996 718 4014 ¢___————v~——-—
730 3995 763 4002 —
795 3993 816 4002 -
835 3993 912 4004 ρ.-
924 3992 950 3999 -
989 3989 1242 3998 _._———-
1282 3983 1516 3995 ,._—_..-._...
1529 3977 1822 3988 ___...._._.‘.___.
1835 3977 1902 3984 ._
1919 3971 2218 3982 -..ῤ’-...η
2233 3969 2336 3976 ,ρ’-.-
2352 3957 2789 3973 ___.____________-.--..
2804 3943 3292 4004 Ξηὲς-υ--ρ-

1483 4127 2563 4275 CHRONICON

690 4399 1233 4490 ANONYMI
1295 4397 1513 4509 QUI
1571 4391 1791 4478 SUB
1851 4373 2586 4472 ALEXANDRO
2642 4367 2894 4453 IMP.
2961 4347 3432 4445 VIXISSE

1373 4581 1556 4640 ANNO
1593 4576 1865 4636 CHRISTI
1903 4570 2211 4632 CCXXXVI
2268 4557 2734 4622 PERHIBETUH.
3331 4525 3338 4529 ’

550 4799 736 4844 LIBER
782 4787 1250 4839 GENEHATIONIS
1301 4785 1376 4828 ΑΒ
1423 4782 1600 4826 ADAM
1647 4777 1850 4831 USQUE
1897 4775 1981 4818 AD
2026 4766 2318 4814 OBDINEM
2365 4754 2390 4782 ⁸
2434 4761 2576 4816 ρυλε
2620 4747 3032 4802 CONTINETUH
3077 4743 3141 4788 IN
3190 4737 3312 4782 HOC
3361 4727 3570 4778 LIBRO.

1894 4936 2314 4968 -οοΘΘΘθθοι-ο

495 5142 845 5204 Dinumeratio
899 5147 1179 5209 temporum
1239 5139 1285 5186 et
1337 5137 1608 5184 duriorum.
1659 5118 2020 5177 Generatioues
2045 5117 2097 5179 D
2122 5110 2248 5166 παίω
2273 5109 2426 5162 “me
2451 5117 2468 5157 ἔ
2497 5098 2581 5171 qui
2602 5111 2693 5164 ἐκ
2719 5092 2896 5164 (μάθω
2940 5081 3165 5158 genum“
3192 5071 3672 5141 "mlunt-gravem"!
3705 5076 3722 5116 ἶ

2298 5205 2313 5209 -
2411 5199 2422 5209 .
2702 5199 2774 5209 _.,_
2798 5203 2811 5209 -
2847 5191 2958 5209 ......ι
2987 5186 3178 5209 manu.
3207 5165 3478 5209 nmninnli-

422 5241 595 5306 seculi
647 5252 803 5310 usque
840 5234 895 5289 in
946 5231 1081 5286 hunc
1111 5226 1262 5282 diem.
1295 5221 1470 5279 Terra:
1507 5215 1685 5273 divisio
1712 5210 1869 5269 tribus
1899 5209 2021 5280 ﬁliis

433 5339 565 5394 Noe.

505 5426 792 5484 Declaratio
854 5421 1078 5494 gentium
1111 5458 1124 5481 ,
1152 5428 1264 5484 qua:
1289 5409 1552 5482 exquibus
1601 5410 1749 5478 facta:
1789 5409 1906 5456 sunt
1935 5441 1950 5463 ,
1983 5406 2030 5451 et

433 5539 558 5595 quas
586 5517 774 5591 singuli
803 5492 963 5570 terras
987 5522 1034 5568 et
1059 5510 1280 5565 civitates
1325 5502 1491 5558 sortiti
1535 5508 1648 5554 sum
1677 5513 1695 5552 :
1733 5502 1935 5566 quanta:
1955 5492 2036 5545 iu-

2126 5214 2246 5278 quot
2276 5199 2491 5273 [lumina
2516 5193 2812 5250 nominata:
2841 5191 2958 5255 quot
2987 5186 3178 5231 utentes
3207 5165 3478 5224 nominati.

3101 5270 3112 5278 ⁸
3315 5259 3412 5278 lu.--
3436 5256 3478 5278 .'-.

2205 5249 2338 5362 Qu'ot
2360 5286 2569 5345 Iudices
2593 5300 2611 5338 :
2641 5290 2685 5335 et
2714 5279 2825 5351 quis
2853 5249 3139 5344 quotannis
3169 5259 3414 5332 pupulum
3431 5249 3697 5322 iudicauit.

2211 5348 2341 5456 auat
2368 5383 2531 5453 Reges
2550 5379 2601 5432 in
2635 5348 2791 5428 Triim
2817 5366 2956 5424 Juda
2977 5379 2994 5416 :
3019 5373 3063 5416 et
3095 5357 3206 5430 quis
3226 5361 3341 5426 quot
3365 5348 3513 5403 annis
3541 5354 3727 5413 regna-

2140 5486 2230 5541 vit.

1672 5628 2053 5692 LECTIONES
2091 5613 2502 5682 VARIANTES.

511 5806 538 5836 ³
562 5800 635 5854 Ad
663 5799 886 5850 ordlnem
909 5806 1020 5860 qua!
1043 5790 1341 5840 continetur.
1370 5779 1453 5834 Sir
1465 5792 1548 5833 ms.
1571 5773 1695 5828 Edit.
1725 5770 1884 5826 Canis.
1908 5768 2026 5818 ad...

2133 5760 2306 5812 ordino
2331 5766 2442 5821 qurc
2464 5748 2782 5802 continentur
2808 5745 2856 5792 in
2884 5734 3029 5799 hujus
3056 5723 3301 5783 volumine
3327 5715 3459 5772 libri.
