4034 6320
361 129 469 189 659

1554 126 1941 187 CIIRONICON
1982 128 2309 189 ANONYMI.

3560 131 3667 191 000

434 248 728 304 Declaratio
767 248 980 305 Pascha:
1000 288 1013 313 ,
1044 255 1090 302 et
1118 247 1229 319 quis
1267 245 1468 319 quando
1494 246 1706 301 servavit
1752 263 1816 302 ex
1837 256 1964 302 tem-
1989 249 2042 311 Λ
2144 249 2367 305 Nomina
2399 248 2817 306 Patriarcltarum
2835 266 2896 305 ac
2929 249 3299 323 generationes.

362 341 573 415 poribus
597 340 771 415 Moysi
792 343 847 397 in
872 342 1006 397 hunc
1032 340 1188 395 diem.

431 432 597 506 Reges
621 432 904 488 Persarum
928 450 959 487 α
980 430 1113 507 Cyro
1141 474 1156 499 ,
1186 440 1234 486 et
1264 432 1373 502 quis
1393 442 1511 501 quot
1537 432 1684 488 annis
1713 434 1963 515 regnavit.

434 526 599 612 Reges
630 524 972 583 Macedonum
1000 525 1061 580 ab
1091 524 1383 581 Alexandro
1408 567 1423 595 ,
1465 535 1510 580 et
1536 526 1647 598 quis
1667 534 1786 598 quot
1816 526 1963 581 annis

357 607 608 672 regnavit.

430 691 777 765 Imperatores
822 694 1168 750 Romanorum
1214 691 1276 747 ab
1306 692 1566 764 Augusto,
1612 701 1659 746 et
1700 693 1811 763 quis
1840 702 1964 764 quot

363 787 514 842 annis
540 788 829 859 imperavit.

434 876 688 950 Tempora
723 877 1091 952 Olympindum
1131 878 1193 934 ab
1223 872 1347 949 [lito
1372 920 1386 946 ,
1415 894 1572 951 usque.
1594 878 1645 933 in
1673 888 1969 949 prwsetttettt

370 968 747 1044 Olympiadem.

2146 341 2372 399 Nomina
2401 342 2799 415 Pmpltetarum.
2830 336 3073 399 Mulieres
3105 334 3470 416 Pr0p/tetissa'.

2144 434 2372 490 Nomina
2401 430 2598 507 Regum
2628 434 2964 491 Hebraeorum
2992 446 3038 491 et
3060 434 3259 508 Regum
3283 436 3373 508 qui
3403 436 3456 489 in
3487 432 3675 490 Sama-

2067 529 2146 584 ria
2176 539 2507 603 regnaverunt
2548 546 2703 604 supra
2723 529 2893 585 decem
2923 527 3103 583 Tribus
3127 545 3145 583 :
3173 539 3218 583 et
3252 528 3365 603 quis
3381 537 3502 601 quot
3523 528 3674 583 armis

2068 628 2313 696 regnavit.

2146 708 2372 771 Nomina
2399 716 2758 773 Sacerdotum.

2147 810 2375 866 Nomina
2416 804 2785 884 Epist-operum
2828 809 3003 868 Romae
3030 854 3045 879 ,
3101 818 3147 866 et
3200 810 3311 885 quis
3358 819 3481 885 quot
3527 811 3677 866 annis

2076 904 2300 977 prtefuit.

1696 1122 2332 1210 PR/EFATIO.

425 1289 851 1359 Quaunooumcu
899 1298 1112 1363 oportet
1143 1299 1167 1328 ο
1197 1290 1515 1348 instructum
1537 1304 1659 1348 esse
1687 1291 1913 1351 veritate
1944 1331 1961 1358 ,

361 1382 731 1440 necessarium
761 1380 1111 1448 existimavi,
1158 1381 1350 1439 fratres
1374 1382 1709 1450 cbarissimi,
1744 1383 1886 1439 bunc
1911 1383 1965 1439 in

361 1475 513 1532 brevi
536 1476 605 1533 de
632 1477 833 1533 sanctis
853 1477 1146 1548 Scripturis
1176 1479 1351 1534 facere
1400 1493 1703 1533 sermonem
1735 1476 1802 1532 ad
1842 1493 1964 1535 cor-

362 1570 723 1626 roborandam
751 1571 1047 1627 doctrinam
1069 1612 1083 1637 ,
1118 1582 1175 1628 ut
1205 1588 1299 1644 per
1332 1588 1530 1645 paucas
1556 1574 1925 1629 euarratioues
1951 1614 1967 1641 ,

366 1676 479 1718 non
531 1662 648 1717 sine
686 1677 847 1717 causa
903 1664 1184 1734 inquisitas
1232 1665 1455 1719 virtutes
1521 1665 1759 1720 veritatis
1812 1666 1971 1719 citius

361 1768 721 1823 agnoscamus
741 1795 758 1820 ,
788 1755 1166 1812 abscindentes
1200 1758 1343 1827 prius
1388 1757 1723 1814 indoctorum
1750 1772 1975 1828 genera-

363 1856 475 1901 tam
503 1847 932 1915 contentionem,
956 1846 985 1885 δ
1016 1863 1135 1918 qua:
1164 1848 1447 1905 obumbrat
1469 1864 1662 1906 sensus
1681 1886 1696 1917 ,
1725 1848 1974 1919 hujusce-

363 1939 513 1995 modi
538 1939 815 1996 indoctnm
843 1940 1086 1997 edoceat.
1107 1942 1327 1999 Summa
1352 1951 1531 1999 autem
1559 1958 1680 1999 cum
1707 1942 1971 1999 industria

365 2034 669 2104 prtevidere
680 2037 955 2106 cupientes
974 2037 1124 2108 juxta
1147 2037 1426 2094 veritatem
1443 2038 1818 2108 ceguoscimus
1831 2036 1944 2093 Gen
1959 2063 1974 2076 -

366 2131 501 2185 tium
532 2130 850 2188 divisionem
872 2175 886 2199 ,
908 2142 963 2188 et
993 2143 1274 2205 parentum
1327 2136 1718 2191 dinumeratant
1749 2149 1974 2206 genera-

368 2224 590 2280 tionem.
626 2236 647 2264 ε
679 2225 1101 2284 Inhabltaturum
1145 2243 1360 2301 quoque
1382 2239 1656 2300 tempora,
1709 2229 1970 2286 bellorum

371 2319 803 2389 commissiones,
827 2331 882 2377 et
903 2320 1195 2378 iudicum“
1225 2333 1488 2394 tempora,
1516 2322 1970 2392 dispensationes,

366 2418 425 2467 et
453 2408 657 2484 Regum
697 2428 890 2483 annos,
920 2424 978 2473 et
1016 2415 1409 2487 Prophetarum
1441 2424 1684 2488 tempora
1710 2414 1799 2485 qui
1821 2422 1876 2470 et
1903 2427 1969 2468 ex

2068 1293 2259 1364 quibus
2285 1291 2500 1367 regibus
2548 1292 2655 1351 nati
2689 1296 2847 1359 sunt,
2881 1288 3173 1363 qualesque
3209 1287 3549 1361 captivitatcs
3578 1303 3679 1363 pa.

2071 1385 2215 1457 puli,
2266 1385 2459 1457 quibus
2506 1384 2753 1454 regibus,
2800 1392 2855 1438 et
2900 1382 3091 1453 quibus
3132 1378 3401 1452 iudicibus
3436 1382 3678 1453 contige-

2073 1478 2211 1544 rint;
2247 1477 2445 1549 quique
2475 1475 2807 1542 sacerdotes,
2836 1474 3031 1547 quibus
3073 1474 3407 1545 temporibus
3438 1472 3639 1528 iuerint
3663 1514 3679 1539 ,

2076 1580 2129 1627 et
2156 1586 2274 1642 qua:
2302 1570 2529 1641 perditio
2576 1570 2710 1626 facta
2738 1568 2827 1624 sit.
2857 1579 2878 1606 ο
2916 1569 3032 1638 Quo
3057 1576 3234 1623 autem
3267 1568 3431 1623 modo
3457 1583 3682 1639 genera-

2078 1667 2154 1722 tio
2175 1667 2399 1722 semiuis
2424 1666 2586 1722 Israel
2608 1664 2674 1722 dc
2703 1663 2950 1720 Patribus
2977 1648 3027 1719 in
3049 1663 3282 1719 CIIRISTO
3301 1661 3566 1731 completa
3587 1662 3681 1725 sit,

2077 1770 2131 1815 ct
2161 1768 2291 1832 quot
2313 1757 2604 1830 quantique
2634 1772 2728 1829 per
2773 1766 2967 1828 quanta
2998 1764 3236 1826 tempora
3275 1755 3682 1810 dinumerantur

2077 1853 2203 1909 anni
2225 1868 2254 1908 a
2286 1861 2531 1907 creatura
2560 1850 2743 1906 surculi
2775 1867 2940 1922 usque
2964 1851 3013 1905 in
3038 1848 3177 1904 hunc
3206 1838 3369 1905 diem.

2154 1938 2593 2003 Existimavimus
2628 1953 2805 2000 autem
2862 1943 3181 2014 incipientes
3230 1958 3258 1997 a
3307 1940 3503 1997 Genesi
3534 1940 3686 2011 juxta

2080 2041 2362 2098 verborum
2414 2038 2777 2094 ostensionem
2808 2081 2823 2106 ,
2861 2034 2878 2074 ί
2909 2038 3048 2094 sicut
3084 2035 3321 2106 expetit,
3377 2034 3684 2100 declarare,

2079 2151 2188 2191 non
2232 2150 2297 2190 ex
2347 2140 2526 2188 nostra
2558 2130 2788 2203 quadam
2844 2140 3029 2202 parte,
3062 2128 3156 2186 sed
3202 2144 3269 2183 ex
3310 2127 3439 2201 ipsis
3485 2127 3689 2182 sanctis

2080 2228 2373 2299 Scripturis
2407 2225 2701 2283 testiﬁcari.
2740 2222 2875 2280 Hinc
2906 2239 3033 2295 ergo
3062 2220 3399 2276 occasioaem
3428 2219 3691 2291 arripien-

2078 2331 2157 2377 tes
2177 2321 2327 2393 juxta
2358 2318 2602 2376 ordinent
2628 2317 2694 2374 de
2722 2317 2915 2375 Genesi
2946 2330 3250 2373 sermonem
3283 2312 3525 2369 facimus.

1620 2581 1904 2647 INCIPIT
1950 2568 2386 2641 NARRATIO.

966 2766 1151 2808 SECTIO
1191 2761 1374 2813 PRIMA.

758 2887 909 2944 Liber
939 2889 1279 2961 generationis
1301 2889 1563 2946 hominum

445 3048 564 3117 Quo
615 3047 704 3104 die
733 3046 855 3104 fecit
892 3047 1031 3105 Deus
1072 3048 1243 3109 Adam
1274 3091 1289 3115 ,
1319 3049 1384 3104 ad
1417 3049 1701 3119 imaginem
1734 3049 1824 3106 Dei
1850 3049 1974 3106 fecit

371 3157 484 3200 008.

450 3303 594 3359 V'ixit
638 3312 818 3359 autem
847 3304 1015 3359 Adam
1047 3305 1203 3361 annis
1247 3320 1424 3361 ccxxx
1454 3313 1509 3361 et
1537 3305 1719 3377 genuit
1749 3303 1898 3361 Sctb.

444 3395 593 3451 Vixit
618 3405 796 3457 autem
818 3396 947 3452 Setlt
979 3398 1133 3453 anuis
1160 3414 1259 3454 ccv
1282 3408 1333 3454 et
1356 3400 1539 3470 genuit
1568 3399 1736 3454 Eoos.

444 3490 513 3544 Et
548 3489 678 3544 vixit
701 3490 842 3544 Enos
867 3490 1020 3544 annis
1048 3506 1167 3545 cui
1193 3500 1246 3546 et
1270 3493 1453 3563 genuit
1477 3490 1703 3545 Cuimttt.

447 3582 515 3636 Et
547 3583 676 3636 vixit
700 3580 898 3637 Cainan
921 3583 1077 3637 annis
1104 3598 1238 3637 ccxx
1270 3592 1323 3638 et
1343 3586 1522 3654 genuit
1550 3581 1809 3637 Malalecl.

447 3674 711 3748 [Malaleel
747 3674 897 3748 vixit]
927 3676 1082 3733 annis
1111 3692 1245 3732 Cva
1272 3683 1325 3733 et
1352 3676 1534 3747 genuit
1556 3672 1738 3731 Jarcd.

446 3770 517 3825 Et
545 3770 673 3826 vixit
693 3769 852 3825 Jared
882 3768 1037 3824 anuis
1063 3782 1201 3823 ccxu
1233 3778 1285 3823 et
1312 3769 1491 3839 genuit
1528 3767 1732 3823 Enocb.

447 3863 513 3917 Et
554 3860 684 3916 vixit
703 3861 883 3916 Enoclt
908 3861 1062 3915 annis
1090 3875 1224 3915 ccxv
1245 3869 1298 3915 et
1325 3859 1504 3929 genuit
1528 3857 1898 3914 Matlmsalam.

448 3946 517 4012 Et
538 3955 668 4011 vixit
710 3952 1057 4009 Mathusalam
1089 3950 1243 4008 annis
1268 3968 1440 4007 ccxvu
1472 3960 1524 4006 ct
1548 3950 1731 4023 genuit
1754 3949 1969 4006 Lamec.

448 4050 516 4105 Et
541 4049 679 4103 vixit
703 4047 900 4103 Lamec
928 4047 1082 4101 annis
1110 4061 1374 4101 ccxxxvm
1404 4053 1459 4101 et
1487 4045 1668 4117 genuit
1696 4043 1828 4101 Nec.

441 4143 513 4198 Et
539 4150 656 4198 erat
676 4140 789 4196 Noe
818 4154 1081 4195 annorum
1109 4156 1161 4206 υ,
1191 4148 1244 4196 et
1268 4139 1453 4211 genuit
1499 4148 1609 4195 tres
1638 4138 1776 4195 lilios
1804 4137 1928 4195 Scin
1956 4176 1970 4205 ,

371 4234 541 4291 (Iliam
570 4243 625 4289 et
645 4232 859 4303 Japhet.

2153 2747 2217 2802 Et
2243 2744 2373 2799 vixit
2400 2742 2524 2799 Sale
2551 2741 2705 2797 annis
2738 2752 2877 2796 cxxx
2907 2749 2959 2796 et
2980 2738 3168 2810 genuit
3194 2737 3390 2796 Heber.

2150 2839 2215 2894 Et
2242 2838 2372 2894 vixit
2402 2836 2579 2891 Heber
2608 2834 2763 2889 annis
2789 2844 2986 2889 cxxxtv
3013 2833 3230 2889 Pltalec.

2001 2959 2046 3022 ο
2154 2931 2334 3001 Usque
2380 2929 2444 2983 ad
2501 2930 2639 2983 ltttnc
2661 2971 2674 2994 ,
2719 2927 3091 2998 generationes
3122 2936 3174 2993 v,
3198 2925 3353 2981 annis
3382 2940 3583 2994 uxxtx;
3615 2928 3688 2982 ab

2081 3025 2250 3082 Adam
2306 3032 2481 3079 autem
2522 3066 2536 3087 ,
2600 3023 2972 3092 generationes
3041 3032 3154 3088 xv,
3214 3021 3338 3076 anni
3394 3029 3519 3076 sunt
3591 3036 3624 3076 ιι
3666 3066 3680 3087 ,

2080 3132 2366 3176 IDCCIJXI.

2738 3244 2926 3286 SECTIO
2964 3245 3021 3285 11.

2376 3350 2573 3407 Divisio
2601 3361 2748 3405 terrm
2769 3360 2813 3404 et
2841 3350 2904 3406 de
2924 3350 3084 3407 tribus
3108 3350 3233 3420 ﬁliis
3260 3366 3376 3407 noe.

2153 3486 2277 3541 l'ttst
2308 3485 2562 3540 diluvium
2589 3494 2797 3551 autem,
2822 3485 2969 3553 Sem,
2999 3485 3165 3541 Citam
3190 3495 3245 3542 ct
3268 3485 3459 3559 Japbet
3480 3530 3494 3553 ,
3521 3490 3679 3544 trium

2081 3580 2303 3635 fratrum
2328 3621 2340 3643 ,
2374 3580 2544 3633 tribus
2571 3579 2756 3634 divism
2782 3589 2929 3634 sunt.

2152 3675 2215 3730 Et
2250 3675 2375 3731 Sem
2404 3674 2618 3745 quidem
2666 3674 3022 3744 primogenita
3064 3686 3093 3728 a
3124 3673 3339 3729 Persida
3385 3681 3439 3730 et
3467 3676 3678 3732 Bactris

2078 3779 2248 3839 usque
2285 3770 2335 3822 in
2370 3766 2513 3825 ludia
2544 3767 2701 3837 longe
2726 3775 2777 3822 et
2811 3780 2978 3836 usque
3007 3767 3059 3821 in
3088 3765 3473 3823 thinocoruris
3501 3777 3603 3823 εει.

2149 3863 2318 3919 (Iliam
2347 3872 2522 3916 autem
2552 3860 2788 3917 secundo
2809 3874 2840 3915 a
2863 3859 3248 3915 Rhinocornris
3270 3876 3438 3932 usque
3458 3859 3678 3917 Gadira.

2148 3955 2344 4027 Jupitet
2387 3965 2564 4011 autem
2608 3952 2764 4009 tertio
2806 3968 2833 4008 a
2888 3952 3057 4009 Media
3104 3968 3272 4025 usque
3319 3948 3514 4009 Gadira
3560 3952 3678 4009 ads

2076 4050 2327 4113 But-0am.

2151 4142 2321 4201 liabet
2350 4150 2530 4198 autem
2572 4139 2765 4211 Jupitet
2805 4139 3002 4196 ﬂumen
3033 4140 3299 4211 Tigridem
3325 4182 3340 4207 ,
3371 4140 3459 4211 qui
3494 4139 3679 4195 dividit

2074 4236 2302 4293 Mediam
2333 4246 2388 4291 et
2434 4234 2779 4306 Babyloniam
2812 4252 2824 4289 :
2856 4234 2981 4289 Sem
3012 4241 3189 4289 autem
3220 4232 3549 4305 Euphratem
3576 4276 3590 4299 ,
3620 4242 3676 4288 et

442 4329 572 4385 Post
601 4290 769 4383 annos
796 4334 976 4382 autem
1005 4340 1057 4393 ο,
1083 4333 1362 4398 postquam
1379 4290 1665 4399 generatus
1693 4333 1776 4383 est
1804 4325 1927 4382 Sent
1952 4366 1967 4391 ,
1997 4360 2048 4425 Β
2270 4329 2441 4409 ileon,
2473 4290 2566 4399 qui
2591 4336 2812 4385 vocatur
2835 4326 3007 4383 Nilus.

367 4424 430 4477 fit
467 4422 724 4477 diluvium
750 4462 765 4487 ,
816 4435 937 4475 cum
969 4430 1111 4476 esset
1141 4435 1403 4475 annorum
1432 4429 1809 4475 sescentorum
1834 4418 1966 4475 Noe.

443 4517 602 4572 Fiunt
627 4531 755 4589 ergo
777 4514 844 4571 ab
866 4515 1035 4570 Adam
1066 4529 1236 4585 usque
1263 4515 1329 4570 ad
1374 4514 1637 4571 Diluvium
1665 4516 1966 4584 generatio-

368 4624 466 4667 nes
489 4626 544 4665 xt
570 4650 585 4677 ,
612 4610 741 4665 anni
770 4624 805 4663 ll
826 4650 841 4675 ,
870 4621 1102 4663 nccxcn.
1136 4605 1255 4661 Ista:
1276 4615 1400 4661 sunt
1419 4606 1792 4674 generationes
1817 4604 1963 4662 Sem.

2148 4422 2397 4479 Confusze
2435 4429 2562 4476 sunt
2600 4429 2777 4475 autem
2816 4419 3010 4489 lingua:
3051 4427 3173 4491 post
3203 4416 3480 4473 diluvium.
3514 4419 3676 4475 Erant

2074 4526 2251 4574 autem
2276 4530 2397 4587 quin
2422 4513 2660 4571 confusa:
2689 4523 2813 4569 sunt
2838 4515 3028 4584 lingua:
3059 4529 3229 4580 Lxxn,
3256 4523 3307 4568 et
3329 4514 3417 4584 qui
3440 4511 3669 4569 Turretu

2074 4611 2409 4666 aediﬁcabant
2437 4616 2594 4666 erant
2613 4616 2800 4678 gentes
2828 4623 3003 4673 um,
3032 4623 3151 4677 qua:
3180 4606 3341 4662 etiam
3387 4607 3440 4661 in
3482 4606 3672 4677 linguis

332 4700 346 4708 ’
440 4705 566 4759 Sem
593 4718 716 4760 cum
744 4711 888 4758 esset
926 4714 1187 4759 annorum
1215 4714 1243 4756 ε
1271 4699 1455 4771 genuit
1481 4699 1701 4755 Arlaxat
1722 4712 1863 4754 anno
1883 4710 1970 4753 so-
2070 4718 2233 4775 super
2261 4701 2449 4759 facient
2478 4702 2641 4759 totius
2663 4709 2820 4755 terrm
2845 4700 3028 4757 divisae
3055 4708 3198 4754 sunt.

368 4795 545 4851 eundo
573 4803 695 4866 post
725 4794 1012 4849 Diluvium.

440 4887 508 4941 Et
536 4886 669 4941 vixit
697 4884 922 4941 Arfaxat
948 4879 1105 4939 annis
1122 4897 1305 4940 cxxxv
1330 4889 1384 4939 et
1399 4882 1582 4954 genuit
1602 4883 1824 4942 Cainart.

437 4978 506 5033 Et
521 4978 652 5033 vixit
676 4975 880 5033 Cainan
897 4979 1052 5033 annis
1078 4992 1220 5033 cxx:
1245 4985 1301 5033 ct
1335 4976 1521 5047 genuit
1554 4976 1698 5035 Sale.

2143 4795 2346 4851 Nebrot
2409 4804 2585 4849 autem
2630 4793 2799 4863 gigas,
2834 4793 2974 4847 filius
3035 4792 3216 4858 Cltus,
3269 4790 3558 4862 Ethiops,
3618 4793 3669 4846 iu

2068 4903 2250 4946 escam
2294 4887 2321 4925 ¹ι
2368 4888 2560 4943 incdiis
2608 4888 2850 4942 venando
2894 4886 3336 4943 subministrabat
3372 4887 3570 4943 bestias
3617 4888 3668 4942 in

2070 4982 2271 5037 cibum.

1595 5088 1974 5156 LECTlONES
2013 5098 2221 5157 VARIA
2230 5098 2423 5157 NTES.

431 5211 457 5241 ⁸
480 5207 778 5261 Instructam
803 5221 915 5259 esse
938 5209 1169 5260 veritate.
1197 5202 1330 5259 Edit.
1357 5203 1500 5257 Labb.
1520 5206 1809 5260 instructum
1846 5226 1959 5264 esse

365 5272 592 5334 veritatis
620 5269 909 5334 Diaconum.
936 5274 997 5324 Et
1017 5285 1151 5334 mox,
1178 5269 1332 5323 frater
1349 5270 1685 5334 carissime,-—
1704 5273 1763 5322 ad
1799 5286 1962 5333 corco-

363 5333 632 5385 borandam
647 5332 915 5384 doctrinam
930 5343 1078 5386 tuam.

430 5391 460 5432 δ
486 5395 607 5455 Quae
641 5396 899 5447 obumbrat
942 5410 1133 5448 sensus.
1159 5390 1288 5447 Edit.
1331 5393 1475 5446 Labb.
1511 5407 1621 5455 quae
1648 5394 1961 5449 obumbrant.

363 5460 484 5511 Post
521 5470 739 5528 sensus”
766 5456 883 5528 edit.
912 5456 1070 5528 Canis.
1111 5456 1655 5528 prwfert.secun_dum:
1691 5460 1816 5522 [orte
1831 5462 1961 5512 Scri-

365 5530 510 5585 ptura
542 5522 692 5585 enim,
720 5519 876 5583 inquit
900 5519 1055 5585 editor
1084 5519 1250 5584 {quod
1274 5519 1447 5585 minus
1458 5519 1634 5585 placet.

432 5586 455 5615 ο
485 5580 952 5655 Ιοὶιᾳὴιιδιρτῇιιιιί-
972 5580 1383 5655 dispetisationes.
1420 5580 1572 5655 ιιὶιὺζζζ
1595 5582 1965 5655 Inhabitationis

362 5656 562 5754 quoque
583 5649 823 5706 tempora,
850 5642 1270 5718 dispensatioues;
1294 5643 1596 5715 intermediis
1617 5642 1827 5699 omissis.

421 5705 450 5745 τι
505 5704 701 5758 Indicum
714 5711 955 5769 tempora,
973 5704 1384 5771 dispensationes.
1398 5707 1529 5760 Edtt.
1549 5706 1711 5760 Canis.
1722 5708 1950 5762 Iudicum

2064 5223 2289 5277 tempore
2311 5214 2719 5279 dispensationes.
2745 5212 2907 5279 Recte,
2934 5221 2982 5265 ttt
3006 5213 3213 5279 videtur.

2132 5276 2287 5345 {Quo
2304 5276 2467 5328 autém
2494 5279 2651 5345 modo.
2682 5278 2709 5326 Ι
2714 5284 2761 5327 ta
2789 5277 2935 5328 Editt.
2966 5276 3127 5329 Canis.
3152 5285 3197 5328 et
3224 5277 3667 5345 Labb.AlCang.et

2066 5340 2260 5403 Fabric.
2288 5354 2397 5403 qua:
2421 5340 2659 5389 annnodo.

2130 5401 2151 5441 ἲ
2180 5398 2318 5454 Sicui
2343 5404 2556 5465 expetit,
2597 5398 2874 5461 declarare,
2913 5402 3073 5453 Canis.
3100 5403 3226 5454 sicut
3250 5403 3458 5471 cupedit
3497 5404 3661 5457 decla-

2065 5477 2197 5516 rare.

2132 5530 2157 5568 κ
2180 5527 2255 5578 Ad
2277 5526 2508 5587 Buroam,
2540 5524 2683 5576 Labb.
2710 5527 2933 5576 Borram.
2958 5528 3040 5578 Αι.
3063 5527 3319 5580 Borream.

2127 5606 2382 5675 hﬂlucdiis.
2411 5608 2496 5661 Sic
2540 5617 2586 5661 et
2628 5610 2853 5675 Congius.
2879 5609 3025 5662 Labb.
3070 5618 3231 5664 tamen
3272 5614 3468 5666 mediis.
3494 5611 3655 5664 Canis.

2053 5670 2245 5724 Mediis.
