4038 6308
454 293 565 349 663

1706 286 2098 345 CIIRONIGON
2138 288 2471 346 ANONYMI.

3637 290 3729 351 661

527 415 664 471 Sunt
687 424 867 471 autem
906 416 1096 471 Insula:
1122 416 1176 470 in
1209 414 1290 469 his
1315 424 1629 469 communes
1655 410 1739 466 ha:
1762 427 1776 464 :
1800 407 2042 474 Corsola,
2072 407 2129 468 A
2152 407 2359 465 Arabes
2384 408 2543 475 ultra,
2589 406 2870 480 Sapientes
2916 406 3004 479 qui
3055 405 3306 464 dicuntur
3348 407 3726 482 Gymnosolitae,

454 509 727 579 Lupadus,
750 509 1028 580 Agaudius
1051 550 1065 575 ,
1098 507 1304 563 Melete
1324 546 1341 572 ,
1370 506 1644 561 Gereeuna
1668 545 1682 570 ,
1710 502 1898 568 lienis,
1929 498 2066 555 Car-

455 603 620 670 diuia,
643 604 851 669 Galata,
871 604 1133 669 Corsuna,
1158 603 1337 668 Creta,
1361 600 1586 661 Gaulus.
1608 599 1813 661 Rheda,
1842 597 2061 665 Ethera,

457 697 740 759 Care-lus.
769 698 859 753 Ast
870 698 1045 769 ypala,
1068 697 1257 762 Chius,
1282 695 1506 756 Lesbius,
1531 693 1802 760 Tenedos,
1830 692 2061 759 Imbrus,

456 791 666 859 Jassus,
694 789 893 856 Cobns,
925 787 1179 852 Chniilos,
1213 788 1456 853 Nisurus,
1487 786 1743 857 MegiSIae,
1770 785 2002 857 Cyprus.

532 884 633 954 Qui
660 895 837 940 autem
864 899 1051 939 eorum
1075 893 1198 939 sunt
1226 882 1479 949 litterati,
1504 881 1558 937 hi
1582 891 1709 938 sunt
1732 899 1747 941 :
1772 881 2057 949 Phenices,

458 979 693 1051 Egyptii
714 1023 729 1047 ,
761 979 1044 1051 Pamphyli
1064 1022 1077 1045 ,
1112 978 1374 1049 Phryges.

526 1075 659 1131 Stmt
684 1086 862 1130 autem
887 1073 1021 1130 ﬁnes
1051 1075 1217 1129 Cham
1245 1088 1274 1128 a
1303 1072 1655 1143 Rinocoryris
1676 1113 1691 1139 ,
1723 1085 1842 1141 qua:
1869 1068 2061 1127 dividit

455 1167 665 1240 Syriam
696 1175 750 1222 et
775 1167 1089 1238 Egyptum,
1127 1181 1296 1236 usque
1322 1164 1511 1221 Garira
1538 1164 1590 1219 in
1620 1164 1860 1233 longum.

527 1261 752 1317 Nomina
804 1270 982 1315 autem
1029 1261 1291 1331 gentium,
1337 1258 1454 1314 hmc
1507 1258 1957 1339 suut:.{Egyptus
2002 1268 2060 1317 et

458 1356 730 1427 {Elltiopia
760 1374 876 1426 qu:e
910 1355 1077 1411 tendit
1106 1355 1365 1410 adversus
1400 1354 1601 1409 Indiam
1630 1398 1645 1421 ,
1674 1366 1729 1410 et
1753 1358 1922 1411 altera
1955 1355 2057 1412 ΑΞ·

457 1451 678 1519 thiopia,
727 1449 868 1505 unde
898 1448 1257 1521 proﬁciscitur
1300 1448 1499 1505 ﬁumen
1533 1448 1846 1520 IEthiOpum
1868 1491 1882 1515 ,
1916 1448 2055 1521 Ery-

457 1546 631 1601 threa.
661 1543 801 1613 quod
826 1552 909 1597 est
929 1543 1149 1598 rubrum
1170 1541 1456 1598 attendens
1483 1542 1549 1596 ad
1577 1542 1849 1598 Orientem
1876 1560 1889 1596 :
1914 1541 2057 1597 The-

454 1635 553 1691 bea
583 1634 786 1707 Libym,
814 1651 932 1705 qua:
957 1633 1195 1689 extendit
1221 1649 1389 1704 u~que
1412 1632 1620 1706 Syrtes,
1644 1632 1847 1689 habens
1869 1642 2058 1705 gentes

456 1727 554 1781 has
579 1747 591 1780 :
618 1726 950 1783 Nasamonas
972 1768 987 1794 ,
1033 1726 1207 1781 Macas
1230 1770 1245 1793 ,
1285 1726 1607 1783 Tautameos
1637 1743 1651 1781 :
1679 1726 1843 1800 Libya
1874 1736 2005 1798 qua:
2026 1744 2055 1782 a

2169 499 2296 555 nudi
2325 502 2616 571 sapientes.

2238 593 2504 649 Habitatio
2524 604 2701 651 autem
2723 610 2907 651 eorum
2933 609 3103 668 usque
3129 594 3456 651 Binocorura
3483 604 3537 651 et
3549 592 3727 653 Cilicia.

2235 687 2336 756 Qui
2356 697 2535 743 autem
2554 703 2739 745 eorum
2767 700 3030 746 noverunt
3054 689 3278 757 litteras,
3307 688 3363 744 bi
3382 698 3507 744 sunt
3527 705 3541 744 :
3560 686 3730 759 Iudzi,

2165 780 2365 848 Persae,
2394 781 2563 850 Medi,
2594 782 2815 839 Chaldei
2836 825 2851 849 ,
2886 781 2999 839 Indi
3021 826 3035 850 ,
3064 782 3291 855 Assyrii.

2236 875 2333 931 Est
2356 886 2534 933 autem
2561 876 2816 933 habitatio
2843 891 3056 943 eorum,
3085 876 3138 933 id
3167 886 3251 933 est
3275 877 3502 933 ﬁliorum
3525 875 3665 946 Setn,
3685 875 3733 934 in

2163 969 2382 1040 longum
2426 967 2643 1040 quidem
2690 969 2759 1026 ab
2807 968 2953 1024 India
2999 983 3170 1040 usque
3231 968 3603 1025 Biuocorura:
3641 968 3733 1025 lata

2162 1071 2339 1116 autem
2361 1076 2390 1115 a
2420 1061 2639 1117 Perside
2666 1071 2722 1117 et
2748 1059 2955 1118 Bactris
2993 1075 3163 1133 usque
3188 1060 3412 1116 Indiam.

2236 1152 2507 1209 Vocabula
2551 1162 2731 1209 autem
2783 1152 3021 1224 gentium
3072 1152 3189 1208 hmo
3226 1161 3387 1208 sunt:
3415 1152 3609 1220 Persis,
3642 1153 3735 1208 Ba-

2161 1246 2403 1312 ctrianae,
2437 1244 2704 1313 IIircania,
2741 1244 3035 1317 Babylona,
3062 1243 3333 1311 Corbulia,
3366 1245 3580 1318 Assyria
3600 1285 3614 1309 ,
3637 1244 3736 1301 lie-

2160 1338 2456 1407 sopotamia
2477 1379 2492 1402 ,
2537 1337 2731 1393 Arabia
2774 1347 2933 1393 vetus
2955 1379 2970 1402 ,
3020 1335 3309 1402 Alimales,
3341 1335 3490 1392 India
3512 1378 3528 1402 ,
3566 1335 3736 1392 Arabia

2159 1432 2463 1496 cudzemon,
2485 1430 2824 1503 leessyria,
2851 1431 3232 1503 Commagena,
3269 1440 3323 1487 et
3372 1429 3607 1505 Fynicia,
3632 1444 3738 1504 qua:

2162 1535 2247 1582 est
2273 1524 2505 1581 ﬁliorum
2535 1524 2685 1581 Sent.

2814 1679 2999 1723 SECTIO
3037 1681 3113 1721 γι.

455 1821 609 1891 Lepti
638 1821 877 1876 extendit
895 1835 1064 1892 usque
1083 1822 1347 1876 minorem
1370 1821 1567 1893 Syrtim
1593 1837 1607 1875 :
1634 1820 1902 1890 Numidia,
1923 1821 2061 1877 Mas-
2088 1806 2136 1867 Β
2233 1823 2433 1881 Gentes
2457 1834 2634 1881 autem
2674 1840 2795 1896 qua:
2831 1824 3041 1896 linguas
3067 1839 3192 1881 suas
3219 1823 3419 1880 habent
3439 1867 3457 1891 ,
3487 1823 3571 1879 ha:
3597 1832 3740 1879 sunt:

336 1977 346 1985 ,
456 1917 617 1984 seria,
649 1916 960 1971 Mauritania
987 1931 1107 1987 quae
1128 1915 1367 1971 extendit
1388 1930 1555 1988 usque
1584 1916 1894 1986 Ih-rculeas,
1918 1916 2058 1989 quod

455 2020 538 2066 est
570 2010 960 2067 lleracleoticas
990 2011 1155 2066 stelas
1184 2021 1369 2067 contra
1397 2010 1671 2068 Gadiram.

526 2102 694 2159 Habet
726 2114 899 2158 autem
927 2104 992 2159 ad
1020 2104 1241 2159 Borram
1271 2105 1589 2160 maritimam
1619 2103 1875 2170 Ciliciam,
1901 2105 2060 2161 Pam-

456 2195 712 2267 phyliam,
744 2194 1023 2263 Pisidiam,
1049 2196 1292 2268 Mysiam,
1325 2196 1650 2269 Lycaoniam
1676 2240 1691 2265 ,
1726 2198 2012 2271 Phrygiam
2039 2242 2055 2266 ,

453 2290 765 2356 Camaliam,
802 2291 1039 2363 Lyciam,
1068 2292 1305 2354 Cariam.
1338 2291 1584 2364 Lydiam,
1612 2292 1833 2364 Mysiam
1875 2294 2054 2361 aliam,

455 2372 740 2450 Troadem,
772 2384 1038 2449 Aolidem,
1072 2385 1336 2457 Bityniam
1366 2394 1626 2453 veterem,
1663 2386 1948 2458 Phrygiam
1978 2387 2057 2443 al-

455 2484 667 2532 tiorem.

523 2590 696 2646 liabet
724 2592 881 2647 etiam
910 2590 1117 2647 Insulas
1146 2592 1276 2647 has:
1303 2592 1601 2647 Sardiniam
1624 2635 1636 2655 ,
1666 2591 1878 2648 Cretam
1903 2635 1916 2653 .
1946 2592 2052 2666 Cy.

453 2698 648 2753 prum,
682 2692 736 2739 et
779 2682 977 2739 ﬂumen
1009 2684 1159 2739 Genu
1205 2684 1294 2755 qui
1336 2685 1632 2756 appellatur
1660 2683 1828 2740 Nilus.
1860 2685 2055 2743 Dividit

451 2785 632 2831 autem
662 2777 800 2831 inter
824 2777 992 2832 Cham
1041 2786 1095 2832 et
1137 2778 1277 2835 inter
1318 2777 1549 2848 Japltet,
1578 2787 1630 2835 et
1660 2794 1721 2834 os
1764 2782 2052 2850 vespertini

449 2871 630 2926 Inaris.
677 2868 803 2925 Ilaec
819 2870 993 2925 media
1019 2869 1185 2926 Cham
1215 2871 1511 2944 generatio.

1128 3020 1317 3064 δεετιο
1353 3023 1406 3063 ν.

525 3145 600 3201 De
633 3146 756 3201 Sem
786 3154 964 3203 autem
991 3146 1201 3203 seniore
1223 3145 1331 3202 ﬁlio
1363 3146 1496 3212 Noe,
1526 3157 1653 3205 sunt
1680 3150 1847 3207 tribus
1868 3149 2051 3222 cogni-

454 3246 521 3291 ta!
552 3253 691 3301 xxv;
724 3236 790 3292 ad
818 3238 1089 3295 Orientem
1131 3240 1582 3296 iuhahitaverunt.

525 3330 643 3388 Filii
674 3330 822 3396 Sem,
854 3331 1055 3396 Elam,
1085 3333 1152 3388 de
1183 3350 1288 3404 quo
1319 3333 1551 3407 Atllymri
1582 3346 1637 3391 et
1661 3338 1864 3409 Assyrii
1893 3358 1905 3393 :
1932 3339 1998 3394 Et

524 3422 768 3484 Arl’axat.
803 3425 944 3480 unde
967 3424 1201 3481 Chaldwi
1226 3438 1280 3483 et
1307 3426 1460 3482 Ludii
1481 3472 1496 3495 ,
1522 3429 1662 3486 unde
1683 3429 1922 3487 Lazoues
1947 3450 1960 3486 :
1984 3431 2054 3488 Et

524 3517 712 3583 Aram,
741 3518 881 3573 unde
913 3519 1079 3576 Ethes
1104 3539 1116 3574 :
1141 3521 1348 3593 priores
1390 3504 1488 3578 hos
1514 3526 1711 3581 excidit
1735 3525 2006 3583 Abraham
2039 3545 2054 3583 :

451 3620 507 3665 et
532 3610 619 3666 ﬁlii
653 3612 813 3667 Aram
841 3612 1028 3670 Osceii
1049 3657 1063 3682 ,
1110 3613 1177 3669 de
1204 3631 1310 3687 quo
1352 3616 1523 3683 Lidii;
1554 3629 1606 3674 et
1650 3618 1780 3676 Gart
1804 3662 1818 3689 ,
1849 3619 1915 3677 de
1945 3637 2051 3694 quo

452 3702 752 3771 Gasphcni;
784 3714 838 3759 et
864 3705 1063 3773 Musur,
1095 3706 1233 3763 unde
1259 3708 1493 3782 Mossyni
1523 3730 1534 3765 :
1566 3711 1630 3766 Et

522 3797 741 3852 Ariasat
770 3800 950 3868 genuit
999 3799 1118 3855 Sala
1144 3840 1161 3865 ,
1195 3811 1248 3856 et
1294 3802 1413 3857 Sala
1440 3805 1624 3875 grnnit
1673 3805 1868 3875 Heber,
1910 3809 2050 3866 unde

446 3880 659 3938 IIebra-i
682 3901 701 3937 :
724 3895 777 3938 et
805 3883 981 3940 IIeber
1007 3886 1112 3940 nati
1142 3897 1267 3940 sunt
1295 3888 1402 3943 duo
1426 3890 1545 3956 lilii,
1580 3889 1737 3947 Falce
1765 3900 1819 3947 et
1848 3892 2044 3962 Deboc,

448 3975 592 4031 unde
617 3975 830 4032 ducitur
856 3994 1023 4048 genus
1055 3979 1323 4035 Abraham
1346 3997 1361 4044 ;
1394 3991 1447 4036 et
1473 3981 1690 4038 Tactem
1711 4028 1725 4051 ,
1754 3992 1807 4040 et
1833 3984 2045 4042 Jectan.

448 4068 632 4129 Jeetan
661 4082 837 4125 autetu
877 4072 1061 4141 genuit
1091 4073 1356 4140 Eliundal,
1385 4075 1455 4131 de
1485 4092 1589 4146 quo
1616 4076 1728 4132 Indi
1755 4095 1769 4144 ;
1804 4089 1857 4133 et
1880 4080 2043 4147 Salcl’,

443 4160 512 4215 de
537 4179 640 4232 quo
671 4163 969 4231 Bactriani;
1016 4176 1069 4220 et
1094 4167 1345 4223 Asarmnt
1369 4211 1383 4234 ,
1415 4168 1484 4225 de
1512 4185 1618 4240 quo
1662 4170 1869 4225 Arabes
1896 4173 2048 4245 prio-

445 4270 572 4319 res;
608 4265 662 4311 et
690 4256 865 4312 Durati
893 4299 907 4321 ,
948 4258 1014 4314 de
1041 4276 1146 4330 qtto
1186 4261 1446 4327 Caiuebi;
1480 4272 1531 4318 et
1578 4263 1740 4318 Derra
1763 4308 1776 4328 ,
1821 4265 1889 4319 de
1938 4283 2047 4338 quo

444 4345 642 4414 Mardi;
671 4360 725 4403 et
758 4351 883 4405 Εκμί
907 4393 922 4418 ,
960 4353 1027 4407 de
1063 4368 1169 4424 quo
1213 4353 1435 4419 Ariani;
1465 4365 1516 4410 ct
1550 4356 1764 4412 Declaru
1787 4401 1800 4423 ,
1831 4358 1899 4413 de
1941 4375 2047 4430 quo

438 4438 694 4505 Cedrusi;
724 4452 777 4497 et
804 4442 969 4499 Gebal
992 4488 1006 4510 ,
1054 4446 1121 4501 de
1164 4463 1273 4517 quo
1301 4448 1509 4520 Scythii
1541 4451 1780 4518 priercs;
1814 4462 1868 4507 et
1911 4454 2045 4509 Abi-

442 4534 603 4598 meel,
635 4535 703 4590 de
730 4551 837 4607 quo
866 4537 1115 4605 Ilircani;
1149 4551 1201 4594 et
1229 4538 1391 4595 Sabat
1416 4583 1431 4605 ,
1481 4541 1620 4595 unde
1649 4542 1811 4597 Arabi
1845 4544 2001 4613 primi
2028 4565 2041 4601 :

434 4636 491 4679 et
521 4625 658 4692 Uﬁr,
691 4629 757 4683 de
786 4644 893 4699 quo
920 4631 1155 4685 Armenii
1183 4672 1196 4694 ,
1225 4642 1278 4687 et
1302 4631 1513 4688 OEi-ilat
1532 4674 1548 4700 ,
1576 4634 1717 4690 unde
1746 4633 2045 4694 Gemnoso—

438 4721 565 4774 iitzr.
602 4720 663 4774 lli
690 4736 880 4776 omnes
912 4722 1193 4777 Bactriani.

511 4813 713 4868 Omnes
741 4824 917 4868 autem
950 4816 1016 4869 de
1050 4804 1215 4871 trib'us
1247 4816 1367 4872 ﬁliis
1395 4817 1510 4875 Noe
1541 4831 1664 4875 sunt
1693 4839 1856 4877 mm.

510 4909 756 4962 Omnium
788 4918 965 4962 autem
997 4909 1224 4964 ﬁliorum
1263 4910 1389 4967 Sent
1429 4912 1686 4970 habitatio
1715 4926 1795 4971 est
1827 4928 1852 4955 ει
1873 4933 1902 4972 a
1937 4918 2039 4973 Ba-

433 5002 542 5055 cris
573 5018 741 5072 usque
771 5003 1173 5071 liliinocoruris,
1197 5020 1316 5076 qua:
1342 5007 1527 5063 dividit
1551 5010 1759 5081 Syriam
1787 5022 1844 5068 et
1868 5012 2035 5086 Egy-

437 5105 607 5163 ptum,
654 5103 709 5149 et
746 5095 985 5153 Rubrum
1039 5111 1190 5154 mare
1229 5097 1297 5153 ab
1336 5113 1433 5155 ore
1470 5102 1763 5173 Arsinoes,
1804 5119 1925 5175 qua:
1959 5113 2045 5161 est

436 5184 621 5244 Indiae.

508 5280 603 5335 Ila:
634 5291 760 5337 sunt
786 5291 962 5339 autem
990 5301 1110 5357 quae.
1137 5296 1260 5342 sunt
1285 5286 1437 5342 facta:
1466 5304 1529 5343 ex
1560 5287 1641 5344 his
1668 5289 1869 5347 Gentes
1893 5307 1909 5347 :
1934 5290 2040 5360 He-

432 5373 565 5429 11τωί
595 5375 683 5446 qui
713 5373 914 5443 Judrei,
946 5378 1143 5446 Persae,
1176 5379 1350 5446 Medi,
1384 5381 1599 5447 Pmncs,
1633 5382 1879 5450 Arriani,
1912 5384 2036 5441 1111·-

432 5469 588 5531 cani,
638 5469 873 5538 Assyrii,
922 5470 1034 5525 Indi
1070 5514 1084 5537 ,
1134 5472 1366 5529 Macardi
1397 5516 1412 5540 ,
1461 5474 1686 5542 Parthi,
1720 5477 2032 5545 Germani,

428 5559 708 5635 Helymei,
740 5561 955 5629 Cessei,
988 5563 1193 5623 Arabes
1238 5568 1431 5640 primi,
1492 5565 1774 5636 Ccdrusii,
1819 5569 2032 5643 Scytze,

2165 1917 2375 1974 Hebraei
2404 1916 2495 1989 qui
2526 1927 2578 1972 et
2607 1916 2799 1982 Indzei,
2830 1917 3054 1990 Assyrii,
3084 1916 3343 1985 Chaldaei,
3370 1917 3574 1981 Persa},
3601 1915 3740 1985 Medi,

2164 2011 2368 2067 Arabes
2390 2052 2407 2079 ,
2439 2010 2646 2065 Madian
2672 2051 2686 2074 ,
2718 2008 3029 2067 Adiabenici
3050 2053 3064 2075 ,
3111 2009 3299 2066 Talcni
3322 2056 3337 2078 ,
3373 2011 3705 2066 Alamosenni
3729 2050 3743 2076 ,

2162 2103 2449 2169 Saraceni,
2499 2103 2664 2173 Magi,
2707 2100 2925 2170 Caspii,
2977 2103 3195 2169 Albani,
3246 2102 3391 2167 Indi,
3432 2102 3743 2172 Ethiopes,

2162 2194 2424 2268 Egyptii,
2456 2195 2672 2268 Libyes,
2706 2194 2916 2257 Chetei,
2947 2193 3198 2250 Cananmi
3220 2236 3235 2259 ,
3266 2192 3537 2250 Ferezmi.
3566 2193 3742 2260 Euvei,

2161 2287 2454 2359 Gergesei,
2503 2286 2754 2353 Jebusei,
2803 2287 3041 2352 ldumei,
3104 2285 3424 2354 Samaritre,
3476 2286 3743 2349 Fteiiices.

2162 2380 2317 2453 Syri,
2346 2380 2547 2435 Cilices
2567 2422 2582 2444 ,
2615 2379 2978 2444 Tharsenses,
3009 2378 3356 2450 Cappadoces
3379 2422 3394 2439 .
3442 2378 3696 2445 Armenii,
3723 2379 3747 2415 ³

2161 2476 2352 2532 Hibeni
2373 2518 2389 2542 ,
2422 2475 2661 2540 Librani,
2694 2475 2892 2547 Scytm.
2922 2464 3137 2543 Colchi,
3169 2472 3335 2531 Sanni
3356 2516 3372 2541 ,
3405 2472 3746 2543 Ilosphorani,

2159 2570 2370 2631 Asiani,
2405 2568 2809 2636 Ilisaurienses,
2858 2567 3172 2639 Lycaones,
3222 2565 3472 2638 Pysidrc,
3517 2564 3743 2631 Galate,

2160 2661 2502 2734 Paﬁagones,
2536 2661 2768 2734 Fryges,
2814 2661 2981 2716 Achai
3003 2705 3017 2725 ,
3048 2660 3334 2725 Thessali,
3366 2658 3747 2726 Machedones,

2159 2756 2389 2823 Traces,
2425 2756 2592 2830 Mysi,
2628 2756 2809 2822 Bessi,
2843 2755 3075 2812 Dardani
3097 2797 3110 2819 ,
3141 2754 3437 2821 Sarmatze,
3471 2753 3747 2819 Germani,

2159 2849 2433 2917 Pannoni,
2464 2849 2702 2917 Peones,
2730 2847 2946 2916 Norici,
2983 2849 3238 2904 Dalmatae
3259 2891 3273 2911 ,
3310 2847 3542 2903 Romani
3573 2847 3657 2920 qui
3700 2856 3749 2903 et

2158 2944 2360 3011 Latini,
2395 2943 2653 3015 Ligures,
2685 2942 2821 2999 Galli
2848 2941 2940 3013 qui
2987 2951 3043 2997 et
3066 2940 3263 3007 0811111,
3298 2940 3589 3011 Aquitani,
3621 2939 3747 2994 Brit-

2158 3037 2268 3091 tani
2290 3078 2305 3103 ,
2337 3036 2555 3107 Hispani
2597 3035 2685 3105 qui
2717 3047 2770 3091 et
2810 3034 3038 3106 Tyrreni
3058 3076 3073 3101 ,
3117 3032 3316 3100 Mauri,
3349 3031 3675 3097 Baccuatcs,
3701 3041 3749 3086 et

2156 3130 2496 3195 Massennes,
2529 3128 2735 3195 Getuli,
2768 3129 2881 3185 Airi
2910 3129 3000 3201 qui
3050 3136 3104 3185 et
3147 3127 3409 3183 Barbare;
3435 3169 3449 3191 ,
3494 3125 3708 3183 Mazicei
3731 3167 3745 3192 ,

2076 3200 2122 3264 C
2155 3222 2506 3280 Garamantes
2534 3221 2625 3293 qui
2653 3231 2709 3279 et
2736 3200 3101 3289 Marmaredae,
3131 3220 3220 3293 qui
3245 3234 3412 3291 usque
3430 3218 3749 3291 {Ethiopiam

2157 3314 2533 3373 extenduntur.

2810 3466 2994 3508 SECTIO
3031 3468 3125 3507 VII.

2227 3608 2599 3665 Necessarium
2628 3616 2808 3665 autem
2850 3608 3032 3676 putavi
3071 3617 3126 3663 et
3154 3606 3577 3664 inhabitationes
3611 3605 3747 3664 Gen-

2156 3704 2287 3760 tium
2316 3713 2375 3760 et
2408 3704 2907 3774 cognominationes
2936 3701 3220 3759 declarari.

2230 3796 2483 3866 Incipiam
2510 3806 2688 3853 autem
2716 3796 2783 3852 ab
2807 3795 3026 3852 Oriente
3051 3812 3066 3848 :
3091 3795 3373 3852 Persarum
3395 3806 3446 3853 et
3478 3797 3744 3853 Medorum

2156 3891 2546 3948 inhabitatures
2565 3890 2750 3946 Parthi
2778 3900 2833 3946 et
2856 3890 3044 3947 vicina:
3069 3900 3257 3961 gentes
3284 3891 3428 3962 pacis
3455 3906 3629 3962 usque
3655 3891 3745 3961 Sy-

2152 3987 2286 4042 riam
2317 3987 2477 4043 caele.

2226 4079 2461 4137 Arabum
2509 4078 2899 4136 inhabitatores
2946 4080 3151 4134 Arabes
3200 4076 3564 4134 Eudzemoucs
3607 4077 3743 4133 :lioc

2152 4174 2295 4228 enim
2329 4173 2543 4229 nomine
2569 4173 2925 4243 appellantur.

2225 4266 2603 4323 Chaldaeorum
2635 4266 3018 4322 inliabitatnres
3039 4265 3485 4337 Mesopotameni.

2224 4360 2645 4416 Madianensium
2670 4358 3053 4416 iubabitatores
3072 4357 3510 4430 Gyneducolpitze
3535 4368 3589 4415 ct
3613 4358 3712 4414 Tro

2150 4456 2378 4529 clodytte
2408 4465 2465 4510 et
2504 4453 2816 4527 Iethyol’agi.

2222 4550 2534 4605 Graecorum
2557 4560 2737 4604 autem
2761 4556 2951 4619 gentes
2978 4558 3035 4604 et
3060 4547 3316 4603 vocabula
3344 4563 3376 4602 v
3403 4566 3414 4601 :
3438 4547 3628 4615 Jones,
3652 4548 3740 4602 Ar-

2070 4602 2123 4663 D
2148 4602 2332 4711 cades,
2356 4602 2572 4710 ea...
2604 4602 2794 4707 3...:
2818 4602 3079 4699 tam...

2218 4739 2420 4795 Horum
2448 4738 2832 4793 inhabitatores
2854 4737 3069 4793 fuerunt
3092 4737 3319 4804 Pontici,
3346 4737 3527 4803 Bitini,
3555 4737 3736 4802 Troes.

2143 4830 2365 4897 Asiani,
2416 4830 2562 4893 Cari.
2623 4829 2804 4899 Legii,
2864 4829 3103 4901 Pamyli,
3149 4829 3401 4902 Cyrinei,
3456 4839 3515 4887 et
3559 4830 3740 4886 Insula:

2142 4926 2356 4996 plures,
2390 4924 2443 4981 id
2487 4934 2569 4979 est
2616 4923 2877 4997 Cyclades
2925 4923 3143 4994 quidem
3184 4924 3377 4982 decem
3422 4942 3545 4997 qua:
3590 4925 3736 4998 Myrti

2139 5019 2386 5091 pelagum
2416 5019 2714 5074 continent.
2751 5016 2875 5073 Iitec
2899 5028 3024 5073 sunt
3049 5027 3229 5073 autem
3261 5004 3477 5073 nomina
3510 5032 3690 5075 earum
3718 5033 3731 5070 :

2215 5109 2480 5174 Andrum.
2510 5108 2826 5165 Tentemteo
2845 5151 2861 5175 ,
2884 5108 3085 5174 Naxus,
3110 5108 3272 5174 Geos,
3304 5110 3536 5182 Gyaros.
3561 5110 3732 5178 Delos,

2145 5203 2360 5274 Fynns.
2411 5202 2625 5266 Renea,
2674 5200 2922 5273 Cyrnos,
2973 5202 3232 5259 Maraton.
3287 5204 3426 5260 Sunt
3465 5215 3643 5261 autem
3685 5213 3735 5259 ct

2141 5296 2263 5352 aliae
2290 5294 2483 5351 Insula:
2532 5294 2766 5363 majores
2793 5310 2897 5356 xu.
2926 5310 3047 5365 qua:
3075 5296 3236 5351 etiam
3271 5296 3517 5353 civitates
3542 5297 3733 5353 habent

2142 5386 2401 5458 plurimas
2421 5427 2435 5452 ,
2468 5400 2591 5457 qua:
2615 5384 2868 5442 dicuntur
2898 5386 3201 5456 Sporadas,
3231 5388 3285 5443 in
3310 5390 3503 5460 quibus
3528 5388 3731 5444 inhabi-

2140 5486 2391 5534 tavernut
2439 5476 2634 5534 Grzeci.
2685 5476 2814 5533 Ha‘c
2854 5487 2980 5533 sunt
3027 5489 3205 5535 autem
3252 5481 3468 5537 nomina
3510 5496 3725 5537 earum:

2139 5571 2341 5629 Eubtna
2365 5612 2379 5637 ,
2411 5569 2602 5638 Creta,
2631 5569 2807 5627 Sicilia
2828 5612 2844 5640 ,
2876 5570 3105 5645 Cyprus,
3133 5569 3296 5641 Coos,
3328 5572 3553 5642 Samus,
3587 5573 3727 5629 Rho-

1678 5711 2061 5776 LECTIONES
2084 5713 2501 5775 VARIANTES.

496 5831 520 5857 "
548 5830 589 5879 Α
613 5830 796 5883 Baetis.
820 5831 967 5883 Labb.
997 5831 1058 5882 ab
1078 5830 1233 5881 Acris.

2188 5830 2219 5873 ι»
2242 5832 2444 5885 Hibeni.
2476 5831 2618 5887 Labb.
2646 5833 2840 5887 Hiberi.

3951 2166 3953 2253 1

3954 2306 3955 2373 1

3956 2444 3957 2495 1

3958 2582 3959 2633 1

3960 2720 3961 2779 1

3962 2858 3963 2909 1

3964 2996 3965 3057 1

3966 3136 3967 3179 1
