4034 6320
276 309 384 364 nos

1525 300 1918 360 CllRONlCON
1957 301 2290 360 ANONYMI.

3469 299 3578 358 666

269 427 408 494 dus,
437 422 636 492 Chius,
665 424 942 496 Thapsus,
975 423 1208 482 Lemnus
1232 466 1249 493 ,
1277 423 1502 489 Lesbus,
1534 424 1868 478 Samotraee.
1898 423 1947 480 A
1977 435 2120 490 mus,
2172 422 2362 489 Axius,
2413 422 2670 495 Pyramus
2696 464 2711 488 ,
2751 421 2931 493 Bajus,
2965 420 3206 488 Hebr-on,
3259 419 3571 490 Sangarius,

268 519 367 575 Est
397 530 573 573 autem
605 532 636 572 a
669 517 873 573 Bazotia
906 516 1111 573 Euboea
1140 534 1154 570 :
1183 516 1338 571 sicuti
1380 514 1448 569 ab
1493 513 1627 568 .lone
1657 501 1873 567 Jonides

267 614 514 668 civitates
564 629 656 668 xvr
709 614 789 666 ha:
833 630 846 667 :
886 610 1264 675 Cladiomena,
1314 610 1602 681 Mitylene,
1649 606 1870 671 Focrea,

268 706 490 773 Priene,
523 717 547 744 τι
580 707 732 778 Eryt,
763 707 976 773 Samos,
1009 706 1174 772 Teos,
1201 704 1447 770 Colol'on,
1481 701 1629 763 Cius,
1659 700 1871 766 Efesus,

269 802 508 868 Smirna,
558 801 862 863 Perinthus,
904 801 1241 873 Byzantium,
1268 797 1560 863 Calcedon,
1593 796 1792 850 Pontus
1821 804 1873 848 et

267 897 486 954 Amisos
515 896 703 952 libera.

342 991 728 1053 Romanorum,
757 992 846 1060 qui
877 1001 931 1046 et
961 991 1304 1054 Citiensium,
1339 998 1528 1056 gentes
1567 996 1623 1042 et
1666 985 1871 1041 inhabi—

269 1085 500 1142 tationes
545 1085 626 1140 ha:
675 1096 798 1140 sunt
839 1103 853 1140 :
897 1085 1053 1141 Tusci
1080 1083 1499 1156 ,iEmilienses,
1547 1082 1870 1147 Pincentes,

265 1177 524 1249 Campmi
548 1220 561 1244 ,
595 1178 632 1232 A
645 1177 932 1248 pulienses,
969 1179 1188 1234 Lucnni.

339 1272 591 1328 Afrorum
621 1281 810 1340 gentes
835 1282 889 1328 et
915 1271 1330 1327 inbabitaliones
1359 1271 1440 1327 ba:
1467 1277 1593 1325 sunt
1620 1285 1632 1324 :
1663 1266 1874 1324 Lebde-

266 1366 355 1433 ni,
385 1368 521 1423 (Sinti
543 1409 558 1430 ,
585 1366 846 1428 Numidm,
882 1365 1232 1430 Nasamones,
1267 1365 1409 1420 Saci.

343 1459 535 1516 Insula:
573 1469 751 1516 autem
778 1459 864 1515 lue
885 1469 1033 1524 sunt,
1061 1475 1180 1530 qua:
1211 1457 1406 1513 habent
1435 1457 1683 1513 civitates
1709 1455 1872 1511 :Sar-

267 1553 438 1618 dinia,
457 1553 700 1619 Corsica,
721 1552 884 1609 Girda
909 1568 1026 1623 qum
1043 1561 1098 1608 et
1118 1552 1371 1623 Benigga,
1387 1549 1865 1622 Cercyna,Galata.

346 1647 647 1702 Maurormn
699 1657 879 1702 autem
949 1656 1135 1716 gentes
1203 1656 1257 1702 et
1327 1644 1740 1701 inhabitationes
1784 1643 1867 1700 ba:

265 1749 398 1795 sunt
424 1756 438 1792 :
472 1737 756 1803 Musulani,
787 1737 1073 1805 Tingitani,
1098 1736 1478 1792 C:rsarienses.

345 1834 705 1904 Hispanorum
763 1842 939 1887 autem
987 1845 1174 1903 gentes
1224 1842 1278 1888 et
1326 1831 1736 1887 inhabitationes
1785 1829 1868 1885 ha:
1897 1823 1945 1882 B

263 1940 416 1994 sunt,
440 1927 675 2002 Tyranni
709 1940 763 1982 ct
793 1928 1184 1994 Turrenorum,
1217 1929 1308 1999 qui
1338 1938 1391 1983 et
1411 1927 1862 1990 Terraconenses,

269 2021 531 2094 Lysitani,
553 2022 758 2087 Belieii,
792 2021 1106 2094 Autryconi,
1136 2019 1431 2084 Vascones,
1459 2018 1678 2085 Calleci,
1701 2019 1789 2090 qui
1815 2028 1868 2075 et

265 2119 514 2176 Astures.

343 2213 540 2279 Insula:
567 2221 742 2267 autem
773 2227 892 2282 qua:
931 2213 1200 2282 pertinent
1225 2210 1289 2264 ad
1320 2209 1624 2280 Hispaniam
1670 2207 1862 2263 Terra-

265 2320 564 2361 conensem
590 2317 698 2360 tres
743 2314 868 2360 sunt
893 2346 908 2371 ,
949 2318 1071 2375 quae
1099 2303 1438 2374 appellantur
1466 2300 1490 2338 ¹¹
1541 2300 1863 2355 Valliaricm.

266 2398 479 2454 llabent
501 2408 676 2454 autem
704 2401 946 2454 civitates
974 2414 1006 2450 v
1035 2396 1170 2469 bas:
1205 2395 1408 2460 Ebuso,
1449 2408 1468 2432 ε
1505 2395 1707 2455 Pahne.
1743 2393 1867 2448 Pol-

266 2488 455 2558 lentia,
487 2506 604 2560 qum
645 2489 840 2545 dicitur
883 2489 1150 2560 Majorica,
1181 2486 1456 2554 Touizcne,
1486 2485 1868 2557 Magone,qua3

263 2583 568 2654 appellatur
591 2583 866 2638 Minorica.

345 2675 545 2730 llarum
599 2675 986 2732 inhabitatores
1015 2675 1229 2730 luerunt
1270 2672 1502 2729 Cananei
1550 2671 1864 2741 fugientesa

267 2769 406 2825 facie
434 2768 560 2824 .lesu
587 2767 679 2822 ﬁlii
710 2766 853 2823 Nave
880 2785 892 2821 :
920 2783 1040 2821 nam
1069 2775 1124 2820 et
1146 2765 1346 2820 Sidona
1377 2765 1464 2834 qui
1512 2763 1869 2819 condiderunt

261 2872 320 2918 et
350 2862 450 2932 ipsi
475 2859 726 2916 Cauanei.
761 2860 924 2915 Gadis
949 2868 1128 2914 autem
1153 2857 1388 2915 Jebuswi
1417 2855 1794 2922 condiderunt,
1812 2863 1868 2910 et

262 2955 366 3025 ipsi
390 2955 642 3010 similiter
674 2953 900 3024 profugi.

337 3047 614 3104 Gallorum
643 3056 820 3102 autent
849 3045 1280 3102 Narbonensium
1308 3054 1493 3116 gentes
1521 3054 1574 3099 et
1603 3041 1864 3098 inhabita-

261 3143 467 3200 tinnes:
491 3140 767 3197 Amaxobii
794 3140 1001 3207 Grmce,
1026 3139 1302 3196 Sarmatae.

1977 509 2268 579 Achelous,
2296 515 2526 582 Peneus,
2570 516 2807 582 Ebenus,
2856 514 3169 585 Sperchius,
3215 513 3459 585 Cayster,
3491 511 3578 568 Si-

1977 608 2506 674 ninis,Scamamler,
2549 610 2824 680 Strymon,
2869 608 3205 674 Parthenius,
3253 607 3409 674 Ister,
3448 606 3580 661 Illa-

1977 703 2089 757 rins
2113 703 2199 771 qni
2225 715 2276 757 et
2310 703 2599 766 Danubius,
2633 703 2872 768 Rhenus,
2908 701 3225 764 Rhodanus,
3266 699 3435 767 Betis,
3466 698 3574 755 Hc-

1977 795 2216 859 ridanus,
2237 795 2508 851 Thembcr
2533 797 2622 865 qui
2649 810 2791 850 nunc
2815 795 3010 850 dicitur
3034 795 3262 850 Tiberis.

2048 888 2307 944 Filiorum
2333 890 2491 960 igitur
2519 890 2677 944 trium
2717 888 2828 946 Noe
2857 885 3179 960 tripartitum
3205 885 3463 943 saeculum
3491 885 3573 942 di-

1976 981 2234 1037 visorum.

2048 1076 2113 1130 Et
2133 1075 2349 1146 quidem
2397 1075 2522 1130 Sem
2570 1075 2956 1146 primogenitus
2997 1075 3204 1144 accepit
3250 1072 3571 1137 Orientem;

1975 1166 2142 1223 Cham
2167 1177 2348 1223 autem
2381 1167 2874 1234 Mediterraneum;
2921 1167 3062 1224 Jafet
3087 1165 3455 1224 Occidentem.
3507 1164 3574 1220 Et

1975 1261 2208 1316 ostensis
2233 1262 2501 1331 gentibus,
2521 1278 2639 1333 qua:
2666 1263 2735 1318 de
2763 1276 2868 1334 quo
2896 1272 3092 1318 creata:
3115 1259 3246 1330 sint,
3269 1257 3575 1316 necessario

1975 1354 2330 1410 decurramus
2359 1353 2426 1408 ad
2455 1369 2648 1410 annos.

2655 1512 2840 1553 SECTIO
2877 1513 2929 1552 IK
2944 1535 2958 1551 .

2048 1635 2207 1691 Falec
2229 1650 2491 1690 annorum
2516 1649 2664 1690 cxxx
2684 1635 2869 1706 genuit
2893 1634 3099 1705 Ragau.

2047 1728 2229 1798 Ragau
2255 1742 2521 1782 annorum
2553 1742 2733 1781 cxxxu
2763 1727 2946 1797 genuit
2983 1724 3210 1780 Seruch.

2045 1819 2250 1876 Seruch
2280 1834 2542 1872 annorum
2562 1833 2703 1872 cxxx
2728 1818 2924 1888 genuit'
2940 1815 3172 1871 Nacbor.

2044 1912 2255 1969 Nachor
2282 1927 2544 1966 annorum
2579 1925 2746 1964 Lxxtx
2772 1909 2955 1978 genuit
2979 1907 3236 1962 Tliaram.

2043 2010 2218 2063 Thara
2245 2022 2508 2061 annorum
2541 2020 2641 2059 Lxx
2672 2002 3172 2074 genuitAbraham.

2045 2100 2311 2156 Abraham
2343 2107 2518 2152 autem
2547 2105 2664 2152 erat
2691 2111 2950 2151 annorum
2980 2109 3140 2159 Lxxv,
3170 2107 3277 2164 quo
3327 2100 3573 2160 tempore

1969 2194 2130 2250 edixit
2160 2194 2232 2248 illi
2263 2194 2421 2256 Deus,
2455 2202 2510 2248 ut
2536 2192 2708 2247 exiret
2746 2189 2812 2244 de
2847 2198 2991 2244 terra
3035 2203 3152 2251 sua,
3191 2195 3244 2242 et
3291 2185 3361 2240 de
3409 2183 3573 2240 domo

1970 2287 2134 2358 patris
2165 2287 2280 2352 sui,
2312 2295 2366 2340 et
2395 2285 2598 2338 veniret
2625 2283 2677 2336 in
2710 2291 2906 2336 terram
2947 2279 3243 2334 Chanaam.

2042 2379 2200 2434 Fiunt
2229 2379 2387 2448 igitur
2415 2393 2444 2431 a
2473 2374 2736 2431 divisione
2788 2386 3066 2444 usquequo
3107 2371 3253 2425 venit
3297 2367 3569 2424 Abraham

1971 2476 2024 2531 in
2094 2483 2293 2528 terram
2352 2471 2624 2527 Chanaam
2692 2468 3068 2540 generationes
3113 2464 3382 2535 quinque,
3442 2461 3571 2516 anni

1971 2585 2132 2625 ncxvl
2161 2586 2173 2620 :
2207 2569 2274 2621 ab
2303 2566 2474 2622 Adam
2510 2574 2687 2620 autem
2737 2563 3112 2636 grneratinnes
3155 2576 3245 2626 xx,
3279 2559 3433 2614 annis
3487 2572 3567 2626 ιιι,

1972 2676 2278 2716 MCCCLSXX\
2293 2676 2348 2715 ll.

2040 2753 2402 2810 Conversatus
2443 2762 2525 2807 est
2557 2761 2737 2807 autem
2786 2764 2908 2804 cum
2939 2746 3212 2803 (.‘hanaam
3261 2743 3419 2800 annis
3461 2758 3565 2799 xxv

1969 2861 2024 2906 et
2045 2851 2228 2920 genuit
2250 2850 2424 2905 Isaac.

2039 2943 2188 2998 Isaac
2217 2957 2481 2996 annorum
2517 2956 2582 2996 ιι
2637 2939 2822 3009 genuit
2846 2936 3030 2994 Jacob.

2039 3035 2204 3091 Jacob
2233 3049 2497 3089 annorum
2530 3048 2688 3088 Lxxvl
2715 3031 2896 3102 genuit
2915 3030 3067 3085 Levi.

2042 3126 2170 3182 Levi
2191 3141 2453 3182 annorum
2477 3141 2546 3180 xi.
2566 3125 2750 3196 genuit
2768 3121 2958 3179 Caatb.

338 3233 404 3289 Et
460 3233 558 3288 bos
605 3242 788 3288 autem
834 3233 1196 3289 necessarium
1226 3231 1324 3285 luit
1349 3230 1624 3286 declarare
1652 3229 1765 3295 tibi,
1796 3244 1863 3286 nc
1891 3222 1936 3284 C
2043 3219 2208 3276 Caalb
2241 3235 2504 3273 annorum
2536 3218 3077 3288 Lx‘gcnuilAInram.
3118 3255 3121 3260 -

259 3327 562 3398 ignotarum
606 3329 844 3397 gentium
886 3326 1163 3392 vocabula,
1189 3335 1243 3382 ct
1267 3334 1472 3397 gentes,
1501 3333 1556 3380 et
1582 3323 1860 3381 manifesta

258 3423 481 3481 llulnina
503 3423 794 3494 ignorares.

894 3551 1082 3593 SECTIO
1122 3552 1236 3591 VIII.

331 3655 580 3726 Incipiam
620 3669 748 3726 ergo
768 3655 946 3710 dicere
977 3654 1045 3709 de
1076 3655 1324 3725 gentibus
1348 3653 1415 3707 ab
1437 3651 1674 3708 Oriente.

331 3747 642 3803 Adiabenici
692 3757 745 3802 et
791 3746 978 3801 Taleni
1002 3757 1188 3802 contra
1237 3746 1513 3805 Arabiam.
1571 3741 1852 3809 Saraceni,

231 3841 520 3898 .Saraccni
548 3843 634 3897 alii
681 3841 940 3896 Atalenos
973 3850 1158 3895 contra
1191 3839 1464 3894 Arabiam.
1494 3839 1682 3893 Albani
1729 3853 1858 3893 con-

255 3946 337 3991 tra
377 3936 534 4006 Pylas
587 3935 825 4002 Caspias.
854 3935 1152 3989 Madianitze
1202 3934 1454 4004 majores,
1497 3949 1630 4004 quos
1679 3947 1854 4002 expu-

253 4032 438 4100 gnavit
454 4031 682 4102 Moyses,
709 4031 847 4084 inter
868 4029 1304 4098 Mesopotamiam
1329 4037 1383 4082 et
1403 4045 1547 4082 mare
1573 4027 1849 4082 Rubrum:

251 4122 428 4177 Minor
474 4135 649 4176 autem
680 4121 883 4176 Madian
917 4130 999 4175 est
1045 4130 1228 4175 contra
1259 4135 1403 4173 mare.
1431 4120 1672 4174 lluhlum
1703 4120 1854 4187 juxta

252 4217 665 4291 {Egyptumalbi
685 4219 924 4288 regnavit
939 4217 1100 4270 Ravcl
1117 4231 1272 4272 socer
1288 4215 1450 4286 Moysi
1467 4217 1554 4284 qui
1573 4225 1624 4267 et
1637 4214 1850 4269 Jotbro.

326 4310 528 4364 Cnntra
553 4309 900 4379 Cappadoces
930 4325 957 4363 a
1005 4320 1157 4379 parte
1183 4308 1370 4363 dextra
1402 4308 1660 4371 Armenii,
1692 4307 1852 4363 Ilibe-

249 4404 339 4469 rii,
375 4401 398 4438 ι¹
430 4404 656 4468 Birrani,
685 4403 895 4475 Scytac,
946 4402 1152 4464 Colchi.
1193 4403 1521 4473 BOSpllOl‘alli
1549 4447 1562 4467 ,
1605 4401 1730 4458 Sani
1762 4402 1849 4472 qui

248 4497 593 4566 appellantur
621 4500 909 4557 Sanuiccs,
961 4510 1128 4566 usque
1174 4496 1401 4551 Pontum
1455 4496 1846 4560 extendentes;

249 4587 342 4644 ubi
375 4599 454 4644 est
507 4591 790 4653 Accessus,
823 4589 1090 4655 Absarus,
1125 4599 1180 4644 et
1232 4589 1618 4659 Sebastopolis,
1652 4588 1846 4642 Ussili-
1878 4623 1929 4684 Β

248 4698 374 4737 men
417 4682 558 4752 quod
593 4691 675 4737 est
708 4692 910 4752 portus,
944 4693 999 4737 et
1048 4681 1234 4737 Pasins
1275 4681 1494 4748 ﬂumen,
1524 4698 1690 4752 usque
1715 4681 1848 4738 Tra-

250 4788 480 4848 pezunta
511 4775 872 4831 extenduntur
896 4777 976 4830 ba:
1003 4786 1210 4845 gentes.

323 4869 531 4924 Montes
562 4880 738 4925 autem
770 4879 892 4922 sunt
944 4868 1200 4923 nominati
1244 4884 1318 4922 xu
1350 4866 1677 4932 :Caucasus,
1709 4867 1849 4922 Tau-

244 4977 360 5028 rus,
410 4962 585 5030 Atlas,
621 4973 642 4996 τ’
679 4962 1004 5032 Parnaysus,
1051 4959 1300 5026 Citeron,
1333 4959 1591 5022 Helicon,
1625 4959 1846 5015 Parthe-

246 5055 390 5119 nius,
421 5055 584 5128 Nysa,
621 5056 980 5118 Lueabantus,
1013 5056 1228 5121 l’enins,
1258 5056 1540 5126 Olympus,
1589 5054 1845 5110 Libanus.

319 5149 561 5204 Flumina
586 5161 762 5203 autem
791 5158 1120 5219 suntniagua
1142 5159 1196 5203 et
1226 5150 1497 5203 nominata
1529 5165 1614 5204 xu
1647 5167 1659 5203 :
1689 5149 1846 5205 lntlos

244 5246 335 5316 qui
369 5255 422 5299 et
466 5244 646 5302 Fison.
682 5243 828 5298 Nilus
878 5245 966 5313 qui
999 5253 1052 5297 et
1078 5242 1477 5312 Geon,"l‘igris,
1523 5242 1844 5314 Euphrates,

242 5342 536 5405 Jordanis,
608 5340 855 5402 (lefisos,
915 5338 1145 5404 Tanais,
1205 5337 1418 5402 Metios,
1475 5337 1843 5401 Erimanlhus,

244 5435 396 5505 Alys,
431 5436 675 5504 Asopus,
735 5432 1108 5496 Thermodon,
1151 5433 1428 5496 Erasinus,
1472 5431 1626 5496 Rius,
1677 5431 1845 5486 Boru-

241 5529 486 5595 sthenes,
547 5528 766 5593 Alia-us,
819 5528 1046 5590 'l'aurus,
1105 5527 1328 5589 Eurota,
1381 5525 1671 5589 Mcander,
1707 5525 1845 5581 Iler—

2041 3315 2260 3368 Amram
2292 3325 2556 3366 annorum
2589 3326 2697 3366 Lxx
2721 3309 2907 3380 genuit
2931 3309 3134 3363 Aaron.

2040 3408 2095 3462 In
2129 3407 2460 3478 octogesimo
2483 3413 2662 3458 autem
2695 3414 2749 3458 et
2777 3403 2934 3458 tertio
2960 3416 3102 3456 anno
3132 3402 3332 3466 Aaron,
3364 3395 3567 3469 egressi

1966 3511 2089 3557 sunt
2118 3501 2213 3557 lilii
2241 3500 2404 3555 lsrael
2458 3499 2526 3554 de
2553 3496 2808 3570 Egypto,
2839 3496 3070 3550 ducente
3095 3509 3189 3551 eos
3216 3493 3417 3565 Moyse.

2039 3595 2199 3650 Fiunt
2222 3594 2381 3664 igitur
2397 3607 2587 3647 omnes
2613 3592 2738 3645 anni
2765 3605 3033 3646 ccccxxx.

2038 3690 2093 3743 In
2121 3687 2340 3742 deserto
2369 3701 2436 3740 xi.
2456 3699 2628 3740 annos
2659 3683 2782 3737 facit
2811 3681 3038 3752 populus
3059 3679 3159 3735 sub
3184 3679 3386 3752 Moyse.

2037 3779 2195 3835 Jcsus
2239 3777 2386 3833 Nave
2417 3777 2643 3832 transito
2682 3774 2916 3830 Jordane
2954 3773 3082 3828 facit
3117 3775 3167 3827 in
3221 3781 3362 3828 terra
3391 3787 3562 3827 annos

1963 3890 2126 3938 xxvll,
2152 3873 2345 3928 bellmn
2373 3873 2480 3942 agit
2499 3870 2654 3925 annis
2677 3887 2767 3934 vn,
2789 3879 2842 3925 et
2869 3878 3151 3940 postquam
3181 3865 3423 3939 possedit
3452 3875 3562 3922 ler-

1963 3986 2074 4024 ram
2123 3968 2257 4023 vixit
2287 3968 2439 4021 annis
2471 3982 2558 4021 xx.

2033 4062 2189 4116 Fiunt
2219 4076 2370 4131 ergo,
2404 4075 2468 4116 ex
2501 4074 2606 4128 quo
2632 4057 2899 4114 Abraham
2936 4056 3081 4111 venit
3106 4057 3159 4111 in
3188 4065 3384 4110 terram
3407 4055 3546 4111 Cha-

1961 4170 2139 4218 naam,
2171 4168 2336 4222 usque
2366 4150 2434 4206 ad
2457 4161 2684 4205 mortem
2707 4149 2835 4206 Jesu
2866 4149 3035 4210 Nave,
3062 4146 3440 4218 generationes
3457 4163 3558 4202 nu-

1961 4265 2109 4305 mero
2133 4263 2222 4310 vn,
2246 4246 2370 4300 anni
2401 4263 2432 4300 ι)
2461 4261 2558 4309 ;cx
2580 4244 2749 4300 Adam
2777 4254 2954 4298 autem
2972 4241 3351 4314 generationes
3383 4257 3559 4311 xxvii,

1955 4343 2078 4399 anui
2109 4359 2184 4409 ιιι,
2209 4356 2566 4396 necenxxxrv.

2639 4535 2822 4578 SECTIO
2862 4537 2914 4575 Χ.

2027 4686 2160 4742 Post
2191 4691 2417 4738 mortem
2466 4695 2594 4735 vero
2618 4679 2744 4736 Jesu
2792 4694 3021 4750 peccans
3071 4679 3298 4750 populus
3328 4676 3562 4733 traditur

1953 4781 2278 4836 Cusarsaton
2317 4777 2426 4849 regi
2464 4775 2885 4846 Mesopotamim,
2914 4775 2998 4830 cui
3031 4773 3198 4829 servit
3221 4788 3392 4828 annos
3431 4786 3548 4834 vin,

1951 4887 2005 4932 et
2032 4891 2152 4929 cum
2179 4869 2545 4929 clamassetad
2590 4869 2874 4924 Dominum
2905 4909 2918 4931 ,
2939 4865 3543 4922 cxsnrrexilGothoniel

1953 4966 2120 5022 frater
2145 4964 2309 5022 Caleb
2342 4963 2524 5034 junior
2567 4960 2636 5016 de
2682 4960 2848 5016 Tribu
2902 4959 3067 5025 Juda,
3101 4958 3189 5028 qui
3220 4956 3560 5012 denuntiavit

1952 5061 2050 5130 ipsi
2107 5058 2454 5122 Cusarsaton,
2487 5062 2542 5110 et
2571 5052 2765 5108 occidit
2799 5053 2968 5119 illum,
3005 5060 3060 5108 et
3087 5053 3254 5124 gessit
3299 5051 3549 5107 ducatum

1951 5151 2132 5225 populi
2161 5150 2316 5206 annis
2353 5167 2381 5204 x
2397 5165 2506 5205 xxI.

2028 5246 2094 5300 Et
2141 5246 2332 5299 iterum
2379 5243 2508 5298 dum
2542 5251 2810 5314 peccaret,
2849 5239 3076 5295 traditus
3125 5249 3208 5294 est
3238 5239 3408 5310 Eglon
3440 5241 3556 5310 regi

1954 5340 2132 5406 Moab,
2151 5349 2207 5394 et
2233 5338 2454 5393 servivit
2482 5337 2555 5391 illi
2579 5335 2736 5390 annis
2767 5349 2915 5389 xvm.
2945 5332 3220 5389 Converso
3247 5342 3426 5388 autem
3458 5348 3556 5403 po-

1945 5434 2073 5506 pulo
2117 5430 2346 5486 surrexit
2385 5428 2530 5494 Aod,
2581 5430 2662 5482 vir
2695 5427 2762 5482 de
2809 5426 2973 5481 Tribu
3005 5425 3241 5494 Ell‘rem,
3287 5435 3342 5482 et
3371 5427 3556 5482 occiso

1950 5526 2144 5597 Eglon,
2165 5522 2493 5593 principatus
2510 5530 2591 5575 est
2616 5519 2813 5590 populo
2841 5519 2996 5573 annis
3021 5535 3184 5573 LXXX.

1479 5638 1858 5696 LECTIONES
1897 5632 2307 5694 VARIANTES.

304 5767 329 5793 ³
361 5765 490 5825 Eryt.
521 5764 666 5815 Lnbb.
693 5761 917 5822 Erytlira.

305 5827 333 5864 ἱ»
360 5827 646 5882 Valliariem,
677 5826 818 5876 Labl).
845 5825 1126 5875 Balearicze.

309 5897 330 5923 ο
363 5891 548 5948 l’alme,
583 5888 720 5941 Labb.
753 5885 953 5941 ΡαΙϐηθ·

2007 5753 2034 5792 d
2073 5753 2285 5804 Birrani.
2310 5750 2480 5802 Labbe.
2511 5750 2723 5801 Gircani.

2019 5821 2040 5850 ε
2070 5817 2360 5880 Parnaysus,
2386 5815 2601 5868 Citcron.
2633 5812 2802 5868 Labbc.
2831 5811 3120 5878 Parnassus,
3161 5813 3426 5866 Citha-ron.
