4034 6320
466 229 568 288 667

1754 221 1841 278 CH
1852 218 2144 278 llONICON
2184 219 2508 279 ANONYMI.

3654 218 3760 276 €68

533 340 743 398 Mortuo
782 348 961 397 autem
1014 338 1162 406 Aod,
1194 338 1513 410 delinqttens
1560 338 1790 409 populos
1832 336 2058 393 traditus
2086 338 2139 396 Α
2234 336 2362 392 Post
2392 336 2555 393 David
2581 344 2759 395 autem
2786 343 2973 408 regnat
2999 335 3252 394 Salomon
3283 336 3426 392 ﬁlius
3448 334 3567 408 ejus
3607 339 3764 394 annis

466 443 553 488 est
596 431 751 489 Jabin
791 434 903 506 regi
933 433 1342 498 Canauaaorum,
1379 431 1463 485 cui
1508 431 1734 486 servivit
1781 430 1938 484 annis
1965 444 2057 484 xx.

467 524 582 584 Sub
604 543 669 583 eo
700 526 1042 598 prophetavit
1071 525 1332 593 Deborra,
1365 538 1501 580 uxor
1524 522 1782 592 Lapidotl,
1802 522 1870 578 de
1896 522 2061 577 'l‘ribu

472 618 673 676 Eﬁ'rem
710 635 722 673 :
758 629 812 675 et
867 634 964 690 per
1004 619 1171 689 ipsam
1211 616 1462 672 ducatum
1504 614 1673 686 gessit
1702 615 1871 670 Barac
1917 614 2067 668 Ami-

477 728 641 774 noen,
662 711 731 767 de
784 710 922 767 tribu
948 710 1238 781 Neptalim.
1266 709 1358 763 llic
1379 708 1713 763 denuntiavit
1749 705 1903 761 Jabin
1929 705 2063 777 regi,

475 812 533 860 et
571 803 763 860 occidit
813 818 936 859 eum
961 844 978 870 ,
1016 812 1072 858 et
1126 802 1372 873 regnavit
1396 798 1645 871 judicans
1673 813 1794 854 cum
1831 797 2064 853 Deborra

474 895 630 950 annis
656 911 744 950 ιι.

551 989 678 1045 Post
693 988 843 1060 cujus
871 996 1099 1045 mortem
1123 986 1365 1059 peccavit
1388 987 1634 1057 populus,
1664 993 1720 1041 et
1742 983 1964 1038 traditus
1985 990 2068 1037 est

477 1081 767 1149 Madianeis
794 1085 950 1139 annis
992 1097 1063 1138 vn
1090 1125 1105 1151 ,
1135 1096 1297 1153 super
1327 1096 1463 1151 quos
1487 1080 1722 1136 surrexit
1750 1079 1966 1134 cheon
2000 1078 2066 1131 de

478 1178 617 1233 tribu
659 1174 924 1246 Manasse,
954 1178 1043 1249 qui
1067 1178 1118 1234 in
1144 1192 1240 1234 ccc
1275 1177 1426 1242 viris,
1454 1191 1558 1233 cxx
1592 1175 1821 1231 hostium
1851 1174 1921 1229 Μ.
1946 1188 2058 1243 per-

480 1270 634 1327 didit.
668 1272 763 1328 llic
788 1272 928 1329 rexit
958 1271 1215 1344 populum
1237 1273 1392 1328 annis
1409 1287 1497 1327 ιι.

547 1365 713 1435 Hujus
743 1365 884 1421 ﬁlius
910 1366 1204 1422 Abimelec.

545 1459 674 1514 Post
724 1460 865 1515 hunc
915 1459 1124 1531 prteluit
1172 1460 1368 1531 pepqu
1395 1459 1565 1514 Thole
1617 1457 1757 1512 ﬁlius
1782 1456 1933 1519 Fale,
1975 1454 2067 1508 ﬁlii

476 1552 777 1620 Caram,de
806 1554 945 1610 tribu
994 1554 1191 1610 Eﬁrem
1221 1555 1377 1608 anuis
1406 1570 1494 1608 xx.

548 1648 676 1704 Post
702 1650 874 1715 hunc,
918 1648 1171 1721 judicavit
1199 1646 1313 1703 Jair
1347 1645 1621 1705 Galadites
1667 1645 1733 1702 de
1775 1645 1913 1700 tribu
1961 1641 2070 1699 Ma-

476 1756 657 1806 nasse,
681 1752 733 1796 et
764 1740 977 1812 prmhtit
1002 1743 1158 1797 annis
1193 1757 1328 1797 xxu.

549 1836 677 1916 Post
702 1836 867 1904 hunc,
903 1852 1132 1909 peccans
1170 1837 1401 1909 populus
1446 1834 1676 1890 traditus
1724 1843 1806 1889 est
1852 1834 2070 1890 Amma-

469 1930 598 1985 uitis
628 1934 787 1987 annis
810 1947 962 1998 xvtn,
983 1941 1037 1987 et
1072 1946 1194 1987 cum
1222 1932 1509 1987 clamasset
1535 1929 1601 1985 ad
1624 1929 1932 1995 Dominum,
1957 1943 2075 1982 sur-

479 2025 622 2081 rexit
649 2025 752 2081 illis
779 2026 1030 2098 princeps
1057 2024 1213 2098 Jepte
1248 2025 1547 2090 Galaadita,
1578 2024 1645 2079 de
1668 2023 1807 2079 tribu
1838 2020 1974 2089 Gad,
2007 2022 2076 2077 de

482 2120 699 2175 civitate
722 2117 1017 2186 Masel'ath;
1045 2119 1291 2190 ettgessit
1318 2119 1567 2173 ducatum
1598 2118 1753 2172 annis
1770 2132 1842 2171 vt.

557 2212 685 2268 Post
710 2212 874 2281 hunc,
899 2212 1161 2285 judicavit
1188 2214 1321 2269 Elon
1359 2213 1513 2268 anuis
1547 2228 1603 2268 x.

558 2304 683 2361 Post
722 2305 884 2369 hunc,
918 2305 1177 2376 judicavit
1230 2303 1443 2360 Hebron
1487 2303 1630 2359 ﬁlius
1671 2301 1883 2358 Allelon
1914 2299 2080 2356 Fara-

486 2393 729 2463 thonoin,
754 2397 822 2453 de
848 2397 986 2453 tribu
1021 2395 1241 2463 Ell‘rem,
1276 2396 1429 2453 annis
1446 2412 1559 2451 vm.

558 2491 687 2549 Post
730 2492 889 2559 hunc,
921 2507 1151 2564 peccans
1180 2492 1408 2565 populus
1460 2490 1688 2547 traditur
1724 2487 1952 2544 Alloﬁlis
1982 2502 2080 2560 per

480 2597 652 2640 annos
694 2600 784 2641 ιι.

560 2676 683 2732 Post
712 2677 846 2745 haec,
879 2680 1155 2735 conversis
1201 2678 1324 2734 ﬁliis
1376 2678 1538 2733 lsrael
1569 2676 1802 2733 surrexit
1825 2673 2076 2741 Samson,

490 2767 632 2824 ﬁlius
652 2768 859 2838 Mauoe,
883 2769 950 2825 de
973 2771 1113 2825 tribu
1141 2770 1275 2825 Dan.
1302 2769 1398 2825 Hic
1423 2768 1713 2825 debellavit
1741 2768 2001 2833 Allnﬁlos,
2027 2777 2083 2823 et

487 2862 655 2931 gessit
680 2862 1033 2933 principatum
1055 2863 1211 2919 annis
1238 2880 1327 2919 xx.

562 2952 869 3021 Postbunc,
909 2955 1023 3011 lleli
1050 2954 1301 3011 sacerdos
1323 2954 1581 3025 judicavit
1607 2970 1778 3011 annos
1803 2970 1893 3010 xx.

561 3047 729 3115 Post,
773 3048 990 3105 Samuel
1035 3049 1296 3122 propheta
1347 3051 1497 3105 unxit
1533 3046 1660 3106 Saul
1707 3052 1758 3106 in
1790 3065 1993 3122 regem,
2029 3060 2083 3106 et

486 3141 602 3213 ipse
623 3142 878 3213 judicavit
908 3145 1163 3216 populum
1192 3145 1347 3200 annis
1376 3162 1507 3201 xxx.

562 3233 689 3288 Post
742 3242 969 3306 tempus,
1001 3252 1121 3291 cum
1174 3249 1417 3307 regnaret
1454 3236 1640 3303 David,
1673 3237 1856 3293 eduxit
1901 3254 2079 3294 arcam

490 3324 558 3379 de
585 3325 746 3381 domo
793 3327 1110 3392 Aminadab,
1140 3338 1193 3384 et
1234 3328 1451 3384 divertit
1479 3329 1707 3394 vitulos;
1742 3340 1795 3385 et
1830 3345 1951 3386 cum
1988 3347 2079 3386 rc-

489 3427 793 3474 verteretur
820 3420 1070 3490 opposuit
1108 3437 1297 3476 manus
1328 3421 1467 3476 ﬁlius
1495 3422 1816 3487 Aminadab,
1864 3424 2082 3479 nomine

490 3510 597 3567 Oza
628 3521 679 3568 et
709 3528 991 3583 percussus
1044 3527 1158 3571 est:
1189 3525 1244 3571 et
1272 3515 1447 3570 timuit
1474 3516 1661 3583 David,
1694 3525 1748 3571 et
1773 3514 1982 3570 induxit
2014 3515 2080 3570 il-

488 3604 596 3660 lam
629 3605 680 3661 in
716 3605 935 3663 domum
968 3608 1274 3665 Abeddarat
1300 3602 1514 3677 Gethei,
1548 3617 1603 3664 et
1632 3609 1756 3665 fecit
1801 3608 1873 3663 ibi
1916 3623 2072 3664 men-

486 3714 576 3755 ses
602 3709 733 3756 tres.

558 3792 822 3863 Regnavit
874 3804 1049 3850 autem
1100 3795 1224 3852 Saul
1269 3797 1424 3853 annis
1471 3811 1594 3852 xxx.
1628 3796 1752 3851 Erat
1783 3804 1960 3851 autem
2006 3796 2083 3852 illi

489 3887 597 3944 dux
630 3888 834 3957 Ahner,
868 3890 1006 3946 ﬁlius
1042 3890 1168 3947 Ner.
1202 3892 1321 3963 Ipse
1349 3901 1525 3949 autem
1556 3890 1770 3948 Samuel
1802 3891 1951 3947 unxit
1983 3889 2084 3946 Da-

484 3983 571 4039 vid
604 3985 655 4039 in
698 4000 902 4056 regem.

560 4074 723 4130 Fiunt
755 4078 913 4148 igitur
938 4076 1008 4133 ab
1033 4076 1162 4134 Jesu
1188 4093 1470 4151 usquequo
1496 4091 1790 4134 conversus
1812 4077 1951 4149 cepit
1983 4077 2087 4134 Da-

487 4165 577 4223 vid
616 4184 839 4241 reguum
870 4172 920 4226 in
969 4173 1111 4227 tribu
1158 4172 1293 4229 Juda
1326 4216 1339 4238 ,
1394 4173 1773 4245 generationes
1802 4189 1851 4229 tx
1890 4195 1901 4229 :
1933 4174 2089 4229 annis

487 4277 799 4331 cccccxxx;
833 4266 900 4322 ab
930 4266 1103 4323 Adam
1148 4278 1327 4324 autem
1353 4269 1731 4340 generationes
1763 4285 1923 4324 xxxtv
1949 4285 1963 4335 ;
1993 4284 2083 4325 an.

486 4371 565 4423 tv,
591 4371 873 4417 uccccxtv.

1096 4494 1097 4497 η
1147 4467 1331 4509 SECTIO
1372 4470 1443 4508 XI.

562 4546 829 4616 Deinceps
849 4556 1037 4618 regnat
1057 4546 1224 4602 David
1243 4548 1399 4603 annis
1431 4564 1496 4603 xl.
1526 4546 1801 4602 mensibus
1828 4562 1941 4603 sex.

566 4639 623 4695 lu
657 4638 836 4699 Ebron
876 4648 1054 4694 autem
1104 4640 1349 4711 regnavit
1376 4640 1528 4707 annis
1559 4655 1627 4694 vn
1658 4638 1931 4696 mensibus
1968 4655 2085 4709 sex,

493 4741 549 4790 et
574 4734 625 4788 in
649 4732 945 4789 Jeru5alcm
973 4732 1131 4788 annis
1160 4748 1349 4788 xxxtn.
1382 4732 1493 4788 Sub
1522 4732 1625 4789 hoc
1651 4731 1904 4789 sacerdos
1930 4733 2091 4789 Abia-

494 4828 636 4896 thar,
661 4826 802 4882 ﬁlius
826 4826 1120 4893 Abimelec,
1149 4841 1212 4881 ex
1239 4841 1438 4898 genere
1459 4826 1596 4893 Heli,
1626 4836 1680 4882 et
1706 4842 1770 4883 ex
1793 4826 1895 4881 alia
1922 4828 2090 4898 patria

489 4917 725 4979 Saddoc.

572 5016 968 5088 Prophetabant
998 5025 1177 5074 autem
1197 5016 1528 5088 temporibus
1551 5016 1739 5083 David,
1772 5016 1886 5075 Gad
1914 5026 1968 5074 et
1988 5018 2092 5075 Na-

495 5108 645 5163 than.
670 5110 987 5167 Eratautem
1017 5110 1116 5180 ipsi
1151 5110 1321 5165 David
1344 5110 1449 5164 dux
1473 5110 1628 5174 Joad,
1648 5110 1789 5166 ﬁlius
1816 5109 2018 5167 Sarvize
2038 5122 2086 5178 ο,

494 5203 700 5259 sororis
732 5203 919 5260 David.
953 5205 1049 5262 Hic
1069 5205 1425 5260 dinumeravit
1448 5205 1704 5276 populum
1733 5221 1748 5269 ;
1780 5215 1834 5260 et
1858 5216 1973 5261 erat
1994 5223 2093 5262 nu-

492 5309 697 5363 merus,
717 5313 854 5368 quos
885 5301 1186 5365 numeravit
1215 5300 1445 5357 ﬁliorum
1474 5299 1636 5355 Israel
1670 5301 1867 5356 millies
1889 5305 2094 5358 centies

489 5386 726 5441 milleni:
755 5387 845 5442 ﬁlii
875 5394 1051 5445 autem
1081 5390 1220 5447 Juda
1249 5390 1691 5461 quadringenties
1733 5393 1933 5462 septies
1972 5394 2094 5451 mil-

492 5477 766 5532 leni.chi
789 5488 963 5537 autem
988 5490 1043 5536 et
1064 5482 1344 5552 Benjatuin
1377 5498 1479 5538 non
1508 5484 2101 5544 dinumeravit.Nume.

486 5585 580 5625 rus
601 5579 781 5626 autem
812 5586 995 5627 eorum
1027 5575 1114 5644 qui
1134 5575 1446 5632 ceciderunt
1473 5592 1537 5632 ex
1558 5576 1745 5645 Israel,
1779 5594 1881 5634 ιιι
1910 5582 2095 5638 milli].

2168 444 2254 494 η,
2278 440 2332 483 et
2374 429 2475 484 sub
2514 431 2631 501 ipso
2659 430 2835 487 adhuc
2859 430 3068 486 Nathan
3111 432 3441 502 prophetat:
3471 440 3525 487 et
3566 431 3762 488 Achias

2174 535 2241 575 ex
2272 522 2451 588 Selon,
2478 531 2533 578 et
2554 524 2693 578 inter
2719 538 2816 579 eos
2838 523 3089 580 sacerdos
3117 522 3349 579 Saddoc.

2242 613 2369 669 Post
2416 614 2784 681 Saloumnem,
2814 625 3001 685 regnat
3048 615 3289 671 Roboatn
3323 615 3463 672 ﬁlius
3498 616 3619 688 ejus
3667 633 3764 672 an-

2169 720 2269 761 nos
2302 723 2391 762 xtv
2424 726 2437 761 :
2468 707 2569 763 sub
2609 708 2711 764 hoc
2739 708 2965 765 divisum
2994 718 3079 764 est
3108 724 3330 779 regnum
3359 717 3415 764 et
3438 709 3684 780 regnavit
3711 710 3764 763 in

2171 802 2415 857 Samaria
2464 803 2750 860 Jeroboam
2805 819 2995 860 servus
3051 804 3376 872 Salomonis,
3406 803 3476 859 de
3499 804 3639 858 tribu
3667 802 3763 858 Εΐο

2173 894 2332 964 trem,
2360 894 2645 968 prepbetat
2674 905 2875 961 autem,
2915 908 2969 953 et
2998 897 3096 953 sub
3127 895 3413 953 Jeroboam
3438 892 3638 952 Achias
3664 894 3766 950 Se-

2172 989 2388 1058 lonites,
2423 1001 2476 1045 et
2503 991 2723 1047 Sameas
2752 990 2891 1046 ﬁlius
2920 990 3139 1046 Elami.

2244 1082 2372 1138 Post
2417 1083 2682 1151 Roboam,
2713 1093 2901 1155 regnat
2932 1085 3098 1141 Abias
3124 1083 3264 1140 ﬁlius
3306 1083 3426 1153 ejus
3450 1082 3606 1138 annis
3634 1098 3764 1139 xvu.

2248 1177 2376 1233 Post
2405 1178 2618 1243 Abiam,
2649 1190 2834 1250 regnat
2866 1179 3012 1239 Asab
3040 1178 3179 1234 ﬁlius
3207 1179 3325 1249 ejus
3354 1177 3510 1233 annis
3544 1194 3651 1233 xu.
3674 1178 3771 1234 Hic

2172 1272 2226 1327 in
2250 1282 2490 1342 tempore
2515 1274 2808 1330 senectutis-
2828 1274 2991 1344 pedes
3003 1273 3189 1329 doluit.
3212 1272 3571 1343 Prophetabat
3590 1283 3772 1329 autem

2171 1366 2272 1421 sub
2295 1382 2361 1421 eo
2384 1367 2621 1422 Azarias.

2247 1459 2375 1514 Post
2412 1459 2579 1526 Asab,
2612 1468 2803 1530 regnat
2842 1460 2979 1517 ﬁlius
3012 1460 3130 1532 ejus
3155 1459 3418 1532 .losaphat
3448 1459 3608 1515 annis
3641 1475 3772 1516 xxv.

2172 1552 2284 1609 Sub
2310 1553 2412 1609 hoc
2456 1554 2739 1625 prophetat
2760 1554 2957 1620 Helias,
2990 1564 3043 1611 et
3086 1554 3319 1611 llicbeas
3347 1555 3489 1611 ﬁlius
3513 1554 3775 1624 Jemblas,

2174 1656 2228 1703 et
2258 1648 2460 1702 Abdias
2513 1648 2655 1703 ﬁlius
2713 1650 2953 1704 Ananire.
3006 1649 3117 1705 Sub
3174 1649 3380 1706 Michea
3430 1659 3611 1706 autem
3660 1658 3782 1705 erat

2099 1740 2149 1802 Β
2179 1742 2651 1814 pseudopropheta
2681 1741 2937 1798 Sedecias
2964 1742 3104 1798 ﬁlius
3140 1741 3416 1799 Cananaei.

2252 1835 2380 1890 Post
2407 1835 2683 1905 Josaphat,
2720 1846 2905 1907 regnat
2941 1834 3081 1893 ﬁlius
3130 1837 3249 1907 ejus
3288 1835 3469 1893 Joram
3500 1836 3658 1892 annis
3682 1851 3777 1904 xx,

2180 1937 2234 1985 et
2261 1929 2361 1982 sub
2400 1922 2517 1999 ipso
2549 1929 2831 2001 prophetat
2886 1929 3085 1995 Helias,
3128 1939 3183 1985 et
3214 1939 3334 2001 past
3372 1930 3517 1987 hunc
3547 1931 3782 2003 prophe-

2183 2029 2262 2077 tat
2285 2022 2531 2079 Heliseus
2546 2023 2648 2079 sub
2676 2023 2785 2078 ﬁlio
2801 2023 2983 2079 Joram
3006 2022 3261 2091 Ochozia,
3290 2024 3391 2081 sub
3415 2038 3526 2096 quo
3553 2023 3781 2095 populus

2182 2118 2235 2173 in
2269 2117 2507 2173 Samaria
2539 2118 2677 2173 ﬁlios
2720 2132 2869 2186 suos,
2914 2127 2971 2175 et
2996 2129 3207 2174 stercus
3233 2119 3599 2175 columbinum
3631 2134 3783 2175 man-

2181 2207 2428 2276 ducabat,
2463 2219 2721 2280 regnante
2746 2211 2797 2264 in
2825 2209 3066 2266 Samaria
3091 2209 3294 2267 Joram.

2255 2300 2382 2357 Post
2409 2301 2588 2357 Joram
2617 2304 2860 2373 regnavit
2882 2303 3027 2358 (ilius
3047 2304 3164 2374 ejus
3186 2301 3451 2359 Ochozias
3472 2318 3619 2360 anno
3634 2318 3779 2361 uno:

2183 2403 2238 2450 et
2262 2396 2364 2450 sub
2395 2396 2495 2451 hoc
2515 2396 2800 2466 prephetat
2830 2396 3028 2453 Gothol
3059 2406 3117 2453 et
3144 2397 3421 2454 Labdone.

2255 2489 2385 2545 Post
2411 2490 2571 2556 hunc,
2601 2501 2790 2560 regnat
2826 2490 3097 2557 Gotltolia,
3129 2499 3299 2547 mater
3322 2489 3598 2558 Ochozize,
3620 2493 3781 2548 annis

2183 2599 2293 2638 vut.
2328 2583 2459 2652 Qua:
2488 2599 2784 2655 exsurgens
2808 2584 3005 2640 occidit
3031 2592 3183 2641 natos
3213 2585 3305 2638 lilii
3331 2585 3413 2640 sui
3444 2603 3458 2638 :
3487 2594 3609 2639 erat
3635 2585 3781 2640 enim

2183 2675 2253 2732 de
2279 2690 2480 2745 genere
2510 2675 2693 2730 Achab
2722 2676 2865 2746 regis
2891 2676 3053 2732 lerael
3078 2692 3091 2729 :
3126 2690 3281 2730 soror
3304 2685 3483 2731 autem
3506 2676 3782 2741 Ochoziae,

2186 2770 2403 2825 nomine
2426 2768 2704 2836 Znsalmtn,
2738 2784 2857 2824 cum
2886 2778 3030 2825 esset
3054 2768 3255 2825 Joiadze
3286 2768 3599 2825 Sacerdotis
3624 2784 3783 2832 uxor,

2187 2861 2359 2918 furata
2391 2872 2473 2918 est
2501 2862 2658 2929 Joas,
2701 2862 2870 2918 ﬁlium
2898 2863 3170 2931 Ochozite,
3202 2862 3288 2919 cui
3314 2862 3502 2919 Joiada
3528 2863 3786 2919 sacerdos

2103 2939 2113 2949 ’
2186 2956 2440 3026 imposuit
2468 2954 2847 3027 regimonium.
2874 2955 3363 3025 Pr0phetatautem
3404 2953 3509 3010 sub
3534 2954 3785 3011 Gotholia

2186 3049 2416 3105 Eliseus.

2107 3140 2153 3205 C
2261 3142 2386 3197 Post
2405 3142 2561 3205 hanc,
2585 3148 2774 3212 regnat
2800 3139 2928 3197 Joas
2954 3140 3093 3196 ﬁlius
3110 3139 3358 3197 chozia:
3388 3142 3543 3196 annis
3571 3156 3659 3196 ιι..
3690 3139 3785 3196 Hic

2185 3236 2450 3293 interfecit
2478 3235 2986 3313 Zachariamﬁlium
3017 3233 3221 3291 .loiada:
3248 3234 3565 3289 sacerdotis.

2258 3329 2388 3384 Post
2416 3328 2562 3393 Joas,
2611 3337 2797 3399 regnat
2847 3326 2987 3381 ﬁlius
3031 3326 3148 3394 ejus
3184 3326 3429 3381 Amasias
3481 3327 3637 3382 annis
3668 3340 3782 3383 vut.

2258 3421 2387 3475 Post
2415 3421 2707 3485 Amasiam,
2744 3421 2986 3491 regnavit
3015 3420 3157 3473 ﬁlius
3186 3419 3303 3487 ejus
3330 3418 3666 3474 Ozias‘aunis
3694 3434 3785 3473 LII.

2185 3515 2283 3571 llic
2334 3516 2579 3585 leprosus
2621 3513 2723 3568 fuit
2776 3528 3055 3584 usquequo
3110 3521 3432 3568 moreretur.
3496 3512 3788 3567 Iudicabat

2187 3621 2365 3668 autem
2412 3611 2513 3667 sub
2552 3626 2618 3666 eo
2643 3609 2895 3667 Joatham
2925 3609 3062 3665 ﬁlius
3093 3608 3231 3679 ejus.
3259 3607 3665 3679 PrOphetabant
3685 3607 3788 3662 sub

2188 3704 2338 3772 Ozia,
2373 3706 2537 3758 Amos
2584 3714 2639 3757 et
2684 3701 2872 3757 Esaias
2936 3701 3074 3756 lilius
3123 3702 3241 3772 ejus
3270 3739 3286 3766 ,
3333 3710 3388 3754 et
3440 3697 3600 3756 Osca:
3646 3697 3787 3755 ﬁlius

2188 3798 2404 3866 Bcberi,
2430 3806 2484 3855 et
2512 3796 2677 3854 Jonas
2699 3795 2841 3852 ﬁlius
2872 3794 3085 3850 Amathi
3112 3809 3175 3848 ex
3202 3792 3386 3849 Gofer.

2262 3893 2394 3947 l’ost
2417 3890 2622 3959 Oziam,
2649 3898 2837 3959 regnat
2866 3889 3007 3943 lilius
3043 3889 3159 3958 ejus
3180 3887 3431 3942 Joatham
3476 3887 3634 3943 anuis
3675 3903 3785 3943 xvi.

2189 3984 2303 4042 Sub
2325 3984 2427 4040 hoc
2452 3983 2729 4055 prOphetae
2751 3983 2959 4048 Esaias,
2993 3979 3157 4050 Osce,
3192 3980 3428 4037 Micbeas
3477 3981 3786 4050 Morathita,

2188 4087 2245 4135 et
2267 4077 2388 4135 Joel
2418 4077 2556 4132 ﬁlius
2587 4073 2796 4131 Batuel.

2262 4172 2390 4227 Post
2432 4169 2705 4237 Joathant,
2734 4175 2924 4240 regnat
2951 4165 3093 4224 ﬁlius
3140 4167 3259 4238 ejus
3294 4164 3479 4223 Achas
3504 4169 3665 4223 annis
3699 4184 3788 4238 xv,

2189 4280 2245 4326 et
2270 4268 2370 4324 sub
2386 4266 2488 4322 hoc
2510 4263 2784 4338 prephetm
2811 4263 3017 4329 Esaias,
3048 4263 3189 4319 Osee
3210 4272 3267 4318 et
3290 4260 3528 4318 Micheas
3558 4279 3576 4318 :
3603 4277 3789 4318 sacer-

2191 4362 2291 4418 dos
2310 4370 2488 4417 autcm
2536 4359 2712 4416 Urias.
2747 4357 2860 4413 Sub
2889 4358 2992 4413 hoc
3018 4356 3387 4412 Salmanassar
3407 4371 3503 4411 rex
3538 4354 3795 4428 Assyrio-

2195 4472 2315 4511 rum
2345 4469 2438 4512 eos
2464 4454 2556 4525 qui
2594 4460 2749 4508 erant
2776 4451 2829 4506 in
2874 4449 3114 4507 Samaria
3155 4447 3556 4521 transmigravit
3584 4449 3639 4505 in
3680 4447 3793 4506 He-

2113 4544 2169 4605 D
2195 4548 2338 4607 diam
2365 4557 2425 4604 et
2451 4546 2822 4619 Babyloniam.

2268 4644 2395 4699 Post
2416 4642 2615 4707 Achas,
2639 4641 2880 4712 regnavit
2904 4640 3046 4695 lilius
3066 4638 3182 4710 ejus
3205 4638 3469 4695 Ezechias
3481 4641 3640 4697 annis
3659 4654 3795 4696 xxv.

2194 4735 2306 4792 Sub
2334 4736 2434 4791 hoc
2456 4734 2731 4805 prepheta:
2758 4733 2962 4800 Esaias,
2988 4731 3239 4799 Micbeas,
3264 4743 3317 4788 et
3339 4731 3502 4788 Osee.

2266 4831 2395 4886 Post
2424 4828 2730 4896 Ezechiam,
2761 4828 2901 4884 ﬁlius
2930 4828 3046 4897 ejus
3070 4828 3315 4884 Manasse
3340 4844 3471 4885 ann.
3497 4845 3591 4885 LV.

2270 4926 2396 4981 Post
2416 4923 2680 4990 Manasse,
2699 4932 2885 4992 regnat
2907 4921 3050 4977 ﬁlius
3069 4922 3188 4993 ejus
3199 4922 3365 4979 Amos
3385 4925 3547 4979 annis
3562 4924 3797 4983 duobus.

2271 5018 2401 5074 Post
2421 5022 2587 5073 Amos
2617 5025 2807 5087 regnat
2826 5015 2965 5072 ﬁlius
2990 5017 3108 5086 ejus
3134 5016 3312 5072 .losias
3338 5017 3497 5074 annis
3516 5035 3674 5074 χιιι.
3706 5020 3803 5078 Hic

2197 5111 2341 5170 ldola
2370 5120 2424 5166 et
2448 5109 2695 5165 altarium
2717 5108 2972 5165 Samaria:
2994 5109 3297 5179 dissipavit.
3324 5108 3436 5167 Sub
3464 5109 3573 5166 hoc
3590 5110 3800 5167 Pascha

2176 5206 2529 5263 celebratum
2560 5213 2645 5259 est
2690 5217 2831 5257 anno
2858 5217 2988 5257 xvut
3026 5201 3177 5272 regni
3219 5202 3360 5273 ejus.
3408 5201 3545 5257 Nam
3594 5218 3665 5258 ex
3694 5217 3801 5274 quo

2199 5308 2445 5355 mortuus
2470 5304 2554 5352 est
2580 5295 2706 5351 Jesu
2734 5295 2899 5361 Nave,
2919 5311 3023 5350 non
3052 5304 3132 5351 est
3163 5304 3434 5350 servatum
3460 5295 3667 5351 Pascha
3696 5298 3802 5353 sic-

2200 5403 2260 5449 ut
2284 5403 2430 5447 tunc.
2463 5389 2576 5447 Sub
2598 5390 2700 5445 hoc
2722 5388 2930 5444 Celeias
2952 5389 3204 5444 sacerdos
3226 5398 3379 5460 pater
3402 5388 3659 5445 Jeremia:
3678 5406 3802 5462 pro-

2203 5486 2376 5557 pheta:
2406 5484 2607 5540 invenit
2638 5484 2689 5537 in
2733 5482 2971 5539 sacrario
3018 5482 3209 5537 librum
3241 5481 3401 5552 Legis
3424 5482 3476 5537 in
3496 5498 3632 5537 xvm
3657 5498 3802 5539 anno

2203 5581 2352 5651 regni
2394 5578 2579 5635 .1ι›εἱεη.
2636 5577 2965 5647 PrOphetant
3002 5585 3178 5632 autem
3217 5575 3317 5633 sub
3356 5591 3422 5632 eo
3468 5575 3625 5632 Oliba
3666 5591 3802 5632 uxor

1710 5693 2092 5756 LECTIONES
2128 5690 2548 5754 VARIANTES.

556 5808 583 5838 ⁸
606 5805 819 5859 Sororis.
846 5808 1017 5871 Labbe,
1044 5808 1241 5875 coniicit
1267 5806 1547 5879 legendum,
1588 5811 1783 5863 sororli.
