4038 6308
250 257 349 316 669

1482 230 1870 299 CIIRONICON
1911 237 2237 299 ANONYMI.

3429 246 3537 307 670

247 370 652 428 Sellimaveste
689 366 1006 433 sacerdotis,
1035 372 1089 421 et
1145 362 1393 421 Sofonias
1446 370 1502 418 et
1535 355 1907 425 Jeremias,A
2006 356 2089 411 Ab
2120 356 2307 432 Exodo
2358 359 2573 435 Egypti
2603 376 2770 433 usque
2824 362 2875 418 in
2926 364 3209 420 transitum
3261 364 3533 434 Iordanis,

249 467 345 526 sub
366 481 469 537 quo
496 462 963 537 pseudopropheta
985 462 1235 515 Ananias.

315 560 443 615 Post
489 559 690 615 Josiam
720 600 735 625 ,
795 564 987 629 regnat
1046 554 1295 610 Solonius
1362 553 1520 609 annis
1570 549 1869 623 quinque,-

248 653 509 720 mensibus
549 651 818 709 undecim.

314 748 438 804 Post
467 746 746 803 Sofoniam
777 790 791 811 ,
838 754 1028 819 regnat
1051 744 1280 802 Joachas
1306 742 1446 798 ﬁlius
1471 741 1586 814 ejus
1616 754 1830 795 menses

244 850 487 914 quatuor.
516 839 671 895 Hunc
692 839 875 911 ligavit
909 838 1122 895 Nechao
1154 854 1246 894 rex
1280 835 1519 909 Egypti,
1544 833 1832 890 ctadduxit

244 934 295 991 in
318 933 628 1007 Egyptum,
659 933 905 989 ordinato
935 932 987 989 in
1021 933 1140 988 loco
1164 932 1282 1003 ejus
1313 930 1593 997 Eliaehim,
1624 931 1713 1003 qui
1741 944 1831 985 co-

242 1030 577 1101 gnominatus
632 1036 715 1083 est
740 1026 1008 1093 Joachim,
1059 1036 1249 1098 regnat
1299 1027 1453 1080 annis
1480 1041 1554 1080 χι.
1586 1024 1695 1080 Sub
1728 1022 1831 1079 hoc

246 1122 524 1194 prophetat
553 1120 838 1187 Jeremias,
862 1130 914 1175 et
944 1119 1095 1183 Buzi.
1130 1128 1183 1173 et
1215 1117 1371 1175 Urias
1420 1117 1562 1173 filius
1606 1116 1831 1174 Samace

241 1229 303 1273 ex
345 1212 738 1270 Cariathiarim.
782 1212 936 1268 lluuc
988 1211 1483 1268 Nabuchodonosor
1527 1211 1707 1282 ligavit
1741 1226 1832 1266 ca-

241 1308 375 1363 tenis
416 1306 576 1363 aereis
604 1305 850 1363 Joachim
878 1319 1057 1378 regem
1106 1304 1263 1373 Juda,
1294 1313 1351 1362 et
1376 1304 1527 1360 duxit
1565 1305 1616 1360 in
1655 1304 1829 1377 Bahy-

239 1401 398 1457 lonia.

308 1492 432 1550 Post
454 1492 719 1559 Joachim,
749 1500 939 1564 regnat
961 1489 1098 1549 filius
1123 1491 1243 1565 ejus
1275 1491 1520 1548 Joachim
1544 1494 1701 1549 annis
1735 1495 1830 1550 tri-

240 1586 363 1651 bus;
393 1594 446 1641 et
490 1584 631 1641 hunc
656 1585 804 1641 ducit
827 1584 892 1639 ad
922 1601 1043 1641 eum
1071 1586 1434 1657 compeditum
1471 1584 1828 1645 Nabuchodo-

239 1693 398 1734 nosor
420 1694 514 1735 rex
545 1678 857 1751 Babylonis,
882 1686 937 1735 et
964 1680 1100 1735 alios
1121 1695 1241 1735 cum
1272 1696 1358 1737 eo.

1936 451 2150 520 quando
2180 451 2338 507 .lesus
2369 452 2573 509 Pascha
2596 455 2906 525 celebravit,
2939 467 3062 513 sunt
3088 458 3213 513 anni
3245 472 3356 514 xu.

2010 544 2272 601 Ezechias
2305 556 2424 617 post
2475 564 2647 604 annos
2677 564 2932 606 ccccmnv
2960 548 3257 606 celebravit
3311 550 3535 609 Pascha.

2010 620 2141 694 Post
2191 638 2476 695 Ezechiam
2523 641 2699 698 Josias
2752 659 2892 699 anno
2943 659 3067 700 cxrv
3129 644 3334 701 Pascha
3389 646 3538 703 celes

1934 732 2129 789 bravit.

2008 825 2138 881 Post
2171 825 2374 883 Josiam
2409 826 2638 885 Heszras
2667 836 2788 902 post
2808 844 2978 887 annos
3005 845 3132 888 cvm
3161 828 3367 890 Pascha
3393 834 3539 892 cele-

1935 917 2127 975 bravit.

2006 1014 2135 1069 Post
2203 1013 2457 1071 licszram
2514 1024 2539 1053 α
2595 1016 2883 1073 Servatoris
2958 1034 3118 1090 usque
3169 1021 3537 1093 generationes

1933 1106 2131 1165 Christi
2160 1120 2272 1180 post
2302 1127 2462 1165 annos
2488 1127 2653 1167 anm
2681 1112 2884 1168 Pascha
2923 1114 3001 1169 tit.

2007 1204 2051 1259 A
2083 1207 2420 1276 generatione
2464 1215 2629 1260 mrtem
2660 1202 2851 1263 Christi
2890 1214 3011 1279 post
3040 1224 3154 1265 xxx
3182 1222 3375 1277 annos,
3417 1226 3538 1268 cum

1935 1314 2120 1368 passus
2167 1308 2237 1353 est
2284 1294 2569 1371 gDonn'nns,
2623 1296 2828 1356 Pascha
2884 1300 3204 1371 celebratur,
3250 1305 3361 1376 ipse
3404 1307 3538 1363 enim

1934 1401 2052 1447 erat
2072 1394 2275 1464 justum
2296 1394 2520 1450 Pascha.

1946 1466 2049 1540 “.4
2077 1486 2311 1558 passione
2337 1498 2513 1545 autem
2554 1490 2761 1545 Domini
2808 1506 2976 1564 usque
2999 1488 3051 1548 in
3080 1508 3174 1550 xm
3203 1509 3403 1550 annum
3435 1493 3537 1552 im-

1935 1581 2068 1653 perii
2118 1580 2447 1653 Imperatoris
2475 1582 2756 1638 Alexandri
2799 1584 3017 1641 Ctrsaris
3065 1586 3188 1641 anui
3219 1600 3336 1643 CCt'l
3365 1603 3537 1661 serva-

1933 1686 2038 1731 tum
2068 1686 2135 1730 est
2157 1674 2388 1744 Pascha,
2424 1676 2563 1748 quod
2613 1678 2666 1732 in
2720 1684 3259 1737 commemorationem
3313 1682 3528 1739 Domini

307 1770 407 1826 Per
430 1771 630 1841 ipsum,
656 1772 999 1827 constituitur
1024 1773 1076 1827 iu
1095 1773 1213 1829 loco
1234 1774 1349 1845 ejus
1374 1774 1540 1831 frater
1558 1774 1819 1843 Joachim,
1854 1762 1903 1829 B
1931 1770 2099 1829 nOSIri
2127 1768 2253 1827 Jesu
2281 1771 2478 1826 Christi
2500 1782 2728 1827 servatur
2756 1790 2788 1828 a
2809 1775 2970 1829 nobis.

238 1862 381 1934 cujus
411 1879 608 1921 nomen
639 1863 913 1932 Sedccias,
943 1864 1031 1935 qui
1056 1875 1108 1920 et
1138 1865 1449 1938 Jechonias,
1480 1872 1569 1941 qui
1621 1886 1817 1943 regna-

236 1958 303 2012 vit
327 1957 483 2014 annis
502 1976 576 2015 ιιι.

304 2050 358 2107 In
385 2066 529 2108 anno
556 2052 877 2115 duodecimo
902 2056 1303 2130 transmigravit
1333 2058 1481 2113 illum
1505 2059 1557 2114 in
1596 2056 1827 2135 Babylo-

235 2146 391 2213 niam,
422 2145 632 2202 effossis
654 2150 843 2218 oculis,
867 2162 920 2207 et
948 2153 1203 2223 pOpqum
1239 2151 1543 2207 transduxit
1579 2168 1702 2208 cum
1734 2170 1821 2223 eo,

237 2245 425 2307 prmter
449 2253 667 2309 paucos,
691 2241 781 2312 qui
807 2253 987 2315 postea
1012 2245 1065 2299 in
1084 2243 1376 2317 [Egyptum
1405 2243 1821 2303 descenderunt.

231 2326 558 2400 Prophetant
586 2341 765 2388 autem
821 2337 921 2390 sub
964 2335 1189 2392 Sedeeia
1220 2336 1483 2392 Jeremias
1536 2346 1590 2393 et
1626 2334 1825 2394 Amba-

236 2436 373 2489 cum,
409 2424 467 2479 in
496 2440 641 2481 anno
666 2435 843 2483 autem
878 2445 930 2484 ix
961 2430 1113 2501 regni
1143 2431 1259 2501 ejus
1284 2429 1693 2502 prephetavitin
1724 2430 1825 2486 Ba-

228 2513 436 2585 bylonia
467 2515 736 2575 Ezechiel.
753 2519 878 2576 Post
896 2522 1039 2578 hunc
1060 2523 1337 2594 prapheta:
1358 2522 1565 2578 Nahum
1585 2536 1637 2580 et
1658 2522 1823 2579 Μοιρ-

228 2606 394 2676 chias,
440 2618 499 2664 et
525 2610 752 2679 Daniel,
796 2616 884 2684 qui
911 2615 1042 2671 vidit
1066 2616 1135 2671 de
1174 2615 1521 2673 hebdomadis
1568 2619 1619 2672 in
1650 2619 1824 2689 primo

229 2714 366 2755 anno
395 2701 543 2757 Darii
575 2706 738 2776 regis,
786 2705 877 2762 {iiii
910 2707 1148 2775 Assneri,
1176 2708 1243 2764 de
1272 2711 1473 2766 semine
1523 2709 1819 2779 Medorum,

224 2796 308 2867 qui
326 2799 574 2869 regnavit
595 2814 761 2872 super
785 2817 1010 2874 regnum
1042 2802 1421 2860 Chaldeorum.

291 2890 347 2946 In
368 2892 552 2963 primo
579 2904 756 2950 autem
788 2911 930 2951 anno
954 2899 1105 2968 regni
1135 2899 1217 2953 sui
1239 2900 1408 2971 Cyrus
1428 2897 1632 2956 dimisit
1653 2916 1821 2974 popu-

228 2983 331 3039 lum
362 2986 545 3042 redirc
571 2988 622 3044 in
664 2986 986 3045 Jerusalem.
1023 2990 1102 3046 Eo
1134 3006 1399 3060 tempore.
1429 3008 1536 3062 quo
1561 2994 1818 3064 templum

221 3078 522 3143 ardilicavit,
557 3080 880 3152 pmphetant
922 3083 1082 3138 simul
1124 3085 1336 3153 Aggeus
1382 3095 1434 3141 et
1481 3084 1815 3141 Zacharias:

220 3180 337 3238 post
364 3187 506 3243 quos
550 3171 804 3230 Necmias
848 3172 987 3229 illius
1017 3174 1200 3229 Achcli
1233 3176 1299 3230 de
1324 3177 1529 3232 semine
1550 3176 1709 3233 Israel
1738 3178 1812 3233 la-
1844 3159 1891 3223 Ο

220 3262 443 3320 hricavit
491 3265 759 3322 civitatem
797 3267 1152 3335 Hierusalem,
1184 3285 1304 3323 cum
1360 3280 1504 3324 esset
1552 3271 1620 3324 ah
1662 3272 1818 3328 annis

217 3356 524 3415 Artaxersis
550 3361 688 3430 regis
709 3378 723 3417 :
748 3370 804 3416 et
824 3370 944 3431 post
970 3359 1111 3415 hunc
1129 3359 1401 3417 secundus
1423 3361 1813 3419 ltlardochreus.

857 3492 1046 3534 SECTIO
1084 3494 1181 3534 XII.

282 3610 447 3667 Fiunt.
498 3610 659 3683 igitur
682 3629 711 3668 a
741 3612 907 3669 David
938 3630 1107 3687 usque
1126 3615 1426 3684 Sedechim,
1452 3618 1618 3688 quiet
1647 3618 1815 3676 Zeco-

216 3703 334 3770 nire,
403 3707 959 3777 transmigrationem,
1014 3713 1390 3779 generationes
1427 3728 1599 3779 xvnt,
1658 3716 1816 3770 annis

216 3811 568 3865 cccccxxvm,
618 3816 834 3858 menses
878 3819 971 3869 tx;
1023 3804 1092 3858 ab
1131 3804 1301 3859 Adam
1353 3815 1528 3860 autem
1561 3822 1730 3879 usque
1759 3810 1810 3865 in

214 3891 740 3963 trausmigrationem
774 3894 1081 3966 Babylonia:
1123 3895 1224 3949 sub
1264 3895 1547 3966 Jcchonia,
1580 3914 1812 3971 genera-

218 3983 484 4059 tiones‘u,
514 3988 639 4043 anni
662 4004 732 4054 tv,
756 4006 1053 4059 nocccxw,
1084 4006 1295 4047 menses
1321 4008 1393 4048 ιιι.

275 4079 343 4151 \Et
372 4055 501 4151 post
528 4055 1056 4156 transmigrationem
1085 4086 1415 4159 Babyloniae,
1442 4103 1609 4161 usque
1632 4090 1696 4145 ad
1717 4104 1811 4163 ge-

211 4174 548 4231 nerationem
575 4175 795 4244 Christi,
839 4182 1213 4251 generationes
1235 4199 1349 4250 xiv,
1375 4199 1464 4239 an.
1496 4201 1664 4250 neu;
1696 4195 1751 4242 et
1777 4203 1807 4244 a

212 4268 559 4336 generatione
586 4268 786 4326 Christi
829 4288 996 4344 usque
1025 4273 1091 4329 ad
1134 4275 1477 4342 Passiouem,
1508 4278 1632 4332 anni
1657 4296 1803 4343 xxx;

214 4368 266 4414 et
293 4375 321 4415 a
350 4363 613 4419 Passione
643 4380 812 4437 usque
839 4369 906 4421 ad
934 4367 1077 4422 hunc
1101 4383 1324 4437 annum,
1348 4370 1436 4442 qui
1480 4379 1562 4426 est
1584 4388 1678 4427 xm
1708 4373 1807 4428 int-

210 4457 340 4527 perii
361 4458 657 4514 Alexandri
684 4475 875 4527 annus,
902 4477 993 4516 an.
1016 4477 1154 4518 ccvs.

2009 1863 2167 1918 Fiunt
2198 1864 2358 1934 igitur
2384 1879 2562 1919 omnes
2582 1868 2704 1919 anni
2740 1866 2903 1921 Adam
2935 1882 3103 1939 usque
3130 1869 3185 1923 in
3221 1867 3360 1926 hunc
3402 1870 3533 1927 diem

1932 1960 2056 2014 anni
2080 1959 2343 2030 quinquies
2370 1958 2509 2014 mitte
2528 1956 2833 2033 septingenti
2854 1964 3063 2037 triginta
3084 1971 3216 2019 octo.

2547 2112 2737 2155 SECTIO
2775 2114 2889 2155 XIII.

2250 2232 2413 2306 Reges
2447 2234 2723 2290 Persarum
2741 2250 2804 2290 ea:
2824 2244 3049 2306 tempore
3067 2236 3208 2309 Cyri.

2000 2371 2174 2444 Cyrus
2201 2372 2433 2443 regnavit
2462 2368 2638 2427 Persis
2661 2373 2809 2427 annis
2848 2388 2975 2429 xxx.

1998 2465 2129 2521 Post
2154 2465 2316 2532 hunc,
2339 2462 2609 2536 Cambyses
2631 2464 2781 2521 annis
2803 2482 2999 2522 novem.

2002 2558 2280 2615 Smcrdius
2306 2556 2485 2630 Μαρια
2506 2559 2760 2614 mensibus
2803 2570 2936 2614 octo.

1999 2653 2190 2710 Darius
2216 2653 2386 2726 jannis
2413 2668 2596 2709 χχχιιι.

1996 2746 2196 2803 Xerxes
2220 2749 2377 2802 annis
2404 2763 2549 2803 χχιιι.

1997 2841 2685 2914 Λιιιιχθιοαςεεειιοηρὶηιαηιιδ
2705 2842 2854 2898 annis
2874 2857 3060 2898 χχχιιι.

1995 2935 2196 2991 Xerxes
2221 2937 2327 2991 dies
2356 2937 2642 3008 sexaginta.

1998 3031 2296 3103 Sogdianus
2327 3045 2541 3087 mensos
2572 3038 2799 3101 septem.

1999 3125 2184 3179 Darius
2204 3124 2411 3180 Nothns
2439 3124 2593 3179 annis
2612 3139 2764 3180 xvnl.

1997 3221 2343 3288 Artaxerxes,
2373 3218 2493 3290 Cyri
2506 3219 2733 3290 junioris
2762 3223 2942 3292 frater,
2966 3220 3123 3278 anuis
3163 3234 3295 3277 LXII.

1998 3312 2166 3379 0cor,
2230 3311 2316 3383 qui
2371 3320 2417 3367 et
2472 3312 2790 3368 Artaxerxes
2861 3312 3016 3368 annis
3055 3328 3204 3381 xxtn,
3272 3313 3525 3370 mensibus

1922 3416 2113 3478 septem
2124 3450 2137 3465 .

1993 3503 2146 3556 Arses
2176 3500 2383 3558 Notltus
2405 3503 2561 3558 annis
2593 3504 2770 3560 tribus.

1996 3594 2191 3650 Darius
2239 3596 2387 3651 armis
2436 3600 2529 3652 xii.
2560 3596 2662 3653 Hic
2692 3608 2763 3655 est
2788 3614 2936 3667 quem
2962 3597 3266 3656 Alexander
3305 3597 3525 3655 Macedo

1920 3688 2169 3759 deposuit
2196 3691 2246 3744 in
2277 3690 2439 3757 bello,
2467 3691 2606 3762 quod
2631 3692 2729 3747 fuit
2755 3692 3134 3755 inenarrabile.

1992 3781 2155 3837 Fiunt
2194 3798 2390 3840 omnes
2411 3786 2537 3840 anni
2567 3800 2755 3842 ccxu'.

1992 3875 2119 3932 Post
2166 3892 2331 3948 quos,
2394 3886 2629 3949 tempora
2669 3879 2781 3950 jam
2834 3877 2972 3949 apud
3011 3877 3223 3934 (ἔκρουε
3269 3893 3334 3935 ex
3387 3893 3521 3935 con-

1920 3970 2217 4026 structione
2248 3968 2619 4041 Olympiadum
2673 3981 2801 4027 sunt
2850 3973 2994 4027 clara
3041 3988 3055 4027 :
3105 3988 3224 4026 nam
3248 3987 3404 4043 usque
3453 3973 3524 4028 ad

1917 4061 2287 4133 Alexandrum
2342 4062 2690 4121 Macedonem
2732 4065 2946 4122 fuerunt
2979 4064 3323 4138 Olympiades
3374 4078 3518 4132 CXIV,

1915 4172 2029 4229 quae
2078 4157 2281 4213 faciunt
2330 4170 2503 4215 annos
2544 4171 2785 4226 cccccvr,
2827 4159 2890 4213 ab
2936 4155 3111 4229 lpln'to
3138 4160 3227 4231 qui
3256 4158 3524 4219 constituit

1913 4250 2271 4324 Olympiadas.

1983 4347 2058 4402 Ab
2084 4348 2378 4404 Alexandro
2407 4364 2575 4420 usque
2599 4348 2667 4404 ad
2689 4348 2956 4406 Christum
2984 4348 3317 4422 Olympiades
3344 4366 3507 4418 xxxx,

1911 4439 2055 4510 quod
2086 4451 2214 4496 sunt
2241 4441 2368 4501 anni
2398 4456 2594 4498 cccxx.

211 4540 245 4620 gi,
280 4549 444 4607 Fiunt
467 4552 628 4624 igitur
658 4569 845 4610 omnes
870 4555 994 4610 anni
1020 4556 1087 4609 ah
1108 4555 1486 4627 Adam,usque
1505 4558 1572 4614 ad
1592 4561 1806 4618 tertium
1831 4558 1888 4620 D
2063 4532 2264 4627 Christo
2290 4545 2633 4602 amemu’que
2688 4549 2887 4593 annum
2919 4550 3010 4597 xm
3040 4532 3253 4607 Imperii
3280 4533 3508 4589 meum

209 4642 477 4701 decimum
517 4646 810 4703 Alexandri
835 4714 845 4719 _
874 4648 1217 4720 imperatoris
1290 4666 1526 4721 annum,
1579 4655 1704 4709 anni
1746 4671 1805 4721 γ,

210 4750 577 4797 Ιῡεῦιιινιιι.

278 4833 348 4890 Ut
392 4845 570 4892 autem
609 4844 664 4892 et
703 4836 859 4893 aliter
896 4838 1246 4895 ostendamus
1293 4855 1398 4897 non
1453 4849 1658 4897 tantum
1711 4858 1807 4914 per

208 4936 445 5002 tempora
476 4947 687 5002 regum,
721 4933 816 4989 sed
853 4935 1016 4991 etiam
1064 4950 1095 4989 a
1130 4951 1234 5006 quo
1282 4934 1487 4992 Pascha
1530 4947 1803 4995 servatum

207 5035 308 5093 est,
330 5026 736 5084 dinumerantes
764 5030 922 5085 simul
947 5044 1118 5086 annos
1143 5029 1405 5087 dicemus.

276 5118 359 5175 Ab
380 5119 553 5176 Adam
583 5137 753 5193 usque
770 5121 1027 5178 diluvium
1057 5138 1147 5179 an.
1179 5139 1234 5192 tt,
1259 5139 1495 5181 nccxm.

274 5210 323 5267 Α
376 5202 587 5270 diluvio
637 5229 808 5287 usque
854 5217 921 5275 ad
977 5217 1177 5274 exitum
1227 5218 1501 5275 Abraham
1545 5218 1616 5277 de
1662 5229 1802 5278 terra

206 5314 299 5356 sua
329 5319 530 5360 ICILV.
1286 5328 1291 5335 ’

274 5395 417 5453 Hine
445 5415 722 5474 usquequo
744 5401 953 5460 exirent
992 5405 1244 5463 Israelita:
1274 5406 1342 5463 de
1386 5406 1638 5482 Egypto,
1664 5411 1799 5467 edn-

202 5496 357 5545 cente
386 5504 481 5545 eos
538 5493 743 5567 Moyse,
793 5495 1005 5568 quando
1047 5508 1101 5554 et
1144 5498 1348 5555 Pascha
1380 5499 1640 5572 fecerunt,
1674 5506 1798 5560 anni

201 5589 326 5636 sunt
352 5595 612 5639 CCCCXXX.

1914 4624 1995 4679 dri
2020 4626 2364 4699 Olympiades
2391 4644 2533 4696 LVIII,
2559 4627 2695 4699 quod
2721 4636 2840 4684 sunt
2864 4629 2988 4683 anni
3009 4643 3262 4687 ccxxxw.

1985 4720 2123 4775 Sunt
2171 4739 2292 4793 ergo
2339 4738 2513 4778 omnes
2569 4720 2908 4794 Olympiades
2959 4738 3126 4795 usque
3172 4738 3365 4777 annum
3419 4738 3511 4779 xttt

1911 4815 2195 4872 Alexandri
2249 4816 2477 4877 Caesaris
2550 4816 2886 4891 Olympiade:
2956 4832 3133 4888 ccun,
3204 4816 3342 4889 quod
3390 4825 3512 4877 sunt

1910 4925 2031 4963 anm
2060 4924 2199 4963 ὶΙΧΙΙ.

2529 5056 2715 5104 SECTIO
2756 5060 2868 5103 XIV.

2439 5181 2667 5239 Nomina
2695 5166 2980 5240 creaturas:

1980 5315 2172 5384 Adam,
2205 5316 2357 5386 Seth,
2385 5317 2551 5385 Eoos,
2579 5318 2801 5386 Cainan,
2832 5319 3094 5388 Malaleel,
3123 5320 3302 5384 Jared.
3332 5322 3499 5390 Enoc,

1908 5411 2243 5479 Matusulam,
2266 5412 2523 5479 Lamech,
2546 5412 2677 5479 Noe,
2697 5412 2845 5481 Sent,
2874 5414 3114 5483 Arfaxat,
3133 5416 3279 5483 Sala,
3300 5417 3498 5485 lleber,

1908 5503 2090 5571 Falco,
2112 5505 2213 5559 sub
2238 5520 2345 5574 quo
2364 5505 2531 5561 divisa
2549 5515 2633 5561 est
2660 5517 2823 5573 terra,
2848 5507 3052 5579 Ragau,
3085 5508 3273 5578 Seruc,
3298 5510 3498 5581 Nagor,

1905 5598 2105 5665 Thura,
2135 5599 2427 5669 Abraham,
2462 5600 2628 5669 Isaac,
2660 5600 2844 5672 Jacob,
2874 5601 3031 5673 Iuda,
3065 5603 3249 5675 Fures,
3278 5603 3495 5672 Esrum,

1431 5706 1812 5774 LECTIONES
1838 5710 2250 5775 VARIANTES.

263 5815 290 5846 ⁸
324 5814 621 5874 Servatoris.
647 5817 828 5875 Italica
846 5821 1128 5902 supplentur
1152 5835 1216 5877 ex
1226 5822 1343 5878 edit.
1359 5823 1624 5881 Labbeana.
