4038 6308
253 347 352 406 675

1512 323 1901 385 (ἷΗΙζΟΝΙΟΟΝ
1932 322 2258 381 ANONI’MI.

3440 312 3544 371 674

250 447 381 501 dicta
411 452 493 500 est
514 443 624 508 lex,
666 447 723 495 ut
759 448 1111 508 qumcumque
1156 433 1464 501 accipereut
1493 445 1519 482 ιι
1551 427 1748 498 pOpulo
1769 442 1833 480 ex
1866 423 1919 482 A
2016 421 2266 476 Claudius
2286 417 2440 474 annis
2472 413 2580 480 xiii,
2616 424 2801 469 mense
2828 423 2957 479 uno,
2988 408 3179 508 diebus
3205 405 3395 466 xxvni.

248 538 484 601 decimis,
511 535 750 591 decimas
773 531 963 586 darent
991 521 1393 585 Sacerdotibus,
1424 531 1482 578 ttt
1503 517 1839 578 existimare.

251 640 330 685 tur
371 629 450 684 eis
474 637 742 696 tamquam
792 622 1012 678 oblatio.
1040 619 1193 674 Initio
1245 631 1429 672 eorum
1475 612 1685 669 tradita:
1715 619 1842 666 sunt

251 723 351 780 illis
375 707 534 776 etiam
562 717 807 774 civitates
858 714 1200 785 Iielugiorum
1231 726 1347 776 sex,
1377 718 1431 764 et
1473 708 1660 763 harum
1690 715 1838 776 prata

251 813 543 872 sementina
591 812 643 866 in
685 808 913 864 circuitu
963 805 1222 877 cujusque
1278 802 1509 858 ci\‘ilatis
1538 800 1702 855 cubiti
1733 796 1840 851 duo

251 905 431 969 millia,
460 911 516 960 et
561 901 682 957 alia:
725 899 968 955 civitates
1015 912 1158 959 xLu;
1199 891 1568 950 sacerdotibus
1626 887 1841 960 quidem

252 999 430 1056 decem
451 1037 466 1062 ,
498 994 696 1050 Levitis
724 1008 853 1048 vero
875 1007 988 1046 xm.

321 1088 632 1146 Putolatius
669 1100 766 1141 nos
804 1083 1032 1148 dixisse,
1061 1095 1220 1153 quam
1271 1077 1625 1151 speravimus,
1662 1083 1839 1129 tamen

253 1181 553 1240 necessaria
585 1193 680 1250 pro
709 1177 792 1233 his
817 1177 906 1247 qui
946 1173 1313 1245 scrupulosius
1352 1170 1630 1242 requirere
1661 1169 1844 1223 volunt

243 1249 301 1334 ἰιι
327 1275 490 1332 multa
517 1275 764 1347 legerunt
815 1286 830 1328 :
882 1286 1018 1342 quos
1049 1270 1300 1326 existimo
1364 1267 1518 1322 facile
1571 1264 1844 1336 percipere

255 1384 374 1442 quae
415 1368 612 1437 scripta
659 1376 829 1422 sunt:
865 1363 958 1419 sed
997 1371 1052 1418 et
1101 1361 1178 1417 illi
1229 1361 1317 1432 qui
1345 1373 1535 1430 -pauca
1580 1358 1842 1427 legerunt,

253 1459 454 1517 facilius
514 1459 580 1514 ad
635 1458 967 1514 intellectum
1009 1464 1233 1528 possunt
1262 1453 1547 1523 pervenire
1597 1466 1660 1506 ex
1695 1448 1838 1514 illis,

251 1569 367 1623 qua:
396 1569 428 1610 a
471 1553 626 1610 nobis
663 1568 759 1625 per
807 1550 1106 1608 breviatum
1150 1547 1549 1620 inquisitionem
1577 1544 1843 1600 declarata

247 1656 392 1704 Sunt.

861 1728 1048 1771 SECTIO
1101 1729 1251 1769 XVIII.

469 1810 809 1865 Macedonum
835 1808 1000 1880 Reges
1041 1807 1196 1878 juxta
1226 1803 1626 1860 Alexandrinos.

316 1925 622 1984 Alexander
650 1924 789 1980 lilitts
813 1922 1062 1994 Philippi.
1089 1931 1212 1993 post
1244 1921 1459 1977 Darium
1488 1919 1645 1975 annis
1672 1933 1742 1973 vn

267 2076 277 2084 ,
320 2015 646 2075 Ptolemaeus
664 2016 787 2087 Lagi
814 2030 990 2079 socer,
1021 2015 1174 2070 annis
1199 2030 1290 2069 LII.
1461 2019 1464 2025 ‘

319 2110 640 2167 Ptolemmus
695 2108 855 2176 filius,
883 2106 1236 2169 Philadelfus,
1262 2106 1418 2161 annis
1433 2120 1661 2160 xxxvm.

317 2205 640 2261 Ptolemaeus
661 2202 820 2268 filius,
852 2202 1163 2272 Evergetes,
1205 2199 1362 2254 annis
1388 2215 1521 2255 xxx.

317 2297 669 2364 l’tolemzeus,
701 2296 978 2367 Evcrgetce
1009 2293 1172 2361 filius,
1196 2294 1352 2349 annis
1375 2309 1505 2348 xxv.

314 2389 642 2449 Ptolemmus
663 2387 996 2458 Philopator,
1028 2386 1184 2441 annis
1209 2402 1341 2440 xvu.

316 2481 646 2537 Ptolemaeus
685 2479 871 2544 frater,
898 2479 1056 2534 annis
1081 2494 1232 2534 xxm.

314 2573 642 2628 Ptolenneus
664 2570 892 2638 Fuscus,
921 2571 1076 2626 annis
1115 2587 1171 2627 ιι.

315 2665 610 2735 Evergetes
637 2664 792 2718 annis
822 2679 966 2718 ιιιινι.

315 2758 644 2814 Peli-nimus
665 2757 884 2822 Alexas,
911 2755 1067 2810 annis
1089 2772 1176 2810 xx.

241 2859 246 2868 ‘
312 2848 626 2905 Alexander
647 2848 814 2903 frater
835 2847 1109 2903 Ptolemaei
1139 2847 1340 2914 Alexte,
1366 2847 1521 2903 anuis
1548 2863 1694 2903 xvm.
1785 2867 1790 2874 ’

313 2940 646 2998 Ptolemaeus
675 2939 980 3011 Dionysius,
1013 2939 1168 2994 annis
1192 2955 1339 2994 xxix.

319 3034 606 3104 Cleopatra
638 3032 766 3098 lilia,
806 3032 962 3086 annis
991 3047 1115 3087 xxv.

320 3125 483 3181 Fiunt
516 3124 729 3180 insimul
757 3125 882 3180 anni
909 3140 1153 3180 ccchw.

395 3217 675 3290 Sequentin
699 3219 879 3273 absunt
907 3235 940 3271 a
969 3218 1197 3273 Canisio.

880 3345 1063 3387 SECTIO
1105 3346 1193 3386 XIX
1203 3368 1219 3386 ο

685 3422 1028 3494 Imperatores
1051 3423 1421 3478 Romanorum.

323 3541 600 3613 Augustus
637 3537 792 3594 annis
819 3553 943 3592 Lvn.

325 3636 576 3691 Tiberius
599 3633 754 3688 annis
792 3647 922 3698 xxn,
957 3630 1228 3687 mensibus
1257 3645 1348 3696 vn,
1377 3629 1565 3685 diebus
1596 3645 1745 3684 xxm.

324 3727 492 3785 Caius
521 3726 678 3781 annis
706 3740 763 3780 ιιι
793 3723 1069 3780 mensibus
1098 3739 1314 3778 novem.

395 3813 572 3834 -ι-

585 3825 604 3832 -
1983 3821 2103 3823 .77,‘
2197 3821 2211 3822 κ
2274 3821 2481 3824 κὴνὝ-τ
2508 3821 3270 3844 —.——~-———~.—_..==
3293 3822 3544 3844 π

249 3844 282 3884 Ι
290 3844 1469 3877 π
1486 3855 2190 3865 -__———_——-—_‘
2199 3857 2832 3869 ———————
2837 3844 3550 3873 ,m-II--=

585 3824 741 3832 -—

255 3825 395 3844 ξ

1357 3907 1677 3992 ANNO
1736 3907 2169 3990 DOMINI
2225 3906 2474 3991 CCL.

2015 515 2165 570 Nero
2192 514 2347 568 annis
2376 528 2490 577 xm,
2526 509 2804 566 mensibus
2827 516 2970 572 octo,
2999 505 3187 562 diebus
3209 519 3394 558 xxvm.

2018 607 2186 664 Galba
2215 606 2487 662 mensibus
2516 607 2782 675 quinque;
2813 601 3003 658 diebus
3029 616 3176 656 xxvn.

2018 704 2160 760 Otho
2190 702 2467 759 mensibus
2494 709 2638 768 octo,
2667 697 2857 754 diebus
2883 706 3114 766 septem.
3178 716 3185 726 -

2015 796 2262 852 Vitellius
2291 794 2566 850 mensibus
2585 806 2802 858 novem,
2834 788 3025 846 diebus
3051 802 3143 844 xv.

2017 908 2167 963 Titus
2219 907 2372 963 annis
2429 906 2638 972 tribus,
2697 904 2976 961 mensibus
3037 901 3293 970 duobus,
3353 898 3542 956 diebus

1946 1001 2175 1058 duobus.

2019 1116 2282 1188 Trajanus
2317 1116 2470 1171 annis
2511 1133 2639 1180 xvii,
2666 1116 2938 1172 mensibus
2961 1125 3103 1179 oeto,
3132 1113 3321 1170 diebus
3351 1128 3469 1169 sex.

2022 1211 2324 1266 Hadrianus
2341 1210 2494 1264 annis
2509 1227 2599 1278 xx,
2621 1210 2895 1266 mensibus
2916 1209 3124 1276 decem,
3143 1209 3333 1266 diebus
3357 1226 3545 1269 xxvm.

2021 1306 2327 1360 Antoninus
2354 1305 2571 1360 Pius....
2603 1305 2880 1362 mensibus
2901 1315 3044 1371 octo,
3073 1305 3263 1360 diebus
3294 1322 3419 1360 xxii.

2021 1397 2228 1451 Marcus
2284 1398 2440 1452 annis
2502 1413 2635 1465 xix,
2693 1397 2967 1453 mensibus
3016 1397 3294 1470 quinque,
3355 1399 3547 1454 diebus

1950 1491 2253 1547 duodecim.

2017 1581 2344 1637 Commodus
2373 1581 2526 1636 annis
2551 1597 2641 1648 xu,
2674 1580 2949 1636 mensibus
2989 1590 3133 1649 octo,
3162 1580 3352 1638 diebus
3397 1598 3542 1638 xxtv.

2023 1673 2198 1729 AZlius
2230 1673 2478 1729 Pertinax
2511 1674 2786 1729 mensibus
2812 1683 3039 1746 septem.

2021 1767 2267 1823 Julianus
2297 1768 2571 1824 mensibus
2597 1768 2825 1834 duobus,
2857 1769 3047 1824 diebus
3071 1777 3295 1840 septem.

2021 1861 2256 1918 Severus
2279 1863 2432 1916 annis
2461 1877 2572 1916 xiv.

2010 1953 2336 2019 Antoninus,
2390 1963 2749 2025 cognomento
2787 1952 3084 2018 Caraealla,
3137 1953 3322 2009 Severi
3372 1951 3533 2020 filius,

1947 2047 2102 2102 annis
2120 2062 2236 2112 sex,
2270 2047 2546 2101 mensibus
2570 2063 2784 2115 novem,
2815 2047 3001 2104 diebus
3029 2048 3256 2104 duobus.

2021 2137 2288 2194 Macrinus
2317 2153 2461 2194 anno
2481 2154 2587 2194 uno
2613 2139 2800 2194 diebus
2824 2155 2938 2196 sex.

2021 2231 2326 2286 Antoninus
2355 2232 2509 2286 annis
2533 2247 2647 2295 sex,
2673 2233 2948 2288 mensibus
2981 2242 3126 2299 octo,
3149 2231 3340 2288 diebus
3362 2248 3547 2290 xxvm.

2022 2323 2330 2380 Alexander
2351 2325 2507 2380 annis
2532 2326 2810 2393 tredecim,
2843 2327 3034 2383 diebus
3064 2343 3280 2384 novem.

2606 2432 2791 2474 SEC'I‘IO
2820 2434 2910 2474 XX.

2449 2510 2646 2582 Regum
2692 2508 3043 2566 Hebrceorum.

2023 2602 2152 2658 Saul
2191 2603 2346 2658 annis
2377 2619 2502 2658 xxx.
2566 2603 2728 2658 David
2769 2605 2924 2659 annis
2973 2621 3059 2659 xt..
3101 2604 3352 2660 Salomon
3393 2604 3550 2661 annis

1953 2711 2039 2751 ιιι..
2077 2695 2318 2750 Roboam
2343 2697 2498 2750 annis
2518 2712 2645 2753 xvn.
2674 2697 2807 2751 Abin
2836 2697 2991 2752 annis
3034 2697 3222 2764 tribus,
3258 2697 3361 2752 Asa
3395 2700 3549 2754 annis

1950 2803 2059 2842 xu.
2084 2787 2289 2843 Josafat
2321 2790 2478 2843 atinis
2509 2805 2631 2843 xxv.
2656 2788 2838 2845 Joram
2891 2789 3045 2844 annis
3087 2805 3300 2857 novem,
3327 2791 3550 2847 0cosias

1949 2894 2092 2934 anno
2120 2895 2246 2945 uno,
2295 2880 2546 2936 Gotholia
2579 2891 2751 2936 mater
2778 2883 2932 2937 annis
2953 2892 3097 2950 octo,
3124 2882 3252 2938 Joas
3279 2884 3435 2938 annis
3458 2899 3542 2938 xt..

1952 2973 2228 3029 Amessias
2265 2975 2418 3030 annis
2472 2991 2692 3032 xxxviii.
2742 2975 2898 3032 Ozias
2947 2979 3102 3032 annis
3143 2978 3287 3032 LVtit.
3329 2976 3548 3033 Jotham

1952 3067 2110 3123 annis
2156 3085 2264 3123 xvi.
2303 3068 2481 3126 Achas
2532 3071 2687 3125 annis
2713 3085 2842 3125 xvn.
2887 3071 3145 3126 Ezechias
3183 3071 3340 3126 annis
3361 3087 3545 3128 xxxix.

1952 3159 2224 3216 Manasses
2249 3161 2404 3216 annis
2433 3178 2516 3216 ιν.
2552 3163 2717 3217 Amos
2749 3163 2905 3218 annis
2935 3162 3166 3230 duobus,
3196 3163 3371 3219 Josias
3397 3165 3552 3220 annis

1875 3269 1920 3330 ρ
1953 3269 2120 3308 xxxv.
2149 3253 2393 3309 Joaehim
2426 3254 2592 3310 frater
2619 3254 2852 3311 Joaehaz
2873 3257 3026 3312 annis
3056 3272 3132 3312 xt.
3154 3256 3395 3314 Joachim
3414 3257 3554 3312 lilius

1955 3345 2432 3413 Hemeras,,annis
2463 3348 2631 3404 tribus
2652 3350 2994 3419 captivitatis,
3021 3350 3278 3407 Scdecias
3299 3352 3454 3407 annis
3483 3367 3556 3408 xt.

1952 3438 2450 3496 Nabuchodonosor
2473 3441 2641 3496 redux
2669 3441 2824 3496 annis
2853 3458 2942 3496 xv.
2969 3441 3261 3514 Cymaroth
3291 3443 3429 3500 lilius
3450 3459 3548 3498 an-

1959 3534 2041 3588 nis
2079 3551 2170 3588 xu.
2212 3534 2464 3591 Baldasar
2505 3536 2668 3592 frater
2703 3537 2861 3593 annis
2903 3552 3016 3592 xlv.
3053 3537 3241 3593 Darius
3281 3539 3550 3594 Assuerus

1963 3625 2118 3679 annis
2149 3642 2295 3680 xun.
2324 3626 2498 3698 Cyrus
2517 3643 2663 3682 anno
2688 3629 2886 3698 primo.

2036 3719 2229 3776 Caetera
2250 3721 2460 3776 deerant
2484 3723 2539 3776 in
2568 3739 2664 3777 ms.
2694 3723 2997 3794 exemplari;

2137 3817 2212 3822 ___
2272 3816 2483 3824 _—__.-..~.~
2508 3818 2744 3826 --ι-α-

2775 3821 2980 3828 ——-.____

256 4031 703 4100 CELERINUS
724 4075 740 4104 ,
773 4029 1162 4092 LUCIANUS
1185 4075 1201 4104 ,
1237 4023 1719 4095 CALDONIUS,
1756 4021 2106 4099 MOYSES,
2137 4024 2516 4089 MAXIMUS
2542 4072 2557 4100 ,
2595 4028 3178 4106 NICOSTRATUS,
3219 4031 3562 4094 RUFINUS

666 4135 769 4195 ET
800 4132 1121 4198 CETERI
1151 4125 1711 4193 CONFESSORES
1742 4123 2149 4186 ECCLESIIE
2177 4125 2540 4190 ROMAN/E
2566 4133 2670 4194 ET
2703 4136 3158 4202 AFRICAN/E.

883 4282 1226 4342 EPISTOLA

727 4395 974 4436 CELEBI‘NI
995 4378 1084 4448 (Αο
1110 4391 1396 4435 wcmxcn.

211 4451 214 4454 ’
258 4473 504 4540 (Pamel.,
547 4471 753 4534 lligalt..,
786 4470 972 4530 Baluz.,
997 4470 1174 4532 Paris,
1205 4483 1296 4519 xx.
1335 4467 1518 4524 Oxon.,
1544 4463 1700 4528 Lips,
1741 4467 1868 4527 xxi.)

259 4564 647 4619 Ancumemun
672 4556 830 4628 hujus
857 4567 910 4612 et
938 4555 1213 4626 sequentis
1247 4552 1502 4624 EpiStolae
1532 4551 1697 4604 babes
1724 4551 1866 4604 istud

337 4656 393 4710 in
425 4653 658 4725 Epistula
690 4650 942 4723 Cypriani
973 4665 1099 4704 xxtt.
1135 4645 1391 4717 Exempla
1415 4659 1642 4715 quoque,
1671 4643 1857 4713 inquit,

339 4744 592 4816 Epistola:
616 4743 836 4799 Celerini
876 4742 992 4796 boni
1024 4750 1071 4794 et
1118 4739 1311 4794 robusti
1358 4735 1675 4808 confessoris
1713 4752 1867 4804 quam

340 4839 413 4893 ad
436 4837 716 4893 Luciannm
743 4835 979 4890 eumdem
1009 4836 1382 4904 confessorem,
1412 4827 1714 4899 scripserit,
1750 4829 1869 4883 item

343 4930 471 5002 quid
501 4928 759 4984 Lucianus
781 4928 826 4982 ei
859 4925 1199 4994 rescripserit,
1237 4923 1351 4977 misi
1388 4922 1548 4985 vobis,
1592 4931 1644 4973 ut
1674 4921 1872 4976 sciretis

345 5036 396 5078 et
419 5021 640 5078 laborem
665 5022 800 5075 circa
827 5019 998 5073 omnia
1025 5027 1070 5072 et
1093 5017 1408 5087 diligentiam
1436 5027 1687 5081 nostram,
1715 5024 1760 5069 et
1791 5029 1874 5067 ve—

346 5116 550 5171 ritatem
576 5115 740 5186 ipsam
777 5111 1040 5167 discerctis
1077 5127 1094 5164 :
1124 5109 1385 5166 Celerinus
1417 5109 1680 5179 confessor
1722 5125 1874 5180 quam

347 5210 415 5266 sit
440 5209 704 5264 timoratus
723 5250 737 5274 ,
766 5217 811 5262 et
841 5216 1024 5261 cantus
1052 5215 1098 5259 et
1127 5205 1415 5259 lmmilitate
1440 5222 1500 5259 ac
1525 5206 1702 5260 timore
1727 5214 1875 5259 secta:

350 5312 543 5358 nostrae
587 5301 940 5356 verecundus:
975 5298 1236 5352 anianus
1277 5313 1392 5352 vero
1413 5297 1550 5351 circa
1596 5296 1876 5369 intelligen-

350 5396 477 5449 tiam
522 5393 790 5448 dominica:
811 5391 1058 5458 lectionis,
1091 5399 1143 5443 ut
1189 5389 1328 5456 dixi,
1362 5391 1529 5442 minus
1574 5389 1796 5459 peritus,
1828 5399 1875 5442 et

353 5490 493 5544 circa
517 5489 760 5544 invidiam
778 5487 1095 5541 verecundia:
1124 5497 1313 5540 nostra:
1340 5483 1727 5552 relinquendam
1751 5485 1879 5555 [aci-

355 5585 500 5639 litate
528 5600 621 5638 sua
657 5580 913 5636 molestus.
953 5579 1092 5633 Nam
1131 5595 1247 5634 cum
1277 5575 1531 5632 Dominus
1575 5576 1784 5640 dixerit,
1826 5577 1876 5632 in
1904 5604 1957 5663 D

356 5677 561 5732 nomine
577 5674 805 5730 Patrisct
820 5673 944 5727 Filii
973 5682 1020 5743 et
1049 5673 1275 5742 Spiritus
1295 5673 1460 5727 sancti
1476 5670 1659 5725 Gentes
1689 5671 1870 5742 tingui,

361 5780 411 5824 et
435 5769 484 5821 in
513 5767 775 5838 Buptismo
803 5777 1010 5836 peccata
1035 5766 1225 5820 dimitti
1255 5781 1273 5820 :
1306 5765 1387 5819 hic
1411 5765 1651 5838 prwcepti
1680 5773 1726 5819 et
1757 5764 1880 5836 legis

361 5864 592 5940 ignarus,
637 5860 846 5916 mandat
897 5877 1070 5933 [tacent
1101 5859 1216 5915 dari
1258 5869 1306 5916 et
1345 5870 1551 5932 peccatu
1593 5860 1786 5914 dimitti
1826 5859 1880 5915 in

2046 4280 2205 4336 Pauli
2225 4287 2448 4350 nomine,
2481 4298 2528 4342 et
2563 4288 2656 4343 hoc
2680 4290 2776 4345 sibi
2815 4294 2937 4350 dicit
2976 4295 3039 4351 ab
3075 4298 3166 4354 illo
3203 4317 3311 4358 esse
3351 4307 3565 4362 manda-

2045 4385 2153 4431 tum
2183 4397 2201 4432 :
2223 4380 2349 4433 sicut
2377 4381 2429 4435 in
2459 4381 2638 4438 litteris
2677 4387 2906 4458 ejusdem
2941 4388 3153 4447 [ιιιείαηί
3178 4395 3247 4449 ad
3275 4396 3567 4455 Celerinnm

2045 4471 2194 4542 [actis
2214 4473 2650 4545 animadvertetis,
2688 4486 2796 4534 etc.

2045 4563 2194 4619 Ilanc
2225 4582 2355 4621 vero
2397 4577 2452 4622 et
2478 4580 2770 4640 sequentes
2800 4575 3078 4644 epistolas,
3113 4595 3180 4636 ne
3207 4580 3554 4641 Baluzianum

1973 4669 2108 4728 Opus
2132 4659 2353 4714 nimium
2382 4659 2798 4732 discinderetur,
2832 4665 2971 4724 inter
2994 4670 3261 4742 Epistolas
3285 4673 3568 4748 Cypriani-

1975 4765 2068 4805 eas
2120 4751 2187 4807 ad
2245 4761 2447 4808 tomum
2501 4767 2747 4827 quartum
2799 4762 3049 4831 rejectas,
3109 4781 3174 4821 eo
3211 4777 3389 4824 tamen
3433 4771 3558 4838 loci,

1973 4854 2194 4971 graptelr
2217 4850 2932 4978 lavceucroaltaqmwfhronotaxim
2953 4898 2967 4922 ,
3023 4861 3411 4917 remeavimus.
3441 4863 3561 4920 Vid.

2071 4933 2126 4978 ἰ,
2179 4955 2193 4970 ο
2279 4961 2293 4978 ,
2433 4960 2444 4974 .
2481 4939 2543 4975 ..Ι
2594 4961 2606 4975 ο

2071 4933 2126 4984 '.~,
2153 4933 2193 4971 t.
2217 4933 2293 4986 tv,
2339 4933 2444 4974 cet.
2478 4933 2606 4978 274.

2607 5015 2945 5075 EPISTULA

2429 5122 2642 5164 LUCIANI
2673 5125 2740 5164 AD
2767 5125 3068 5168 CELEBINUII
3079 5153 3090 5167 .

1979 5172 2215 5260 (Pamel.,
2232 5176 2504 5242 xxu.Rig.,
2530 5179 2714 5245 Baluz.,
2733 5181 2909 5242 Paris.,
2924 5198 3026 5234 xxi.
3050 5183 3400 5256 Oxon.,I.ips.,
3422 5194 3570 5260 xxu.)

2056 5259 2190 5316 Vide
2221 5265 2571 5331 prayeedentis
2586 5264 2842 5334 Epistohe
2869 5279 3243 5340 argumentum
3281 5291 3346 5330 ex
3377 5278 3434 5333 S.
3467 5259 3573 5351 Cy-

1981 5351 2168 5422 priano
2205 5362 2504 5422 acceptum,
2534 5362 2590 5409 et
2628 5365 2808 5411 notam
2853 5375 2956 5430 qua
2993 5361 3126 5419 alias
3160 5363 3276 5422 hsce
3326 5367 3570 5439 Epistola

1982 5445 2291 5502 remittitur.
2323 5446 2448 5503 lnfr.
2489 5456 2525 5502 t.
2560 5464 2645 5514 IV,
2674 5450 2779 5504 col.
2811 5452 2936 5526 2'79.

2618 5542 2951 5601 EPISTOLA

2232 5627 2436 5668 OINIUM
2473 5627 2848 5672 CONI-‘ESSORUI
2887 5634 2953 5672 AD
2981 5635 3296 5682 CYPRIANUII.

1983 5700 2214 5763 (Pame|.,
2227 5716 2345 5764 xvn,
2360 5702 2562 5764 Rigalt.,
2575 5704 2762 5765 Baluz.,
2780 5707 3042 5764 Paris.xvr.
3062 5714 3241 5780 0:00.,
3255 5718 3574 5788 Lips.,xxm.}

1983 5789 2378 5870 Aneunnnrun.
2415 5790 2647 5870 Libellus
2703 5791 2992 5870 Martyrum
3022 5804 3238 5870 nomine
3270 5821 3302 5858 α
3349 5807 3580 5870 Luciano

1983 5864 2228 5934 scriptus.
2260 5861 2383 5917 Vid.
2415 5861 2583 5932 infra,
2614 5872 2742 5920 tom.
2774 5861 2977 5937 tv,'col.
3010 5869 3138 5928 268.
