4038 6308
518 299 623 358 679
1865 290 1936 364 Lv
1974 290 2030 348 s.
2072 288 2112 344 c

2180 287 2468 347 iNELIUM
2542 325 2549 331 -
3689 287 3775 346 680

517 413 793 473 sexdecim
813 411 1148 486 coepiscopis
1176 409 1334 477 facto,
1363 407 1591 473 adulter,
1633 414 1792 477 atque
1821 415 2111 462 extraneos
2139 405 2188 466 Α
2218 422 2324 460 non
2351 403 2783 468 admitterentur,
2816 400 2918 456 nisi
2951 409 3160 472 peracta
3191 401 3504 472 poenitentia
3531 401 3774 470 diuturna,

517 509 632 564 fieri
667 523 696 564 a
725 507 1089 564 desertoribus
1118 504 1336 572 nititur,
1372 523 1390 556 ι
1423 500 1474 557 id
1504 510 1588 557 est
1613 515 1642 554 a
1673 499 1951 556 Novatiani
1990 499 2112 553 fau-
2218 512 2271 556 et
2301 503 2500 571 integra
2534 518 2548 555 :
2581 503 2650 555 ita
2682 510 2856 554 tamen
2887 507 2942 552 ut
2972 498 3102 568 ipsis
3125 499 3176 552 in
3209 513 3460 568 supremo
3487 498 3602 552 viL'e
3621 497 3781 554 discri-

515 602 723 658 toribus
749 600 850 673 (al).
2219 595 2364 650 mine
2412 594 2790 649 subveniretur
2819 634 2832 658 ,
2877 606 3052 664 neque
3095 591 3363 647 absolutio
3409 600 3463 646 et
3511 592 3781 648 communio

590 694 832 765 Egregiis
881 707 1004 749 eum
1045 689 1298 756 'mcritis,
1341 687 1736 757 virtutibusque
1792 692 2112 740 exornatum
2223 696 2528 757 negaretur.

517 787 684 843 fuisse
707 828 723 854 ,
759 785 846 840 vel
877 784 1003 840 inde
1044 781 1344 855 Cyprianus
1370 778 1586 850 arguit,
1619 778 1763 848 quod
1790 820 1803 842 ,
1838 777 2000 832 Decio
2027 792 2117 831 su-
2293 777 2552 833 Eutndem
2614 776 2924 846 pontificem
2997 791 3027 830 e
3092 775 3426 831 catacumbis
3482 776 3781 832 transtulisse

517 879 758 948 perstite,
781 876 1076 930 Romanam
1108 872 1403 929 Ecclesiam
1432 871 1834 941 gnbernandam
1865 882 2116 939 suscepe-
2219 885 2445 942 corpora
2476 879 2784 925 sanctorum
2828 868 2970 924 Petri
2996 876 3051 924 et
3081 868 3232 926 Pauli
3263 877 3440 923 narrat
3488 877 3660 923 auctor
3685 869 3783 930 libri

519 974 630 1030 rit:
669 990 688 1024 ι
718 970 929 1026 Etenim
961 976 1084 1039 post
1107 970 1477 1038 episcopatum
1503 980 1606 1022 non
1629 963 1986 1024 cxambitum.
2010 978 2115 1017 non
2221 963 2554 1018 Pontiﬁcalis
2601 962 2680 1033 (‘5)
2722 979 2735 1016 :
2789 962 3078 1033 subditque
3121 961 3186 1017 ad
3219 971 3518 1017 extremum
3546 964 3786 1019 exsulasse

517 1075 808 1131 extortum,
837 1063 930 1120 sed
951 1063 1022 1119 de
1052 1063 1167 1129 Dei,
1191 1061 1282 1134 qui
1313 1059 1624 1117 sacerdotes
1662 1058 1806 1120 facit.
1838 1059 2115 1112 voluntate
2217 1054 2596 1110 Centutneellis
2617 1095 2633 1121 ,
2679 1063 2733 1110 et
2779 1055 3064 1123 plumbatis
3106 1071 3168 1110 os
3213 1056 3330 1125 ejus
3360 1063 3634 1110 contusum
3663 1055 3787 1112 Decii

518 1168 828 1230 susceptum
857 1200 872 1223 ,
914 1167 1111 1229 quanta
1145 1156 1196 1210 in
1245 1155 1365 1226 ipso
1395 1162 1646 1221 suscepto
1687 1152 1993 1220 episcopatu
2023 1164 2120 1205 suo
2216 1146 2370 1218 jussu
2395 1149 2498 1220 (4).
2557 1147 2667 1200 Sub
2695 1147 2934 1204 Cornelii
2961 1147 3272 1216 pontiﬁcatu
3303 1163 3410 1205 non
3439 1148 3606 1202 solum
3632 1164 3785 1218 persc-

515 1255 718 1310 virtns!
759 1261 1014 1323 quantum
1044 1250 1208 1306 robur
1237 1248 1400 1302 animi
1428 1248 1441 1300 !
1495 1246 1670 1318 qualis
1699 1245 1925 1300 ﬁrmitas
1960 1242 2115 1297 fidei!
2227 1242 2461 1296 cutionis
2493 1240 2746 1310 procella,
2779 1257 2898 1310 qua:
2927 1240 3072 1295 Decii
3104 1241 3323 1296 interitu
3349 1241 3582 1296 extincta
3607 1239 3791 1296 videba-

516 1348 659 1420 quod
700 1362 798 1404 nos
847 1346 1077 1417 simplici
1125 1342 1290 1400 corde
1343 1350 1400 1396 et
1437 1340 1744 1410 perspicere
1789 1337 2021 1408 penitus,
2068 1343 2122 1390 et
2235 1341 2345 1399 tur,
2380 1349 2407 1386 a
2441 1331 2596 1388 Gallo
2623 1343 2674 1387 et
2707 1331 2999 1387 Volusiano
3026 1331 3206 1387 denuo
3229 1335 3459 1388 excitata
3488 1373 3502 1395 ,
3535 1335 3792 1389 Ecclesiam

518 1440 740 1496 laudare
779 1439 1073 1503 debemus,
1119 1436 1322 1491 sedisse
1363 1432 1686 1504 intrepidum
1718 1431 1903 1486 Romm
1943 1431 1996 1484 in
2037 1444 2123 1483 sa-
2227 1426 2551 1496 exagitavit;
2585 1424 2678 1481 sed
2705 1425 2870 1482 etiam
2899 1425 3096 1494 duplex
3126 1426 3390 1492 schisma;
3417 1425 3792 1496 primnmaNo-

517 1531 777 1589 cerdotali
824 1529 1116 1595 cathedra,
1151 1544 1217 1583 eo
1261 1535 1534 1597 tempore,
1576 1539 1697 1578 cum
1753 1531 2011 1594 tyrannus
2043 1521 2123 1574 in-
2225 1517 2771 1589 vatoCarthaginensi
2797 1528 2852 1574 et
2880 1520 3181 1575 Novaliano
3204 1520 3448 1576 Romano
3478 1522 3795 1593 presbyteris,

516 1630 690 1688 festus
729 1629 824 1685 Dei
866 1625 1237 1683 sacerdotibus
1286 1623 1444 1678 fanda
1485 1631 1646 1692 atque
1696 1617 1926 1674 nefanda
1977 1631 2125 1671 com-
2231 1613 2549 1680 Romanam,
2584 1614 2881 1683 praesertim
2918 1614 3246 1679 Ecclesiam;
3285 1617 3515 1670 alterum
3543 1616 3606 1670 ab
3629 1616 3791 1671 eodem

518 1724 851 1789 minaretur,
899 1735 1022 1776 cum
1080 1718 1250 1774 multo
1305 1716 1631 1783 patientius,
1689 1723 1743 1767 et
1793 1710 2124 1767 tolerabilius
2226 1707 2442 1777 quidem
2466 1707 2672 1763 Novato
2697 1709 2822 1763 olim
2850 1711 3146 1775 incentore,
3179 1709 3273 1764 sed
3305 1709 3442 1765 duce
3469 1708 3794 1777 Felicissimo,

516 1817 746 1882 audiret,
777 1813 944 1870 levari
971 1812 1230 1867 adversus
1252 1824 1309 1864 se
1335 1809 1586 1863 :crnulum
1615 1803 1930 1875 principem,
1960 1816 2116 1872 quam
2150 1803 2196 1862 Β
2224 1812 2278 1856 et
2306 1801 2616 1858 Novatianis
2645 1803 2921 1858 erroribus
2961 1803 3116 1872 plane
3153 1806 3460 1874 oppositum
3481 1847 3496 1869 ,
3534 1804 3796 1860 Ecclesiam

518 1910 769 1966 constitui
800 1909 985 1962 Roma:
1026 1905 1116 1960 Dei
1158 1902 1501 1958 sacerdotem
1531 1919 1542 1954 :
1583 1919 1601 1951 ι
1650 1914 1810 1969 quem
1845 1897 1968 1951 ideo
1996 1903 2120 1949 ante
2229 1893 2321 1949 Dei
2353 1894 2404 1948 in
2437 1896 2613 1949 Africa
2643 1895 2993 1966 perturbavit.
3029 1895 3100 1952 Ut
3126 1898 3268 1952 enim
3299 1897 3799 1955 Novatianidetesta-

521 2001 839 2075 martyrium
868 2006 1157 2071 martyrem
1184 1996 1457 2049 voluntate
1489 2009 1582 2048 sua
1611 1992 1775 2046 fuisse
1804 1989 2082 2060 praedicat.
2227 1988 2319 2043 bili
2341 1991 2630 2045 severitate
2655 2005 2872 2045 omnem
2903 2005 3055 2061 spem
3089 1991 3258 2046 venia:
3291 1991 3456 2062 lapsis
3485 1993 3688 2062 penitus
3724 2007 3800 2047 ne-

593 2095 656 2150 ll.
697 2093 1006 2151 Cornelium
1037 2091 1251 2145 natione
1274 2089 1600 2151 Romanum,
1631 2101 1694 2139 ex
1720 2094 1873 2154 patre
1900 2081 2120 2136 Castiuo
2225 2082 2452 2153 gandam
2502 2083 2942 2150 contendebant,
3000 2084 3070 2138 ita
3121 2085 3195 2139 illi
3223 2125 3238 2148 ,
3288 2084 3582 2140 damnabili
3631 2085 3800 2155 pariter

522 2198 708 2246 natum
738 2200 860 2242 esse
912 2183 1098 2240 scribit
1141 2181 1457 2236 Anastasius
1511 2175 1986 2238 bibliothecarius,
2033 2172 2118 2226 vel
2229 2175 2568 2230 conniventia
2592 2217 2607 2241 ,
2640 2192 2668 2228 a
2701 2177 2874 2246 primo
2916 2175 3095 2229 statim
3129 2176 3525 2245 persecutionis
3555 2176 3672 2240 die,
3700 2191 3799 2232 tum

522 2280 768 2353 quisquis
811 2277 886 2333 illi
937 2276 1179 2346 prmivil;
1227 2273 1313 2329 cui
1365 2273 1527 2326 etiam
1560 2269 1812 2325 nonnulla
1861 2267 2121 2321 Actorum
2227 2269 2459 2323 recentia
2487 2268 2910 2340 delinquentium
2939 2269 3176 2324 facinora
3211 2270 3507 2335 ferverent,
3535 2279 3590 2326 et
3624 2269 3802 2325 sacriﬁ-

519 2373 826 2446 apographa
847 2414 862 2438 ,
891 2382 944 2426 et
979 2369 1152 2441 quand
1184 2369 1482 2423 Romanam
1506 2366 1734 2438 patriam
1763 2362 1926 2418 etiam
1963 2360 2123 2414 Cata-
2225 2359 2324 2414 ciis
2371 2360 2618 2416 nefandis
2644 2377 2750 2417 non
2783 2371 2986 2416 tantum
3018 2361 3217 2416 diaboli
3257 2363 3471 2427 altaria,
3523 2361 3614 2417 sed
3654 2361 3801 2416 adhuc

527 2468 683 2540 logus
705 2467 1071 2522 Romanontm
1096 2464 1440 2527 Pontificum,
1466 2477 1497 2517 e
1521 2459 1881 2516 serenissimae
1907 2457 2124 2526 Regina:
2226 2470 2414 2510 manus
2442 2455 2571 2526 ipsa:
2617 2455 2914 2525 lapsorum,
2957 2453 3119 2526 atque
3149 2469 3242 2511 ora
3275 2455 3568 2520 fumarent,
3595 2471 3801 2512 commu-

521 2549 729 2619 Succiae
757 2547 1078 2618 bibliotheca
1109 2570 1233 2614 ante
1264 2568 1392 2611 tom.
1425 2571 1442 2610 ι
1469 2555 1655 2625 aprilis
1683 2553 1752 2608 ab
1779 2549 2122 2608 llenschenio
2226 2547 2408 2604 nicare
2443 2564 2563 2603 cum
2593 2547 2778 2619 lapsis,
2811 2545 2868 2604 et'
2894 2549 3226 2620 poenitentia:
3253 2549 3477 2620 agendae
3503 2549 3803 2608 int-medere

528 2655 728 2723 editus,
759 2652 1125 2709 consentiunt.
1159 2650 1318 2705 Forte
1345 2648 1504 2720 igitur
1534 2645 1694 2702 fuerit
1715 2661 1746 2700 e
1771 2643 2120 2700 celeberrima
2226 2657 2332 2696 non
2361 2632 2706 2710 desriterunt,
2727 2642 3164 2717 tcsteCypriano,
3186 2645 3409 2716 cpistola
3444 2662 3512 2701 ιν
3538 2646 3602 2702 ad
3628 2623 3801 2703 Come.

447 2744 454 2756 “
522 2751 612 2808 illa
645 2750 787 2806 inter
811 2749 1085 2803 Romanas
1127 2743 1357 2799 familias
1392 2750 1553 2814 gente
1591 2739 1840 2797 Cornelia
1872 2737 2121 2807 prOgeni-
2231 2735 2382 2790 lium.
2436 2737 2839 2804 Felicissimus,
2872 2754 2994 2793 cum
3041 2755 3100 2794 se
3142 2740 3209 2794 ab
3248 2740 3520 2796 Africanis
3563 2740 3804 2810 episcopis

520 2857 604 2902 tus
633 2890 646 2914 ,
683 2854 740 2900 ut
777 2842 1100 2899 Franciscus
1149 2836 1474 2892 Blancbinus
1511 2833 1719 2889 censuit
1759 2833 1851 2904 (ex
1899 2829 2123 2885 Cornelii
2225 2827 2279 2884 in
2330 2830 2559 2885 concilio
2605 2832 2947 2903 congregatis
2989 2833 3300 2888 damnatum
3355 2834 3591 2900 videret,
3636 2844 3692 2890 ut
3730 2834 3803 2904 jus

520 2940 762 2994 arbitror
806 2932 1114 3002 vocabulo),
1157 2931 1209 2985 in
1252 2929 1404 2984 Notis
1445 2924 1711 2983 historicis
1751 2923 1818 2980 ad
1850 2923 2118 2977 laudatum
2223 2925 2622 2980 communionis
2674 2942 2781 2996 quo
2830 2925 3146 2994 exciderat,
3206 2929 3278 2982 in.
3305 2928 3551 2984 Ecclesia
3596 2930 3803 2985 Romana

519 3030 1012 3091 hibliothecarium.

2225 3017 2578 3074 sufl'uraretur
2611 3061 2624 3083 ,
2677 3019 2901 3074 Romam
2956 3021 3269 3091 navigavit,
3318 3033 3374 3077 et
3421 3023 3602 3078 fucum
3655 3025 3801 3079 facere

591 3127 742 3182 lllum
774 3139 869 3194 per
907 3134 1097 3178 omnes
1148 3114 1544 3175 ecclesiasticos
1576 3113 1822 3180 ordines,
1855 3110 2118 3182 insignia-
2225 3121 2414 3167 sancto
2458 3111 2712 3168 Cornelio
2753 3113 2999 3168 Pontiﬁci
3048 3113 3277 3169 Maximo
3316 3125 3546 3170 conatus
3583 3125 3679 3172 est.
3718 3114 3803 3172 Sed

521 3234 626 3291 quc
649 3218 702 3272 in
730 3213 1032 3270 Ecclesiam
1065 3211 1251 3266 merita
1279 3208 1345 3263 ad
1369 3209 1604 3278 supremi
1635 3205 1972 3276 pontiﬁcatus
2001 3203 2114 3273 api-
2144 3201 2189 3265 C
2224 3203 2354 3258 nihil
2384 3202 2634 3264 obtinuit,
2669 3203 2770 3258 nisi
2813 3218 2924 3258 sure
2954 3203 3318 3260 damnationis
3342 3206 3801 3274 confirmationem,

519 3327 639 3370 cem
667 3307 998 3370 ascendisse,
1029 3302 1417 3374 irrefragabilis
1448 3301 1599 3356 testis
1621 3307 1705 3354 est
1733 3299 1791 3354 S.
1819 3295 2122 3369 Cyprianus
2229 3307 2286 3351 ut
2313 3311 2379 3351 ex
2401 3312 2562 3365 supra
2596 3295 2809 3351 laudata
2837 3307 3051 3352 constat
3082 3297 3140 3352 S.
3170 3296 3423 3368 Cypriani
3451 3301 3694 3370 epistola.

526 3405 581 3462 in
612 3403 813 3472 saepius
850 3399 960 3471 jam
1005 3395 1218 3453 laudata
1255 3395 1490 3466 Epistula
1523 3391 1588 3447 ad
1634 3391 2017 3446 Antonianum.
2054 3390 2125 3444 At.
2298 3387 2387 3442 Ill.
2429 3387 2550 3458 lpso
2581 3389 2968 3458 persecutionis
2988 3389 3212 3444 exordio
3239 3391 3361 3444 anni
3389 3389 3524 3459 252,
3546 3389 3804 3447 Cornelius

526 3478 769 3567 ejusdem
798 3500 947 3564 gesta
987 3506 1017 3545 a
1057 3489 1272 3546 nemine
1319 3484 1582 3542 recensita
1624 3483 1944 3553 reperimus.
1976 3483 2125 3536 Atta-
2231 3480 2506 3535 Romanus
2555 3480 2802 3536 Pontifex
2847 3479 3243 3540 Centumcellas
3285 3484 3484 3556 (Civita
3520 3483 3754 3555 Veccbia)
3780 3499 3804 3536 a

523 3605 646 3646 mcu
673 3601 794 3642 cum
821 3599 852 3640 e
880 3583 1126 3639 Romano
1153 3579 1311 3634 Clero
1347 3577 1541 3640 fuerit,
1573 3574 1712 3629 haud
1750 3573 1910 3628 dubie
1934 3573 2000 3627 ad
2041 3573 2120 3642 ip-
2227 3571 2382 3631 Gallo
2429 3574 2755 3644 imperatore
2804 3574 3076 3645 relegatus
3119 3587 3199 3632 est
3223 3617 3238 3642 ,
3290 3577 3445 3648 cujus
3476 3579 3530 3633 in
3564 3579 3664 3634 ﬁde
3691 3591 3804 3633 conv

527 3695 646 3739 sum
677 3685 888 3750 spectat
918 3690 1043 3745 pars
1064 3716 1080 3742 ,
1118 3681 1174 3728 et
1211 3671 1321 3726 fors
1351 3683 1460 3724 non
1491 3666 1708 3723 minima
1739 3680 1926 3720 eorum
1948 3705 1962 3732 ,
2004 3679 2122 3734 qua:
2227 3667 2476 3722 stantiam
2505 3665 2808 3738 Cyprianus
2835 3668 3078 3738 epistolis
3097 3669 3209 3725 suis
3239 3686 3400 3741 quam
3429 3673 3664 3727 maxime
3687 3685 3805 3726 com-

521 3773 712 3830 Clerus
742 3770 849 3826 ille.
876 3768 932 3825 S.
965 3766 1106 3822 Petri
1132 3761 1400 3819 Cathedra
1431 3776 1524 3831 per
1553 3757 1776 3814 Fabiani
1800 3756 2117 3828 martyrium
2228 3756 2445 3813 mendat
2471 3757 2551 3830 (5)
2588 3776 2602 3809 :
2643 3775 2662 3810 ι
2701 3756 3064 3826 Cugnovimus
3085 3801 3103 3823 ,
3151 3760 3314 3818 frater
3342 3761 3693 3828 charissime,
3723 3763 3801 3826 ait,

522 3873 780 3930 vacante,
812 3863 864 3917 in
894 3859 1208 3916 calamitosa
1238 3857 1323 3911 illa
1349 3852 1607 3910 Ecclesia:
1634 3859 1950 3923 tempestate
1973 3863 2124 3918 egrc-
2227 3851 2381 3917 ﬁdei,
2419 3865 2482 3906 ac
2523 3851 2734 3906 virtutis
2769 3862 2964 3908 vestra:
2999 3853 3303 3910 testimonia
3329 3856 3588 3925 gloriosa,
3620 3870 3664 3913 ct
3695 3872 3805 3912 cou-

521 3960 608 4034 gie
637 3956 906 4030 praestitit.
926 3950 1332 4010 Exstantvaria:
1360 3945 1858 4017 interCyprianicas
1881 3942 2124 4012 epistolae
2227 3944 2478 4001 fessionis
2509 3954 2701 4002 vestrae
2743 3947 3003 4002 honorem
3046 3949 3124 4004 sic
3147 3949 3456 4006 exultanter
3497 3952 3800 4021 accepimus,

523 4073 596 4114 ex
641 4054 834 4128 quibus
879 4049 1218 4128 perspicuum
1262 4054 1374 4110 est,
1406 4051 1608 4114 quanto
1647 4039 1761 4094 zelo
1805 4036 1996 4093 Clerus
2039 4036 2124 4092 ille
2228 4049 2287 4094 ut
2314 4040 2365 4094 in
2396 4041 2626 4104 meritis,
2657 4054 2722 4097 ac
2752 4040 3000 4096 laudibus
3027 4041 3220 4097 vestris
3248 4058 3346 4098 nos
3375 4060 3596 4117 quoque
3615 4046 3804 4117 panici-

526 4165 635 4207 non
666 4146 828 4204 modo
867 4145 1161 4201 Romanam
1193 4138 1498 4210 Ditecesin},
1531 4135 1624 4192 sed
1650 4145 1706 4191 et
1732 4132 2123 4204 Carthaginen-
2229 4147 2324 4204 pes
2354 4173 2369 4198 ,
2419 4142 2473 4186 et
2516 4131 2695 4188 socios
2740 4143 3114 4203 computemus
3151 4153 3164 4190 :
3206 4154 3224 4188 ι
3275 4146 3328 4191 et
3375 4147 3502 4207 post
3547 4138 3753 4206 plurima
3787 4151 3798 4187 ε

528 4256 667 4308 sem,
701 4239 942 4310 aliasque
970 4235 1171 4293 curarit
1202 4231 1304 4307 (2).
2233 4245 2251 4278 ‹
2284 4225 2465 4280 Virtus
2512 4226 2621 4280 illic
2659 4225 2910 4298 Episcopi
2951 4228 3306 4296 praecedentis
3345 4229 3561 4298 publice
3585 4244 3802 4300 compro-

600 4335 908 4392 Cornelium
939 4342 1208 4402 tamquam
1235 4327 1364 4383 vitio
1389 4335 1631 4381 creatum
1659 4323 1983 4394 Episcopum
2003 4319 2116 4375 Ro-
2228 4320 2349 4374 bata
2377 4329 2478 4386 est,
2511 4319 2767 4374 adunatio
2796 4321 3074 4390 sequentis
3105 4321 3453 4378 fraternitatis
3480 4334 3689 4381 ostensa
3716 4331 3798 4379 est.

526 4444 744 4488 manum
772 4426 1125 4485 calumniatus
1146 4432 1229 4493 est
1257 4421 1586 4476 Novatianus
1611 4418 1886 4474 Romanus
1910 4415 2124 4488 presby-
2227 4413 2362 4468 Dum
2391 4412 2532 4483 apud
2561 4427 2659 4468 vos
2689 4429 2827 4468 unus
2852 4413 3081 4482 animus,
3112 4425 3168 4471 et
3193 4432 3295 4470 una
3326 4433 3427 4472 vox
3459 4428 3563 4486 est,
3595 4417 3800 4474 Ecclesia

526 4509 649 4593 ter,
694 4521 982 4593 instigante
1025 4518 1264 4585 Novato,
1315 4515 1634 4588 presbytero
1678 4512 2118 4582 Carthaginensi,
2229 4505 2405 4560 omnis
2435 4505 2679 4561 Romana
2705 4507 2950 4562 confessa
2979 4517 3076 4563 est.
3115 4507 3354 4578 Claruit,
3394 4510 3591 4568 fratres
3619 4512 3800 4568 charis-

524 4619 688 4690 idque
716 4627 824 4672 tam
856 4614 1026 4680 vafre,
1067 4621 1123 4669 et
1152 4611 1442 4678 malitiose,
1475 4621 1534 4665 ut
1564 4608 1850 4664 nonnullos
1885 4624 1951 4663 ex
1995 4623 2126 4663 con-
2151 4600 2354 4681 Iisimi
2373 4643 2388 4668 ,
2422 4600 2589 4668 ﬁdes,
2619 4616 2779 4672 quam
2807 4601 2874 4656 de
2920 4603 3068 4658 vobis
3097 4603 3285 4660 beatus
3314 4607 3608 4675 Apostolus
3632 4605 3800 4678 pandi-

525 4709 824 4770 fessoribus
853 4707 1092 4764 traheret
1117 4707 1169 4761 in
1210 4713 1389 4776 partes
1419 4717 1580 4768 suas,
1621 4716 1684 4756 ac
1727 4716 1821 4770 per
1882 4709 1990 4756 tres
2019 4700 2127 4770 epi-
2227 4694 2384 4748 cavit.
2425 4713 2443 4745 ι
2486 4693 2612 4749 llaec
2657 4694 2870 4765 aliaque
2915 4695 3144 4765 plurima
3189 4695 3489 4770 Cyprianus
3527 4701 3594 4756 ad
3621 4701 3797 4756 Corne-

529 4820 730 4878 scopos
753 4818 860 4876 qua
889 4801 1100 4868 fraude,
1146 4815 1250 4871 qua
1280 4800 1328 4854 vi
1365 4795 1668 4869 compulsos
1701 4797 1986 4866 cpiscopus
2010 4794 2124 4849 Ro.
2226 4789 2380 4854 lium,
2425 4787 2516 4858 qui
2565 4788 2710 4843 exilii
2759 4788 3047 4857 aerumnis,
3105 4789 3486 4864 laboribusque
3530 4797 3796 4856 conlectus,

499 4908 736 4966 'manus,
761 4897 898 4955 clam
923 4895 1223 4959 ordinatus,
1255 4892 1485 4963 primum
1517 4892 1568 4946 in
1600 4889 1843 4945 Ecclesia
1884 4889 2123 4944 Rmnana
2227 4881 2386 4953 paulo
2415 4889 2536 4950 post
2561 4879 2651 4935 die
2679 4879 2888 4936 decima
2927 4891 3116 4953 quarta
3145 4887 3470 4953 septembris
3497 4899 3694 4958 martyr
3717 4886 3797 4940 ibi-

527 4995 764 5051 schisma
801 4991 1084 5047 excitaret.
1126 4986 1257 5041 Eam
1295 4987 1366 5041 ob
1392 4999 1503 5040 rem
1535 4981 1820 5038 Cornelius
1844 4981 2123 5053 sexaginta
2227 4973 2350 5030 dem
2390 4973 2683 5028 occubuit:
2722 4991 2741 5024 σ
2775 4973 2903 5028 Post
2931 4973 3066 5041 hoe.
3100 4995 3118 5028 ι
3149 4978 3222 5032 ait
3246 4977 3562 5037 Pontiﬁcalc
3591 4981 3796 5041 Damasi.

524 5086 898 5156 episcoporum
935 5081 1164 5139 concilio
1200 5079 1439 5134 Romam
1473 5092 1614 5132 anno
1653 5077 1754 5132 251
1804 5085 2121 5142 convocato,
2231 5085 2248 5119 ‹
2278 5066 2674 5123 Centumcellas
2731 5067 3022 5138 expulsus,
3065 5069 3138 5124 ibi
3175 5084 3296 5126 cum
3326 5073 3495 5140 gloria
3536 5073 3797 5130 dormitio-

524 5176 880 5234 Novatianum
901 5217 917 5241 ,
951 5174 1180 5244 ejusque
1205 5179 1500 5228 sectatores
1526 5170 1867 5225 anathemate
1897 5168 2122 5223 damua-
2228 5175 2351 5217 nem
2381 5163 2607 5229 accepit.
2649 5176 2666 5210 ι
2700 5158 2852 5214 Diem
2880 5158 3060 5216 obitus
3092 5160 3454 5235 Hieronymus
3483 5165 3662 5232 docet,
3689 5165 3794 5222 dum

523 5269 619 5336 vit,
653 5278 711 5325 et
733 5266 1106 5330 confessores,
1153 5265 1241 5334 qui
1274 5263 1407 5335 lapsi
1435 5262 1678 5328 fuerant,
1710 5261 1776 5317 ad
1808 5252 2122 5317 reconcilia-

525 5363 729 5391 ,ιηηηη
776 5368 826 5391 Δ,
878 5358 1250 5391 ηωηςηηηηη,
1296 5354 1655 5391 ηδηςηωηιηε
1698 5369 1819 5391 ΜΗ,
1863 5353 2095 5391 annm,“
2241 5390 2248 5391 ί
2300 5317 2383 5391 (5)
2423 5317 2848 5391 llaectranslatio
2875 5319 3074 5375 incerta
3099 5331 3179 5375 est
3202 5324 3432 5381 Daronio
3453 5326 3515 5381 ad
3541 5325 3770 5381 ann.2‘£l

525 5363 730 5418 tionem
775 5368 831 5416 et
878 5358 1251 5430 ptenitentiam
1295 5354 1657 5411 admittendos
1698 5369 1819 5410 esse
1863 5353 2119 5409 decrevit.
2300 5341 2383 5391 Ψ)
2425 5341 2848 5401 ¹¹²ἓ⁷ί⁵¹¹τ¹¹¹⁵¹³¹¹¹⁰
2875 5341 3074 5375 ¹¹¹⁶⁶³¹ἰ²¹
3099 5341 3179 5412 cf}
3205 5341 3432 5381 "“mmo
3453 5341 3515 5410 3."
3541 5341 3795 5410 ""9135

526 5455 572 5464 __
679 5455 690 5464 _
793 5452 826 5464 η
1067 5452 1079 5464 _
1485 5463 1490 5464 ν
1597 5447 1639 5464 ,ί
1835 5448 1873 5464 ,ί
1933 5447 1942 5457 ,
2006 5446 2118 5464 ’,ΛΑ
2231 5389 2627 5464 Pagload
2655 5390 2833 5464 cumd.
2860 5407 3056 5464 annum
3081 5393 3107 5464 §
3133 5413 3168 5449 ι)
3197 5405 3248 5449 cl
3279 5396 3574 5453 Blanchtno
3603 5416 3651 5452 In
3678 5407 3795 5452 netis

526 5455 643 5513 lloc
679 5455 731 5510 in
788 5452 1029 5508 Concilio
1067 5452 1338 5523 lapsorum
1374 5463 1535 5504 causa
1580 5447 1885 5503 decretorio
1925 5446 2121 5516 judicio

2095 5460 2127 5500 0
2229 5446 2651 5537 Zdﬁtutf‘tasium
2683 5446 3311 5527 bibliothecarinri’t;tom:

527 5550 680 5609 ﬁnita
722 5557 804 5606 est
835 5589 852 5616 ,
894 5555 1259 5618 statutumque
1301 5553 1360 5599 ut
1389 5542 1523 5613 lapsi
1567 5540 1633 5595 ad
1689 5538 2124 5597 communionem
2231 5604 2254 5618 Δ
2305 5533 2382 5616 (β)
2417 5534 2550 5618 Erat
2576 5532 2629 5587 id
2655 5548 2824 5604 genus
2852 5542 3238 5618 tormentorum
3265 5532 3711 5618 quiaSi'_flagelluiii
3739 5554 3792 5593 ex

2201 5604 2500 5683 funiculis,
2533 5603 2585 5657 in
2609 5603 2831 5683 quarum
2871 5603 3792 5683 summitatibusfglandesvplumhea:

605 5686 685 5758 (l)
723 5684 978 5760 Cyprian.
1005 5684 1113 5760 loc.
1146 5685 1258 5760 cit;
1303 5752 1315 5760 _
1410 5754 1422 5760 _
2228 5686 2381 5759 erant
2414 5676 2690 5760 init-iactae.
2723 5675 2898 5760 Raron
2933 5677 3001 5729 ad
3030 5675 3366 5760 Martyrolov‘q:
3402 5675 3624 5737 Roman.
3662 5682 3740 5737 die
3763 5678 3793 5735 6

599 5747 682 5833 (2)
723 5747 856 5816 Vide
911 5755 1166 5830 Cypriani
1217 5752 1518 5826 Epistolas,
1571 5767 1716 5808 num.
1775 5768 1875 5808 xxx
1903 5793 1915 5817 ,
1987 5763 2126 5806 xu)
2223 5748 2381 5833 juniui‘.
2409 5747 3089 5833 galloniusfiejfartyrum
3120 5747 3453 5816 cruciatibus,
3486 5770 3606 5828 pag.
3631 5753 3746 5812 204.

529 5817 693 5916 axili.
956 5817 972 5830 ⁷
994 5817 1008 5829 ’
1269 5817 1283 5826 ’
1506 5817 1516 5822 ⁷
2226 5817 2232 5818 “
2300 5818 2380 5895 (ὅ)
2417 5817 2668 5904 Cypriani.
2700 5818 2867 5895 Epist.
2899 5817 3002 5876 Lvt.
