4068 6324
295 311 417 382 ’681

1711 316 2247 373 PROLEGOMENA.

3507 327 3614 382 632

316 438 385 492 de
420 437 687 509 Cypriano
729 436 801 490 ait
837 438 954 508 (l):
991 455 1009 488 ι
1041 435 1236 490 Passus
1276 443 1358 489 est
1401 434 1500 488 sub
1532 430 1820 488 Valeriano
1851 441 1905 486 et
1931 435 1984 494 Α
2008 444 2130 486 esse
2156 429 2406 484 observat
2433 420 2697 485 Anionius
2728 429 2941 501 Pagius,
2973 445 3092 488 cum
3125 433 3178 488 in
3207 436 3360 493 annis
3398 439 3613 508 pOutili-

314 530 562 588 Gallieno
587 531 956 601 persecutione
986 539 1170 585 octava
1192 571 1206 595 ,
1240 528 1429 585 eodem
1453 526 1557 593 die,
1587 543 1691 598 quo
1725 526 1909 580 Roma:

2012 531 2163 577 catus
2193 521 2443 588 Cornelii,
2482 531 2592 577 tum
2624 524 2675 577 in
2717 523 2999 579 Deciorum
3053 529 3420 586 consulatibus
3467 532 3612 588 desi-

313 626 637 693 αοτηθιίυε,
679 629 775 683 εεά
813 643 919 682 non
961 625 1156 682 eodem
1202 639 1366 681 anno,
1407 644 1425 678 ι
1470 623 1673 694 Nempe
1700 623 1911 678 decimo
2012 613 2258 685 gnandis.
2281 613 2468 669 Nullus
2497 616 2638 670 enim
2663 626 2744 672 est
2764 630 2854 671 aut
2886 618 3026 674 Decii
3054 622 3218 690 patris
3249 613 3490 693 quartus,
3519 636 3614 682 aut

313 730 503 779 octavo
528 720 636 776 kal.
668 721 924 788 octobris,
953 735 1056 792 qua
1079 719 1165 775 die
1188 717 1512 790 Cyprianum
1535 726 1749 773 constat
1779 731 1914 769 mar-

315 814 456 886 tyrio
484 821 799 869 coronatura
841 812 1006 868 fuisse
1029 853 1044 878 ,
1075 823 1130 869 et
1171 812 1449 880 utriusque
1479 810 1737 867 memoria
1767 808 1914 864 cclc-

309 906 519 963 bratur.

385 999 475 1057 IV.
515 1000 634 1070 Quo
651 1008 830 1057 autem
855 999 1042 1056 mortis
1067 1013 1265 1071 genere
1285 1007 1378 1055 aut
1396 996 1664 1070 supplicio
1691 1006 1912 1052 sanctus

315 1094 560 1152 Pontifex
584 1095 814 1162 obierit,
854 1094 1012 1166 plane
1039 1089 1432 1163 incompertum
1475 1103 1602 1148 est:
1644 1107 1765 1146 nam
1793 1106 1913 1161 qua:

315 1189 384 1246 de
433 1189 537 1244 illis
587 1189 642 1244 in
683 1187 815 1244 urbe
856 1188 1092 1242 Romana
1143 1185 1244 1242 sub
1284 1186 1449 1242 Decio
1493 1186 1735 1257 martyrii
1780 1187 1912 1240 Acta

314 1282 555 1351 ejusdem
583 1282 842 1347 referunt,
875 1281 1006 1336 nihil
1032 1279 1254 1336 omnino
1281 1280 1529 1350 probant,
1560 1295 1681 1336 cum
1711 1281 1778 1335 ab
1799 1295 1916 1333 eru-

313 1375 442 1432 ditis
484 1375 622 1431 intcr
665 1375 845 1445 spuria
889 1373 1216 1444 rejieiantur.
1275 1373 1639 1429 Vetustissimi
1683 1371 1913 1443 catalogi

315 1469 634 1526 Pontiﬁcum
676 1477 861 1524 auctor
903 1477 1106 1523 tantum
1135 1467 1298 1536 dicit,
1335 1468 1483 1522 illum
1526 1483 1648 1523 cum
1691 1486 1709 1518 ι
1743 1466 1914 1538 gloria

313 1563 737 1619 dormitioncmi
787 1561 1173 1618 Centumcellis
1218 1561 1513 1631 accepisse.
1563 1559 1716 1617 Unde
1772 1576 1911 1615 non-

317 1659 449 1714 nulli
486 1657 902 1722 existimarunt,
950 1673 1070 1712 cum
1115 1656 1344 1712 naturali
1386 1656 1562 1726 potius
1604 1670 1762 1726 quam
1801 1655 1914 1709 vio-

314 1753 459 1808 lenta
505 1761 675 1807 morte
727 1751 1032 1808 defunctum
1078 1765 1231 1816 esse;
1279 1765 1374 1820 per
1419 1748 1562 1805 exilii
1603 1759 1811 1814 tamen,
1853 1762 1916 1802 ac

2016 708 2160 764 Decii
2193 708 2282 763 ﬁlii
2311 709 2579 766 secundus
2613 713 2948 768 consulatus.
2976 714 3184 770 Gallum
3223 728 3400 773 autctn
3454 721 3612 776 Voln-

2014 803 2221 856 sianum
2257 803 2414 859 Decio
2450 805 2689 883 Augusto
2731 808 2966 863 secundo
2997 809 3104 864 seu
3145 811 3322 878 tertio,
3356 823 3410 868 et
3455 814 3614 871 Decio

2016 894 2226 950 Ctesare
2254 895 2483 966 primum
2514 899 2823 955 consulibus
2865 903 3190 959 successisse
3217 919 3283 960 ex
3313 903 3460 961 fastis
3489 923 3612 963 cer-

2020 997 2130 1042 tttm
2175 1000 2258 1044 est
2303 1005 2316 1042 :
2363 989 2606 1062 adeoque
2636 992 2689 1046 in
2717 994 2958 1065 catalogo
2982 1011 3104 1050 mox
3133 997 3410 1054 dictonon
3451 1017 3615 1057 anuos

2017 1082 2164 1150 duos,
2195 1083 2289 1140 sed
2314 1101 2506 1140 annum
2530 1103 2687 1141 unum
2715 1087 2962 1146 Cornelio
2989 1091 3150 1149 luisse
3176 1094 3614 1153 adscribendum.

2018 1177 2280 1245 Quocirca
2301 1193 2422 1233 eum
2441 1179 2518 1235 sic
2535 1181 2911 1253 corrigendum
2927 1186 3174 1242 laudatus
3196 1189 3387 1260 Pagius
3405 1205 3614 1261 censet,

2020 1279 2076 1325 ut
2104 1287 2329 1326 «annum
2359 1289 2521 1328 unttm
2553 1274 2710 1330 Decio
2735 1275 2799 1330 lll
2829 1288 2881 1332 ct
2901 1278 3080 1346 Decio,
3122 1301 3140 1334 ι
3177 1282 3296 1338 loco
3326 1286 3614 1342 verborum

2018 1382 2180 1420 annos
2209 1366 2338 1422 duos
2371 1368 2528 1424 Decio
2572 1368 2660 1437 ιν,
2710 1380 2763 1425 ct
2796 1373 2955 1428 Decio
2985 1375 3030 1429 ll
3057 1378 3428 1436 substituatur.
3466 1381 3618 1440 Unde

2018 1458 2258 1528 sequitur
2286 1469 2342 1513 ιιι
2370 1461 2412 1515 si
2431 1460 2716 1518 Cornelius
2736 1482 2926 1521 armum
2953 1485 3131 1538 unum,
3165 1474 3618 1542 quemadmodum

2017 1551 2110 1606 illo
2138 1553 2192 1608 in
2213 1554 2457 1626 catalogo
2478 1558 2746 1626 scribitur,
2768 1570 2821 1616 et
2846 1581 2864 1614 ι
2891 1579 3106 1620 menses
3130 1578 3260 1634 tres,
3305 1589 3322 1623 ι
3365 1586 3428 1626 ac
3458 1593 3476 1626 ι
3503 1573 3618 1632 dies

2019 1647 2205 1704 decem
2231 1669 2248 1702 ›
2271 1652 2428 1720 sedit,
2456 1669 2577 1709 cum
2595 1657 2868 1723 eumdem,
2899 1679 2918 1712 ‹
2943 1662 3096 1719 Gallo
3111 1677 3162 1720 et
3184 1667 3470 1725 Volusiano
3487 1688 3619 1727 con-

2020 1740 2220 1796 sulibus
2246 1761 2264 1795 ι
2296 1744 2432 1816 (hoc
2453 1756 2535 1800 est
2565 1764 2710 1804 anno
2745 1751 2938 1807 Christi
2975 1753 3137 1829 252),
3172 1757 3259 1814 die
3290 1760 3355 1815 M
3385 1775 3620 1832 septem-

315 1846 452 1902 forte
481 1846 639 1901 etiam
683 1847 917 1902 carceris
948 1861 1214 1901 aerumnas
1242 1844 1562 1909 accelerata,
1594 1844 1821 1915 ideoque
1849 1843 1916 1898 ab
1945 1845 1994 1906 Β
2024 1833 2131 1889 bris
2174 1839 2431 1910 martyrio
2455 1856 2770 1899 coronatum
2799 1863 2920 1903 esse
2950 1865 3072 1906 vera
3101 1854 3429 1912 tuonitnenta
3460 1860 3619 1916 ﬁdem

318 1939 556 1996 Ecclesia
588 1950 644 1994 ut
673 1949 963 2012 martyrem
997 1939 1188 1995 merito
1218 1939 1342 1994 coli.
1381 1937 1760 1993 Verumtamen
1803 1953 1910 1991 non

316 2033 511 2090 desunt
539 2034 840 2090 testimonia
862 2034 1063 2105 gravia,
1097 2049 1215 2104 qua:
1241 2033 1544 2103 ambiguam
1574 2033 1718 2087 illam
1753 2031 1913 2102 phra-

321 2127 424 2182 sim
446 2168 462 2194 ,
500 2145 519 2176 ι
548 2141 669 2186 cum
705 2126 872 2197 gloria
899 2126 1276 2182 dormitionem
1306 2126 1535 2194 accepit,
1567 2143 1585 2176 ι
1617 2123 1685 2179 de
1717 2133 1912 2194 marty-

318 2221 401 2277 rio
425 2217 534 2293 pet"
553 2237 864 2293 supremum
891 2221 1208 2292 supplicium
1240 2229 1612 2276 consummato
1639 2219 1911 2287 accipien-

317 2316 442 2372 dam
473 2318 723 2392 suadent.
756 2317 1021 2387 imprimis
1045 2314 1416 2388 S.Cyprianus
1442 2315 1498 2368 in
1528 2313 1762 2382 Epistula
1787 2327 1912 2366 Lvut

319 2409 387 2464 ad
440 2409 498 2466 S.
546 2393 795 2476 Lucium,
838 2407 1071 2462 Cornelii
1111 2421 1498 2473 successorem,
1538 2405 1681 2460 illum
1717 2403 1916 2484 beatum

318 2512 593 2573 martyrem
632 2500 862 2556 disserte
899 2499 1132 2571 appellat
1165 2518 1178 2554 :
1205 2499 1350 2554 Idem
1382 2498 1508 2552 iacit
1534 2495 1772 2566 Epistola
1802 2511 1912 2550 Lvu

319 2593 385 2649 ad
415 2593 471 2649 S.
516 2592 847 2663 Stephanum
880 2590 1081 2660 pariter
1123 2589 1361 2660 Papam:
1398 2607 1417 2640 ι
1461 2587 1770 2644 Servandus
1806 2596 1910 2649 est.

320 2687 590 2760 inquiens,
614 2698 1014 2741 antecesserunt
1048 2695 1377 2748 nostrorum,
1402 2682 1680 2738 beatorum
1715 2691 1915 2754 marty-

321 2797 439 2838 rum
485 2779 720 2836 Cornelii
765 2787 819 2834 et
858 2777 1006 2833 Lucii
1048 2777 1220 2832 honor
1243 2777 1604 2846 gloriosus...
1649 2775 1724 2830 Illi
1748 2777 1911 2842 enim,

321 2873 463 2946 pleni
501 2873 701 2942 Spirittt
743 2857 844 2928 Dei.
862 2881 916 2926 et
959 2871 1010 2924 in
1054 2870 1286 2941 glorioso
1313 2869 1571 2940 martyrio
1609 2867 1910 2933 constituti,

321 2966 552 3021 dandam
581 2981 700 3021 esse
736 2965 896 3034 lapsis
937 2979 1120 3035 pacem
1180 2973 1548 3017 censuerunt:
1583 2981 1601 3013 ι
1637 2963 1916 3016 Consonat

323 3059 588 3114 Eusebius
631 3058 680 3112 in
725 3057 976 3112 Cltronico
1012 3057 1196 3111 dicens
1238 3074 1250 3109 :
1295 3073 1314 3107 ι
1369 3057 1621 3109 Romana:
1667 3038 1918 3111 Ecclesia:

321 3154 718 3225 episcopatum,
761 3160 879 3221 post
941 3150 1159 3206 Fabiani
1200 3150 1486 3220 gloriosam
1527 3159 1752 3205 mortem
1778 3192 1793 3213 ,
1841 3165 1914 3204 xx

2018 1926 2234 1996 faciant,
2281 1949 2423 1988 anno
2465 1934 2662 1993 Christi
2691 1938 2819 2007 25],
2861 1939 2999 2011 junii
3039 1944 3074 1999 4
3115 1945 3202 2002 die
3253 1947 3621 2018 pontiﬁcatum

2018 2024 2219 2078 inierit.
2255 2043 2274 2077 ›

2097 2133 2114 2212 ι
2157 2117 2361 2172 Placuit
2392 2121 2550 2174 etiam
2579 2123 2694 2178 hare
2725 2127 2904 2194 Opinio
2935 2129 3144 2186 erudito
3176 2131 3623 2212 Tillemontioﬁ)

2019 2209 2107 2277 qui
2141 2220 2195 2264 et
2239 2222 2496 2280 praetcrea
2536 2215 2843 2274 Cornelium
2891 2223 3108 2281 n'tinime
3147 2240 3272 2285 ante
3310 2209 3618 2303 paschalem

2019 2303 2143 2397 anni
2180 2303 2278 2359 251
2325 2305 2468 2362 diem
2514 2311 2816 2368 ordinatum
2858 2331 2978 2385 esse
3021 2320 3262 2389 pluribus
3291 2330 3624 2397 argumentis

2019 2394 2241 2466 colligit.
2281 2398 2564 2458 Probabile
2606 2416 2710 2472 est,
2751 2423 2854 2462 non
2903 2405 3070 2465 multo
3111 2394 3387 2486 postquam
3428 2421 3622 2478 Decius

1985 2549 1988 2552 ,
2019 2504 2084 2542 ex
2121 2489 2258 2544 Urhc
2290 2493 2354 2546 ad
2385 2496 2783 2567 expeditionem
2814 2515 3001 2558 contra
3031 2505 3234 2564 Gothos
3256 2512 3598 2572 discessisset

2022 2583 2162 2648 quod
2196 2583 2337 2639 circa
2368 2602 2554 2643 verum
2587 2599 2796 2662 tempus
2828 2596 2952 2650 anni
2992 2597 3091 2654 251
3124 2604 3364 2675 contigit,
3419 2608 3619 2664 clerum

2023 2677 2385 2749 pOpulumque
2411 2680 2736 2754 Romanum,
2770 2689 2866 2742 hac
2884 2693 3168 2750 occasione
3188 2697 3388 2766 oblata,
3420 2716 3621 2758 conve-

2024 2769 2184 2835 nisse,
2219 2784 2273 2828 et
2302 2775 2352 2828 in
2385 2775 2620 2833 Cornelii
2653 2780 2973 2839 electionem
3001 2791 3363 2852 consensisse.
3407 2793 3476 2850 Et
3507 2795 3623 2853 haec

2023 2864 2237 2934 quidem
2265 2868 2512 2939 Cypriani
2538 2871 2604 2926 dc
2634 2873 2795 2929 Decio
2823 2878 2981 2933 verba
3010 2880 3092 2951 (5)
3132 2900 3143 2935 :
3182 2902 3200 2933 ι
3237 2885 3389 2954 Quod
3425 2890 3622 2946 tolera-

2023 2957 2181 3014 bilius
2204 2962 2415 3018 audiret
2441 2965 2609 3020 levari
2637 2967 2896 3026 adversus
2922 2989 2980 3027 se
3019 2979 3268 3033 annulum
3299 2983 3621 3054 principem,

2023 3067 2182 3121 quam
2223 3056 2478 3110 constitui
2521 3055 2706 3113 Roma:
2749 3060 2841 3116 Dei
2880 3069 3236 3131 sacerdotem,
3296 3091 3314 3124 ι
3351 3073 3428 3128 sic
3459 3075 3626 3132 inter-

2026 3146 2222 3213 prelari
2269 3147 2412 3212 licct,
2444 3158 2500 3203 ut
2530 3148 2815 3221 Tyrannus
2855 3154 2946 3212 ille
2975 3160 3163 3215 nuntio
3193 3163 3405 3230 eodem,
3435 3177 3488 3221 et
3518 3169 3623 3222 im-

321 3248 554 3319 suscepit
585 3247 863 3303 Cornelius
905 3245 1061 3300 anuis
1097 3243 1338 3310 duobus;
1380 3245 1467 3315 qui
1493 3253 1547 3300 et
1573 3243 1686 3314 ipse
1717 3253 1919 3315 marty-
1946 3245 1990 3308 ρ
2026 3239 2231 3308 perium
2263 3257 2291 3294 a
2319 3240 2462 3297 Julio
2493 3243 2718 3300 Valente
2765 3261 3100 3318 usurpatum,
3149 3265 3202 3310 et
3231 3254 3538 3315 Cornelium
3569 3263 3622 3320 iu

322 3341 404 3396 rio
443 3351 732 3396 coronatus
758 3347 886 3402 est:
919 3358 937 3391 ι
985 3337 1043 3394 S.
1090 3337 1352 3391 Pacianus
1400 3338 1452 3390 in
1487 3335 1724 3407 Epistula
1775 3353 1809 3391 ιι
1850 3336 1916 3391 ad

325 3437 810 3512 Sympronianum',
863 3433 919 3488 S.
961 3432 1272 3488 Cornelimn
1315 3432 1550 3486 o’ccisnm
1593 3431 1777 3496 fuisse,
1811 3447 1917 3486 non

322 3531 552 3585 obscure
592 3529 842 3583 insinuat.
891 3526 1075 3582 Adhuc
1112 3527 1308 3581 clarius
1353 3524 1584 3596 loquitur
1632 3524 1688 3580 S.
1729 3524 1918 3580 liiero-

322 3637 517 3696 nymus
541 3622 592 3676 in
627 3621 741 3676 Vita
783 3621 838 3677 S.
874 3619 1023 3674 Pauli
1064 3619 1331 3683 Eremitw,
1363 3629 1488 3673 tom.
1521 3634 1570 3672 tv
1595 3616 1757 3688 Opp.,
1787 3618 1920 3672 edit.

323 3715 519 3781 Paris,
553 3725 689 3786 part.
714 3713 890 3771 2.col.
913 3713 1015 3768 69:
1053 3731 1071 3764 ι
1095 3710 1373 3766 Cornelius
1401 3710 1921 3781 Romat,(‘.yprianus

322 3809 646 3880 Carthagine
694 3806 834 3863 felici
882 3821 1075 3861 cruore
1127 3805 1440 3876 martyrium
1494 3805 1850 3875 pertulerunt.
1891 3823 1910 3856 ι

322 3904 439 3961 Non
465 3903 692 3958 obscure
714 3904 874 3956 etiam
899 3898 1131 3970 lnquitur
1159 3898 1390 3968 Prosper
1417 3897 1468 3950 in
1490 3895 1757 3951 Chronico
1780 3895 1918 3950 inte-

321 4013 422 4068 gro
447 3996 670 4052 dicens:
709 4012 727 4046 ι
765 3993 1020 4048 Romanae
1059 3991 1314 4046 Ecclesia:
1349 3990 1714 4060 episcOpatutn
1738 4032 1752 4055 ,
1799 3997 1923 4059 post

322 4090 548 4147 Fabiani
596 4089 885 4161 gloriosam
934 4098 1183 4150 mortem,
1240 4099 1313 4138 xx
1363 4083 1587 4152 suscipit
1639 4081 1923 4137 Cornelius

322 4184 481 4240 annis
510 4183 738 4249 duobus,
769 4181 856 4252 qui
887 4187 1005 4252 post
1023 4177 1295 4234 biennium
1329 4175 1518 4232 eodem
1549 4175 1808 4254 martyrio
1829 4191 1923 4231 co-

322 4289 568 4338 ronatur.
602 4297 620 4330 ι
991 4271 999 4278 ’

399 4374 463 4430 ι’.
503 4393 520 4426 ι
556 4372 932 4442 Episcopatum
977 4367 1214 4425 tenuisse
1265 4365 1458 4422 dicitur
1505 4363 1786 4420 Cornelius
1847 4362 1916 4417 ab

322 4467 560 4526 Eusebio
573 4467 785 4538 quidem
807 4464 1088 4538 (2)1annis
1108 4463 1318 4517 circiter
1340 4461 1525 4523 tribus.
1543 4479 1560 4510 ι
1584 4459 1635 4512 in
1655 4459 1922 4514 Chronico

322 4573 528 4630 autem,
544 4563 626 4618 cui
647 4561 1005 4633 llieronymus
1019 4556 1250 4613 concinit
1269 4556 1346 4628 (5)
1372 4574 1388 4605 ι
1411 4553 1568 4608 antiis
1581 4553 1809 4608 duobus.
1827 4573 1842 4604 ι
1863 4551 1920 4607 In

325 4657 462 4714 libro
485 4653 804 4720 Pontiﬁctli,
852 4671 870 4705 ι
906 4652 1060 4706 anni.-
1091 4650 1282 4716 tribus,
1323 4647 1512 4704 diebus
1552 4646 1770 4712 decem;
1811 4666 1829 4699 ι
1867 4646 1920 4700 in
1948 4648 2002 4708 D

325 4749 616 4820 exemplari
639 4745 967 4811 Corbciensi,
993 4755 1044 4799 ut
1063 4745 1115 4798 in
1135 4743 1468 4798 Buchcriano
1487 4742 1752 4812 catalogo,
1783 4758 1800 4790 ‹
1823 4756 1923 4794 an-

325 4845 410 4899 nis
437 4842 665 4908 duobus,
695 4840 968 4895 mensibus
997 4838 1182 4901 tribus,
1208 4835 1394 4891 diebus
1423 4835 1642 4901 decem;
1672 4855 1688 4886 ι
1717 4834 1768 4889 in
1792 4834 1926 4889 Fos-

327 4934 552 4998 satcnsi,
595 4947 738 4987 nunc
767 4930 1100 4993 Colbertino,
1140 4943 1239 4984 nec
1284 4943 1388 4982 non
1426 4926 1565 4997 apud
1607 4925 1924 4980 Bollandum

328 5045 394 5085 ex
445 5028 641 5084 Codice
679 5027 804 5081 olim
851 5026 1144 5081 Succorum
1193 5022 1410 5092 rcgittzt‘,
1476 5036 1614 5076 nunc
1647 5018 1921 5086 Vaticano,

333 5137 509 5179 «anno
532 5138 656 5190 uno,
684 5121 954 5176 mensibus
972 5119 1201 5184 duobus,
1222 5115 1411 5172 diebus
1440 5113 1605 5170 tribus
1623 5155 1637 5179 ,
1668 5132 1685 5164 ι
1711 5113 1926 5184 pontiﬁ-

327 5229 506 5277 catum
545 5217 779 5289 gessisse
815 5214 1024 5269 dicitur.
1058 5213 1129 5269 At
1167 5210 1500 5267 nowinatum
1533 5209 1925 5264 Bneherianum

327 5311 653 5383 catalogum,
679 5309 734 5364 in
761 5324 867 5380 quo
890 5306 1196 5362 Cornelium
1225 5304 1430 5360 sedisse
1456 5303 1680 5375 legimus
1715 5322 1734 5354 ‹
1758 5317 1929 5356 annos

327 5408 490 5474 duos,
529 5421 745 5462 menses
790 5414 918 5466 tres,
961 5401 1076 5458 dies
1119 5400 1330 5466 decem,
1362 5415 1394 5454 a
1420 5397 1733 5454 consulibus
1771 5397 1928 5452 Decio

326 5501 420 5568 ιν,
443 5510 495 5556 et
521 5499 680 5554 Decio
705 5496 770 5565 ll,
795 5512 962 5567 usque
980 5494 1132 5551 Gallo
1157 5491 1536 5558 ctVolnsiano,
1563 5508 1581 5542 ›
1611 5487 1926 5546 mendosum

406 5653 842 5742 (i)n_l'lieronym.
909 5649 971 5704 de
1020 5650 1214 5720 Script.
1277 5647 1476 5704 Eccles.
1537 5645 1593 5700 in
1645 5643 1880 5716 Catrtlog.
1914 5684 1930 5711 ,

330 5726 714 5879 ωῗέξῗέιιεειι.
742 5793 809 5852 ιι.
840 5791 1298 5879 E..lil.),._v1r,'.cap.

505 5869 844 5938 Ilieronytn.,
875 5866 938 5918 de
980 5863 1086 5920 Vir.
1112 5861 1330 5933 illusit,
1348 5877 1466 5936 cap.
1489 5861 1576 5918 66.

611 5959 889 6024 Ρλτιιοι..
936 5955 1045 6018 lli.

2025 3331 2354 3404 Episc0pum
2403 3336 2559 3392 Urbis
2599 3349 2906 3410 cooptatum
2948 3345 3214 3402 didicerit.
3249 3350 3418 3407 Porro
3451 3352 3626 3410 Julius

2025 3442 2255 3498 purpura
2294 3429 2434 3485 circa
2478 3447 2715 3488 mensem
2745 3434 2940 3490 Maium
2973 3441 3098 3494 anni
3127 3440 3226 3496 251
3260 3457 3496 3515 arrepta,
3525 3463 3626 3504 uec

2023 3521 2196 3577 multo
2218 3533 2339 3593 post
2366 3527 2578 3582 occisus
2611 3539 2713 3584 est.
2749 3531 2968 3586 ltetnunt
3000 3533 3266 3591 Eusebius
3295 3549 3348 3592 et
3374 3555 3493 3595 cum
3523 3541 3625 3597 hac

2024 3617 2286 3672 sententia
2315 3629 2371 3673 et
2391 3634 2572 3675 secum
2605 3625 2878 3679 Conciliari
2905 3627 2983 3682 sic
3013 3640 3184 3697 potest
3216 3648 3230 3684 :
3265 3641 3320 3686 ιιι
3347 3651 3466 3689 cutn
3488 3635 3623 3692 Cor—

2026 3708 2224 3762 nelium
2261 3728 2278 3760 ι
2317 3710 2472 3766 annis
2497 3713 2712 3769 circiter
2740 3716 2907 3772 tribus
2939 3737 2956 3769 ι
2992 3721 3355 3790 episcopatum
3387 3726 3622 3783 tenuisse

2023 3801 2229 3871 scribit,
2261 3813 2470 3874 tempus
2504 3822 2534 3860 a
2584 3806 2802 3863 Fabiani
2847 3811 2990 3865 obitu
3031 3814 3095 3866 ad
3127 3814 3357 3871 Cornelii
3393 3828 3620 3875 mortem

2025 3892 2363 3963 iutcrjcctum
2389 3897 2637 3967 judicare
2668 3902 2930 3967 voluerit;
2963 3904 3052 3959 ubi
3076 3916 3252 3961 autem
3284 3924 3406 3963 enm
3443 3929 3462 3961 ι
3496 3911 3625 3968 duo-

2025 3987 2124 4042 bus
2150 3988 2306 4058 annis
2337 4008 2356 4040 ι
2389 3991 2597 4046 sedisse
2625 3993 2804 4061 docet,
2837 4013 2998 4051 unum
3025 4000 3373 4070 completum,
3406 4014 3461 4058 et
3489 4005 3623 4064 alte-

2025 4096 2142 4134 rum
2170 4080 2476 4138 inchoatum
2518 4100 2613 4154 pro
2643 4086 2852 4143 duobus
2875 4093 3217 4160 cmnputarit.
3261 4113 3276 4143 ι
3319 4095 3430 4152 lluc
3455 4113 3623 4169 usque

2025 4171 2367 4228 Constantius
2397 4189 2580 4248 noster
2610 4176 2713 4248 (6).
2744 4179 2951 4236 νὶιΙρείδ
2978 4182 3138 4237 etiam
3165 4186 3449 4244 clarissimi
3482 4192 3622 4248 inter

2029 4265 2384 4322 Bollandistas
2418 4266 2751 4326 Constantini
2772 4272 3040 4344 Suyskcni
3066 4281 3508 4336 connuentarium
3544 4284 3624 4337 hi-

2027 4361 2284 4415 storicum
2309 4361 2376 4417 de
2409 4363 2466 4418 S.
2499 4361 2753 4421 Cornelio
2782 4367 2921 4438 Papa
2950 4378 3004 4424 et
3031 4370 3282 4444 Martyre,
3312 4374 3338 4447 §
3370 4392 3427 4442 ιι,
3473 4393 3529 4432 ιιι
3568 4389 3623 4434 ct

2027 4471 2113 4514 tv.
2147 4465 2201 4510 et
2235 4458 2528 4525 praisertiut
2570 4458 2598 4531 §
2633 4477 2725 4528 xu,
2785 4480 2905 4534 pag.
2939 4465 3039 4520 177
3069 4475 3122 4521 ct
3158 4484 3310 4539 seqq.
3341 4469 3512 4526 Tomo
3543 4487 3615 4526 tv.

2027 4546 2299 4619 Septembr
2314 4551 2378 4605 is.

2571 4667 2960 4728 ARTICULUS
2987 4672 3049 4727 11.

2379 4822 2425 4863 S.
2469 4822 2713 4864 CORNELII
2741 4825 2793 4863 ἰ).
2836 4825 2901 4864 ΕΤ
2935 4826 2992 4865 ﬂ.
3024 4826 3262 4868 SCRIPTA.

2104 4940 2145 4994 l.
2174 4940 2462 5012 Complura
2493 4941 2872 4998 sollicitudinis
2915 4946 3235 5014 Apostolicm
3279 4959 3625 5004 monumenta

2030 5033 2224 5090 litteris
2244 5033 2590 5105 consignasse
2617 5045 2836 5091 sanctus
2860 5037 3098 5092 Pont=fes
3130 5038 3457 5105 perhibetur,
3489 5055 3626 5112 quo-

2030 5142 2149 5181 rum
2175 5136 2350 5182 tamen
2381 5142 2504 5198 pars
2531 5129 2760 5182 maxima
2794 5129 2993 5182 interiit
3018 5126 3118 5201 (7).
3151 5131 3222 5184 De
3249 5133 3329 5184 his
3362 5133 3428 5185 ita
3455 5133 3627 5188 Euse-

2032 5219 2149 5275 bius
2169 5219 2248 5290 (8)
2282 5211 2426 5275 rimas
2455 5221 2494 5272 δ’
2524 5227 2598 5274 οὖν
2646 5225 2712 5283 εὶς
2765 5230 2890 5290 ἡμᾶς
2934 5226 3179 5277 ἐπιστόλια
3226 5207 3486 5294 Κήνηλίου
3523 5216 3634 5281 ῥω-

2101 5353 2178 5428 (i)
2209 5354 2522 5410 Tillcmont.
2555 5355 2792 5410 illémoir.
2826 5372 2915 5409 sur
2947 5356 3008 5410 S.
3043 5356 3313 5422 Corncille,
3343 5368 3379 5412 ι.
3408 5373 3500 5425 ιιι,
3529 5369 3632 5414 art.

2034 5431 2123 5492 15,
2151 5443 2273 5494 pag.
2305 5429 2432 5483 551.

2109 5472 2123 5492 ,
2151 5443 2273 5497 pag.
2305 5443 2432 5483 θοι.

2106 5499 2187 5570 (5)
2211 5500 2462 5571 Cyprian.
2492 5513 2621 5571 t.._c.
2654 5515 2707 5553 ιι.
2745 5499 2831 5571 19.

2109 5567 2188 5644 (6)
2216 5567 2494 5644 Clamant.
2531 5567 2700 5641 Epist.
2740 5569 3020 5625 Romanor.
3053 5569 3325 5640 Ponti/ia,
3360 5589 3478 5644 pag.
3509 5573 3632 5629 1825.

2109 5641 2190 5712 (7)
2241 5641 2366 5697 Ha-c
2411 5653 2463 5696 et
2508 5659 2626 5712 quae
2659 5656 2958 5710 sequuntur
3001 5659 3064 5696 ex
3097 5641 3636 5699 Gallandyliibliollt.

2040 5711 2188 5787 illum.
2251 5713 2380 5767 Vctt.
2436 5711 2557 5768 PP.
2619 5724 2657 5767 t.
2716 5730 2793 5781 ut,
2847 5713 3059 5785 Prolog.
3103 5729 3154 5784 p.
3213 5716 3306 5782 55,
3360 5733 3480 5787 cap.
3543 5734 3639 5784 vn,

2039 5786 2422 5843 desumuntur.

2112 5854 2192 5930 (8)
2226 5856 2426 5914 Eusrb.
2460 5857 2502 5914 li
2563 5856 2624 5913 Ε.
2664 5857 2739 5914 lib
2797 5863 3020 5929 vt,‘cap.
3047 5857 3134 5912 48.

3019 5948 3099 6015 22
