4038 6308
471 254 584 319 683

1826 253 1896 313 IN
1935 248 1995 313 S.
2034 247 2434 313 CORNELIUM
2524 309 2531 315 .

3676 258 3771 319 684

464 386 621 445 μαίων
641 365 902 430 ἕπισιίτόυ
936 367 1049 445 api:
1073 368 1151 431 γέν
1177 382 1263 436 τῆς
1290 353 1552 442 Ᾰντιοχέων
1586 365 1833 435 intinctae
1870 380 2061 426 Φοοϐίον.

2180 369 2389 423 tertiam
2421 365 2488 422 de
2516 363 2682 438 gestis
2724 363 2945 439 synodi;
2987 371 3234 440 quartam
3272 370 3341 428 ad
3370 372 3621 433 eumdem
3670 375 3769 432 Fa-

469 472 762 529 -Ταυτσιῖς
782 470 1232 535 ἀλλγζτιςνὲπιστολῆ
1259 479 1466 527 συνῆπτο
1487 476 1569 523 τοῦ
1588 472 1853 537 Κορνηλίου
1874 470 2079 537 περὶτῶν

475 573 601 622 κατὰ
628 558 719 621 τλὶν
744 566 929 619 συνόδου
953 565 1204 634 ἀρισαντον
1239 564 1322 615 καὶ
1354 567 1503 617 πάλιν
1528 567 1666 631 Eripe:
1693 564 1799 631 περὶ
1837 577 1928 617 τῶν
1951 566 2078 613 κατά

473 663 721 715 Νοούιιτον
763 652 1083 728 πραχθέντων.
1146 652 1257 710 lloc
1300 665 1403 720 est,
1458 650 1750 725 interprete
1802 646 2015 733 Valesio
2059 670 2073 707 :

481 771 502 804 ι
534 752 760 807 Exstant
786 751 960 804 adhuc
1004 746 1247 820 epistola!
1277 747 1509 804 Cornelii
1538 748 1899 803 Romanorum
1945 746 2073 820 Epi-

475 845 626 915 sc0pi
673 842 739 898 ad
778 840 1001 897 Fabium
1049 838 1430 897 Antiochensis
1483 839 1744 896 Ecclesia:
1791 839 2072 910 prmsulem

416 974 425 981 ι
471 938 675 993 missae.
701 956 720 989 ι
754 935 936 1004 -ιιίε
970 934 1221 1001 adjuncta
1256 944 1372 990 erat
1415 935 1519 990 alia
1566 932 1806 1005 ejusdem
1841 934 2075 990 Cornelii

468 1031 727 1103 epistola,
763 1030 830 1085 de
866 1014 951 1084 his
990 1045 1109 1101 quae
1150 1031 1202 1084 in
1249 1027 1466 1102 Synodo
1501 1030 1716 1086 decreta
1750 1028 1996 1085 fuerant:
2020 1039 2074 1084 et

466 1136 653 1180 rursus
684 1123 789 1179 alia
816 1123 883 1179 de
910 1122 1239 1178 facinoribus
1263 1122 1454 1178 Novati
1500 1142 1514 1178 :
1559 1110 1640 1179 Ad
1670 1139 1826 1194 quem
1853 1122 2067 1194 quidem

464 1215 649 1272 locum
690 1216 943 1272 observat
978 1213 1218 1271 eruditus
1264 1200 1567 1272 Cotelerius
1620 1215 1723 1289 (1).
1781 1214 2072 1271 Eusebium

463 1308 643 1366 verbis
669 1309 798 1375 illis,
812 1316 1367 1381 ιπιστόλαιΚορνηλιου,
1382 1325 1540 1365 unam
1562 1309 1929 1364 tantummodo
1942 1308 2073 1364 Cor-

461 1404 731 1459 nelianam
760 1403 1045 1474 epistolam
1076 1398 1407 1472 signiﬁcasse
1431 1420 1444 1456 :
1467 1403 1609 1474 quod
1644 1420 1777 1459 sane
1799 1402 2072 1475 perspexit

462 1504 520 1551 et
540 1492 921 1568 Hieronymus.
957 1496 1091 1550 Dum
1116 1486 1259 1551 enim
1286 1492 1574 1550 Eusebium
1598 1494 1898 1561 aﬂ'ectatns,
1931 1495 2071 1551 inter

462 1593 757 1663 scriptores
804 1589 1203 1648 ecclesiasticos
1250 1590 1558 1647 Cornelium
1621 1599 1905 1654 recenset,
1952 1576 2071 1646 luce

463 1686 627 1743 habet
656 1686 740 1759 (Ξ)
770 1703 787 1740 τ
822 1705 841 1738 ‹
874 1684 1177 1753 Cornelius,
1209 1678 1466 1741 Romana:
1496 1685 1652 1741 Urbis
1683 1684 2003 1755 Episcopus,
2043 1704 2063 1738 ι

2183 459 2327 515 bium
2354 459 2506 515 valde
2531 460 2814 530 prolixam,
2850 468 2903 516 et
2928 460 3237 519 Novatiana:
3270 464 3541 525 hzcreseos
3568 486 3768 537 caus-is,

2182 563 2234 610 et
2260 553 2541 627 anathema
2571 554 2957 610 continentem.
2995 573 3015 607 ι
3065 555 3261 612 Verum
3308 560 3453 618 aliud
3483 563 3662 633 egisse
3700 564 3770 618 vi-

2178 647 2335 703 detur
2359 644 2550 703 ductor
2585 650 2869 713 maximus,
2899 648 3026 704 dum
3059 649 3233 707 locum
3302 652 3667 712 Eusebianum
3701 659 3771 714 in-

2178 734 2376 813 spexit,
2410 751 2467 797 ut
2494 752 2613 813 post
2637 736 2910 800 Valesium
2934 744 3170 801 advertit
3199 733 3506 805 Cote‘lerius
3536 750 3634 822 (9).
3668 750 3769 807 Eu-

2179 836 2359 891 sebius
2386 835 2556 901 enim,
2593 843 2872 905 postquam
2912 836 3099 908 primae
3147 834 3383 895 Cornelii
3427 840 3672 912 episwlaz
3712 842 3772 898 ad

2179 929 2400 985 Fabium
2454 927 2873 986 Antiochensem
2939 930 3268 987 mentionem
3318 933 3539 1003 injecit,
3596 937 3769 990 statim

2178 1021 2394 1076 subdit:
2431 1040 2450 1073 ‹
2490 1019 2623 1076 Alia:
2656 1031 2915 1090 prmterea
2965 1022 3130 1078 latino
3170 1012 3420 1081 sermone
3460 1028 3771 1099 conscriptae

2178 1125 2389 1172 exstant
2418 1115 2660 1185 epistola:
2688 1115 2961 1189 Cypriani,
2993 1127 3046 1171 et
3070 1117 3298 1173 aliorum
3327 1119 3653 1189 antistitum,
3681 1121 3766 1190 qui

2177 1224 2298 1265 cum
2322 1211 2439 1280 ip~o
2467 1210 2517 1264 in
2541 1206 2719 1264 Africa
2746 1210 3054 1281 congregati
3081 1221 3235 1267 erant
3267 1229 3281 1264 :
3313 1228 3380 1269 ex
3404 1213 3604 1284 quibus
3633 1210 3775 1269 colli-

2177 1303 2341 1375 gitur,
2377 1303 2508 1374 ipsis
2554 1304 2716 1358 etiam
2772 1303 3064 1375 placuisse,
3095 1314 3155 1359 ut
3195 1306 3574 1362 subveniretur
3602 1307 3669 1362 iis
3694 1308 3773 1379 qui

2177 1398 2230 1454 in
2261 1400 2609 1454 tentationem
2643 1392 2983 1464 inciderunt;
3013 1409 3177 1471 utque
3206 1411 3396 1458 auctor
3419 1401 3639 1457 nefaria:
3671 1400 3775 1472 opi-

2175 1492 2353 1547 nionis
2380 1491 2538 1571 simul
2570 1508 2689 1547 eum
2716 1492 2800 1558 iis,
2826 1493 2915 1564 qui
2940 1492 3006 1548 ad
3031 1504 3209 1565 partes
3226 1494 3394 1566 ipsius
3416 1493 3772 1565 desciverant,

2175 1584 2242 1640 ab
2264 1584 2517 1641 Ecclesim
2540 1582 2832 1641 Catholicae
2852 1587 3126 1641 consortio
3150 1589 3342 1643 merito
3368 1587 3725 1645 abdicaretur.
3751 1607 3768 1641 ι

2174 1672 2377 1744 Quibus
2399 1678 2582 1735 relatis
2613 1677 2907 1735 secundam
2936 1688 3202 1736 memorat
3235 1681 3470 1738 Cornelii
3500 1682 3773 1752 epistolam

459 1781 762 1852 -—scripsit
783 1780 1064 1853 epistolam
1097 1779 1162 1835 ad
1193 1781 1411 1837 Fabium
1443 1779 1793 1835 Antiocheam
1815 1768 2064 1834 coelesiae
2095 1776 2144 1838 B
2172 1768 2240 1824 de
2264 1769 2363 1835 hi5.
2398 1786 2518 1841 (ἰυτε
2549 1768 2600 1825 in
2633 1770 2863 1843 synodO.
2892 1768 3135 1828 Romani!
3164 1772 3393 1842 εείιῖοει»
3424 1773 3646 1831 decrela
3664 1774 3774 1831 flle-

460 1877 795 1947 episcopum.
840 1872 974 1929 Rem
1008 1873 1226 1930 conficit
1252 1872 1317 1929 ν.
1358 1868 1421 1928 C.
1454 1873 1656 1942 aliquot
1683 1871 1946 1943 ejusmodi
1980 1870 2060 1927 lo-

460 1946 737 2024 cutionum
789 1965 1051 2036 exemplis
1086 1964 1141 2020 "in
1194 1963 1430 2019 medium
1478 1952 1742 2018 adductis.
1778 1961 2059 2032 Epistolas,

460 2060 667 2129 inquit,
715 2065 771 2115 et
812 2056 881 2112 de
927 2071 1031 2111 una
1067 2056 1293 2126 epistola
1332 2054 1469 2121 dici,
1514 2055 1857 2110 observatum
1888 2053 2063 2108 doctis

461 2150 863 2221 Scripturarum
887 2149 1270 2220 interpretibus
1297 2147 1362 2203 ad
1392 2147 1559 2202 libros
1579 2145 2060 2200 Macchabaeorum.

463 2245 555 2303 Sic
586 2245 815 2303 Sanctus
848 2243 1197 2316 Polycarpus,
1231 2241 1512 2311 alloquens
1544 2236 1935 2309 Philippenses,
1990 2237 2066 2292 ait

458 2354 530 2397 ex
558 2347 740 2395 vetere
781 2340 1075 2408 interprete
1108 2334 1211 2408 (ὅ).
1251 2353 1269 2387 ι
1300 2334 1485 2404 Neque
1511 2348 1634 2405 ego,
1667 2345 1841 2403 nequc
1873 2324 2065 2387 similis

428 2432 601 2488 ~alius
644 2432 771 2497 mei,
805 2431 1003 2502 poterit
1046 2429 1196 2500 sequi
1236 2428 1554 2498 sapientiam
1594 2425 1735 2479 beati
1763 2434 1818 2481 et
1845 2423 2064 2497 gloriosi

458 2524 835 2593 Pauli.—-—Qui
865 2533 921 2581 et
950 2523 1148 2579 absens
1178 2518 1396 2590 scripsit
1424 2519 1578 2573 vobis
1607 2516 1877 2589 Epistolas
1912 2536 1924 2571 :
1966 2536 1983 2570 ›
2017 2518 2065 2579 ες

459 2623 543 2675 καὶ
566 2622 702 2675 ἀπὼν
718 2622 829 2687 ὑμῖν
854 2604 1050 2688 ἔγραφεν
1076 2623 1324 2676 (mn-61d;
1351 2629 1363 2665 Ζ
1393 2613 1663 2677 Attamen,
1684 2626 1748 2665 ex
1764 2608 1955 2665 eodem
1984 2608 2066 2662 ill-

458 2721 721 2783 terprele,
750 2716 969 2766 Sanctus
1000 2708 1090 2763 ille
1119 2705 1467 2779 Smyrnensis
1504 2690 1731 2758 antistes
1762 2702 1921 2771 paulo
1948 2710 2067 2770 post

460 2808 622 2862 unius
665 2813 870 2861 tantum
901 2801 1138 2858 Paulinae
1166 2798 1601 2871 Philippensibus
1633 2798 1904 2869 inscripta:
1934 2796 2063 2866 Epi-

458 2899 617 2955 stolas
661 2894 1355 2964 meminissecomperitur:
1384 2891 1483 2957 Qui
1516 2892 1655 2956 estis,
1680 2889 1854 2959 inquit
1879 2887 1957 2961 (t)
2011 2888 2065 2943 in

461 2990 730 3063 principio
756 2988 1000 3060 epistolae
1043 2986 1180 3055 ejus.
1215 2983 1369 3039 Aliud
1399 2992 1597 3053 [ll‘iDSlO
1622 2990 1707 3036 est
1752 2981 2065 3050 exemplum

457 3098 528 3140 ex
558 3085 675 3154 ipso
700 3080 956 3145 Eusebio,
985 3076 1270 3148 cujushaec
1287 3075 1448 3131 verba
1475 3075 1580 3149 (3i):
1608 3078 1906 3142 Μνημονεύει
1933 3081 2065 3144 γετοι

2167 1870 2311 1917 runt.
2365 1862 2536 1928 Quam
2588 1878 2716 1936 ergo
2771 1864 3010 1920 secundo
3059 1866 3180 1922 loco
3254 1866 3433 1923 laudat
3501 1868 3774 1941 epistolam

2168 1952 2224 2011 S.
2259 1954 2636 2028 Hieronymus;
2679 1972 2785 2012 non
2838 1958 3110 2026 Cornelio,
3142 1958 3235 2017 sed
3263 1958 3533 2033 Cypriane
3582 1962 3778 2018 adscri-

2165 2049 2363 2105 benda.
2406 2049 2591 2121 Neque
2647 2053 2807 2107 etiam
2860 2052 3092 2109 Rufinus
3141 2054 3358 2111 Eusebii
3404 2057 3570 2112 verba
3616 2058 3775 2128 probe

2168 2143 2449 2211 accepisse
2505 2145 2833 2214 comperitnr
2888 2161 2902 2198 :
2948 2144 3223 2217 Siquidem
3269 2164 3388 2218 qua:
3434 2148 3777 2206 Cmsariensis

2170 2234 2456 2304 episcopus
2493 2233 2561 2290 de
2591 2237 2826 2291 secunda
2855 2236 3091 2293 Cornelii
3136 2239 3362 2309 epistola
3394 2240 3578 2309 tradit,
3612 2242 3770 2297 inter-

2169 2334 2410 2396 pretatur
2428 2328 2652 2398 ipsemet
2675 2328 2744 2386 de
2774 2331 2945 2401 prima
2970 2329 3139 2387 Fabio
3155 2332 3511 2389 Antiochensi
3527 2336 3774 2406 episeopo

2168 2418 2456 2489 inscripta.

2244 2511 2330 2567 IV.
2383 2512 2576 2569 Verum
2609 2514 2736 2570 illud
2765 2515 2946 2586 potius
2968 2526 3151 2574 nostra
3183 2518 3428 2587 interest,
3461 2520 3637 2592 inquit
3677 2520 3771 2577 do-

2169 2608 2438 2663 ctissimus
2462 2598 2775 2667 Galla‘ndius
2800 2611 2915 2682 (in)
2943 2627 3064 2667 cum
3087 2613 3247 2668 docto
3279 2615 3584 2672 Eusebiano
3610 2618 3772 2672 inter-

2170 2710 2321 2771 prete
2367 2701 2669 2771 advertere,
2720 2719 2785 2758 ex
2844 2704 3099 2774 Epistolis
3154 2703 3391 2763 Cornelii
3440 2707 3667 2777 primam
3715 2723 3773 2763 ac

2172 2793 2380 2847 tertiam
2418 2776 2582 2849 fuisse
2613 2810 2641 2848 a
2671 2802 2861 2850 sancto
2892 2795 2984 2850 illo
3010 2795 3266 2864 pontiﬁce
3306 2813 3484 2866 graeco
3524 2813 3771 2854 sermone

2172 2886 2518 2956 perscriptas.
2551 2906 2568 2939 ‹
2602 2888 2778 2957 Quum
2808 2891 2973 2955 enim,
3002 2892 3176 2959 inquit
3202 2890 3473 2955 Valesius,
3510 2892 3769 2948 Eusebius

2171 2980 2438 3041 ex,tcrtia
2481 2980 2706 3051 cpistola
2746 2981 2971 3051 plurima
3005 2982 3237 3039 adducat
3280 2983 3613 3053 testimonia,
3645 3000 3769 3042 nus-

2171 3088 2330 3145 quam
2360 3074 2487 3129 dicit
2516 3089 2576 3129 ea
2608 3089 2672 3130 ex
2706 3075 2873 3131 latino
2915 3091 3169 3134 sermone
3216 3078 3269 3132 in
3324 3096 3563 3150 graecum
3611 3081 3767 3138 fuisse

457 3179 544 3230 καὶ
568 3178 709 3236 αὐτὸς
737 3179 762 3226 ὁ
788 3164 1074 3241 Αλέξανδρος
1101 3177 1148 3225 ἓν
1167 3173 1311 3232 ἰδίαις
1340 3174 1613 3230 interdicti;
1634 3170 1739 3228 ταῖς
1781 3175 1897 3237 πρὸς
1927 3157 2065 3221 dm-

2180 3165 2430 3226 iranslata
2470 3188 2483 3223 :
2514 3171 2657 3240 quod
2701 3180 2877 3227 tamen
2912 3184 3170 3243 perpetuo
3202 3189 3425 3230 monere
3453 3177 3764 3244 consuerit,

460 3278 644 3328 νθείτας
669 3273 734 3330 εἷς
762 3275 835 3323 ἔτι
869 3272 946 3321 νῦν
972 3263 1086 3336 παρ’
1118 3268 1231 3333 ἡμῖν
1262 3271 1548 3330 σωζομιναις
1579 3277 1667 3324 τῆς
1691 3268 1961 3331 Ναρκίσσθυ
1989 3267 2067 3313 σὺν

461 3367 591 3432 αὖτῳ
613 3363 889 3433 προεδρίας,
918 3365 1041 3415 κατὰ
1060 3364 1221 3415 ταῦτα
1268 3365 1389 3423 λέξιν
1413 3359 1485 3411 ἐτὶ
1510 3358 1641 3409 τελεῖ
1657 3363 1842 3425 τρηρὼν
1866 3368 1950 3414 τῆς
1977 3356 2067 3407 αὖ·

462 3471 551 3517 τῆς
579 3456 848 3516 imorum.
883 3451 1015 3520 Quae
1040 3450 1254 3521 quidem
1290 3457 1515 3503 sanctus
1546 3447 1906 3518 Hieronymus
1938 3461 2066 3516 pau-

459 3547 539 3602 cis
567 3545 931 3615 complectens
952 3542 1028 3597 sic
1053 3541 1227 3597 reddit
1254 3536 1336 3612 (6)
1370 3558 1383 3596 :
1419 3558 1439 3591 ε
1480 3540 1574 3595 llic
1601 3537 1978 3610 (Alexander)
2012 3538 2064 3593 in

461 3639 572 3695 ﬁne
610 3636 887 3708 cujusdam
932 3635 1206 3706 epistolae,
1245 3648 1407 3706 quam
1434 3632 1619 3687 scribit
1649 3631 1714 3687 ad
1760 3631 2067 3686 Antinoitas

464 3746 632 3803 super
672 3743 804 3802 pace
837 3727 1116 3793 Ecclesiae,
1149 3734 1258 3781 etc.
1300 3744 1318 3776 ι
1362 3725 1620 3780 Nimirum
1651 3734 1709 3778 ut
1744 3723 1844 3777 viri
1874 3722 2067 3777 eruditi

461 3824 624 3880 verba
640 3835 893 3893 usurpem
909 3820 990 3893 (7)
1008 3818 1275 3891 frequenti
1296 3819 1436 3889 apud
1453 3834 1615 3874 omne
1630 3832 1798 3889 genus
1816 3827 2065 3875 auctores

464 3931 568 3973 usu
592 3917 757 3979 venit,
785 3915 928 3985 quod
958 3913 1027 3969 de
1049 3914 1304 3983 singulari
1333 3913 1582 3983 cpistola,
1633 3913 1866 3982 dialogo,
1901 3911 2065 3966 libro.

467 4026 573 4083 que
597 4009 900 4080 loquentes,
926 4006 1249 4078 quartquue
1273 4005 1462 4077 plurali
1494 4019 1719 4060 numero
1752 4013 1991 4060 utantur.

537 4103 628 4159 III.
670 4101 752 4158 Ad
783 4102 899 4156 haec
939 4100 992 4155 in
1027 4100 1191 4155 allato
1232 4108 1378 4155 textu
1419 4099 1726 4154 Euscbiauo
1751 4114 1872 4154 eum
1904 4098 2064 4153 docto

466 4196 587 4269 ejus
638 4197 932 4265 interprete
979 4193 1373 4250 observandum
1422 4193 1689 4256 occurrit,
1742 4192 2063 4247 Historicum

463 4290 857 4347 Caesariensem
897 4296 1008 4343 tres
1034 4287 1294 4342 duntaxat
1323 4285 1559 4341 Cornelii
1592 4283 1850 4356 epistolas
1878 4299 2064 4339 recen-

463 4399 585 4440 sere
610 4400 622 4436 :
652 4383 879 4453 primam
900 4380 965 4435 ad
997 4379 1240 4441 Fabium,
1268 4377 1692 4434 Antiochensem
1722 4376 2057 4446 episcopum,

468 4478 538 4534 de
581 4478 826 4532 Romana
870 4472 1100 4546 synodo,
1131 4473 1305 4543 deque
1339 4462 1504 4527 Italiae
1532 4479 1587 4527 et
1621 4472 1815 4527 Africa:
1852 4471 2064 4553 episco-

2173 3266 2384 3337 quoties
2415 3265 2564 3320 latini
2613 3266 2891 3335 scriptoris
2922 3268 3286 3341 testimonium
3317 3267 3449 3323 citat
3482 3287 3498 3323 :
3539 3270 3767 3342 exempli

2171 3360 2362 3429 gratia,
2397 3375 2518 3415 cum
2549 3359 2700 3414 locos
2722 3360 2927 3429 profert
2950 3377 3017 3417 ex
3049 3358 3363 3418 Tertulliani
3384 3360 3766 3437 Apologetico;

2162 3455 2263 3507 ‘aut
2302 3468 2421 3507 cum
2451 3452 2708 3522 epistolas
2732 3451 3101 3509 Romanorum
3152 3453 3473 3526 principum.
3508 3475 3527 3509 ι
3571 3458 3767 3514 Deinde

2172 3546 2436 3602 Eusebius
2468 3546 2582 3616 ipse
2629 3544 2751 3602 heic
2790 3548 2921 3602 satis
2963 3547 3157 3613 innuit,
3200 3550 3428 3620 primam
3460 3550 3607 3606 illam
3633 3549 3767 3607 Cor-

2171 3637 2296 3692 nelii
2343 3636 2410 3692 ad
2452 3632 2678 3692 Fabium
2731 3637 3013 3708 epistolam
3078 3628 3333 3709 Scriptam
3381 3641 3553 3699 fuisse
3594 3657 3766 3715 graeco

2170 3746 2440 3789 sermone.
2497 3729 2784 3800 Postquam
2841 3734 2983 3784 enim
3038 3730 3106 3787 de
3166 3733 3252 3786 illa
3302 3732 3764 3801 commemoravit,

2170 3820 2317 3877 addit
2382 3821 2719 3892 coniunctam
2777 3822 2824 3877 ei
2878 3822 3045 3879 fuisse
3092 3824 3248 3879 aliam
3296 3823 3464 3881 latino
3517 3841 3766 3884 sermone

2170 3917 2425 3987 Scriptam
2454 3915 2736 3982 epistolam
2762 3914 3017 3988 Cypri-ni
3050 3935 3063 3969 τ
3094 3918 3232 3986 quod
3280 3918 3498 3990 quidem
3546 3937 3656 3976 non
3702 3921 3767 3976 ad

2170 4008 2345 4073 deret,
2380 4008 2483 4062 nisi
2514 4008 2753 4063 Cornelii
2782 4009 3022 4079 epistola
3061 4010 3312 4081 superius
3360 4024 3661 4067 memorata
3691 4013 3770 4068 di-

2170 4118 2330 4158 verso
2359 4117 2610 4157 sermone
2641 4102 2836 4171 scripta
2865 4103 3049 4159 fuisse!
3096 4102 3212 4157 hurc
3245 4103 3334 4159 illa
3367 4105 3501 4161 satis
3525 4108 3772 4177 apposite

2170 4215 2287 4269 qum
2299 4197 2515 4268 quidem
2537 4210 2725 4253 scnten
2754 4199 2800 4253 ia
2823 4199 3202 4254 eruditissimis
3225 4200 3353 4255 viris
3369 4200 3769 4276 prohatur(li).

2244 4291 2305 4346 V.
2339 4291 2541 4346 Praeter
2566 4290 2727 4347 hasce
2785 4292 3041 4363 epistolas
3066 4308 3244 4362 grmco
3280 4308 3538 4350 sermone
3574 4310 3773 4351 exara-

2172 4392 2272 4451 tas,
2322 4384 2534 4453 scripsit
2574 4384 2733 4439 etiam
2778 4382 2835 4441 S.
2879 4384 3166 4440 Cornelius
3210 4386 3413 4456 aliquot
3459 4387 3668 4444 litteras
3706 4387 3773 4444 ad

2169 4475 2225 4532 S.
2260 4475 2584 4548 Cyprianum
2608 4519 2621 4540 .
2678 4477 2816 4532 inter
2845 4466 2997 4548 cujus
3023 4479 3278 4548 epistolas
3315 4479 3436 4534 dua:
3467 4483 3767 4537 etiamnum

466 4587 660 4644 porum
685 4582 956 4625 consensu
986 4579 1001 4620 ἶ
1025 4565 1316 4622 secundam
1343 4564 1411 4620 de
1436 4564 1668 4619 decretis
1695 4564 1883 4635 synodi
1912 4582 1925 4616 :
1956 4572 2063 4618 ter-
2089 4574 2143 4635 Ι)
2171 4572 2440 4641 leguntur,
2472 4570 2719 4626 videlicet,
2775 4572 2844 4627 46
2872 4580 2927 4627 et
2962 4573 3056 4639 48,
3103 4581 3311 4629 caetera;
3349 4560 3554 4644 p‘ariler
3589 4575 3773 4646 peric-

469 4669 599 4723 tiam
632 4665 711 4722 ‘dc
749 4662 1079 4719 facinoribus
1120 4660 1397 4719 Novatiani
1437 4659 1506 4715 ad
1550 4659 1797 4714 eumdem
1838 4658 2062 4713 Fabium

468 4758 823 4815 Antiocheam
841 4754 989 4809 urbis
1005 4754 1346 4824 episcopum;
1371 4768 1438 4807 ex
1461 4768 1561 4824 qua
1582 4750 2060 4807 luculentissimum

471 4852 795 4917 Excerptum
829 4834 981 4915 nobis
1014 4842 1274 4898 Eusebius
1316 4842 1572 4898 servavit.
1606 4834 2064 4914 At‘llieronymus

467 4952 698 5010 quatuor
740 4947 1020 4996 enumerat
1045 4935 1126 5008 (8)
1155 4953 1166 4988 :
1196 4954 1216 4986 ‹
1244 4936 1546 5001 Cornelius,
1582 4936 1772 5005 inquit,
1803 4936 2064 4990 Romana}

470 5034 618 5088 urbis
642 5033 949 5102 episcopus,
978 5028 1043 5082 ad
1074 5042 1231 5097 quem
1258 5036 1381 5081 octo
1414 5026 1668 5097 Cypriani
1706 5036 1917 5083 exstant
1948 5028 2063 5096 epi-

470 5125 649 5191 stolzn,
702 5123 917 5194 scripsit
970 5119 1257 5189 epistolam
1314 5118 1381 5173 ad
1427 5116 1664 5174 'Fahium
1717 5120 2068 5176 Antiochena-

473 5217 719 5274 ecclesirc
745 5211 979 5287 episcopi
1000 5226 1058 5270 tn
1086 5211 1152 5268 de
1179 5211 1387 5284 synodo
1418 5211 1675 5274 Romana,
1704 5211 1906 5278 Italica,
1939 5212 2071 5268 Afri-

494 5292 663 5309 *π-σρσ..
678 5294 753 5303 ημῇ

470 5303 725 5376 cauam
750 5309 906 5362 aliam
932 5306 999 5362 de
1020 5307 1340 5372 Novatiano,
1360 5314 1415 5360 et
1436 5303 1503 5359 de
1531 5303 1613 5358 his
1634 5303 1725 5375 qui
1755 5304 1884 5383 lapsi
1908 5314 2032 5360 sunt
2052 5322 2066 5373 ;

570 5444 623 5510 1)
657 5443 891 5499 Coteler.
924 5440 989 5495 ad
1021 5456 1140 5505 cap.
1167 5442 1219 5503 5,
1251 5439 1482 5506 Epistol.
1524 5440 1579 5493 S.
1618 5439 1920 5510 Polycarpi.

570 5447 592 5500 1
657 5444 891 5499 Coteler.
924 5444 989 5495 ad
1021 5456 1140 5505 cap.
1167 5444 1219 5503 5,
1252 5444 1482 5506 Epistul,
1524 5444 1579 5493 δ,
1618 5444 1689 5491 νο

541 5444 623 5590 (ἓξ
656 5516 965 5590 [lieronynn
994 5511 1178 5590 deVir.
1212 5512 1424 5590 illustri"
1458 5526 1574 5579 cap.
1607 5510 1696 5590 66Ζ

539 5581 624 5659 (5)
657 5581 941 5659 Polyearp.
976 5585 1133 5659 epist.
1159 5582 1224 5635 od
1249 5581 1508 5654 Philipp,
1537 5597 1654 5652 cap.
1681 5582 1734 5637 3.

572 5594 598 5645 5
657 5594 941 5659 Polvearp.
976 5594 1163 5651 epist“

572 5594 626 5732 ὁὶ
755 5646 1043 5732 lbitl.‘__ea_p_.
1152 5694 1163 5705 .

572 5661 626 5732 ὁ)
657 5661 731 5713 Id.
760 5661 895 5714 ibid.‘
924 5670 1043 5724 cap.
1077 5661 1163 5708 11.

548 5661 627 5806 (ὅ)
649 5729 859 5806 Euseb.
894 5726 959 5781 ll.
988 5729 1046 5806 Ισξ.
1201 5740 1271 5806 vi,
1301 5739 1423 5796 cap.
1456 5726 1541 5779 11.

538 5794 620 5878 (6)
649 5803 968 5870 Hieronym.
995 5794 1179 5851 dth'r.
1201 5794 1386 5851 illuslr.
1420 5812 1539 5867 cap.
1571 5795 1658 5850 62.

2166 4675 2312 4720 ιἰιηῑ.

2240 4759 2351 4814 Sub
2393 4758 2633 4829 ejusdem
2675 4759 2889 4813 nomine
2933 4758 3351 4815 cirumferuutur
3388 4759 3617 4831 insuper
3656 4760 3780 4816 diue

2170 4853 2497 4917 Decretales,
2538 4854 2605 4907 ab
2632 4852 2837 4907 Isidoro
2865 4853 3161 4908 Mercatore
3193 4853 3501 4923 productae,
3545 4864 3601 4909 et
3628 4852 3778 4926 apud

2168 4945 2908 5019 Lahhenm({2)et3lansinm
2937 4944 3053 5020 (t3)
3073 4946 3274 5001 relatae.
3306 4946 3777 5004 llarumalteraad

2250 5082 2329 5154 ('7)
2360 5082 2553 5157 Smith.
2586 5082 2763 5157 Schol.
2785 5084 2852 5157 qd
2878 5101 2920 5138 ε.
2955 5082 3236 5157 Polycarpi
3256 5084 3458 5157 epistol.
3480 5100 3605 5157 pag.
3646 5087 3777 5157 110.

2244 5148 2325 5223 ('8)
2357 5155 2664 5225 llieronytn.
2691 5155 2754 5208 de
2802 5154 2911 5209 Vir.
2938 5148 3130 5211 illttsir.
3157 5148 3257 5226 cap
3283 5148 3374 5210 66.
3480 5148 3496 5157 ’
3552 5148 3582 5157 ⁷
3658 5148 3667 5171 ¹

2247 5225 2327 5296 (tl)
2358 5227 2591 5280 (foteler.
2629 5230 2732 5279 loc.
2765 5228 2859 5280 cit.
3228 5225 3232 5226 ί
3368 5246 3371 5249 ‘

2250 5298 2369 5369 (itl)
2400 5297 2648 5353 Galland.
2682 5296 2925 5355 Bibliotlc.
2959 5298 3178 5353 Marini.
3214 5297 3324 5353 SS.
3374 5297 3495 5355 PP.
3524 5309 3665 5356 tom.
3694 5316 3776 5366 ιιι,

2171 5369 2222 5422 in
2290 5369 2395 5422 rule
2432 5386 2532 5421 om.
2566 5384 2685 5438 cap.
2721 5371 2773 5433 6,
2805 5386 2862 5421 η.
2894 5370 2950 5431 4.
2982 5383 3100 5439 pag.
3127 5370 3221 5427 25.

2246 5387 2359 5493 flii
2392 5386 2630 5493 golland.
2658 5439 2894 5493 Act.SS.
2920 5440 2974 5493 Sc
2993 5440 3203 5493 membr.

2246 5438 2292 5511 (ι
2312 5439 2359 5512 1)
2392 5438 2630 5493 Bolland.
2658 5439 2894 5497 Act.SS.
2920 5438 3203 5511 Stptcmbr.
3226 5442 3379 5496 Tom.
3399 5458 3470 5497 tv.
3494 5458 3616 5513 pag.
3646 5443 3771 5501 180.

2170 5512 2448 5565 Constant.
2480 5506 2699 5583 Episrtoil.
2735 5509 2887 5583 Rom:
2918 5509 3163 5583 Ponti/ie.
3206 5516 3321 5583 pag.
3368 5514 3494 5569 ΗΒ.
3530 5514 3690 5569 Tom.
3722 5532 3772 5580 Ι,

2120 5620 2125 5625 -
2162 5594 2274 5636 not.
2304 5599 2355 5655 a,
2386 5593 2439 5655 et
2477 5582 2617 5653 apud
2655 5582 2823 5655 Mansi
2848 5581 3059 5638 Collect.
3091 5581 3294 5638 Concil.
3320 5585 3571 5655 Ampliss.
3608 5586 3772 5641 Tom.

2159 5669 2199 5721 ι,
2231 5654 2335 5708 col.
2366 5652 2493 5720 8'17,
2523 5663 2634 5708 not.
2667 5654 2718 5709 1.
3421 5652 3431 5655 ⁷

2235 5724 2350 5798 (12)
2372 5725 2734 5798 iLabbLl‘om.
2765 5742 2784 5780 ι
2814 5724 3093 5798 (ζοηείιιύν.
3124 5727 3233 5783 col.
3259 5726 3363 5782 668
3390 5736 3443 5784 et
3469 5742 3591 5798 sqq.

2232 5796 2346 5868 (15)
2370 5796 2535 5853 Mansi
2566 5796 2721 5873 Tom.
2746 5814 2782 5853 ι.
2806 5797 2940 5855 Coll.
2972 5798 3148 5872 Ampi.
3174 5797 3331 5855 Cano.
3351 5798 3471 5856 Col.
3502 5796 3767 5857 811-817.
