  <div class='ocr_page' id='page_1' title='image "/cluster/home/n/w/nwhite01/storage/ocr_20150623/3/hvd.32044015471212/392.png"; bbox 0 0 4038 6308; ppageno 0'>
   <div class='ocr_carea' id='block_1_1' title="bbox 345 210 444 270">
    <p class='ocr_par' dir='ltr' id='par_1_1' title="bbox 345 210 444 270">
     <span class='ocr_line' id='line_1_1' title="bbox 345 210 444 270; baseline 0 -1"><span class='ocrx_word' id='word_1_1' title='bbox 345 210 444 270; x_wconf 77' lang='lat'><strong>683</strong></span> 
     </span>
    </p>
   </div>
   <div class='ocr_carea' id='block_1_2' title="bbox 1767 200 2283 265">
    <p class='ocr_par' dir='ltr' id='par_1_2' title="bbox 1767 200 2283 265">
     <span class='ocr_line' id='line_1_2' title="bbox 1767 200 2283 265; baseline 0.002 -1"><span class='ocrx_word' id='word_1_2' title='bbox 1767 200 2283 265; x_wconf 77' lang='lat' dir='ltr'><strong>PROLEGOMENA</strong></span> 
     </span>
    </p>
   </div>
   <div class='ocr_carea' id='block_1_3' title="bbox 3488 215 3648 301">
    <p class='ocr_par' dir='ltr' id='par_1_3' title="bbox 3488 215 3648 301">
     <span class='ocr_line' id='line_1_3' title="bbox 3488 215 3648 301; baseline 0.006 -28"><span class='ocrx_word' id='word_1_3' title='bbox 3488 285 3507 301; x_wconf 41' lang='grc' dir='ltr'><strong><em>ρ</em></strong></span> <span class='ocrx_word' id='word_1_4' title='bbox 3542 215 3648 274; x_wconf 77' lang='lat' dir='ltr'><strong>sas</strong></span> 
     </span>
    </p>
   </div>
   <div class='ocr_carea' id='block_1_4' title="bbox 344 319 3643 409">
    <p class='ocr_par' dir='ltr' id='par_1_4' title="bbox 344 319 3643 409">
     <span class='ocr_line' id='line_1_4' title="bbox 344 319 3643 409; baseline 0.003 -28"><span class='ocrx_word' id='word_1_5' title='bbox 344 329 639 383; x_wconf 52' lang='lat' dir='ltr'><strong>universam</strong></span> <span class='ocrx_word' id='word_1_6' title='bbox 681 319 976 409; x_wconf 72' lang='lat' dir='ltr'><strong>Ecclesiam</strong></span> <span class='ocrx_word' id='word_1_7' title='bbox 1018 323 1289 398; x_wconf 76' lang='lat' dir='ltr'><strong>dirigitur,</strong></span> <span class='ocrx_word' id='word_1_8' title='bbox 1337 324 1551 401; x_wconf 76' lang='lat' dir='ltr'><strong>agitque</strong></span> <span class='ocrx_word' id='word_1_9' title='bbox 1593 325 1659 381; x_wconf 89' lang='lat' dir='ltr'><strong>de</strong></span> <span class='ocrx_word' id='word_1_10' title='bbox 1700 325 1931 380; x_wconf 86' lang='lat' dir='ltr'><strong>transla-</strong></span> <span class='ocrx_word' id='word_1_11' title='bbox 2036 323 2188 380; x_wconf 90' lang='lat' dir='ltr'><strong>theca</strong></span> <span class='ocrx_word' id='word_1_12' title='bbox 2220 323 2521 396; x_wconf 76' lang='lat' dir='ltr'><strong>acceperit,</strong></span> <span class='ocrx_word' id='word_1_13' title='bbox 2566 332 2801 383; x_wconf 90' lang='lat' dir='ltr'><strong>mentem</strong></span> <span class='ocrx_word' id='word_1_14' title='bbox 2830 333 3005 385; x_wconf 79' lang='lat' dir='ltr'><strong>tamen</strong></span> <span class='ocrx_word' id='word_1_15' title='bbox 3051 341 3203 387; x_wconf 89' lang='lat' dir='ltr'><strong>suam</strong></span> <span class='ocrx_word' id='word_1_16' title='bbox 3244 331 3374 389; x_wconf 97' lang='lat' dir='ltr'><strong>satis</strong></span> <span class='ocrx_word' id='word_1_17' title='bbox 3412 336 3643 391; x_wconf 77' lang='lat' dir='ltr'><strong>manife-</strong></span> 
     </span>
    </p>
   </div>
   <div class='ocr_carea' id='block_1_5' title="bbox 345 402 1937 511">
    <p class='ocr_par' dir='ltr' id='par_1_5' title="bbox 345 402 1937 511">
     <span class='ocr_line' id='line_1_5' title="bbox 345 402 1937 511; baseline -0.001 -37"><span class='ocrx_word' id='word_1_18' title='bbox 345 420 483 507; x_wconf 55' lang='lat' dir='ltr'><strong>tiottﬁ</strong></span> <span class='ocrx_word' id='word_1_19' title='bbox 635 404 776 501; x_wconf 65' lang='lat' dir='ltr'><strong>Petri</strong></span> <span class='ocrx_word' id='word_1_20' title='bbox 806 431 857 505; x_wconf 74' lang='lat' dir='ltr'><strong>et</strong></span> <span class='ocrx_word' id='word_1_21' title='bbox 883 402 1062 483; x_wconf 70' lang='lat' dir='ltr'><strong>Pauli.</strong></span> <span class='ocrx_word' id='word_1_22' title='bbox 1101 431 1364 511; x_wconf 59' lang='lat' dir='ltr'><strong>tattttlu:ttit</strong></span> <span class='ocrx_word' id='word_1_23' title='bbox 1388 422 1453 509; x_wconf 78' lang='lat' dir='ltr'><strong>ab</strong></span> <span class='ocrx_word' id='word_1_24' title='bbox 1483 434 1548 474; x_wconf 86' lang='lat' dir='ltr'><strong>eo</strong></span> <span class='ocrx_word' id='word_1_25' title='bbox 1589 417 1724 507; x_wconf 79' lang='lat' dir='ltr'><strong>l&#39;acla</strong></span> <span class='ocrx_word' id='word_1_26' title='bbox 1747 462 1767 511; x_wconf 16' lang='lat'><strong>,7</strong></span> <span class='ocrx_word' id='word_1_27' title='bbox 1787 434 1848 511; x_wconf 74' lang='lat' dir='ltr'><strong>ac</strong></span> <span class='ocrx_word' id='word_1_28' title='bbox 1869 418 1937 473; x_wconf 80' lang='lat' dir='ltr'><strong>de</strong></span> 
     </span>
    </p>
   </div>
   <div class='ocr_carea' id='block_1_6' title="bbox 341 496 1935 586">
    <p class='ocr_par' dir='ltr' id='par_1_6' title="bbox 341 496 1935 586">
     <span class='ocr_line' id='line_1_6' title="bbox 341 496 1935 586; baseline -0.002 -18"><span class='ocrx_word' id='word_1_29' title='bbox 341 496 628 571; x_wconf 73' lang='lat' dir='ltr'><strong>Novatiauo</strong></span> <span class='ocrx_word' id='word_1_30' title='bbox 649 557 663 580; x_wconf 98' lang='lat'><strong>,</strong></span> <span class='ocrx_word' id='word_1_31' title='bbox 684 496 921 586; x_wconf 79' lang='lat' dir='ltr'><strong>aliisque</strong></span> <span class='ocrx_word' id='word_1_32' title='bbox 948 496 1249 581; x_wconf 73' lang='lat' dir='ltr'><strong>ha&#39;reticis;</strong></span> <span class='ocrx_word' id='word_1_33' title='bbox 1283 498 1470 580; x_wconf 70' lang='lat' dir='ltr'><strong>altera,</strong></span> <span class='ocrx_word' id='word_1_34' title='bbox 1524 498 1662 585; x_wconf 75' lang='lat' dir='ltr'><strong>Rufo</strong></span> <span class='ocrx_word' id='word_1_35' title='bbox 1690 510 1772 566; x_wconf 87' lang='lat' dir='ltr'><strong>vel</strong></span> <span class='ocrx_word' id='word_1_36' title='bbox 1817 509 1935 565; x_wconf 84' lang='lat' dir='ltr'><strong>llu-</strong></span> 
     </span>
    </p>
   </div>
   <div class='ocr_carea' id='block_1_7' title="bbox 340 588 1937 689">
    <p class='ocr_par' dir='ltr' id='par_1_7' title="bbox 340 588 1937 689">
     <span class='ocr_line' id='line_1_7' title="bbox 340 588 1937 689; baseline -0.004 -29"><span class='ocrx_word' id='word_1_37' title='bbox 340 605 471 677; x_wconf 74' lang='lat' dir='ltr'><strong>stico</strong></span> <span class='ocrx_word' id='word_1_38' title='bbox 500 596 759 685; x_wconf 79' lang='lat' dir='ltr'><strong>episcopo</strong></span> <span class='ocrx_word' id='word_1_39' title='bbox 789 588 1043 689; x_wconf 63' lang='lat' dir='ltr'><strong>Orientali</strong></span> <span class='ocrx_word' id='word_1_40' title='bbox 1075 606 1325 677; x_wconf 86' lang='lat' dir='ltr'><strong>inscripta</strong></span> <span class='ocrx_word' id='word_1_41' title='bbox 1351 647 1365 671; x_wconf 95' lang='lat'><strong>,</strong></span> <span class='ocrx_word' id='word_1_42' title='bbox 1401 594 1592 683; x_wconf 80' lang='lat' dir='ltr'><strong>tractat</strong></span> <span class='ocrx_word' id='word_1_43' title='bbox 1636 603 1703 663; x_wconf 90' lang='lat' dir='ltr'><strong>de</strong></span> <span class='ocrx_word' id='word_1_44' title='bbox 1745 594 1937 659; x_wconf 78' lang='lat' dir='ltr'><strong>Sacra-</strong></span> 
     </span>
    </p>
   </div>
   <div class='ocr_carea' id='block_1_8' title="bbox 343 688 1937 789">
    <p class='ocr_par' dir='ltr' id='par_1_8' title="bbox 343 688 1937 789">
     <span class='ocr_line' id='line_1_8' title="bbox 343 688 1937 789; baseline 0 -38"><span class='ocrx_word' id='word_1_45' title='bbox 343 708 542 773; x_wconf 81' lang='lat' dir='ltr'><strong>mento.</strong></span> <span class='ocrx_word' id='word_1_46' title='bbox 568 701 680 755; x_wconf 92' lang='lat' dir='ltr'><strong>sive</strong></span> <span class='ocrx_word' id='word_1_47' title='bbox 708 688 1057 777; x_wconf 76' lang='lat' dir='ltr'><strong>jurejurando</strong></span> <span class='ocrx_word' id='word_1_48' title='bbox 1095 688 1468 783; x_wconf 81' lang='lat' dir='ltr'><strong>episcoporum</strong></span> <span class='ocrx_word' id='word_1_49' title='bbox 1498 708 1553 789; x_wconf 74' lang='lat' dir='ltr'><strong>et</strong></span> <span class='ocrx_word' id='word_1_50' title='bbox 1592 713 1779 753; x_wconf 85' lang='lat' dir='ltr'><strong>eorum</strong></span> <span class='ocrx_word' id='word_1_51' title='bbox 1809 711 1937 751; x_wconf 85' lang='lat' dir='ltr'><strong>eau—</strong></span> 
     </span>
    </p>
   </div>
   <div class='ocr_carea' id='block_1_9' title="bbox 340 788 1936 867">
    <p class='ocr_par' dir='ltr' id='par_1_9' title="bbox 340 788 1936 867">
     <span class='ocr_line' id='line_1_9' title="bbox 340 788 1936 867; baseline -0.003 -20"><span class='ocrx_word' id='word_1_52' title='bbox 340 792 431 847; x_wconf 86' lang='lat' dir='ltr'><strong>sis.</strong></span> <span class='ocrx_word' id='word_1_53' title='bbox 476 790 708 867; x_wconf 72' lang='lat' dir='ltr'><strong>Utraque</strong></span> <span class='ocrx_word' id='word_1_54' title='bbox 750 792 818 848; x_wconf 85' lang='lat' dir='ltr'><strong>ab</strong></span> <span class='ocrx_word' id='word_1_55' title='bbox 856 792 1114 859; x_wconf 88' lang='lat' dir='ltr'><strong>eruditis,</strong></span> <span class='ocrx_word' id='word_1_56' title='bbox 1158 801 1213 847; x_wconf 87' lang='lat' dir='ltr'><strong>et</strong></span> <span class='ocrx_word' id='word_1_57' title='bbox 1254 788 1321 847; x_wconf 85' lang='lat' dir='ltr'><strong>ab</strong></span> <span class='ocrx_word' id='word_1_58' title='bbox 1360 794 1475 862; x_wconf 83' lang='lat' dir='ltr'><strong>ipso</strong></span> <span class='ocrx_word' id='word_1_59' title='bbox 1517 788 1676 846; x_wconf 90' lang='lat' dir='ltr'><strong>etiam</strong></span> <span class='ocrx_word' id='word_1_60' title='bbox 1718 789 1936 846; x_wconf 86' lang='lat' dir='ltr'><strong>Labbeo</strong></span> 
     </span>
    </p>
   </div>
   <div class='ocr_carea' id='block_1_10' title="bbox 338 872 1932 967">
    <p class='ocr_par' dir='ltr' id='par_1_10' title="bbox 338 872 1932 967">
     <span class='ocr_line' id='line_1_10' title="bbox 338 872 1932 967; baseline -0.001 -26"><span class='ocrx_word' id='word_1_61' title='bbox 338 872 480 965; x_wconf 81' lang='lat' dir='ltr'><strong>velut</strong></span> <span class='ocrx_word' id='word_1_62' title='bbox 506 872 703 965; x_wconf 27' lang='lat' dir='ltr'><strong>“sppria</strong></span> <span class='ocrx_word' id='word_1_63' title='bbox 746 876 1018 967; x_wconf 66' lang='lat' dir='ltr'><strong>rejicitar,</strong></span> <span class='ocrx_word' id='word_1_64' title='bbox 1068 904 1326 967; x_wconf 72' lang='lat' dir='ltr'><strong>suamque</strong></span> <span class='ocrx_word' id='word_1_65' title='bbox 1369 888 1597 957; x_wconf 88' lang='lat' dir='ltr'><strong>ipsamet</strong></span> <span class='ocrx_word' id='word_1_66' title='bbox 1646 887 1932 941; x_wconf 53' lang='lat' dir='ltr'><strong>falsitatem</strong></span> 
     </span>
    </p>
   </div>
   <div class='ocr_carea' id='block_1_11' title="bbox 338 956 1933 1074">
    <p class='ocr_par' dir='ltr' id='par_1_11' title="bbox 338 956 1933 1074">
     <span class='ocr_line' id='line_1_11' title="bbox 338 956 1933 1074; baseline -0.003 -37"><span class='ocrx_word' id='word_1_67' title='bbox 338 994 434 1054; x_wconf 86' lang='lat' dir='ltr'><strong>per</strong></span> <span class='ocrx_word' id='word_1_68' title='bbox 460 979 760 1052; x_wconf 87' lang='lat' dir='ltr'><strong>adscriptos</strong></span> <span class='ocrx_word' id='word_1_69' title='bbox 800 956 1365 1065; x_wconf 37' lang='lat' dir='ltr'><strong>ponsttlattgmpitobi‘it.</strong></span> <span class='ocrx_word' id='word_1_70' title='bbox 1400 974 1717 1063; x_wconf 52' lang='lat' dir='ltr'><strong>ﬁrjorgiim</strong></span> <span class='ocrx_word' id='word_1_71' title='bbox 1756 999 1772 1065; x_wconf 59' lang='grc' dir='ltr'><strong>ξ</strong></span> <span class='ocrx_word' id='word_1_72' title='bbox 1811 978 1933 1074; x_wconf 67' lang='lat' dir='ltr'><strong>data</strong></span> 
     </span>
    </p>
   </div>
   <div class='ocr_carea' id='block_1_12' title="bbox 340 1060 1937 1150">
    <p class='ocr_par' dir='ltr' id='par_1_12' title="bbox 340 1060 1937 1150">
     <span class='ocr_line' id='line_1_12' title="bbox 340 1060 1937 1150; baseline -0.001 -23"><span class='ocrx_word' id='word_1_73' title='bbox 340 1072 567 1144; x_wconf 87' lang='lat' dir='ltr'><strong>septimo</strong></span> <span class='ocrx_word' id='word_1_74' title='bbox 604 1072 767 1143; x_wconf 81' lang='lat' dir='ltr'><strong>(alibi</strong></span> <span class='ocrx_word' id='word_1_75' title='bbox 802 1060 1048 1145; x_wconf 28' lang='lat' dir='ltr'><strong>voctavo)</strong></span> <span class='ocrx_word' id='word_1_76' title='bbox 1107 1072 1222 1127; x_wconf 82' lang='lat' dir='ltr'><strong>idus</strong></span> <span class='ocrx_word' id='word_1_77' title='bbox 1274 1060 1624 1150; x_wconf 84' lang='lat' dir='ltr'><strong>septembris,</strong></span> <span class='ocrx_word' id='word_1_78' title='bbox 1675 1060 1837 1127; x_wconf 74' lang='lat' dir='ltr'><strong>liccio</strong></span> <span class='ocrx_word' id='word_1_79' title='bbox 1864 1060 1937 1126; x_wconf 65' lang='lat' dir='ltr'><strong>et</strong></span> 
     </span>
    </p>
   </div>
   <div class='ocr_carea' id='block_1_13' title="bbox 341 1158 1936 1238">
    <p class='ocr_par' dir='ltr' id='par_1_13' title="bbox 341 1158 1936 1238">
     <span class='ocr_line' id='line_1_13' title="bbox 341 1158 1936 1238; baseline -0.001 -18"><span class='ocrx_word' id='word_1_80' title='bbox 341 1158 594 1232; x_wconf 75' lang='lat' dir='ltr'><strong>Maximo,</strong></span> <span class='ocrx_word' id='word_1_81' title='bbox 647 1165 779 1220; x_wconf 89' lang='lat' dir='ltr'><strong>viris</strong></span> <span class='ocrx_word' id='word_1_82' title='bbox 832 1158 1537 1231; x_wconf 72' lang='lat' dir='ltr'><strong>clarissimis,consulibus;</strong></span> <span class='ocrx_word' id='word_1_83' title='bbox 1595 1186 1614 1219; x_wconf 77' lang='grc' dir='ltr'><strong>ι</strong></span> <span class='ocrx_word' id='word_1_84' title='bbox 1669 1165 1936 1238; x_wconf 72' lang='lat' dir='ltr'><strong>posterior</strong></span> 
     </span>
    </p>
   </div>
   <div class='ocr_carea' id='block_1_14' title="bbox 346 1244 1936 1333">
    <p class='ocr_par' dir='ltr' id='par_1_14' title="bbox 346 1244 1936 1333">
     <span class='ocr_line' id='line_1_14' title="bbox 346 1244 1936 1333; baseline 0 -22"><span class='ocrx_word' id='word_1_85' title='bbox 346 1275 367 1311; x_wconf 75' lang='grc' dir='ltr'><strong>ι</strong></span> <span class='ocrx_word' id='word_1_86' title='bbox 402 1257 686 1313; x_wconf 91' lang='lat' dir='ltr'><strong>undecimo</strong></span> <span class='ocrx_word' id='word_1_87' title='bbox 740 1244 1184 1333; x_wconf 62' lang='lat' dir='ltr'><strong>balendasjnnii,</strong></span> <span class='ocrx_word' id='word_1_88' title='bbox 1230 1280 1248 1311; x_wconf 76' lang='grc' dir='ltr'><strong>ι</strong></span> <span class='ocrx_word' id='word_1_89' title='bbox 1287 1259 1473 1313; x_wconf 79' lang='lat' dir='ltr'><strong>iisdem</strong></span> <span class='ocrx_word' id='word_1_90' title='bbox 1512 1257 1822 1315; x_wconf 80' lang='lat' dir='ltr'><strong>consulibus</strong></span> <span class='ocrx_word' id='word_1_91' title='bbox 1862 1256 1936 1312; x_wconf 86' lang='lat' dir='ltr'><strong>si-</strong></span> 
     </span>
    </p>
   </div>
   <div class='ocr_carea' id='block_1_15' title="bbox 337 1336 1934 1435">
    <p class='ocr_par' dir='ltr' id='par_1_15' title="bbox 337 1336 1934 1435">
     <span class='ocr_line' id='line_1_15' title="bbox 337 1336 1934 1435; baseline 0.004 -32"><span class='ocrx_word' id='word_1_92' title='bbox 337 1336 505 1425; x_wconf 32' lang='lat' dir='ltr'><strong>gnata.</strong></span> <span class='ocrx_word' id='word_1_93' title='bbox 550 1336 665 1417; x_wconf 70' lang='lat' dir='ltr'><strong>est;</strong></span> <span class='ocrx_word' id='word_1_94' title='bbox 708 1343 931 1424; x_wconf 83' lang='lat' dir='ltr'><strong>quorum</strong></span> <span class='ocrx_word' id='word_1_95' title='bbox 974 1342 1218 1409; x_wconf 85' lang='lat' dir='ltr'><strong>ultimum</strong></span> <span class='ocrx_word' id='word_1_96' title='bbox 1263 1353 1475 1409; x_wconf 90' lang='lat' dir='ltr'><strong>nonnisi</strong></span> <span class='ocrx_word' id='word_1_97' title='bbox 1516 1371 1655 1435; x_wconf 82' lang='lat' dir='ltr'><strong>anno</strong></span> <span class='ocrx_word' id='word_1_98' title='bbox 1691 1354 1832 1419; x_wconf 72' lang='lat'><strong>255;</strong></span> <span class='ocrx_word' id='word_1_99' title='bbox 1883 1352 1934 1419; x_wconf 83' lang='lat' dir='ltr'><strong>id</strong></span> 
     </span>
    </p>
   </div>
   <div class='ocr_carea' id='block_1_16' title="bbox 340 1434 1933 1519">
    <p class='ocr_par' dir='ltr' id='par_1_16' title="bbox 340 1434 1933 1519">
     <span class='ocr_line' id='line_1_16' title="bbox 340 1434 1933 1519; baseline 0.003 -20"><span class='ocrx_word' id='word_1_100' title='bbox 340 1455 423 1500; x_wconf 90' lang='lat' dir='ltr'><strong>est</strong></span> <span class='ocrx_word' id='word_1_101' title='bbox 464 1436 705 1519; x_wconf 85' lang='lat' dir='ltr'><strong>secundo</strong></span> <span class='ocrx_word' id='word_1_102' title='bbox 746 1455 865 1516; x_wconf 91' lang='lat' dir='ltr'><strong>post</strong></span> <span class='ocrx_word' id='word_1_103' title='bbox 890 1440 1050 1503; x_wconf 85' lang='lat' dir='ltr'><strong>Decii</strong></span> <span class='ocrx_word' id='word_1_104' title='bbox 1092 1447 1365 1503; x_wconf 89' lang='lat' dir='ltr'><strong>interitum</strong></span> <span class='ocrx_word' id='word_1_105' title='bbox 1405 1434 1607 1515; x_wconf 53' lang='lat' dir='ltr'><strong>anno,&quot;</strong></span> <span class='ocrx_word' id='word_1_106' title='bbox 1637 1438 1933 1519; x_wconf 52' lang='lat' dir='ltr'><strong>et&#39;aliqnot</strong></span> 
     </span>
    </p>
   </div>
   <div class='ocr_carea' id='block_1_17' title="bbox 336 1537 1929 1617">
    <p class='ocr_par' dir='ltr' id='par_1_17' title="bbox 336 1537 1929 1617">
     <span class='ocr_line' id='line_1_17' title="bbox 336 1537 1929 1617; baseline 0.003 -25"><span class='ocrx_word' id='word_1_107' title='bbox 336 1547 457 1617; x_wconf 86' lang='lat' dir='ltr'><strong>post</strong></span> <span class='ocrx_word' id='word_1_108' title='bbox 510 1537 568 1595; x_wconf 88' lang='lat' dir='ltr'><strong>S.</strong></span> <span class='ocrx_word' id='word_1_109' title='bbox 616 1538 854 1595; x_wconf 87' lang='lat' dir='ltr'><strong>Cornelii</strong></span> <span class='ocrx_word' id='word_1_110' title='bbox 902 1541 1217 1613; x_wconf 75' lang='lat' dir='ltr'><strong>martyrium</strong></span> <span class='ocrx_word' id='word_1_111' title='bbox 1266 1541 1541 1598; x_wconf 89' lang='lat' dir='ltr'><strong>mensibus</strong></span> <span class='ocrx_word' id='word_1_112' title='bbox 1594 1540 1929 1598; x_wconf 90' lang='lat' dir='ltr'><strong>consulatmn</strong></span> 
     </span>
    </p>
   </div>
   <div class='ocr_carea' id='block_1_18' title="bbox 336 1618 1925 1711">
    <p class='ocr_par' dir='ltr' id='par_1_18' title="bbox 336 1618 1925 1711">
     <span class='ocr_line' id='line_1_18' title="bbox 336 1618 1925 1711; baseline 0.001 -24"><span class='ocrx_word' id='word_1_113' title='bbox 336 1629 519 1687; x_wconf 89' lang='lat' dir='ltr'><strong>iniisse</strong></span> <span class='ocrx_word' id='word_1_114' title='bbox 534 1641 588 1711; x_wconf 86' lang='lat' dir='ltr'><strong>et</strong></span> <span class='ocrx_word' id='word_1_115' title='bbox 611 1626 759 1687; x_wconf 81' lang='lat' dir='ltr'><strong>fastis</strong></span> <span class='ocrx_word' id='word_1_116' title='bbox 783 1641 1011 1690; x_wconf 89' lang='lat' dir='ltr'><strong>constat.</strong></span> <span class='ocrx_word' id='word_1_117' title='bbox 1032 1630 1088 1691; x_wconf 87' lang='lat' dir='ltr'><strong>Si</strong></span> <span class='ocrx_word' id='word_1_118' title='bbox 1106 1618 1224 1706; x_wconf 82' lang='lat' dir='ltr'><strong>quis</strong></span> <span class='ocrx_word' id='word_1_119' title='bbox 1250 1636 1379 1691; x_wconf 82' lang='lat' dir='ltr'><strong>velit</strong></span> <span class='ocrx_word' id='word_1_120' title='bbox 1406 1650 1499 1706; x_wconf 90' lang='lat' dir='ltr'><strong>per</strong></span> <span class='ocrx_word' id='word_1_121' title='bbox 1525 1654 1545 1711; x_wconf 68' lang='grc' dir='ltr'><strong>ς</strong></span> <span class='ocrx_word' id='word_1_122' title='bbox 1580 1633 1866 1690; x_wconf 76' lang='lat' dir='ltr'><strong>Maximum</strong></span> <span class='ocrx_word' id='word_1_123' title='bbox 1907 1654 1925 1688; x_wconf 74' lang='grc' dir='ltr'><strong>ι</strong></span> 
     </span>
    </p>
   </div>
   <div class='ocr_carea' id='block_1_19' title="bbox 1990 414 3643 493">
    <p class='ocr_par' dir='ltr' id='par_1_19' title="bbox 1990 414 3643 493">
     <span class='ocr_line' id='line_1_19' title="bbox 1990 414 3643 493; baseline 0.008 -24"><span class='ocrx_word' id='word_1_124' title='bbox 1990 414 1999 421; x_wconf 84' lang='grc'><em>’</em></span> <span class='ocrx_word' id='word_1_125' title='bbox 2041 427 2169 483; x_wconf 82' lang='lat' dir='ltr'><strong>stat,</strong></span> <span class='ocrx_word' id='word_1_126' title='bbox 2195 417 2321 472; x_wconf 91' lang='lat' dir='ltr'><strong>dum</strong></span> <span class='ocrx_word' id='word_1_127' title='bbox 2353 417 2418 472; x_wconf 84' lang='lat' dir='ltr'><strong>ad</strong></span> <span class='ocrx_word' id='word_1_128' title='bbox 2447 414 2578 473; x_wconf 81' lang='lat' dir='ltr'><strong>duas</strong></span> <span class='ocrx_word' id='word_1_129' title='bbox 2602 429 2748 474; x_wconf 77' lang='lat' dir='ltr'><strong>certe</strong></span> <span class='ocrx_word' id='word_1_130' title='bbox 2782 421 3075 491; x_wconf 79' lang='lat' dir='ltr'><strong>genuinas,</strong></span> <span class='ocrx_word' id='word_1_131' title='bbox 3114 438 3245 493; x_wconf 89' lang='lat' dir='ltr'><strong>quas</strong></span> <span class='ocrx_word' id='word_1_132' title='bbox 3282 424 3480 481; x_wconf 80' lang='lat' dir='ltr'><strong>ibidem</strong></span> <span class='ocrx_word' id='word_1_133' title='bbox 3517 429 3643 483; x_wconf 85' lang='lat' dir='ltr'><strong>sub-</strong></span> 
     </span>
    </p>
   </div>
   <div class='ocr_carea' id='block_1_20' title="bbox 2041 510 3643 585">
    <p class='ocr_par' dir='ltr' id='par_1_20' title="bbox 2041 510 3643 585">
     <span class='ocr_line' id='line_1_20' title="bbox 2041 510 3643 585; baseline 0.008 -23"><span class='ocrx_word' id='word_1_134' title='bbox 2041 510 2139 574; x_wconf 88' lang='lat' dir='ltr'><strong>dit,</strong></span> <span class='ocrx_word' id='word_1_135' title='bbox 2200 510 2276 564; x_wconf 65' lang='lat' dir='ltr'><strong>sic</strong></span> <span class='ocrx_word' id='word_1_136' title='bbox 2319 520 2463 566; x_wconf 80' lang='lat' dir='ltr'><strong>notat</strong></span> <span class='ocrx_word' id='word_1_137' title='bbox 2496 528 2509 564; x_wconf 90' lang='lat'><strong>:</strong></span> <span class='ocrx_word' id='word_1_138' title='bbox 2550 530 2568 562; x_wconf 78' lang='grc' dir='ltr'><strong>ι</strong></span> <span class='ocrx_word' id='word_1_139' title='bbox 2609 511 2733 567; x_wconf 72' lang='lat' dir='ltr'><strong>llrrc</strong></span> <span class='ocrx_word' id='word_1_140' title='bbox 2779 522 2831 568; x_wconf 91' lang='lat' dir='ltr'><strong>et</strong></span> <span class='ocrx_word' id='word_1_141' title='bbox 2861 527 3092 585; x_wconf 85' lang='lat' dir='ltr'><strong>sequens</strong></span> <span class='ocrx_word' id='word_1_142' title='bbox 3139 515 3375 585; x_wconf 78' lang='lat' dir='ltr'><strong>Episwla</strong></span> <span class='ocrx_word' id='word_1_143' title='bbox 3417 533 3538 574; x_wconf 90' lang='lat' dir='ltr'><strong>cum</strong></span> <span class='ocrx_word' id='word_1_144' title='bbox 3578 520 3643 575; x_wconf 84' lang='lat' dir='ltr'><strong>iis</strong></span> 
     </span>
    </p>
   </div>
   <div class='ocr_carea' id='block_1_21' title="bbox 2040 598 3641 680">
    <p class='ocr_par' dir='ltr' id='par_1_21' title="bbox 2040 598 3641 680">
     <span class='ocr_line' id='line_1_21' title="bbox 2040 598 3641 680; baseline 0.009 -27"><span class='ocrx_word' id='word_1_145' title='bbox 2040 598 2176 670; x_wconf 77' lang='lat' dir='ltr'><strong>qnas</strong></span> <span class='ocrx_word' id='word_1_146' title='bbox 2204 602 2394 657; x_wconf 75' lang='lat' dir='ltr'><strong>(llcrus</strong></span> <span class='ocrx_word' id='word_1_147' title='bbox 2426 602 2697 659; x_wconf 77' lang='lat' dir='ltr'><strong>Romanus</strong></span> <span class='ocrx_word' id='word_1_148' title='bbox 2728 606 2979 676; x_wconf 78' lang='lat' dir='ltr'><strong>scripsit‘,</strong></span> <span class='ocrx_word' id='word_1_149' title='bbox 3004 606 3232 673; x_wconf 86' lang='lat' dir='ltr'><strong>docent,</strong></span> <span class='ocrx_word' id='word_1_150' title='bbox 3284 610 3409 680; x_wconf 89' lang='lat' dir='ltr'><strong>quid</strong></span> <span class='ocrx_word' id='word_1_151' title='bbox 3437 611 3641 668; x_wconf 90' lang='lat' dir='ltr'><strong>distent</strong></span> 
     </span>
    </p>
   </div>
   <div class='ocr_carea' id='block_1_22' title="bbox 2040 694 3635 764">
    <p class='ocr_par' dir='ltr' id='par_1_22' title="bbox 2040 694 3635 764">
     <span class='ocr_line' id='line_1_22' title="bbox 2040 694 3635 764; baseline 0.009 -18"><span class='ocrx_word' id='word_1_152' title='bbox 2040 708 2146 746; x_wconf 65' lang='lat' dir='ltr'><strong>arra</strong></span> <span class='ocrx_word' id='word_1_153' title='bbox 2197 694 2415 764; x_wconf 88' lang='lat' dir='ltr'><strong>lupinis,</strong></span> <span class='ocrx_word' id='word_1_154' title='bbox 2466 704 2520 751; x_wconf 88' lang='lat' dir='ltr'><strong>et</strong></span> <span class='ocrx_word' id='word_1_155' title='bbox 2566 695 2851 752; x_wconf 67' lang='lat' dir='ltr'><strong>submratte</strong></span> <span class='ocrx_word' id='word_1_156' title='bbox 2896 714 3103 755; x_wconf 83' lang='lat' dir='ltr'><strong>merces</strong></span> <span class='ocrx_word' id='word_1_157' title='bbox 3163 704 3339 757; x_wconf 78' lang='lat' dir='ltr'><strong>aureis</strong></span> <span class='ocrx_word' id='word_1_158' title='bbox 3394 713 3635 760; x_wconf 81' lang='lat' dir='ltr'><strong>veterum</strong></span> 
     </span>
    </p>
   </div>
   <div class='ocr_carea' id='block_1_23' title="bbox 2044 783 3643 864">
    <p class='ocr_par' dir='ltr' id='par_1_23' title="bbox 2044 783 3643 864">
     <span class='ocr_line' id='line_1_23' title="bbox 2044 783 3643 864; baseline 0.008 -25"><span class='ocrx_word' id='word_1_159' title='bbox 2044 783 2281 855; x_wconf 80' lang='lat' dir='ltr'><strong>scriptis.</strong></span> <span class='ocrx_word' id='word_1_160' title='bbox 2313 805 2333 837; x_wconf 79' lang='grc' dir='ltr'><strong>ι</strong></span> <span class='ocrx_word' id='word_1_161' title='bbox 2369 787 2622 842; x_wconf 85' lang='lat' dir='ltr'><strong>Eamdem</strong></span> <span class='ocrx_word' id='word_1_162' title='bbox 2658 787 3032 846; x_wconf 87' lang='lat' dir='ltr'><strong>Tillemontius</strong></span> <span class='ocrx_word' id='word_1_163' title='bbox 3063 790 3165 864; x_wconf 77' lang='lat'><strong>(5).</strong></span> <span class='ocrx_word' id='word_1_164' title='bbox 3196 804 3249 848; x_wconf 91' lang='lat' dir='ltr'><strong>et</strong></span> <span class='ocrx_word' id='word_1_165' title='bbox 3275 794 3420 849; x_wconf 85' lang='lat' dir='ltr'><strong>citati</strong></span> <span class='ocrx_word' id='word_1_166' title='bbox 3442 796 3643 852; x_wconf 82' lang='lat' dir='ltr'><strong>Natalis</strong></span> 
     </span>
    </p>
   </div>
   <div class='ocr_carea' id='block_1_24' title="bbox 2044 876 3643 959">
    <p class='ocr_par' dir='ltr' id='par_1_24' title="bbox 2044 876 3643 959">
     <span class='ocr_line' id='line_1_24' title="bbox 2044 876 3643 959; baseline 0.009 -28"><span class='ocrx_word' id='word_1_167' title='bbox 2044 876 2350 936; x_wconf 76' lang='lat' dir='ltr'><strong>Alexander</strong></span> <span class='ocrx_word' id='word_1_168' title='bbox 2378 896 2439 935; x_wconf 92' lang='lat' dir='ltr'><strong>ac</strong></span> <span class='ocrx_word' id='word_1_169' title='bbox 2468 879 2836 951; x_wconf 86' lang='lat' dir='ltr'><strong>Constantius,</strong></span> <span class='ocrx_word' id='word_1_170' title='bbox 2861 885 3075 956; x_wconf 91' lang='lat' dir='ltr'><strong>aliique,</strong></span> <span class='ocrx_word' id='word_1_171' title='bbox 3111 888 3250 943; x_wconf 91' lang='lat' dir='ltr'><strong>inter</strong></span> <span class='ocrx_word' id='word_1_172' title='bbox 3274 891 3643 959; x_wconf 87' lang='lat' dir='ltr'><strong>supposititias</strong></span> 
     </span>
    </p>
   </div>
   <div class='ocr_carea' id='block_1_25' title="bbox 2040 971 3644 1051">
    <p class='ocr_par' dir='ltr' id='par_1_25' title="bbox 2040 971 3644 1051">
     <span class='ocr_line' id='line_1_25' title="bbox 2040 971 3644 1051; baseline 0.009 -28"><span class='ocrx_word' id='word_1_173' title='bbox 2040 971 2286 1025; x_wconf 60' lang='lat' dir='ltr'><strong>similiter</strong></span> <span class='ocrx_word' id='word_1_174' title='bbox 2336 984 2642 1044; x_wconf 87' lang='lat' dir='ltr'><strong>reponunt:</strong></span> <span class='ocrx_word' id='word_1_175' title='bbox 2676 986 2731 1031; x_wconf 89' lang='lat' dir='ltr'><strong>et</strong></span> <span class='ocrx_word' id='word_1_176' title='bbox 2778 987 2925 1032; x_wconf 89' lang='lat' dir='ltr'><strong>certe</strong></span> <span class='ocrx_word' id='word_1_177' title='bbox 2972 993 3033 1033; x_wconf 90' lang='lat' dir='ltr'><strong>ea</strong></span> <span class='ocrx_word' id='word_1_178' title='bbox 3087 993 3275 1049; x_wconf 81' lang='lat' dir='ltr'><strong>magna</strong></span> <span class='ocrx_word' id='word_1_179' title='bbox 3303 996 3412 1051; x_wconf 74' lang='lat' dir='ltr'><strong>prae</strong></span> <span class='ocrx_word' id='word_1_180' title='bbox 3434 982 3644 1038; x_wconf 79' lang='lat' dir='ltr'><strong>sefert</strong></span> 
     </span>
    </p>
   </div>
   <div class='ocr_carea' id='block_1_26' title="bbox 2040 1053 3644 1146">
    <p class='ocr_par' dir='ltr' id='par_1_26' title="bbox 2040 1053 3644 1146">
     <span class='ocr_line' id='line_1_26' title="bbox 2040 1053 3644 1146; baseline 0.007 -26"><span class='ocrx_word' id='word_1_181' title='bbox 2040 1058 2664 1137; x_wconf 76' lang='lat' dir='ltr'><strong>Suppositionisindicia.</strong></span> <span class='ocrx_word' id='word_1_182' title='bbox 2694 1069 2962 1140; x_wconf 81' lang='lat' dir='ltr'><strong>Imprimis</strong></span> <span class='ocrx_word' id='word_1_183' title='bbox 3007 1092 3024 1123; x_wconf 78' lang='grc' dir='ltr'><strong>ι</strong></span> <span class='ocrx_word' id='word_1_184' title='bbox 3071 1053 3472 1146; x_wconf 64' lang='grc' dir='ltr'>Λιιειιῗόιιῖδυοινὶ</span> <span class='ocrx_word' id='word_1_185' title='bbox 3522 1095 3542 1129; x_wconf 69' lang='grc' dir='ltr'><strong>ι</strong></span> <span class='ocrx_word' id='word_1_186' title='bbox 3575 1078 3644 1131; x_wconf 86' lang='lat' dir='ltr'><strong>ti-</strong></span> 
     </span>
    </p>
   </div>
   <div class='ocr_carea' id='block_1_27' title="bbox 2040 1158 3643 1236">
    <p class='ocr_par' dir='ltr' id='par_1_27' title="bbox 2040 1158 3643 1236">
     <span class='ocr_line' id='line_1_27' title="bbox 2040 1158 3643 1236; baseline 0.009 -24"><span class='ocrx_word' id='word_1_187' title='bbox 2040 1158 2361 1216; x_wconf 76' lang='lat' dir='ltr'><strong>tuluszetatc</strong></span> <span class='ocrx_word' id='word_1_188' title='bbox 2390 1159 2624 1217; x_wconf 74' lang='lat' dir='ltr'><strong>Cornelii</strong></span> <span class='ocrx_word' id='word_1_189' title='bbox 2664 1164 2717 1217; x_wconf 90' lang='lat' dir='ltr'><strong>in</strong></span> <span class='ocrx_word' id='word_1_190' title='bbox 2758 1180 2857 1219; x_wconf 88' lang='lat' dir='ltr'><strong>ttsu</strong></span> <span class='ocrx_word' id='word_1_191' title='bbox 2889 1181 2993 1220; x_wconf 88' lang='lat' dir='ltr'><strong>non</strong></span> <span class='ocrx_word' id='word_1_192' title='bbox 3034 1178 3184 1233; x_wconf 90' lang='lat' dir='ltr'><strong>erat;</strong></span> <span class='ocrx_word' id='word_1_193' title='bbox 3230 1179 3283 1223; x_wconf 91' lang='lat' dir='ltr'><strong>et</strong></span> <span class='ocrx_word' id='word_1_194' title='bbox 3330 1169 3373 1223; x_wconf 89' lang='lat' dir='ltr'><strong>si</strong></span> <span class='ocrx_word' id='word_1_195' title='bbox 3421 1169 3643 1236; x_wconf 76' lang='lat' dir='ltr'><strong>fuisset,</strong></span> 
     </span>
    </p>
   </div>
   <div class='ocr_carea' id='block_1_28' title="bbox 2043 1240 3643 1334">
    <p class='ocr_par' dir='ltr' id='par_1_28' title="bbox 2043 1240 3643 1334">
     <span class='ocr_line' id='line_1_28' title="bbox 2043 1240 3643 1334; baseline 0.009 -30"><span class='ocrx_word' id='word_1_196' title='bbox 2043 1240 2261 1307; x_wconf 82' lang='lat' dir='ltr'><strong>sanctus</strong></span> <span class='ocrx_word' id='word_1_197' title='bbox 2300 1252 2581 1321; x_wconf 77' lang='lat' dir='ltr'><strong>Pontifex,</strong></span> <span class='ocrx_word' id='word_1_198' title='bbox 2637 1256 2873 1326; x_wconf 90' lang='lat' dir='ltr'><strong>seipsum</strong></span> <span class='ocrx_word' id='word_1_199' title='bbox 2926 1260 3294 1315; x_wconf 86' lang='lat' dir='ltr'><strong>tantummodo</strong></span> <span class='ocrx_word' id='word_1_200' title='bbox 3331 1263 3643 1334; x_wconf 87' lang='lat' dir='ltr'><strong>episcopum</strong></span> 
     </span>
    </p>
   </div>
   <div class='ocr_carea' id='block_1_29' title="bbox 2038 1343 3649 1418">
    <p class='ocr_par' dir='ltr' id='par_1_29' title="bbox 2038 1343 3649 1418">
     <span class='ocr_line' id='line_1_29' title="bbox 2038 1343 3649 1418; baseline 0.01 -21"><span class='ocrx_word' id='word_1_201' title='bbox 2038 1343 2224 1399; x_wconf 87' lang='lat' dir='ltr'><strong>dicens</strong></span> <span class='ocrx_word' id='word_1_202' title='bbox 2245 1388 2258 1410; x_wconf 94' lang='lat'><strong>,</strong></span> <span class='ocrx_word' id='word_1_203' title='bbox 2294 1344 2614 1418; x_wconf 85' lang='lat' dir='ltr'><strong>Lupicinum</strong></span> <span class='ocrx_word' id='word_1_204' title='bbox 2639 1347 3001 1406; x_wconf 79' lang='lat' dir='ltr'><strong>Viennensem</strong></span> <span class='ocrx_word' id='word_1_205' title='bbox 3028 1367 3094 1408; x_wconf 91' lang='lat' dir='ltr'><strong>eo</strong></span> <span class='ocrx_word' id='word_1_206' title='bbox 3125 1354 3339 1409; x_wconf 89' lang='lat' dir='ltr'><strong>nomine</strong></span> <span class='ocrx_word' id='word_1_207' title='bbox 3363 1371 3467 1410; x_wconf 90' lang='lat' dir='ltr'><strong>non</strong></span> <span class='ocrx_word' id='word_1_208' title='bbox 3498 1373 3649 1415; x_wconf 89' lang='lat' dir='ltr'><strong>com-</strong></span> 
     </span>
    </p>
   </div>
   <div class='ocr_carea' id='block_1_30' title="bbox 2037 1437 3644 1513">
    <p class='ocr_par' dir='ltr' id='par_1_30' title="bbox 2037 1437 3644 1513">
     <span class='ocr_line' id='line_1_30' title="bbox 2037 1437 3644 1513; baseline 0.009 -22"><span class='ocrx_word' id='word_1_209' title='bbox 2037 1437 2312 1507; x_wconf 73' lang='lat' dir='ltr'><strong>pellasset.</strong></span> <span class='ocrx_word' id='word_1_210' title='bbox 2366 1438 2631 1496; x_wconf 88' lang='lat' dir='ltr'><strong>Baronius</strong></span> <span class='ocrx_word' id='word_1_211' title='bbox 2660 1442 2876 1513; x_wconf 77' lang='lat' dir='ltr'><strong>qnidem</strong></span> <span class='ocrx_word' id='word_1_212' title='bbox 2907 1444 2962 1499; x_wconf 89' lang='lat' dir='ltr'><strong>itt</strong></span> <span class='ocrx_word' id='word_1_213' title='bbox 3001 1445 3296 1501; x_wconf 86' lang='lat' dir='ltr'><strong>Annalibus</strong></span> <span class='ocrx_word' id='word_1_214' title='bbox 3337 1447 3403 1502; x_wconf 89' lang='lat' dir='ltr'><strong>ad</strong></span> <span class='ocrx_word' id='word_1_215' title='bbox 3444 1465 3644 1506; x_wconf 90' lang='lat' dir='ltr'><strong>annum</strong></span> 
     </span>
    </p>
   </div>
   <div class='ocr_carea' id='block_1_31' title="bbox 2036 1523 3649 1608">
    <p class='ocr_par' dir='ltr' id='par_1_31' title="bbox 2036 1523 3649 1608">
     <span class='ocr_line' id='line_1_31' title="bbox 2036 1523 3649 1608; baseline 0.011 -25"><span class='ocrx_word' id='word_1_216' title='bbox 2036 1528 2165 1594; x_wconf 76' lang='grc'>255,</span> <span class='ocrx_word' id='word_1_217' title='bbox 2194 1545 2344 1585; x_wconf 92' lang='lat' dir='ltr'><strong>num.</strong></span> <span class='ocrx_word' id='word_1_218' title='bbox 2374 1532 2462 1598; x_wconf 70' lang='grc'><strong>47,</strong></span> <span class='ocrx_word' id='word_1_219' title='bbox 2482 1533 2588 1598; x_wconf 92' lang='lat' dir='ltr'><strong>_ubi</strong></span> <span class='ocrx_word' id='word_1_220' title='bbox 2617 1548 2735 1589; x_wconf 87' lang='lat' dir='ltr'><strong>eam</strong></span> <span class='ocrx_word' id='word_1_221' title='bbox 2782 1550 2881 1605; x_wconf 91' lang='lat' dir='ltr'><strong>pro</strong></span> <span class='ocrx_word' id='word_1_222' title='bbox 2910 1537 3139 1607; x_wconf 80' lang='lat' dir='ltr'><strong>genuina</strong></span> <span class='ocrx_word' id='word_1_223' title='bbox 3188 1523 3380 1608; x_wconf 76' lang='lat' dir='ltr'><strong>refert,</strong></span> <span class='ocrx_word' id='word_1_224' title='bbox 3425 1542 3649 1599; x_wconf 86' lang='lat' dir='ltr'><strong>Archie-</strong></span> 
     </span>
    </p>
   </div>
   <div class='ocr_carea' id='block_1_32' title="bbox 2041 1623 3644 1695">
    <p class='ocr_par' dir='ltr' id='par_1_32' title="bbox 2041 1623 3644 1695">
     <span class='ocr_line' id='line_1_32' title="bbox 2041 1623 3644 1695; baseline 0.009 -18"><span class='ocrx_word' id='word_1_225' title='bbox 2041 1623 2249 1695; x_wconf 79' lang='lat' dir='ltr'><strong>piSCopi</strong></span> <span class='ocrx_word' id='word_1_226' title='bbox 2281 1625 2491 1681; x_wconf 79' lang='lat' dir='ltr'><strong>titulum</strong></span> <span class='ocrx_word' id='word_1_227' title='bbox 2518 1626 2754 1694; x_wconf 89' lang='lat' dir='ltr'><strong>omittit;</strong></span> <span class='ocrx_word' id='word_1_228' title='bbox 2783 1628 2879 1684; x_wconf 89' lang='lat' dir='ltr'><strong>sed</strong></span> <span class='ocrx_word' id='word_1_229' title='bbox 2909 1630 3036 1684; x_wconf 84' lang='lat' dir='ltr'><strong>etin</strong></span> <span class='ocrx_word' id='word_1_230' title='bbox 3068 1631 3280 1686; x_wconf 89' lang='lat' dir='ltr'><strong>laudata</strong></span> <span class='ocrx_word' id='word_1_231' title='bbox 3310 1630 3644 1692; x_wconf 75' lang='lat' dir='ltr'><strong>Bibliotheca</strong></span> 
     </span>
    </p>
   </div>
   <div class='ocr_carea' id='block_1_33' title="bbox 334 1712 3646 1807">
    <p class='ocr_par' dir='ltr' id='par_1_33' title="bbox 334 1712 3646 1807">
     <span class='ocr_line' id='line_1_33' title="bbox 334 1712 3646 1807; baseline 0.002 -30"><span class='ocrx_word' id='word_1_232' title='bbox 334 1720 405 1799; x_wconf 83' lang='lat' dir='ltr'><strong>ibi</strong></span> <span class='ocrx_word' id='word_1_233' title='bbox 435 1718 702 1807; x_wconf 73' lang='lat' dir='ltr'><strong>designari</strong></span> <span class='ocrx_word' id='word_1_234' title='bbox 736 1744 755 1777; x_wconf 74' lang='grc' dir='ltr'><strong>ι</strong></span> <span class='ocrx_word' id='word_1_235' title='bbox 790 1722 1034 1793; x_wconf 87' lang='lat' dir='ltr'><strong>Gratum,</strong></span> <span class='ocrx_word' id='word_1_236' title='bbox 1074 1744 1092 1778; x_wconf 85' lang='grc'><strong>›</strong></span> <span class='ocrx_word' id='word_1_237' title='bbox 1124 1727 1209 1781; x_wconf 88' lang='lat' dir='ltr'><strong>cui</strong></span> <span class='ocrx_word' id='word_1_238' title='bbox 1242 1726 1292 1781; x_wconf 92' lang='lat' dir='ltr'><strong>id</strong></span> <span class='ocrx_word' id='word_1_239' title='bbox 1330 1712 1521 1807; x_wconf 75' lang='lat' dir='ltr'><strong>nomep</strong></span> <span class='ocrx_word' id='word_1_240' title='bbox 1565 1727 1724 1807; x_wconf 78' lang='lat' dir='ltr'><strong>etiam</strong></span> <span class='ocrx_word' id='word_1_241' title='bbox 1767 1725 1931 1783; x_wconf 80' lang='lat' dir='ltr'><strong>fuisse</strong></span> <span class='ocrx_word' id='word_1_242' title='bbox 1963 1725 2010 1795; x_wconf 80' lang='grc' dir='ltr'><strong>Β</strong></span> <span class='ocrx_word' id='word_1_243' title='bbox 2039 1717 2283 1784; x_wconf 83' lang='lat' dir='ltr'><strong>Patrum,</strong></span> <span class='ocrx_word' id='word_1_244' title='bbox 2311 1734 2374 1774; x_wconf 91' lang='lat' dir='ltr'><strong>ac</strong></span> <span class='ocrx_word' id='word_1_245' title='bbox 2398 1718 2600 1776; x_wconf 87' lang='lat' dir='ltr'><strong>Labhei</strong></span> <span class='ocrx_word' id='word_1_246' title='bbox 2641 1719 2974 1779; x_wconf 89' lang='lat' dir='ltr'><strong>Collectione</strong></span> <span class='ocrx_word' id='word_1_247' title='bbox 3003 1724 3387 1790; x_wconf 86' lang='lat' dir='ltr'><strong>conciliorum,</strong></span> <span class='ocrx_word' id='word_1_248' title='bbox 3423 1729 3474 1781; x_wconf 91' lang='lat' dir='ltr'><strong>in</strong></span> <span class='ocrx_word' id='word_1_249' title='bbox 3504 1728 3646 1786; x_wconf 87' lang='lat' dir='ltr'><strong>lumc</strong></span> 
     </span>
    </p>
   </div>
   <div class='ocr_carea' id='block_1_34' title="bbox 335 1792 1933 1899">
    <p class='ocr_par' dir='ltr' id='par_1_34' title="bbox 335 1792 1933 1899">
     <span class='ocr_line' id='line_1_34' title="bbox 335 1792 1933 1899; baseline 0.002 -27"><span class='ocrx_word' id='word_1_250' title='bbox 335 1792 716 1899; x_wconf 30' lang='lat' dir='ltr'><strong>legituyInihil</strong></span> <span class='ocrx_word' id='word_1_251' title='bbox 742 1800 932 1889; x_wconf 64' lang='lat' dir='ltr'><strong>tamen</strong></span> <span class='ocrx_word' id='word_1_252' title='bbox 955 1818 1154 1895; x_wconf 81' lang='lat' dir='ltr'><strong>ellicict</strong></span> <span class='ocrx_word' id='word_1_253' title='bbox 1170 1861 1186 1886; x_wconf 87' lang='lat'><strong>,</strong></span> <span class='ocrx_word' id='word_1_254' title='bbox 1242 1808 1375 1876; x_wconf 39' lang='lat' dir='ltr'><strong>eum.</strong></span> <span class='ocrx_word' id='word_1_255' title='bbox 1394 1792 1575 1891; x_wconf 72' lang='lat' dir='ltr'><strong>lmjits</strong></span> <span class='ocrx_word' id='word_1_256' title='bbox 1594 1796 1933 1876; x_wconf 78' lang='lat' dir='ltr'><strong>consulatum</strong></span> 
     </span>
    </p>
   </div>
   <div class='ocr_carea' id='block_1_35' title="bbox 334 1900 1933 1991">
    <p class='ocr_par' dir='ltr' id='par_1_35' title="bbox 334 1900 1933 1991">
     <span class='ocr_line' id='line_1_35' title="bbox 334 1900 1933 1991; baseline 0.004 -27"><span class='ocrx_word' id='word_1_257' title='bbox 334 1908 398 1964; x_wconf 82' lang='lat' dir='ltr'><strong>ad</strong></span> <span class='ocrx_word' id='word_1_258' title='bbox 421 1902 622 1991; x_wconf 79' lang='lat' dir='ltr'><strong>annum</strong></span> <span class='ocrx_word' id='word_1_259' title='bbox 650 1900 1007 1985; x_wconf 41' lang='lat' dir='ltr'><strong>250&#39;spectet,</strong></span> <span class='ocrx_word' id='word_1_260' title='bbox 1036 1900 1159 1984; x_wconf 34' lang='lat' dir='ltr'><strong>‘qno</strong></span> <span class='ocrx_word' id='word_1_261' title='bbox 1196 1913 1480 1970; x_wconf 88' lang='lat' dir='ltr'><strong>Cornelius</strong></span> <span class='ocrx_word' id='word_1_262' title='bbox 1519 1902 1752 1991; x_wconf 86' lang='lat' dir='ltr'><strong>nondum</strong></span> <span class='ocrx_word' id='word_1_263' title='bbox 1801 1931 1933 1985; x_wconf 83' lang='lat' dir='ltr'><strong>pott-</strong></span> 
     </span>
    </p>
   </div>
   <div class='ocr_carea' id='block_1_36' title="bbox 339 1984 1937 2087">
    <p class='ocr_par' dir='ltr' id='par_1_36' title="bbox 339 1984 1937 2087">
     <span class='ocr_line' id='line_1_36' title="bbox 339 1984 1937 2087; baseline 0.005 -30"><span class='ocrx_word' id='word_1_264' title='bbox 339 1984 471 2087; x_wconf 57' lang='lat' dir='ltr'><strong>tit&#39;es</strong></span> <span class='ocrx_word' id='word_1_265' title='bbox 499 1984 777 2060; x_wconf 80' lang='lat' dir='ltr'><strong>ordinatus</strong></span> <span class='ocrx_word' id='word_1_266' title='bbox 803 2005 995 2087; x_wconf 81' lang='lat' dir='ltr'><strong>fuerat.</strong></span> <span class='ocrx_word' id='word_1_267' title='bbox 1026 1990 1183 2075; x_wconf 80' lang='lat' dir='ltr'><strong>Plura</strong></span> <span class='ocrx_word' id='word_1_268' title='bbox 1209 2008 1505 2083; x_wconf 68' lang='lat' dir='ltr'><strong>manifesta:</strong></span> <span class='ocrx_word' id='word_1_269' title='bbox 1553 1990 1937 2087; x_wconf 72' lang='lat' dir='ltr'><strong>suppositionis</strong></span> 
     </span>
    </p>
   </div>
   <div class='ocr_carea' id='block_1_37' title="bbox 336 2078 1937 2175">
    <p class='ocr_par' dir='ltr' id='par_1_37' title="bbox 336 2078 1937 2175">
     <span class='ocr_line' id='line_1_37' title="bbox 336 2078 1937 2175; baseline 0.001 -20"><span class='ocrx_word' id='word_1_270' title='bbox 336 2078 532 2155; x_wconf 65' lang='lat' dir='ltr'><strong>iudicia</strong></span> <span class='ocrx_word' id='word_1_271' title='bbox 565 2084 781 2175; x_wconf 71' lang='lat' dir='ltr'><strong>adducit</strong></span> <span class='ocrx_word' id='word_1_272' title='bbox 811 2082 1013 2173; x_wconf 76' lang='lat' dir='ltr'><strong>Natalis</strong></span> <span class='ocrx_word' id='word_1_273' title='bbox 1034 2080 1358 2154; x_wconf 34' lang='lat' dir='ltr'><strong>‘Alcsander</strong></span> <span class='ocrx_word' id='word_1_274' title='bbox 1384 2100 1491 2171; x_wconf 84' lang='lat' dir='ltr'><strong>(l),</strong></span> <span class='ocrx_word' id='word_1_275' title='bbox 1519 2101 1655 2175; x_wconf 87' lang='lat' dir='ltr'><strong>inter</strong></span> <span class='ocrx_word' id='word_1_276' title='bbox 1675 2080 1794 2173; x_wconf 51' lang='lat' dir='ltr'><strong>qua}</strong></span> <span class='ocrx_word' id='word_1_277' title='bbox 1828 2086 1937 2171; x_wconf 47' lang='lat' dir='ltr'><strong>pri;</strong></span> 
     </span>
    </p>
   </div>
   <div class='ocr_carea' id='block_1_38' title="bbox 335 2168 1939 2267">
    <p class='ocr_par' dir='ltr' id='par_1_38' title="bbox 335 2168 1939 2267">
     <span class='ocr_line' id='line_1_38' title="bbox 335 2168 1939 2267; baseline 0.002 -22"><span class='ocrx_word' id='word_1_278' title='bbox 335 2180 483 2267; x_wconf 75' lang='lat' dir='ltr'><strong>mum</strong></span> <span class='ocrx_word' id='word_1_279' title='bbox 521 2168 813 2263; x_wconf 60' lang='lat' dir='ltr'><strong>Scriptura:</strong></span> <span class='ocrx_word' id='word_1_280' title='bbox 854 2206 1022 2267; x_wconf 67' lang='lat' dir='ltr'><strong>sacrte</strong></span> <span class='ocrx_word' id='word_1_281' title='bbox 1051 2192 1342 2267; x_wconf 76' lang='lat' dir='ltr'><strong>secundum</strong></span> <span class='ocrx_word' id='word_1_282' title='bbox 1391 2176 1689 2263; x_wconf 52' lang='lat' dir='ltr'><strong>versionem</strong></span> <span class='ocrx_word' id='word_1_283' title='bbox 1740 2182 1939 2266; x_wconf 76' lang='lat' dir='ltr'><strong>Vulga-</strong></span> 
     </span>
    </p>
   </div>
   <div class='ocr_carea' id='block_1_39' title="bbox 336 2258 1944 2371">
    <p class='ocr_par' dir='ltr' id='par_1_39' title="bbox 336 2258 1944 2371">
     <span class='ocr_line' id='line_1_39' title="bbox 336 2258 1944 2371; baseline 0.002 -34"><span class='ocrx_word' id='word_1_284' title='bbox 336 2258 461 2337; x_wconf 43' lang='lat' dir='ltr'><strong>tam&#39;</strong></span> <span class='ocrx_word' id='word_1_285' title='bbox 486 2258 700 2349; x_wconf 56' lang='lat' dir='ltr'><strong>citatid;</strong></span> <span class='ocrx_word' id='word_1_286' title='bbox 746 2292 797 2339; x_wconf 92' lang='lat' dir='ltr'><strong>et</strong></span> <span class='ocrx_word' id='word_1_287' title='bbox 824 2266 1103 2367; x_wconf 72' lang='lat' dir='ltr'><strong>senteutiae</strong></span> <span class='ocrx_word' id='word_1_288' title='bbox 1150 2258 1215 2371; x_wconf 55' lang='lat' dir='ltr'><strong>px</strong></span> <span class='ocrx_word' id='word_1_289' title='bbox 1246 2283 1394 2365; x_wconf 76' lang='lat' dir='ltr'><strong>Actis</strong></span> <span class='ocrx_word' id='word_1_290' title='bbox 1423 2268 1633 2369; x_wconf 75' lang='lat' dir='ltr'><strong>concilii</strong></span> <span class='ocrx_word' id='word_1_291' title='bbox 1664 2270 1944 2369; x_wconf 76' lang='lat' dir='ltr'><strong>Carthagi-</strong></span> 
     </span>
    </p>
   </div>
   <div class='ocr_carea' id='block_1_40' title="bbox 333 2362 1939 2457">
    <p class='ocr_par' dir='ltr' id='par_1_40' title="bbox 333 2362 1939 2457">
     <span class='ocr_line' id='line_1_40' title="bbox 333 2362 1939 2457; baseline 0.004 -30"><span class='ocrx_word' id='word_1_292' title='bbox 333 2362 557 2440; x_wconf 81' lang='lat' dir='ltr'><strong>iiensis,</strong></span> <span class='ocrx_word' id='word_1_293' title='bbox 596 2390 662 2457; x_wconf 57' lang='lat' dir='ltr'><strong>es</strong></span> <span class='ocrx_word' id='word_1_294' title='bbox 690 2362 913 2457; x_wconf 79' lang='lat' dir='ltr'><strong>epistola</strong></span> <span class='ocrx_word' id='word_1_295' title='bbox 946 2372 1012 2431; x_wconf 86' lang='lat' dir='ltr'><strong>de</strong></span> <span class='ocrx_word' id='word_1_296' title='bbox 1046 2362 1161 2457; x_wconf 54' lang='lat' dir='ltr'><strong>i’ita</strong></span> <span class='ocrx_word' id='word_1_297' title='bbox 1204 2362 1547 2457; x_wconf 75' lang='lat' dir='ltr'><strong>clericorum,</strong></span> <span class='ocrx_word' id='word_1_298' title='bbox 1575 2374 1640 2430; x_wconf 91' lang='lat' dir='ltr'><strong>ad</strong></span> <span class='ocrx_word' id='word_1_299' title='bbox 1666 2362 1939 2433; x_wconf 76' lang='lat' dir='ltr'><strong>Oceanum</strong></span> 
     </span>
    </p>
   </div>
   <div class='ocr_carea' id='block_1_41' title="bbox 334 2446 1929 2551">
    <p class='ocr_par' dir='ltr' id='par_1_41' title="bbox 334 2446 1929 2551">
     <span class='ocr_line' id='line_1_41' title="bbox 334 2446 1929 2551; baseline 0.003 -30"><span class='ocrx_word' id='word_1_300' title='bbox 334 2458 434 2549; x_wconf 80' lang='lat' dir='ltr'><strong>sub</strong></span> <span class='ocrx_word' id='word_1_301' title='bbox 462 2446 681 2549; x_wconf 78' lang='lat' dir='ltr'><strong>nomine</strong></span> <span class='ocrx_word' id='word_1_302' title='bbox 709 2446 773 2521; x_wconf 31' lang='lat' dir='ltr'><strong>SI</strong></span> <span class='ocrx_word' id='word_1_303' title='bbox 802 2448 1145 2551; x_wconf 75' lang='lat' dir='ltr'><strong>Hieronymi,</strong></span> <span class='ocrx_word' id='word_1_304' title='bbox 1201 2446 1265 2523; x_wconf 77' lang='lat' dir='ltr'><strong>ex</strong></span> <span class='ocrx_word' id='word_1_305' title='bbox 1294 2448 1542 2523; x_wconf 23' lang='lat' dir='ltr'><strong>Oeon&#39;cilio</strong></span> <span class='ocrx_word' id='word_1_306' title='bbox 1580 2454 1828 2551; x_wconf 70' lang='lat' dir='ltr'><strong>lloniano</strong></span> <span class='ocrx_word' id='word_1_307' title='bbox 1875 2488 1929 2537; x_wconf 91' lang='lat' dir='ltr'><strong>v,</strong></span> 
     </span>
    </p>
   </div>
   <div class='ocr_carea' id='block_1_42' title="bbox 333 2542 1941 2641">
    <p class='ocr_par' dir='ltr' id='par_1_42' title="bbox 333 2542 1941 2641">
     <span class='ocr_line' id='line_1_42' title="bbox 333 2542 1941 2641; baseline 0.003 -27"><span class='ocrx_word' id='word_1_308' title='bbox 333 2542 434 2615; x_wconf 70' lang='lat' dir='ltr'><strong>Sub</strong></span> <span class='ocrx_word' id='word_1_309' title='bbox 462 2542 809 2630; x_wconf 78' lang='lat' dir='ltr'><strong>Symmacho,</strong></span> <span class='ocrx_word' id='word_1_310' title='bbox 838 2576 903 2615; x_wconf 83' lang='lat' dir='ltr'><strong>ex</strong></span> <span class='ocrx_word' id='word_1_311' title='bbox 928 2542 1113 2637; x_wconf 79' lang='lat' dir='ltr'><strong>sancto</strong></span> <span class='ocrx_word' id='word_1_312' title='bbox 1141 2556 1447 2641; x_wconf 72' lang='lat' dir='ltr'><strong>Ambrosio,</strong></span> <span class='ocrx_word' id='word_1_313' title='bbox 1474 2542 1711 2633; x_wconf 74' lang='lat' dir='ltr'><strong>Epistola</strong></span> <span class='ocrx_word' id='word_1_314' title='bbox 1739 2544 1839 2629; x_wconf 57' lang='grc' dir='ltr'><strong>ΞΟ,</strong></span> <span class='ocrx_word' id='word_1_315' title='bbox 1882 2572 1941 2619; x_wconf 90' lang='lat' dir='ltr'><strong>et</strong></span> 
     </span>
    </p>
   </div>
   <div class='ocr_carea' id='block_1_43' title="bbox 339 2634 1803 2723">
    <p class='ocr_par' dir='ltr' id='par_1_43' title="bbox 339 2634 1803 2723">
     <span class='ocr_line' id='line_1_43' title="bbox 339 2634 1803 2723; baseline 0.001 -16"><span class='ocrx_word' id='word_1_316' title='bbox 339 2650 558 2707; x_wconf 87' lang='lat' dir='ltr'><strong>aliunde</strong></span> <span class='ocrx_word' id='word_1_317' title='bbox 581 2660 898 2723; x_wconf 79' lang='lat' dir='ltr'><strong>corrogatze.</strong></span> <span class='ocrx_word' id='word_1_318' title='bbox 1084 2634 1091 2637; x_wconf 40' lang='grc'>⁷</span> <span class='ocrx_word' id='word_1_319' title='bbox 1166 2634 1174 2653; x_wconf 82' lang='grc'><em>’</em></span> <span class='ocrx_word' id='word_1_320' title='bbox 1316 2634 1361 2645; x_wconf 67' lang='grc'><em>”</em></span> <span class='ocrx_word' id='word_1_321' title='bbox 1524 2657 1529 2661; x_wconf 76' lang='grc'><strong><em>’</em></strong></span> <span class='ocrx_word' id='word_1_322' title='bbox 1630 2640 1657 2647; x_wconf 68' lang='grc'>”</span> <span class='ocrx_word' id='word_1_323' title='bbox 1762 2640 1803 2653; x_wconf 75' lang='grc'>”</span> 
     </span>
    </p>
   </div>
   <div class='ocr_carea' id='block_1_44' title="bbox 412 2726 1938 2829">
    <p class='ocr_par' dir='ltr' id='par_1_44' title="bbox 412 2726 1938 2829">
     <span class='ocr_line' id='line_1_44' title="bbox 412 2726 1938 2829; baseline 0.006 -32"><span class='ocrx_word' id='word_1_324' title='bbox 412 2726 759 2829; x_wconf 76' lang='lat' dir='ltr'><strong>Constantius</strong></span> <span class='ocrx_word' id='word_1_325' title='bbox 800 2757 982 2829; x_wconf 65' lang='lat' dir='ltr'><strong>noster</strong></span> <span class='ocrx_word' id='word_1_326' title='bbox 1010 2747 1061 2802; x_wconf 91' lang='lat' dir='ltr'><strong>in</strong></span> <span class='ocrx_word' id='word_1_327' title='bbox 1092 2745 1348 2819; x_wconf 78' lang='lat' dir='ltr'><strong>Epistolis</strong></span> <span class='ocrx_word' id='word_1_328' title='bbox 1369 2762 1700 2829; x_wconf 82' lang='lat' dir='ltr'><strong>summorum</strong></span> <span class='ocrx_word' id='word_1_329' title='bbox 1749 2750 1938 2806; x_wconf 83' lang='lat' dir='ltr'><strong>Ponti-</strong></span> 
     </span>
    </p>
   </div>
   <div class='ocr_carea' id='block_1_45' title="bbox 340 2820 1940 2930">
    <p class='ocr_par' dir='ltr' id='par_1_45' title="bbox 340 2820 1940 2930">
     <span class='ocr_line' id='line_1_45' title="bbox 340 2820 1940 2930; baseline 0.003 -35"><span class='ocrx_word' id='word_1_330' title='bbox 340 2820 502 2895; x_wconf 78' lang='lat' dir='ltr'><strong>ﬁcum</strong></span> <span class='ocrx_word' id='word_1_331' title='bbox 528 2883 538 2905; x_wconf 84' lang='lat'><strong>,</strong></span> <span class='ocrx_word' id='word_1_332' title='bbox 569 2839 675 2895; x_wconf 91' lang='lat' dir='ltr'><strong>col.</strong></span> <span class='ocrx_word' id='word_1_333' title='bbox 705 2838 795 2902; x_wconf 81' lang='lat'><strong>‘26.</strong></span> <span class='ocrx_word' id='word_1_334' title='bbox 832 2820 1372 2930; x_wconf 58' lang='lat' dir='ltr'><strong>praetereaphs&#39;ervat</strong></span> <span class='ocrx_word' id='word_1_335' title='bbox 1402 2822 1681 2898; x_wconf 81' lang='lat' dir='ltr'><strong>decretum</strong></span> <span class='ocrx_word' id='word_1_336' title='bbox 1696 2832 1807 2925; x_wconf 50' lang='lat' dir='ltr'><strong>&#39;quo</strong></span> <span class='ocrx_word' id='word_1_337' title='bbox 1834 2855 1940 2901; x_wconf 90' lang='lat' dir='ltr'><strong>sta-</strong></span> 
     </span>
    </p>
   </div>
   <div class='ocr_carea' id='block_1_46' title="bbox 328 2922 1937 3007">
    <p class='ocr_par' dir='ltr' id='par_1_46' title="bbox 328 2922 1937 3007">
     <span class='ocr_line' id='line_1_46' title="bbox 328 2922 1937 3007; baseline 0.004 -21"><span class='ocrx_word' id='word_1_338' title='bbox 328 2924 497 2986; x_wconf 78' lang='lat' dir='ltr'><strong>tuitur</strong></span> <span class='ocrx_word' id='word_1_339' title='bbox 528 2940 584 2984; x_wconf 89' lang='lat' dir='ltr'><strong>ttt</strong></span> <span class='ocrx_word' id='word_1_340' title='bbox 613 2922 967 3007; x_wconf 64' lang='lat' dir='ltr'><strong>iui-amentum</strong></span> <span class='ocrx_word' id='word_1_341' title='bbox 996 2948 1024 2987; x_wconf 90' lang='lat' dir='ltr'><strong>a</strong></span> <span class='ocrx_word' id='word_1_342' title='bbox 1048 2922 1245 3007; x_wconf 85' lang='lat' dir='ltr'><strong>jejunis</strong></span> <span class='ocrx_word' id='word_1_343' title='bbox 1277 2930 1577 3005; x_wconf 71' lang='lat' dir='ltr'><strong>prrestetur,</strong></span> <span class='ocrx_word' id='word_1_344' title='bbox 1602 2945 1655 2989; x_wconf 92' lang='lat' dir='ltr'><strong>et</strong></span> <span class='ocrx_word' id='word_1_345' title='bbox 1685 2922 1750 2991; x_wconf 86' lang='lat' dir='ltr'><strong>ne</strong></span> <span class='ocrx_word' id='word_1_346' title='bbox 1791 2942 1937 3007; x_wconf 91' lang='lat' dir='ltr'><strong>pueri</strong></span> 
     </span>
    </p>
   </div>
   <div class='ocr_carea' id='block_1_47' title="bbox 330 3000 1936 3119">
    <p class='ocr_par' dir='ltr' id='par_1_47' title="bbox 330 3000 1936 3119">
     <span class='ocr_line' id='line_1_47' title="bbox 330 3000 1936 3119; baseline 0.004 -39"><span class='ocrx_word' id='word_1_347' title='bbox 330 3014 682 3080; x_wconf 81' lang='lat' dir='ltr'><strong>anteannnm</strong></span> <span class='ocrx_word' id='word_1_348' title='bbox 709 3000 909 3079; x_wconf 41' lang='lat' dir='ltr'><strong>{etatis’</strong></span> <span class='ocrx_word' id='word_1_349' title='bbox 938 3014 1009 3080; x_wconf 69' lang='grc' dir='ltr'><em>Η</em></span> <span class='ocrx_word' id='word_1_350' title='bbox 1045 3006 1226 3095; x_wconf 73' lang='lat' dir='ltr'><strong>iurare</strong></span> <span class='ocrx_word' id='word_1_351' title='bbox 1262 3008 1541 3119; x_wconf 47' lang='lat' dir='ltr'><strong>eog&#39;anlt&#39;tr,</strong></span> <span class='ocrx_word' id='word_1_352' title='bbox 1577 3014 1719 3111; x_wconf 74' lang='lat' dir='ltr'><strong>quod</strong></span> <span class='ocrx_word' id='word_1_353' title='bbox 1764 3040 1936 3087; x_wconf 75' lang='lat' dir='ltr'><strong>exstat</strong></span> 
     </span>
    </p>
   </div>
   <div class='ocr_carea' id='block_1_48' title="bbox 2044 1810 3648 1888">
    <p class='ocr_par' dir='ltr' id='par_1_48' title="bbox 2044 1810 3648 1888">
     <span class='ocr_line' id='line_1_48' title="bbox 2044 1810 3648 1888; baseline 0.009 -25"><span class='ocrx_word' id='word_1_354' title='bbox 2044 1810 2263 1871; x_wconf 86' lang='lat' dir='ltr'><strong>modum</strong></span> <span class='ocrx_word' id='word_1_355' title='bbox 2281 1811 2626 1868; x_wconf 87' lang='lat' dir='ltr'><strong>inscribitur:</strong></span> <span class='ocrx_word' id='word_1_356' title='bbox 2659 1832 2677 1866; x_wconf 83' lang='lat' dir='ltr'><strong>I</strong></span> <span class='ocrx_word' id='word_1_357' title='bbox 2702 1813 3003 1881; x_wconf 90' lang='lat' dir='ltr'><strong>Cornelius,</strong></span> <span class='ocrx_word' id='word_1_358' title='bbox 3033 1815 3331 1888; x_wconf 81' lang='lat' dir='ltr'><strong>Episcopus</strong></span> <span class='ocrx_word' id='word_1_359' title='bbox 3354 1819 3648 1887; x_wconf 79' lang='lat' dir='ltr'><strong>Romanus.</strong></span> 
     </span>
    </p>
   </div>
   <div class='ocr_carea' id='block_1_49' title="bbox 2042 1895 3654 1979">
    <p class='ocr_par' dir='ltr' id='par_1_49' title="bbox 2042 1895 3654 1979">
     <span class='ocr_line' id='line_1_49' title="bbox 2042 1895 3654 1979; baseline 0.008 -22"><span class='ocrx_word' id='word_1_360' title='bbox 2042 1895 2194 1957; x_wconf 70' lang='lat' dir='ltr'><strong>fratri</strong></span> <span class='ocrx_word' id='word_1_361' title='bbox 2243 1902 2502 1973; x_wconf 88' lang='lat' dir='ltr'><strong>Lupicino</strong></span> <span class='ocrx_word' id='word_1_362' title='bbox 2552 1904 2846 1961; x_wconf 83' lang='lat' dir='ltr'><strong>Viennensi</strong></span> <span class='ocrx_word' id='word_1_363' title='bbox 2894 1907 3163 1979; x_wconf 80' lang='lat' dir='ltr'><strong>Episcopo</strong></span> <span class='ocrx_word' id='word_1_364' title='bbox 3208 1910 3459 1968; x_wconf 89' lang='lat' dir='ltr'><strong>salutem.</strong></span> <span class='ocrx_word' id='word_1_365' title='bbox 3514 1934 3531 1966; x_wconf 76' lang='grc' dir='ltr'><strong>ι</strong></span> <span class='ocrx_word' id='word_1_366' title='bbox 3583 1915 3654 1970; x_wconf 84' lang='lat' dir='ltr'><strong>At</strong></span> 
     </span>
    </p>
   </div>
   <div class='ocr_carea' id='block_1_50' title="bbox 2046 1997 3651 2074">
    <p class='ocr_par' dir='ltr' id='par_1_50' title="bbox 2046 1997 3651 2074">
     <span class='ocr_line' id='line_1_50' title="bbox 2046 1997 3651 2074; baseline 0.008 -25"><span class='ocrx_word' id='word_1_367' title='bbox 2046 1997 2570 2068; x_wconf 57' lang='lat' dir='ltr'><strong>prreterquamyiuod</strong></span> <span class='ocrx_word' id='word_1_368' title='bbox 2594 1998 2859 2063; x_wconf 84' lang='lat' dir='ltr'><strong>incertum</strong></span> <span class='ocrx_word' id='word_1_369' title='bbox 2888 2000 2957 2059; x_wconf 88' lang='lat' dir='ltr'><strong>sit</strong></span> <span class='ocrx_word' id='word_1_370' title='bbox 2995 2002 3138 2072; x_wconf 86' lang='lat' dir='ltr'><strong>apud</strong></span> <span class='ocrx_word' id='word_1_371' title='bbox 3168 2018 3303 2074; x_wconf 88' lang='lat' dir='ltr'><strong>quos</strong></span> <span class='ocrx_word' id='word_1_372' title='bbox 3326 2004 3651 2062; x_wconf 83' lang='lat' dir='ltr'><strong>Floriacensi</strong></span> 
     </span>
    </p>
   </div>
   <div class='ocr_carea' id='block_1_51' title="bbox 2042 2093 3651 2170">
    <p class='ocr_par' dir='ltr' id='par_1_51' title="bbox 2042 2093 3651 2170">
     <span class='ocr_line' id='line_1_51' title="bbox 2042 2093 3651 2170; baseline 0.006 -26"><span class='ocrx_word' id='word_1_373' title='bbox 2042 2093 2391 2162; x_wconf 75' lang='lat' dir='ltr'><strong>Atttographo</strong></span> <span class='ocrx_word' id='word_1_374' title='bbox 2424 2096 2756 2151; x_wconf 87' lang='lat' dir='ltr'><strong>conlormius</strong></span> <span class='ocrx_word' id='word_1_375' title='bbox 2794 2095 3031 2165; x_wconf 75' lang='lat' dir='ltr'><strong>legatur;</strong></span> <span class='ocrx_word' id='word_1_376' title='bbox 3080 2112 3179 2153; x_wconf 88' lang='lat' dir='ltr'><strong>nec</strong></span> <span class='ocrx_word' id='word_1_377' title='bbox 3215 2098 3331 2154; x_wconf 59' lang='lat' dir='ltr'><strong>hac</strong></span> <span class='ocrx_word' id='word_1_378' title='bbox 3374 2100 3651 2170; x_wconf 86' lang='lat' dir='ltr'><strong>inscriptio</strong></span> 
     </span>
    </p>
   </div>
   <div class='ocr_carea' id='block_1_52' title="bbox 2041 2183 3651 2264">
    <p class='ocr_par' dir='ltr' id='par_1_52' title="bbox 2041 2183 3651 2264">
     <span class='ocr_line' id='line_1_52' title="bbox 2041 2183 3651 2264; baseline 0.008 -28"><span class='ocrx_word' id='word_1_379' title='bbox 2041 2183 2279 2238; x_wconf 81' lang='lat' dir='ltr'><strong>Cornelii</strong></span> <span class='ocrx_word' id='word_1_380' title='bbox 2307 2185 2576 2239; x_wconf 86' lang='lat' dir='ltr'><strong>scribendi</strong></span> <span class='ocrx_word' id='word_1_381' title='bbox 2608 2188 2863 2241; x_wconf 90' lang='lat' dir='ltr'><strong>methodo</strong></span> <span class='ocrx_word' id='word_1_382' title='bbox 2890 2190 3137 2259; x_wconf 83' lang='lat' dir='ltr'><strong>congruit</strong></span> <span class='ocrx_word' id='word_1_383' title='bbox 3165 2209 3178 2244; x_wconf 91' lang='lat'>:</span> <span class='ocrx_word' id='word_1_384' title='bbox 3213 2190 3301 2245; x_wconf 84' lang='lat' dir='ltr'><strong>hic</strong></span> <span class='ocrx_word' id='word_1_385' title='bbox 3340 2193 3487 2248; x_wconf 89' lang='lat' dir='ltr'><strong>enim</strong></span> <span class='ocrx_word' id='word_1_386' title='bbox 3527 2194 3651 2264; x_wconf 74' lang='lat' dir='ltr'><strong>epi~</strong></span> 
     </span>
    </p>
   </div>
   <div class='ocr_carea' id='block_1_53' title="bbox 2044 2276 3653 2355">
    <p class='ocr_par' dir='ltr' id='par_1_53' title="bbox 2044 2276 3653 2355">
     <span class='ocr_line' id='line_1_53' title="bbox 2044 2276 3653 2355; baseline 0.009 -26"><span class='ocrx_word' id='word_1_387' title='bbox 2044 2276 2213 2331; x_wconf 90' lang='lat' dir='ltr'><strong>stolas</strong></span> <span class='ocrx_word' id='word_1_388' title='bbox 2253 2291 2377 2332; x_wconf 91' lang='lat' dir='ltr'><strong>suas</strong></span> <span class='ocrx_word' id='word_1_389' title='bbox 2422 2278 2487 2333; x_wconf 91' lang='lat' dir='ltr'><strong>ad</strong></span> <span class='ocrx_word' id='word_1_390' title='bbox 2530 2276 3050 2351; x_wconf 73' lang='lat' dir='ltr'><strong>Cyprianum-datas</strong></span> <span class='ocrx_word' id='word_1_391' title='bbox 3090 2297 3210 2353; x_wconf 63' lang='lat' dir='ltr'><strong>quae</strong></span> <span class='ocrx_word' id='word_1_392' title='bbox 3251 2285 3522 2355; x_wconf 87' lang='lat' dir='ltr'><strong>etiamque</strong></span> <span class='ocrx_word' id='word_1_393' title='bbox 3557 2303 3653 2343; x_wconf 78' lang='lat' dir='ltr'><strong>ex~</strong></span> 
     </span>
    </p>
   </div>
   <div class='ocr_carea' id='block_1_54' title="bbox 2045 2372 3653 2445">
    <p class='ocr_par' dir='ltr' id='par_1_54' title="bbox 2045 2372 3653 2445">
     <span class='ocr_line' id='line_1_54' title="bbox 2045 2372 3653 2445; baseline 0.009 -22"><span class='ocrx_word' id='word_1_394' title='bbox 2045 2379 2213 2431; x_wconf 89' lang='lat' dir='ltr'><strong>stant,</strong></span> <span class='ocrx_word' id='word_1_395' title='bbox 2243 2372 2445 2426; x_wconf 75' lang='lat' dir='ltr'><strong>omisso</strong></span> <span class='ocrx_word' id='word_1_396' title='bbox 2476 2373 2752 2445; x_wconf 88' lang='lat' dir='ltr'><strong>utriusque</strong></span> <span class='ocrx_word' id='word_1_397' title='bbox 2781 2376 3123 2445; x_wconf 81' lang='lat' dir='ltr'><strong>episcopatus</strong></span> <span class='ocrx_word' id='word_1_398' title='bbox 3145 2378 3321 2445; x_wconf 88' lang='lat' dir='ltr'><strong>titulo,</strong></span> <span class='ocrx_word' id='word_1_399' title='bbox 3358 2380 3439 2434; x_wconf 88' lang='lat' dir='ltr'><strong>his</strong></span> <span class='ocrx_word' id='word_1_400' title='bbox 3474 2382 3653 2438; x_wconf 82' lang='lat' dir='ltr'><strong>verbis</strong></span> 
     </span>
    </p>
   </div>
   <div class='ocr_carea' id='block_1_55' title="bbox 2051 2462 3647 2540">
    <p class='ocr_par' dir='ltr' id='par_1_55' title="bbox 2051 2462 3647 2540">
     <span class='ocr_line' id='line_1_55' title="bbox 2051 2462 3647 2540; baseline 0.009 -24"><span class='ocrx_word' id='word_1_401' title='bbox 2051 2463 2329 2517; x_wconf 79' lang='lat' dir='ltr'><strong>exorditur</strong></span> <span class='ocrx_word' id='word_1_402' title='bbox 2361 2480 2372 2515; x_wconf 94' lang='lat'>:</span> <span class='ocrx_word' id='word_1_403' title='bbox 2411 2484 2430 2515; x_wconf 72' lang='grc' dir='ltr'><strong>ι</strong></span> <span class='ocrx_word' id='word_1_404' title='bbox 2464 2462 2750 2522; x_wconf 89' lang='lat' dir='ltr'><strong>Cornelius</strong></span> <span class='ocrx_word' id='word_1_405' title='bbox 2789 2467 3063 2538; x_wconf 87' lang='lat' dir='ltr'><strong>Cypriano</strong></span> <span class='ocrx_word' id='word_1_406' title='bbox 3110 2468 3264 2525; x_wconf 81' lang='lat' dir='ltr'><strong>fratri</strong></span> <span class='ocrx_word' id='word_1_407' title='bbox 3311 2473 3575 2540; x_wconf 86' lang='lat' dir='ltr'><strong>salutem;</strong></span> <span class='ocrx_word' id='word_1_408' title='bbox 3627 2495 3647 2529; x_wconf 75' lang='grc' dir='ltr'><strong>ι</strong></span> 
     </span>
    </p>
   </div>
   <div class='ocr_carea' id='block_1_56' title="bbox 2046 2552 3653 2634">
    <p class='ocr_par' dir='ltr' id='par_1_56' title="bbox 2046 2552 3653 2634">
     <span class='ocr_line' id='line_1_56' title="bbox 2046 2552 3653 2634; baseline 0.01 -29"><span class='ocrx_word' id='word_1_409' title='bbox 2046 2552 2190 2623; x_wconf 86' lang='lat' dir='ltr'><strong>quod</strong></span> <span class='ocrx_word' id='word_1_410' title='bbox 2253 2561 2307 2608; x_wconf 90' lang='lat' dir='ltr'><strong>et</strong></span> <span class='ocrx_word' id='word_1_411' title='bbox 2356 2552 2657 2625; x_wconf 85' lang='lat' dir='ltr'><strong>Cyprianus</strong></span> <span class='ocrx_word' id='word_1_412' title='bbox 2710 2558 2761 2611; x_wconf 87' lang='lat' dir='ltr'><strong>itt</strong></span> <span class='ocrx_word' id='word_1_413' title='bbox 2808 2559 2920 2614; x_wconf 87' lang='lat' dir='ltr'><strong>suis</strong></span> <span class='ocrx_word' id='word_1_414' title='bbox 2976 2559 3042 2614; x_wconf 89' lang='lat' dir='ltr'><strong>ad</strong></span> <span class='ocrx_word' id='word_1_415' title='bbox 3089 2558 3398 2618; x_wconf 89' lang='lat' dir='ltr'><strong>Cornelium</strong></span> <span class='ocrx_word' id='word_1_416' title='bbox 3454 2565 3653 2634; x_wconf 90' lang='lat' dir='ltr'><strong>pariter</strong></span> 
     </span>
    </p>
   </div>
   <div class='ocr_carea' id='block_1_57' title="bbox 2046 2646 2321 2701">
    <p class='ocr_par' dir='ltr' id='par_1_57' title="bbox 2046 2646 2321 2701">
     <span class='ocr_line' id='line_1_57' title="bbox 2046 2646 2321 2701; baseline 0.004 -1"><span class='ocrx_word' id='word_1_417' title='bbox 2046 2646 2321 2701; x_wconf 80' lang='lat' dir='ltr'><strong>factitavit.</strong></span> 
     </span>
    </p>
   </div>
   <div class='ocr_carea' id='block_1_58' title="bbox 2115 2737 3648 2822">
    <p class='ocr_par' dir='ltr' id='par_1_58' title="bbox 2115 2737 3648 2822">
     <span class='ocr_line' id='line_1_58' title="bbox 2115 2737 3648 2822; baseline 0.01 -28"><span class='ocrx_word' id='word_1_418' title='bbox 2115 2737 2384 2808; x_wconf 87' lang='lat' dir='ltr'><strong>Secundo,</strong></span> <span class='ocrx_word' id='word_1_419' title='bbox 2413 2738 2635 2797; x_wconf 84' lang='lat' dir='ltr'><strong>dubium</strong></span> <span class='ocrx_word' id='word_1_420' title='bbox 2666 2753 2751 2798; x_wconf 72' lang='lat' dir='ltr'><strong>e~t</strong></span> <span class='ocrx_word' id='word_1_421' title='bbox 2779 2758 2845 2798; x_wconf 91' lang='lat' dir='ltr'><strong>an</strong></span> <span class='ocrx_word' id='word_1_422' title='bbox 2892 2746 2949 2801; x_wconf 84' lang='lat' dir='ltr'><strong>S.</strong></span> <span class='ocrx_word' id='word_1_423' title='bbox 2997 2744 3306 2816; x_wconf 87' lang='lat' dir='ltr'><strong>Lupicinus,</strong></span> <span class='ocrx_word' id='word_1_424' title='bbox 3354 2752 3648 2822; x_wconf 87' lang='lat' dir='ltr'><strong>superstite</strong></span> 
     </span>
    </p>
   </div>
   <div class='ocr_carea' id='block_1_59' title="bbox 2045 2831 3651 2909">
    <p class='ocr_par' dir='ltr' id='par_1_59' title="bbox 2045 2831 3651 2909">
     <span class='ocr_line' id='line_1_59' title="bbox 2045 2831 3651 2909; baseline 0.009 -21"><span class='ocrx_word' id='word_1_425' title='bbox 2045 2831 2316 2900; x_wconf 88' lang='lat' dir='ltr'><strong>Cornelio,</strong></span> <span class='ocrx_word' id='word_1_426' title='bbox 2350 2835 2597 2889; x_wconf 66' lang='lat' dir='ltr'><strong>ecclesia:</strong></span> <span class='ocrx_word' id='word_1_427' title='bbox 2645 2835 2933 2892; x_wconf 69' lang='lat' dir='ltr'><strong>Viennensi</strong></span> <span class='ocrx_word' id='word_1_428' title='bbox 2976 2838 3087 2908; x_wconf 85' lang='lat' dir='ltr'><strong>jam</strong></span> <span class='ocrx_word' id='word_1_429' title='bbox 3119 2841 3455 2909; x_wconf 53' lang='lat' dir='ltr'><strong>praisederit.</strong></span> <span class='ocrx_word' id='word_1_430' title='bbox 3488 2846 3651 2902; x_wconf 86' lang='lat' dir='ltr'><strong>Certe</strong></span> 
     </span>
    </p>
   </div>
   <div class='ocr_carea' id='block_1_60' title="bbox 2048 2925 3652 3000">
    <p class='ocr_par' dir='ltr' id='par_1_60' title="bbox 2048 2925 3652 3000">
     <span class='ocr_line' id='line_1_60' title="bbox 2048 2925 3652 3000; baseline 0.009 -22"><span class='ocrx_word' id='word_1_431' title='bbox 2048 2925 2102 2979; x_wconf 91' lang='lat' dir='ltr'><strong>id</strong></span> <span class='ocrx_word' id='word_1_432' title='bbox 2154 2926 2206 2979; x_wconf 91' lang='lat' dir='ltr'><strong>in</strong></span> <span class='ocrx_word' id='word_1_433' title='bbox 2254 2925 2468 2981; x_wconf 89' lang='lat' dir='ltr'><strong>Baronii</strong></span> <span class='ocrx_word' id='word_1_434' title='bbox 2498 2929 2765 2983; x_wconf 65' lang='lat' dir='ltr'><strong>sententia</strong></span> <span class='ocrx_word' id='word_1_435' title='bbox 2820 2930 3111 3000; x_wconf 79' lang='lat' dir='ltr'><strong>rogandum</strong></span> <span class='ocrx_word' id='word_1_436' title='bbox 3134 2942 3257 2987; x_wconf 87' lang='lat' dir='ltr'><strong>est:</strong></span> <span class='ocrx_word' id='word_1_437' title='bbox 3298 2933 3344 2987; x_wconf 89' lang='lat' dir='ltr'><strong>is</strong></span> <span class='ocrx_word' id='word_1_438' title='bbox 3388 2936 3528 2997; x_wconf 87' lang='lat' dir='ltr'><strong>enim</strong></span> <span class='ocrx_word' id='word_1_439' title='bbox 3583 2939 3652 2992; x_wconf 84' lang='lat' dir='ltr'><strong>ad</strong></span> 
     </span>
    </p>
   </div>
   <div class='ocr_carea' id='block_1_61' title="bbox 2046 3019 3654 3097">
    <p class='ocr_par' dir='ltr' id='par_1_61' title="bbox 2046 3019 3654 3097">
     <span class='ocr_line' id='line_1_61' title="bbox 2046 3019 3654 3097; baseline 0.009 -24"><span class='ocrx_word' id='word_1_440' title='bbox 2046 3033 2247 3074; x_wconf 87' lang='lat' dir='ltr'><strong>annum</strong></span> <span class='ocrx_word' id='word_1_441' title='bbox 2278 3019 2406 3083; x_wconf 72' lang='lat'><strong>262,</strong></span> <span class='ocrx_word' id='word_1_442' title='bbox 2443 3036 2587 3077; x_wconf 89' lang='lat' dir='ltr'><strong>num.</strong></span> <span class='ocrx_word' id='word_1_443' title='bbox 2621 3022 2711 3093; x_wconf 72' lang='lat'><strong>58,</strong></span> <span class='ocrx_word' id='word_1_444' title='bbox 2753 3024 2811 3079; x_wconf 88' lang='lat' dir='ltr'><strong>S.</strong></span> <span class='ocrx_word' id='word_1_445' title='bbox 2861 3023 3226 3093; x_wconf 72' lang='lat' dir='ltr'><strong>Florentium,</strong></span> <span class='ocrx_word' id='word_1_446' title='bbox 3272 3027 3515 3097; x_wconf 88' lang='lat' dir='ltr'><strong>Lupicini</strong></span> <span class='ocrx_word' id='word_1_447' title='bbox 3558 3031 3654 3087; x_wconf 82' lang='lat' dir='ltr'><strong>de-</strong></span> 
     </span>
    </p>
   </div>
   <div class='ocr_carea' id='block_1_62' title="bbox 329 3112 3650 3195">
    <p class='ocr_par' dir='ltr' id='par_1_62' title="bbox 329 3112 3650 3195">
     <span class='ocr_line' id='line_1_62' title="bbox 329 3112 3650 3195; baseline 0.003 -22"><span class='ocrx_word' id='word_1_448' title='bbox 329 3118 382 3173; x_wconf 91' lang='lat' dir='ltr'><strong>in</strong></span> <span class='ocrx_word' id='word_1_449' title='bbox 429 3119 813 3189; x_wconf 88' lang='lat' dir='ltr'><strong>compilatione</strong></span> <span class='ocrx_word' id='word_1_450' title='bbox 862 3114 1138 3186; x_wconf 86' lang='lat' dir='ltr'><strong>Gratiani,</strong></span> <span class='ocrx_word' id='word_1_451' title='bbox 1173 3119 1244 3173; x_wconf 58' lang='grc' dir='ltr'>Ἡ</span> <span class='ocrx_word' id='word_1_452' title='bbox 1271 3164 1285 3187; x_wconf 89' lang='grc'><em>,</em></span> <span class='ocrx_word' id='word_1_453' title='bbox 1318 3112 1532 3191; x_wconf 61' lang='lat' dir='ltr'><strong>qna-st.</strong></span> <span class='ocrx_word' id='word_1_454' title='bbox 1584 3114 1641 3188; x_wconf 60' lang='grc' dir='ltr'><strong>ὃς</strong></span> <span class='ocrx_word' id='word_1_455' title='bbox 1673 3112 1723 3180; x_wconf 57' lang='lat' dir='ltr'><strong>c‘,</strong></span> <span class='ocrx_word' id='word_1_456' title='bbox 1754 3123 1843 3193; x_wconf 63' lang='grc'><strong>16,</strong></span> <span class='ocrx_word' id='word_1_457' title='bbox 1878 3126 1944 3181; x_wconf 68' lang='grc' dir='ltr'>ιιι)</span> <span class='ocrx_word' id='word_1_458' title='bbox 1971 3122 2015 3189; x_wconf 82' lang='lat' dir='ltr'><strong>C</strong></span> <span class='ocrx_word' id='word_1_459' title='bbox 2049 3126 2346 3181; x_wconf 81' lang='lat' dir='ltr'><strong>cessarem,</strong></span> <span class='ocrx_word' id='word_1_460' title='bbox 2392 3114 2493 3170; x_wconf 91' lang='lat' dir='ltr'><strong>sub</strong></span> <span class='ocrx_word' id='word_1_461' title='bbox 2542 3114 2825 3171; x_wconf 80' lang='lat' dir='ltr'><strong>Valeriano</strong></span> <span class='ocrx_word' id='word_1_462' title='bbox 2869 3132 3085 3188; x_wconf 87' lang='lat' dir='ltr'><strong>passum</strong></span> <span class='ocrx_word' id='word_1_463' title='bbox 3114 3120 3343 3186; x_wconf 88' lang='lat' dir='ltr'><strong>scribit;</strong></span> <span class='ocrx_word' id='word_1_464' title='bbox 3393 3124 3460 3178; x_wconf 92' lang='lat' dir='ltr'><strong>ad</strong></span> <span class='ocrx_word' id='word_1_465' title='bbox 3505 3127 3650 3195; x_wconf 84' lang='lat' dir='ltr'><strong>quod</strong></span> 
     </span>
    </p>
   </div>
   <div class='ocr_carea' id='block_1_63' title="bbox 330 3208 1935 3291">
    <p class='ocr_par' dir='ltr' id='par_1_63' title="bbox 330 3208 1935 3291">
     <span class='ocr_line' id='line_1_63' title="bbox 330 3208 1935 3291; baseline 0.006 -25"><span class='ocrx_word' id='word_1_466' title='bbox 330 3208 495 3267; x_wconf 86' lang='lat' dir='ltr'><strong>lvone</strong></span> <span class='ocrx_word' id='word_1_467' title='bbox 539 3219 595 3267; x_wconf 90' lang='lat' dir='ltr'><strong>et</strong></span> <span class='ocrx_word' id='word_1_468' title='bbox 631 3211 965 3280; x_wconf 89' lang='lat' dir='ltr'><strong>Burchardo,</strong></span> <span class='ocrx_word' id='word_1_469' title='bbox 995 3222 1180 3267; x_wconf 85' lang='lat' dir='ltr'><strong>sancto</strong></span> <span class='ocrx_word' id='word_1_470' title='bbox 1210 3215 1444 3284; x_wconf 87' lang='lat' dir='ltr'><strong>pontilici</strong></span> <span class='ocrx_word' id='word_1_471' title='bbox 1493 3227 1677 3273; x_wconf 89' lang='lat' dir='ltr'><strong>nostro</strong></span> <span class='ocrx_word' id='word_1_472' title='bbox 1736 3220 1935 3291; x_wconf 88' lang='lat' dir='ltr'><strong>pariter</strong></span> 
     </span>
    </p>
   </div>
   <div class='ocr_carea' id='block_1_64' title="bbox 328 3302 923 3375">
    <p class='ocr_par' dir='ltr' id='par_1_64' title="bbox 328 3302 923 3375">
     <span class='ocr_line' id='line_1_64' title="bbox 328 3302 923 3375; baseline 0.002 -17"><span class='ocrx_word' id='word_1_473' title='bbox 328 3318 616 3375; x_wconf 85' lang='lat' dir='ltr'><strong>perperam</strong></span> <span class='ocrx_word' id='word_1_474' title='bbox 648 3302 923 3365; x_wconf 82' lang='lat' dir='ltr'><strong>abscrivit.</strong></span> 
     </span>
    </p>
   </div>
   <div class='ocr_carea' id='block_1_65' title="bbox 398 3395 1933 3471">
    <p class='ocr_par' dir='ltr' id='par_1_65' title="bbox 398 3395 1933 3471">
     <span class='ocr_line' id='line_1_65' title="bbox 398 3395 1933 3471; baseline 0.002 -18"><span class='ocrx_word' id='word_1_475' title='bbox 398 3395 782 3461; x_wconf 89' lang='lat' dir='ltr'><strong>Commentitia</strong></span> <span class='ocrx_word' id='word_1_476' title='bbox 813 3396 970 3455; x_wconf 88' lang='lat' dir='ltr'><strong>etiam</strong></span> <span class='ocrx_word' id='word_1_477' title='bbox 1000 3407 1148 3454; x_wconf 87' lang='lat' dir='ltr'><strong>certe</strong></span> <span class='ocrx_word' id='word_1_478' title='bbox 1171 3406 1256 3459; x_wconf 88' lang='lat' dir='ltr'><strong>est</strong></span> <span class='ocrx_word' id='word_1_479' title='bbox 1284 3398 1384 3463; x_wconf 85' lang='lat' dir='ltr'><strong>ista</strong></span> <span class='ocrx_word' id='word_1_480' title='bbox 1414 3400 1640 3471; x_wconf 84' lang='lat' dir='ltr'><strong>epistola</strong></span> <span class='ocrx_word' id='word_1_481' title='bbox 1667 3402 1824 3459; x_wconf 87' lang='lat' dir='ltr'><strong>‘acris</strong></span> <span class='ocrx_word' id='word_1_482' title='bbox 1871 3421 1933 3462; x_wconf 83' lang='lat' dir='ltr'><strong>ac</strong></span> 
     </span>
    </p>
   </div>
   <div class='ocr_carea' id='block_1_66' title="bbox 326 3490 1928 3575">
    <p class='ocr_par' dir='ltr' id='par_1_66' title="bbox 326 3490 1928 3575">
     <span class='ocr_line' id='line_1_66' title="bbox 326 3490 1928 3575; baseline 0.004 -28"><span class='ocrx_word' id='word_1_483' title='bbox 326 3491 647 3559; x_wconf 80' lang='lat' dir='ltr'><strong>vehemens,</strong></span> <span class='ocrx_word' id='word_1_484' title='bbox 697 3500 971 3575; x_wconf 18' lang='lat' dir='ltr'><strong>quae-pou</strong></span> <span class='ocrx_word' id='word_1_485' title='bbox 993 3490 1338 3567; x_wconf 88' lang='lat' dir='ltr'><strong>Cyprianicas</strong></span> <span class='ocrx_word' id='word_1_486' title='bbox 1364 3496 1415 3549; x_wconf 88' lang='lat' dir='ltr'><strong>in</strong></span> <span class='ocrx_word' id='word_1_487' title='bbox 1448 3495 1683 3553; x_wconf 80' lang='lat' dir='ltr'><strong>editione</strong></span> <span class='ocrx_word' id='word_1_488' title='bbox 1706 3497 1928 3567; x_wconf 81' lang='lat' dir='ltr'><strong>V&#39;e&#39;neta,</strong></span> 
     </span>
    </p>
   </div>
   <div class='ocr_carea' id='block_1_67' title="bbox 328 3569 1928 3669">
    <p class='ocr_par' dir='ltr' id='par_1_67' title="bbox 328 3569 1928 3669">
     <span class='ocr_line' id='line_1_67' title="bbox 328 3569 1928 3669; baseline 0.007 -32"><span class='ocrx_word' id='word_1_489' title='bbox 328 3597 429 3658; x_wconf 88' lang='lat' dir='ltr'><strong>qna</strong></span> <span class='ocrx_word' id='word_1_490' title='bbox 461 3578 685 3669; x_wconf 76' lang='lat' dir='ltr'><strong>utimur,</strong></span> <span class='ocrx_word' id='word_1_491' title='bbox 704 3569 977 3653; x_wconf 19' lang='lat' dir='ltr'><strong>Icol..305,</strong></span> <span class='ocrx_word' id='word_1_492' title='bbox 1022 3584 1162 3669; x_wconf 82' lang='lat' dir='ltr'><strong>inter</strong></span> <span class='ocrx_word' id='word_1_493' title='bbox 1186 3585 1396 3669; x_wconf 83' lang='lat' dir='ltr'><strong>dubias,</strong></span> <span class='ocrx_word' id='word_1_494' title='bbox 1419 3589 1697 3658; x_wconf 88' lang='lat' dir='ltr'><strong>recitatur,</strong></span> <span class='ocrx_word' id='word_1_495' title='bbox 1719 3590 1862 3669; x_wconf 75' lang='lat' dir='ltr'><strong>velut</strong></span> <span class='ocrx_word' id='word_1_496' title='bbox 1900 3608 1928 3647; x_wconf 87' lang='lat' dir='ltr'><strong>a</strong></span> 
     </span>
    </p>
   </div>
   <div class='ocr_carea' id='block_1_68' title="bbox 326 3662 1928 3755">
    <p class='ocr_par' dir='ltr' id='par_1_68' title="bbox 326 3662 1928 3755">
     <span class='ocr_line' id='line_1_68' title="bbox 326 3662 1928 3755; baseline 0.008 -23"><span class='ocrx_word' id='word_1_497' title='bbox 326 3668 585 3734; x_wconf 82' lang='lat' dir='ltr'><strong>Cornelio</strong></span> <span class='ocrx_word' id='word_1_498' title='bbox 613 3662 677 3733; x_wconf 65' lang='lat' dir='ltr'><strong>ait</strong></span> <span class='ocrx_word' id='word_1_499' title='bbox 708 3662 1133 3749; x_wconf 38' lang='lat' dir='ltr'><strong>Cyprianum&#39;de</strong></span> <span class='ocrx_word' id='word_1_500' title='bbox 1173 3668 1289 3736; x_wconf 89' lang='lat' dir='ltr'><strong>non</strong></span> <span class='ocrx_word' id='word_1_501' title='bbox 1323 3662 1717 3755; x_wconf 77' lang='lat' dir='ltr'><strong>rebaptizandis</strong></span> <span class='ocrx_word' id='word_1_502' title='bbox 1749 3662 1928 3751; x_wconf 70' lang='lat' dir='ltr'><strong>lbere-</strong></span> 
     </span>
    </p>
   </div>
   <div class='ocr_carea' id='block_1_69' title="bbox 325 3769 1928 3841">
    <p class='ocr_par' dir='ltr' id='par_1_69' title="bbox 325 3769 1928 3841">
     <span class='ocr_line' id='line_1_69' title="bbox 325 3769 1928 3841; baseline 0.006 -16"><span class='ocrx_word' id='word_1_503' title='bbox 325 3769 447 3826; x_wconf 91' lang='lat' dir='ltr'><strong>ticis</strong></span> <span class='ocrx_word' id='word_1_504' title='bbox 497 3770 642 3841; x_wconf 78' lang='lat' dir='ltr'><strong>data.</strong></span> <span class='ocrx_word' id='word_1_505' title='bbox 689 3769 912 3839; x_wconf 79' lang='lat' dir='ltr'><strong>Constat</strong></span> <span class='ocrx_word' id='word_1_506' title='bbox 978 3773 1120 3829; x_wconf 89' lang='lat' dir='ltr'><strong>enim</strong></span> <span class='ocrx_word' id='word_1_507' title='bbox 1172 3773 1310 3839; x_wconf 78' lang='lat' dir='ltr'><strong>hanc</strong></span> <span class='ocrx_word' id='word_1_508' title='bbox 1361 3778 1780 3841; x_wconf 85' lang='lat' dir='ltr'><strong>controversiam</strong></span> <span class='ocrx_word' id='word_1_509' title='bbox 1828 3780 1928 3835; x_wconf 91' lang='lat' dir='ltr'><strong>sub</strong></span> 
     </span>
    </p>
   </div>
   <div class='ocr_carea' id='block_1_70' title="bbox 323 3864 1926 3939">
    <p class='ocr_par' dir='ltr' id='par_1_70' title="bbox 323 3864 1926 3939">
     <span class='ocr_line' id='line_1_70' title="bbox 323 3864 1926 3939; baseline 0.005 -18"><span class='ocrx_word' id='word_1_510' title='bbox 323 3864 583 3922; x_wconf 89' lang='lat' dir='ltr'><strong>Cornelio</strong></span> <span class='ocrx_word' id='word_1_511' title='bbox 623 3867 872 3938; x_wconf 83' lang='lat' dir='ltr'><strong>agitatam</strong></span> <span class='ocrx_word' id='word_1_512' title='bbox 918 3883 1026 3922; x_wconf 87' lang='lat' dir='ltr'><strong>non</strong></span> <span class='ocrx_word' id='word_1_513' title='bbox 1052 3868 1248 3935; x_wconf 80' lang='lat' dir='ltr'><strong>fuisse,</strong></span> <span class='ocrx_word' id='word_1_514' title='bbox 1282 3868 1376 3924; x_wconf 90' lang='lat' dir='ltr'><strong>sed</strong></span> <span class='ocrx_word' id='word_1_515' title='bbox 1421 3869 1744 3939; x_wconf 81' lang='lat' dir='ltr'><strong>Cyprianum</strong></span> <span class='ocrx_word' id='word_1_516' title='bbox 1788 3874 1926 3929; x_wconf 81' lang='lat' dir='ltr'><strong>inter</strong></span> 
     </span>
    </p>
   </div>
   <div class='ocr_carea' id='block_1_71' title="bbox 323 3959 1926 4035">
    <p class='ocr_par' dir='ltr' id='par_1_71' title="bbox 323 3959 1926 4035">
     <span class='ocr_line' id='line_1_71' title="bbox 323 3959 1926 4035; baseline 0.005 -23"><span class='ocrx_word' id='word_1_517' title='bbox 323 3972 389 4014; x_wconf 87' lang='lat' dir='ltr'><strong>ac</strong></span> <span class='ocrx_word' id='word_1_518' title='bbox 414 3959 770 4031; x_wconf 87' lang='lat' dir='ltr'><strong>Stephanum,</strong></span> <span class='ocrx_word' id='word_1_519' title='bbox 806 3959 948 4015; x_wconf 89' lang='lat' dir='ltr'><strong>illius</strong></span> <span class='ocrx_word' id='word_1_520' title='bbox 988 3970 1106 4030; x_wconf 90' lang='lat' dir='ltr'><strong>post</strong></span> <span class='ocrx_word' id='word_1_521' title='bbox 1135 3960 1357 4016; x_wconf 90' lang='lat' dir='ltr'><strong>Lucium</strong></span> <span class='ocrx_word' id='word_1_522' title='bbox 1385 3960 1777 4031; x_wconf 81' lang='lat' dir='ltr'><strong>successorem,</strong></span> <span class='ocrx_word' id='word_1_523' title='bbox 1814 3968 1926 4035; x_wconf 90' lang='lat' dir='ltr'><strong>pri-</strong></span> 
     </span>
    </p>
   </div>
   <div class='ocr_carea' id='block_1_72' title="bbox 325 4050 1925 4130">
    <p class='ocr_par' dir='ltr' id='par_1_72' title="bbox 325 4050 1925 4130">
     <span class='ocr_line' id='line_1_72' title="bbox 325 4050 1925 4130; baseline 0.005 -24"><span class='ocrx_word' id='word_1_524' title='bbox 325 4066 477 4130; x_wconf 78' lang='lat' dir='ltr'><strong>mum</strong></span> <span class='ocrx_word' id='word_1_525' title='bbox 506 4053 679 4130; x_wconf 76' lang='lat' dir='ltr'><strong>ortam</strong></span> <span class='ocrx_word' id='word_1_526' title='bbox 707 4050 902 4120; x_wconf 79' lang='lat' dir='ltr'><strong>fuisse;</strong></span> <span class='ocrx_word' id='word_1_527' title='bbox 938 4064 1145 4108; x_wconf 88' lang='lat' dir='ltr'><strong>constat</strong></span> <span class='ocrx_word' id='word_1_528' title='bbox 1177 4070 1389 4127; x_wconf 89' lang='lat' dir='ltr'><strong>quoque</strong></span> <span class='ocrx_word' id='word_1_529' title='bbox 1414 4052 1678 4112; x_wconf 80' lang='lat' dir='ltr'><strong>summam</strong></span> <span class='ocrx_word' id='word_1_530' title='bbox 1712 4075 1925 4130; x_wconf 82' lang='lat' dir='ltr'><strong>semper</strong></span> 
     </span>
    </p>
   </div>
   <div class='ocr_carea' id='block_1_73' title="bbox 325 4122 1922 4227">
    <p class='ocr_par' dir='ltr' id='par_1_73' title="bbox 325 4122 1922 4227">
     <span class='ocr_line' id='line_1_73' title="bbox 325 4122 1922 4227; baseline 0.004 -24"><span class='ocrx_word' id='word_1_531' title='bbox 325 4122 741 4227; x_wconf 71' lang='lat' dir='ltr'><strong>consensionem</strong></span> <span class='ocrx_word' id='word_1_532' title='bbox 782 4142 1089 4206; x_wconf 85' lang='lat' dir='ltr'><strong>Cornelium</strong></span> <span class='ocrx_word' id='word_1_533' title='bbox 1136 4132 1279 4206; x_wconf 81' lang='lat' dir='ltr'><strong>inter</strong></span> <span class='ocrx_word' id='word_1_534' title='bbox 1307 4161 1359 4208; x_wconf 90' lang='lat' dir='ltr'><strong>et</strong></span> <span class='ocrx_word' id='word_1_535' title='bbox 1398 4148 1719 4224; x_wconf 72' lang='lat' dir='ltr'><strong>Cyprianum</strong></span> <span class='ocrx_word' id='word_1_536' title='bbox 1759 4154 1922 4210; x_wconf 83' lang='lat' dir='ltr'><strong>inter-</strong></span> 
     </span>
    </p>
   </div>
   <div class='ocr_carea' id='block_1_74' title="bbox 321 4241 683 4315">
    <p class='ocr_par' dir='ltr' id='par_1_74' title="bbox 321 4241 683 4315">
     <span class='ocr_line' id='line_1_74' title="bbox 321 4241 683 4315; baseline -0.006 -15"><span class='ocrx_word' id='word_1_537' title='bbox 321 4244 558 4300; x_wconf 77' lang='lat' dir='ltr'><strong>cessisse</strong></span> <span class='ocrx_word' id='word_1_538' title='bbox 580 4241 683 4315; x_wconf 70' lang='lat'><strong>(2).</strong></span> 
     </span>
    </p>
   </div>
   <div class='ocr_carea' id='block_1_75' title="bbox 395 4333 1922 4419">
    <p class='ocr_par' dir='ltr' id='par_1_75' title="bbox 395 4333 1922 4419">
     <span class='ocr_line' id='line_1_75' title="bbox 395 4333 1922 4419; baseline 0.004 -28"><span class='ocrx_word' id='word_1_539' title='bbox 395 4333 494 4391; x_wconf 83' lang='lat' dir='ltr'><strong>Xl.</strong></span> <span class='ocrx_word' id='word_1_540' title='bbox 528 4335 999 4419; x_wconf 80' lang='lat' dir='ltr'><strong>Eminentissimns</strong></span> <span class='ocrx_word' id='word_1_541' title='bbox 1021 4337 1678 4419; x_wconf 80' lang='lat' dir='ltr'><strong>RobcrtusBeliarminus,</strong></span> <span class='ocrx_word' id='word_1_542' title='bbox 1701 4339 1837 4413; x_wconf 84' lang='lat' dir='ltr'><strong>libro</strong></span> <span class='ocrx_word' id='word_1_543' title='bbox 1856 4341 1922 4397; x_wconf 89' lang='lat' dir='ltr'><strong>dc</strong></span> 
     </span>
    </p>
   </div>
   <div class='ocr_carea' id='block_1_76' title="bbox 323 4412 1922 4511">
    <p class='ocr_par' dir='ltr' id='par_1_76' title="bbox 323 4412 1922 4511">
     <span class='ocr_line' id='line_1_76' title="bbox 323 4412 1922 4511; baseline 0.002 -25"><span class='ocrx_word' id='word_1_544' title='bbox 323 4416 693 4511; x_wconf 85' lang='lat' dir='ltr'><strong>Scriptoribus</strong></span> <span class='ocrx_word' id='word_1_545' title='bbox 714 4412 1091 4511; x_wconf 66' lang='lat' dir='ltr'><strong>ecclesiasticis</strong></span> <span class='ocrx_word' id='word_1_546' title='bbox 1120 4412 1171 4485; x_wconf 83' lang='lat' dir='ltr'><strong>in</strong></span> <span class='ocrx_word' id='word_1_547' title='bbox 1203 4431 1257 4505; x_wconf 80' lang='lat' dir='ltr'><strong>S.</strong></span> <span class='ocrx_word' id='word_1_548' title='bbox 1282 4424 1531 4509; x_wconf 65' lang='lat' dir='ltr'><strong>Cornelio</strong></span> <span class='ocrx_word' id='word_1_549' title='bbox 1551 4412 1774 4490; x_wconf 86' lang='lat' dir='ltr'><strong>alterius</strong></span> <span class='ocrx_word' id='word_1_550' title='bbox 1804 4451 1922 4511; x_wconf 84' lang='lat' dir='ltr'><strong>pcr-</strong></span> 
     </span>
    </p>
   </div>
   <div class='ocr_carea' id='block_1_77' title="bbox 2041 3206 3647 3277">
    <p class='ocr_par' dir='ltr' id='par_1_77' title="bbox 2041 3206 3647 3277">
     <span class='ocr_line' id='line_1_77' title="bbox 2041 3206 3647 3277; baseline 0.007 -15"><span class='ocrx_word' id='word_1_551' title='bbox 2041 3206 2516 3262; x_wconf 87' lang='lat' dir='ltr'><strong>Emineutissimus</strong></span> <span class='ocrx_word' id='word_1_552' title='bbox 2547 3208 2824 3263; x_wconf 85' lang='lat' dir='ltr'><strong>Annalista</strong></span> <span class='ocrx_word' id='word_1_553' title='bbox 2855 3224 2958 3263; x_wconf 91' lang='lat' dir='ltr'><strong>non</strong></span> <span class='ocrx_word' id='word_1_554' title='bbox 2986 3209 3249 3277; x_wconf 85' lang='lat' dir='ltr'><strong>advertit,</strong></span> <span class='ocrx_word' id='word_1_555' title='bbox 3281 3213 3407 3269; x_wconf 90' lang='lat' dir='ltr'><strong>dum</strong></span> <span class='ocrx_word' id='word_1_556' title='bbox 3437 3232 3647 3273; x_wconf 83' lang='lat' dir='ltr'><strong>memo-</strong></span> 
     </span>
    </p>
   </div>
   <div class='ocr_carea' id='block_1_78' title="bbox 2040 3298 3645 3370">
    <p class='ocr_par' dir='ltr' id='par_1_78' title="bbox 2040 3298 3645 3370">
     <span class='ocr_line' id='line_1_78' title="bbox 2040 3298 3645 3370; baseline 0.006 -14"><span class='ocrx_word' id='word_1_557' title='bbox 2040 3310 2212 3356; x_wconf 87' lang='lat' dir='ltr'><strong>ratam</strong></span> <span class='ocrx_word' id='word_1_558' title='bbox 2242 3299 2538 3369; x_wconf 79' lang='lat' dir='ltr'><strong>Epistulam</strong></span> <span class='ocrx_word' id='word_1_559' title='bbox 2571 3299 2808 3367; x_wconf 87' lang='lat' dir='ltr'><strong>admisit,</strong></span> <span class='ocrx_word' id='word_1_560' title='bbox 2841 3301 2923 3357; x_wconf 88' lang='lat' dir='ltr'><strong>vel</strong></span> <span class='ocrx_word' id='word_1_561' title='bbox 2947 3298 3153 3370; x_wconf 86' lang='lat' dir='ltr'><strong>contra,</strong></span> <span class='ocrx_word' id='word_1_562' title='bbox 3185 3303 3314 3361; x_wconf 91' lang='lat' dir='ltr'><strong>dum</strong></span> <span class='ocrx_word' id='word_1_563' title='bbox 3344 3306 3486 3363; x_wconf 91' lang='lat' dir='ltr'><strong>illius</strong></span> <span class='ocrx_word' id='word_1_564' title='bbox 3508 3325 3645 3365; x_wconf 88' lang='lat' dir='ltr'><strong>mar-</strong></span> 
     </span>
    </p>
   </div>
   <div class='ocr_carea' id='block_1_79' title="bbox 2040 3393 3645 3465">
    <p class='ocr_par' dir='ltr' id='par_1_79' title="bbox 2040 3393 3645 3465">
     <span class='ocr_line' id='line_1_79' title="bbox 2040 3393 3645 3465; baseline 0.007 -18"><span class='ocrx_word' id='word_1_565' title='bbox 2040 3395 2238 3465; x_wconf 83' lang='lat' dir='ltr'><strong>tyrium</strong></span> <span class='ocrx_word' id='word_1_566' title='bbox 2299 3401 2410 3448; x_wconf 91' lang='lat' dir='ltr'><strong>tam</strong></span> <span class='ocrx_word' id='word_1_567' title='bbox 2469 3407 2594 3447; x_wconf 83' lang='lat' dir='ltr'><strong>sero</strong></span> <span class='ocrx_word' id='word_1_568' title='bbox 2641 3393 2947 3449; x_wconf 81' lang='lat' dir='ltr'><strong>collocavit.</strong></span> <span class='ocrx_word' id='word_1_569' title='bbox 3001 3393 3274 3452; x_wconf 89' lang='lat' dir='ltr'><strong>Laudatus</strong></span> <span class='ocrx_word' id='word_1_570' title='bbox 3320 3397 3556 3457; x_wconf 83' lang='lat' dir='ltr'><strong>Joannes</strong></span> <span class='ocrx_word' id='word_1_571' title='bbox 3615 3420 3645 3459; x_wconf 89' lang='lat' dir='ltr'><strong>a</strong></span> 
     </span>
    </p>
   </div>
   <div class='ocr_carea' id='block_1_80' title="bbox 2038 3484 3647 3565">
    <p class='ocr_par' dir='ltr' id='par_1_80' title="bbox 2038 3484 3647 3565">
     <span class='ocr_line' id='line_1_80' title="bbox 2038 3484 3647 3565; baseline 0.007 -24"><span class='ocrx_word' id='word_1_572' title='bbox 2038 3484 2213 3541; x_wconf 88' lang='lat' dir='ltr'><strong>Bosco</strong></span> <span class='ocrx_word' id='word_1_573' title='bbox 2252 3484 2321 3541; x_wconf 90' lang='lat' dir='ltr'><strong>de</strong></span> <span class='ocrx_word' id='word_1_574' title='bbox 2363 3484 2553 3541; x_wconf 90' lang='lat' dir='ltr'><strong>eodem</strong></span> <span class='ocrx_word' id='word_1_575' title='bbox 2608 3484 2666 3543; x_wconf 86' lang='lat' dir='ltr'><strong>S.</strong></span> <span class='ocrx_word' id='word_1_576' title='bbox 2717 3484 2991 3543; x_wconf 83' lang='lat' dir='ltr'><strong>Florentio</strong></span> <span class='ocrx_word' id='word_1_577' title='bbox 3030 3488 3109 3542; x_wconf 91' lang='lat' dir='ltr'><strong>sic</strong></span> <span class='ocrx_word' id='word_1_578' title='bbox 3148 3488 3265 3544; x_wconf 87' lang='lat' dir='ltr'><strong>ait:</strong></span> <span class='ocrx_word' id='word_1_579' title='bbox 3314 3510 3333 3543; x_wconf 75' lang='grc' dir='ltr'><strong>ι</strong></span> <span class='ocrx_word' id='word_1_580' title='bbox 3382 3493 3647 3565; x_wconf 79' lang='lat' dir='ltr'><strong>Tempora</strong></span> 
     </span>
    </p>
   </div>
   <div class='ocr_carea' id='block_1_81' title="bbox 2040 3566 3648 3647">
    <p class='ocr_par' dir='ltr' id='par_1_81' title="bbox 2040 3566 3648 3647">
     <span class='ocr_line' id='line_1_81' title="bbox 2040 3566 3648 3647; baseline 0.003 -10"><span class='ocrx_word' id='word_1_581' title='bbox 2040 3566 2341 3645; x_wconf 85' lang='lat' dir='ltr'><strong>Gordiani,</strong></span> <span class='ocrx_word' id='word_1_582' title='bbox 2376 3578 2641 3647; x_wconf 87' lang='lat' dir='ltr'><strong>Philippi,</strong></span> <span class='ocrx_word' id='word_1_583' title='bbox 2670 3578 2849 3645; x_wconf 88' lang='lat' dir='ltr'><strong>Decii,</strong></span> <span class='ocrx_word' id='word_1_584' title='bbox 2881 3579 3020 3635; x_wconf 79' lang='lat' dir='ltr'><strong>Galli</strong></span> <span class='ocrx_word' id='word_1_585' title='bbox 3043 3621 3057 3644; x_wconf 88' lang='lat'><strong>,</strong></span> <span class='ocrx_word' id='word_1_586' title='bbox 3086 3589 3142 3637; x_wconf 93' lang='lat' dir='ltr'><strong>et</strong></span> <span class='ocrx_word' id='word_1_587' title='bbox 3165 3580 3437 3640; x_wconf 76' lang='lat' dir='ltr'><strong>Volusiani</strong></span> <span class='ocrx_word' id='word_1_588' title='bbox 3482 3586 3648 3643; x_wconf 83' lang='lat' dir='ltr'><strong>decu-</strong></span> 
     </span>
    </p>
   </div>
   <div class='ocr_carea' id='block_1_82' title="bbox 2034 3674 3644 3744">
    <p class='ocr_par' dir='ltr' id='par_1_82' title="bbox 2034 3674 3644 3744">
     <span class='ocr_line' id='line_1_82' title="bbox 2034 3674 3644 3744; baseline 0.005 -14"><span class='ocrx_word' id='word_1_589' title='bbox 2034 3676 2240 3731; x_wconf 88' lang='lat' dir='ltr'><strong>currit:</strong></span> <span class='ocrx_word' id='word_1_590' title='bbox 2284 3694 2302 3727; x_wconf 72' lang='grc' dir='ltr'><strong>ι</strong></span> <span class='ocrx_word' id='word_1_591' title='bbox 2339 3674 2412 3729; x_wconf 90' lang='lat' dir='ltr'><strong>De</strong></span> <span class='ocrx_word' id='word_1_592' title='bbox 2434 3674 2695 3743; x_wconf 82' lang='lat' dir='ltr'><strong>Lupicino</strong></span> <span class='ocrx_word' id='word_1_593' title='bbox 2717 3683 2894 3729; x_wconf 88' lang='lat' dir='ltr'><strong>autem</strong></span> <span class='ocrx_word' id='word_1_594' title='bbox 2922 3692 2936 3729; x_wconf 91' lang='lat'><strong>:</strong></span> <span class='ocrx_word' id='word_1_595' title='bbox 2964 3694 2983 3726; x_wconf 72' lang='grc' dir='ltr'>ί</span> <span class='ocrx_word' id='word_1_596' title='bbox 3020 3674 3124 3744; x_wconf 68' lang='lat' dir='ltr'><strong>Ipsi</strong></span> <span class='ocrx_word' id='word_1_597' title='bbox 3147 3679 3409 3734; x_wconf 87' lang='lat' dir='ltr'><strong>successit</strong></span> <span class='ocrx_word' id='word_1_598' title='bbox 3435 3679 3493 3734; x_wconf 88' lang='grc' dir='ltr'><strong>Β.</strong></span> <span class='ocrx_word' id='word_1_599' title='bbox 3532 3680 3644 3738; x_wconf 88' lang='lat' dir='ltr'><strong>Lu-</strong></span> 
     </span>
    </p>
   </div>
   <div class='ocr_carea' id='block_1_83' title="bbox 2033 3767 3644 3842">
    <p class='ocr_par' dir='ltr' id='par_1_83' title="bbox 2033 3767 3644 3842">
     <span class='ocr_line' id='line_1_83' title="bbox 2033 3767 3644 3842; baseline 0.002 -15"><span class='ocrx_word' id='word_1_600' title='bbox 2033 3772 2100 3842; x_wconf 74' lang='lat' dir='ltr'><strong>pit</strong></span> <span class='ocrx_word' id='word_1_601' title='bbox 2120 3773 2240 3827; x_wconf 88' lang='lat' dir='ltr'><strong>inus</strong></span> <span class='ocrx_word' id='word_1_602' title='bbox 2285 3779 2506 3842; x_wconf 83' lang='lat' dir='ltr'><strong>martyr,</strong></span> <span class='ocrx_word' id='word_1_603' title='bbox 2539 3770 2627 3839; x_wconf 90' lang='lat' dir='ltr'><strong>qui</strong></span> <span class='ocrx_word' id='word_1_604' title='bbox 2674 3767 2997 3825; x_wconf 86' lang='lat' dir='ltr'><strong>Cathedram</strong></span> <span class='ocrx_word' id='word_1_605' title='bbox 3029 3770 3198 3834; x_wconf 70' lang='lat' dir='ltr'><strong>rexit,</strong></span> <span class='ocrx_word' id='word_1_606' title='bbox 3248 3769 3372 3825; x_wconf 91' lang='lat' dir='ltr'><strong>dum</strong></span> <span class='ocrx_word' id='word_1_607' title='bbox 3403 3772 3644 3830; x_wconf 79' lang='lat' dir='ltr'><strong>Valeria-</strong></span> 
     </span>
    </p>
   </div>
   <div class='ocr_carea' id='block_1_84' title="bbox 2032 3854 3642 3925">
    <p class='ocr_par' dir='ltr' id='par_1_84' title="bbox 2032 3854 3642 3925">
     <span class='ocr_line' id='line_1_84' title="bbox 2032 3854 3642 3925; baseline 0.002 -4"><span class='ocrx_word' id='word_1_608' title='bbox 2032 3882 2133 3921; x_wconf 89' lang='lat' dir='ltr'><strong>nus</strong></span> <span class='ocrx_word' id='word_1_609' title='bbox 2155 3876 2207 3920; x_wconf 89' lang='lat' dir='ltr'><strong>et</strong></span> <span class='ocrx_word' id='word_1_610' title='bbox 2233 3854 2511 3920; x_wconf 87' lang='lat' dir='ltr'><strong>Gallienus</strong></span> <span class='ocrx_word' id='word_1_611' title='bbox 2533 3862 2853 3918; x_wconf 87' lang='lat' dir='ltr'><strong>inhumanis</strong></span> <span class='ocrx_word' id='word_1_612' title='bbox 2885 3862 3170 3917; x_wconf 83' lang='lat' dir='ltr'><strong>debebant.</strong></span> <span class='ocrx_word' id='word_1_613' title='bbox 3211 3882 3229 3914; x_wconf 80' lang='grc' dir='ltr'><strong>ι</strong></span> <span class='ocrx_word' id='word_1_614' title='bbox 3259 3863 3456 3919; x_wconf 85' lang='lat' dir='ltr'><strong>Eadem</strong></span> <span class='ocrx_word' id='word_1_615' title='bbox 3483 3866 3642 3925; x_wconf 86' lang='lat' dir='ltr'><strong>habet</strong></span> 
     </span>
    </p>
   </div>
   <div class='ocr_carea' id='block_1_85' title="bbox 2029 3955 3637 4027">
    <p class='ocr_par' dir='ltr' id='par_1_85' title="bbox 2029 3955 3637 4027">
     <span class='ocr_line' id='line_1_85' title="bbox 2029 3955 3637 4027; baseline 0.002 -13"><span class='ocrx_word' id='word_1_616' title='bbox 2029 3957 2262 4014; x_wconf 76' lang='lat' dir='ltr'><strong>Joannes</strong></span> <span class='ocrx_word' id='word_1_617' title='bbox 2289 3956 2476 4012; x_wconf 89' lang='lat' dir='ltr'><strong>Chenu</strong></span> <span class='ocrx_word' id='word_1_618' title='bbox 2517 3957 2570 4011; x_wconf 89' lang='lat' dir='ltr'><strong>in</strong></span> <span class='ocrx_word' id='word_1_619' title='bbox 2612 3957 3015 4026; x_wconf 85' lang='lat' dir='ltr'><strong>episcopalibus</strong></span> <span class='ocrx_word' id='word_1_620' title='bbox 3066 3955 3276 4013; x_wconf 62' lang='lat' dir='ltr'><strong>Galliae.</strong></span> <span class='ocrx_word' id='word_1_621' title='bbox 3328 3957 3637 4027; x_wconf 83' lang='lat' dir='ltr'><strong>Quinimmo</strong></span> 
     </span>
    </p>
   </div>
   <div class='ocr_carea' id='block_1_86' title="bbox 2029 4042 3636 4123">
    <p class='ocr_par' dir='ltr' id='par_1_86' title="bbox 2029 4042 3636 4123">
     <span class='ocr_line' id='line_1_86' title="bbox 2029 4042 3636 4123; baseline 0.004 -18"><span class='ocrx_word' id='word_1_622' title='bbox 2029 4048 2375 4106; x_wconf 87' lang='lat' dir='ltr'><strong>Tillemontio</strong></span> <span class='ocrx_word' id='word_1_623' title='bbox 2402 4042 2481 4120; x_wconf 76' lang='grc' dir='ltr'><strong>(ι)</strong></span> <span class='ocrx_word' id='word_1_624' title='bbox 2512 4048 2668 4103; x_wconf 88' lang='lat' dir='ltr'><strong>valde</strong></span> <span class='ocrx_word' id='word_1_625' title='bbox 2697 4049 2971 4116; x_wconf 88' lang='lat' dir='ltr'><strong>probabile</strong></span> <span class='ocrx_word' id='word_1_626' title='bbox 2993 4049 3162 4104; x_wconf 84' lang='lat' dir='ltr'><strong>visunt</strong></span> <span class='ocrx_word' id='word_1_627' title='bbox 3191 4059 3295 4117; x_wconf 87' lang='lat' dir='ltr'><strong>est,</strong></span> <span class='ocrx_word' id='word_1_628' title='bbox 3318 4050 3636 4123; x_wconf 89' lang='lat' dir='ltr'><strong>Lupicinum</strong></span> 
     </span>
    </p>
   </div>
   <div class='ocr_carea' id='block_1_87' title="bbox 2027 4145 3633 4217">
    <p class='ocr_par' dir='ltr' id='par_1_87' title="bbox 2027 4145 3633 4217">
     <span class='ocr_line' id='line_1_87' title="bbox 2027 4145 3633 4217; baseline 0 -13"><span class='ocrx_word' id='word_1_629' title='bbox 2027 4164 2133 4204; x_wconf 90' lang='lat' dir='ltr'><strong>non</strong></span> <span class='ocrx_word' id='word_1_630' title='bbox 2178 4149 2277 4202; x_wconf 88' lang='lat' dir='ltr'><strong>nisi</strong></span> <span class='ocrx_word' id='word_1_631' title='bbox 2320 4156 2440 4217; x_wconf 86' lang='lat' dir='ltr'><strong>post</strong></span> <span class='ocrx_word' id='word_1_632' title='bbox 2484 4161 2681 4200; x_wconf 89' lang='lat' dir='ltr'><strong>annum</strong></span> <span class='ocrx_word' id='word_1_633' title='bbox 2710 4145 2847 4208; x_wconf 73' lang='grc'>374,</span> <span class='ocrx_word' id='word_1_634' title='bbox 2898 4145 3042 4199; x_wconf 89' lang='lat' dir='ltr'><strong>illam</strong></span> <span class='ocrx_word' id='word_1_635' title='bbox 3089 4148 3273 4203; x_wconf 88' lang='lat' dir='ltr'><strong>sedem</strong></span> <span class='ocrx_word' id='word_1_636' title='bbox 3318 4150 3633 4207; x_wconf 87' lang='lat' dir='ltr'><strong>obtinuisse.</strong></span> 
     </span>
    </p>
   </div>
   <div class='ocr_carea' id='block_1_88' title="bbox 2026 4237 3631 4312">
    <p class='ocr_par' dir='ltr' id='par_1_88' title="bbox 2026 4237 3631 4312">
     <span class='ocr_line' id='line_1_88' title="bbox 2026 4237 3631 4312; baseline -0.001 -14"><span class='ocrx_word' id='word_1_637' title='bbox 2026 4241 2211 4299; x_wconf 84' lang='lat' dir='ltr'><strong>Tertio</strong></span> <span class='ocrx_word' id='word_1_638' title='bbox 2238 4243 2318 4296; x_wconf 88' lang='lat' dir='ltr'><strong>vel</strong></span> <span class='ocrx_word' id='word_1_639' title='bbox 2343 4241 2457 4312; x_wconf 78' lang='lat' dir='ltr'><strong>ipsa</strong></span> <span class='ocrx_word' id='word_1_640' title='bbox 2485 4238 2711 4309; x_wconf 85' lang='lat' dir='ltr'><strong>epistola</strong></span> <span class='ocrx_word' id='word_1_641' title='bbox 2744 4237 2835 4291; x_wconf 89' lang='lat' dir='ltr'><strong>illa</strong></span> <span class='ocrx_word' id='word_1_642' title='bbox 2863 4238 3061 4306; x_wconf 90' lang='lat' dir='ltr'><strong>scripta</strong></span> <span class='ocrx_word' id='word_1_643' title='bbox 3091 4248 3176 4294; x_wconf 90' lang='lat' dir='ltr'><strong>est</strong></span> <span class='ocrx_word' id='word_1_644' title='bbox 3223 4251 3341 4310; x_wconf 90' lang='lat' dir='ltr'><strong>post</strong></span> <span class='ocrx_word' id='word_1_645' title='bbox 3379 4242 3596 4297; x_wconf 90' lang='lat' dir='ltr'><strong>Decium</strong></span> <span class='ocrx_word' id='word_1_646' title='bbox 3615 4286 3631 4309; x_wconf 93' lang='lat'><strong>,</strong></span> 
     </span>
    </p>
   </div>
   <div class='ocr_carea' id='block_1_89' title="bbox 2026 4327 3632 4404">
    <p class='ocr_par' dir='ltr' id='par_1_89' title="bbox 2026 4327 3632 4404">
     <span class='ocr_line' id='line_1_89' title="bbox 2026 4327 3632 4404; baseline 0 -15"><span class='ocrx_word' id='word_1_647' title='bbox 2026 4346 2185 4401; x_wconf 83' lang='lat' dir='ltr'><strong>ante,</strong></span> <span class='ocrx_word' id='word_1_648' title='bbox 2238 4334 2321 4389; x_wconf 92' lang='lat' dir='ltr'><strong>vel</strong></span> <span class='ocrx_word' id='word_1_649' title='bbox 2373 4340 2493 4404; x_wconf 88' lang='lat' dir='ltr'><strong>post</strong></span> <span class='ocrx_word' id='word_1_650' title='bbox 2535 4331 2843 4386; x_wconf 87' lang='lat' dir='ltr'><strong>inchoatam</strong></span> <span class='ocrx_word' id='word_1_651' title='bbox 2896 4345 2924 4382; x_wconf 91' lang='lat' dir='ltr'><strong>a</strong></span> <span class='ocrx_word' id='word_1_652' title='bbox 2975 4327 3132 4384; x_wconf 85' lang='lat' dir='ltr'><strong>Gallo</strong></span> <span class='ocrx_word' id='word_1_653' title='bbox 3184 4333 3632 4401; x_wconf 87' lang='lat' dir='ltr'><strong>persecutionem.</strong></span> 
     </span>
    </p>
   </div>
   <div class='ocr_carea' id='block_1_90' title="bbox 2029 4421 3633 4500">
    <p class='ocr_par' dir='ltr' id='par_1_90' title="bbox 2029 4421 3633 4500">
     <span class='ocr_line' id='line_1_90' title="bbox 2029 4421 3633 4500; baseline -0.002 -15"><span class='ocrx_word' id='word_1_654' title='bbox 2029 4429 2083 4486; x_wconf 91' lang='lat' dir='ltr'><strong>Si</strong></span> <span class='ocrx_word' id='word_1_655' title='bbox 2113 4428 2343 4500; x_wconf 86' lang='lat' dir='ltr'><strong>primum</strong></span> <span class='ocrx_word' id='word_1_656' title='bbox 2370 4470 2383 4493; x_wconf 92' lang='lat'><strong>,</strong></span> <span class='ocrx_word' id='word_1_657' title='bbox 2425 4441 2528 4495; x_wconf 85' lang='lat' dir='ltr'><strong>qua</strong></span> <span class='ocrx_word' id='word_1_658' title='bbox 2570 4422 2816 4479; x_wconf 87' lang='lat' dir='ltr'><strong>veritatis</strong></span> <span class='ocrx_word' id='word_1_659' title='bbox 2860 4422 3042 4492; x_wconf 81' lang='lat' dir='ltr'><strong>specie</strong></span> <span class='ocrx_word' id='word_1_660' title='bbox 3093 4422 3196 4487; x_wconf 89' lang='lat' dir='ltr'><strong>ait,</strong></span> <span class='ocrx_word' id='word_1_661' title='bbox 3235 4441 3254 4474; x_wconf 88' lang='grc'><strong><em>‹</em></strong></span> <span class='ocrx_word' id='word_1_662' title='bbox 3299 4421 3633 4481; x_wconf 88' lang='lat' dir='ltr'><strong>Christianos</strong></span> 
     </span>
    </p>
   </div>
   <div class='ocr_carea' id='block_1_91' title="bbox 324 4504 3629 4596">
    <p class='ocr_par' dir='ltr' id='par_1_91' title="bbox 324 4504 3629 4596">
     <span class='ocr_line' id='line_1_91' title="bbox 324 4504 3629 4596; baseline -0.003 -18"><span class='ocrx_word' id='word_1_663' title='bbox 324 4504 523 4578; x_wconf 23' lang='lat' dir='ltr'><strong>brevis.</strong></span> <span class='ocrx_word' id='word_1_664' title='bbox 545 4504 789 4592; x_wconf 70' lang='lat' dir='ltr'><strong>epistola:</strong></span> <span class='ocrx_word' id='word_1_665' title='bbox 818 4523 885 4577; x_wconf 89' lang='lat' dir='ltr'><strong>ad</strong></span> <span class='ocrx_word' id='word_1_666' title='bbox 937 4522 1243 4594; x_wconf 82' lang='lat' dir='ltr'><strong>Lupicinum</strong></span> <span class='ocrx_word' id='word_1_667' title='bbox 1290 4504 1649 4585; x_wconf 76' lang='lat' dir='ltr'><strong>Viennensem</strong></span> <span class='ocrx_word' id='word_1_668' title='bbox 1700 4504 1924 4596; x_wconf 82' lang='lat' dir='ltr'><strong>Episco-</strong></span> <span class='ocrx_word' id='word_1_669' title='bbox 1951 4528 2004 4588; x_wconf 83' lang='grc' dir='ltr'><strong>υ</strong></span> <span class='ocrx_word' id='word_1_670' title='bbox 2030 4521 2228 4591; x_wconf 82' lang='lat' dir='ltr'><strong>ubique</strong></span> <span class='ocrx_word' id='word_1_671' title='bbox 2250 4517 2531 4572; x_wconf 86' lang='lat' dir='ltr'><strong>tormentis</strong></span> <span class='ocrx_word' id='word_1_672' title='bbox 2556 4515 2717 4569; x_wconf 78' lang='lat' dir='ltr'><strong>variis</strong></span> <span class='ocrx_word' id='word_1_673' title='bbox 2743 4512 2918 4579; x_wconf 80' lang='lat' dir='ltr'><strong>afﬁci,</strong></span> <span class='ocrx_word' id='word_1_674' title='bbox 2959 4521 3015 4567; x_wconf 89' lang='lat' dir='ltr'><strong>et</strong></span> <span class='ocrx_word' id='word_1_675' title='bbox 3038 4512 3147 4583; x_wconf 87' lang='lat' dir='ltr'><strong>jam</strong></span> <span class='ocrx_word' id='word_1_676' title='bbox 3171 4515 3348 4583; x_wconf 90' lang='lat' dir='ltr'><strong>plures</strong></span> <span class='ocrx_word' id='word_1_677' title='bbox 3376 4516 3629 4587; x_wconf 87' lang='lat' dir='ltr'><strong>martyrio</strong></span> 
     </span>
    </p>
   </div>
   <div class='ocr_carea' id='block_1_92' title="bbox 323 4604 1928 4699">
    <p class='ocr_par' dir='ltr' id='par_1_92' title="bbox 323 4604 1928 4699">
     <span class='ocr_line' id='line_1_92' title="bbox 323 4604 1928 4699; baseline 0.001 -28"><span class='ocrx_word' id='word_1_678' title='bbox 323 4630 453 4699; x_wconf 85' lang='lat' dir='ltr'><strong>pum</strong></span> <span class='ocrx_word' id='word_1_679' title='bbox 497 4618 759 4699; x_wconf 83' lang='lat' dir='ltr'><strong>meminit.</strong></span> <span class='ocrx_word' id='word_1_680' title='bbox 807 4617 996 4673; x_wconf 75' lang='lat' dir='ltr'><strong>Exstat</strong></span> <span class='ocrx_word' id='word_1_681' title='bbox 1026 4604 1106 4675; x_wconf 19' lang='lat' dir='ltr'><strong>lea</strong></span> <span class='ocrx_word' id='word_1_682' title='bbox 1147 4627 1293 4675; x_wconf 92' lang='lat' dir='ltr'><strong>tomo</strong></span> <span class='ocrx_word' id='word_1_683' title='bbox 1336 4636 1393 4675; x_wconf 91' lang='grc' dir='ltr'><strong>ιιι</strong></span> <span class='ocrx_word' id='word_1_684' title='bbox 1446 4619 1789 4699; x_wconf 78' lang='lat' dir='ltr'><strong>Bibliothecac</strong></span> <span class='ocrx_word' id='word_1_685' title='bbox 1828 4621 1928 4675; x_wconf 82' lang='lat' dir='ltr'><strong>Pa-</strong></span> 
     </span>
    </p>
   </div>
   <div class='ocr_carea' id='block_1_93' title="bbox 324 4692 1923 4795">
    <p class='ocr_par' dir='ltr' id='par_1_93' title="bbox 324 4692 1923 4795">
     <span class='ocr_line' id='line_1_93' title="bbox 324 4692 1923 4795; baseline 0.002 -29"><span class='ocrx_word' id='word_1_686' title='bbox 324 4694 467 4773; x_wconf 77' lang='lat' dir='ltr'><strong>trum</strong></span> <span class='ocrx_word' id='word_1_687' title='bbox 496 4692 745 4767; x_wconf 76' lang='lat' dir='ltr'><strong>editionis</strong></span> <span class='ocrx_word' id='word_1_688' title='bbox 776 4711 1091 4791; x_wconf 63' lang='lat' dir='ltr'><strong>Parisiensis</strong></span> <span class='ocrx_word' id='word_1_689' title='bbox 1135 4713 1259 4791; x_wconf 83' lang='lat' dir='ltr'><strong>anni</strong></span> <span class='ocrx_word' id='word_1_690' title='bbox 1294 4712 1452 4793; x_wconf 70' lang='lat'><strong>1589.</strong></span> <span class='ocrx_word' id='word_1_691' title='bbox 1486 4694 1633 4789; x_wconf 75' lang='lat' dir='ltr'><strong>apud</strong></span> <span class='ocrx_word' id='word_1_692' title='bbox 1655 4713 1923 4795; x_wconf 80' lang='lat' dir='ltr'><strong>Labheum</strong></span> 
     </span>
    </p>
   </div>
   <div class='ocr_carea' id='block_1_94' title="bbox 325 4787 1927 4876">
    <p class='ocr_par' dir='ltr' id='par_1_94' title="bbox 325 4787 1927 4876">
     <span class='ocr_line' id='line_1_94' title="bbox 325 4787 1927 4876; baseline 0.002 -16"><span class='ocrx_word' id='word_1_693' title='bbox 325 4787 479 4860; x_wconf 78' lang='lat' dir='ltr'><strong>temo</strong></span> <span class='ocrx_word' id='word_1_694' title='bbox 518 4819 556 4859; x_wconf 92' lang='grc' dir='ltr'>ι.</span> <span class='ocrx_word' id='word_1_695' title='bbox 589 4787 973 4876; x_wconf 78' lang='lat' dir='ltr'><strong>Conciliorum,</strong></span> <span class='ocrx_word' id='word_1_696' title='bbox 1009 4806 1114 4863; x_wconf 91' lang='lat' dir='ltr'><strong>col.</strong></span> <span class='ocrx_word' id='word_1_697' title='bbox 1154 4787 1267 4862; x_wconf 15' lang='lat'><strong>.829</strong></span> <span class='ocrx_word' id='word_1_698' title='bbox 1311 4787 1667 4865; x_wconf 27' lang='lat' dir='ltr'><strong>et&#39;loanncm</strong></span> <span class='ocrx_word' id='word_1_699' title='bbox 1700 4822 1727 4860; x_wconf 92' lang='lat' dir='ltr'><strong>a</strong></span> <span class='ocrx_word' id='word_1_700' title='bbox 1758 4787 1927 4869; x_wconf 79' lang='lat' dir='ltr'><strong>Bosco</strong></span> 
     </span>
    </p>
   </div>
   <div class='ocr_carea' id='block_1_95' title="bbox 323 4894 1923 4969">
    <p class='ocr_par' dir='ltr' id='par_1_95' title="bbox 323 4894 1923 4969">
     <span class='ocr_line' id='line_1_95' title="bbox 323 4894 1923 4969; baseline 0.003 -18"><span class='ocrx_word' id='word_1_701' title='bbox 323 4894 380 4951; x_wconf 87' lang='lat' dir='ltr'><strong>in</strong></span> <span class='ocrx_word' id='word_1_702' title='bbox 416 4898 836 4969; x_wconf 70' lang='lat' dir='ltr'><strong>Antiquitatibus</strong></span> <span class='ocrx_word' id='word_1_703' title='bbox 884 4898 1220 4954; x_wconf 65' lang='lat' dir='ltr'><strong>bibliothecae</strong></span> <span class='ocrx_word' id='word_1_704' title='bbox 1266 4898 1661 4967; x_wconf 71' lang='lat' dir='ltr'><strong>Floriacensis,</strong></span> <span class='ocrx_word' id='word_1_705' title='bbox 1711 4915 1778 4954; x_wconf 73' lang='lat' dir='ltr'><strong>ex</strong></span> <span class='ocrx_word' id='word_1_706' title='bbox 1823 4915 1923 4969; x_wconf 87' lang='lat' dir='ltr'><strong>qna</strong></span> 
     </span>
    </p>
   </div>
   <div class='ocr_carea' id='block_1_96' title="bbox 324 4988 1927 5062">
    <p class='ocr_par' dir='ltr' id='par_1_96' title="bbox 324 4988 1927 5062">
     <span class='ocr_line' id='line_1_96' title="bbox 324 4988 1927 5062; baseline 0.003 -19"><span class='ocrx_word' id='word_1_707' title='bbox 324 4988 560 5059; x_wconf 86' lang='lat' dir='ltr'><strong>primum</strong></span> <span class='ocrx_word' id='word_1_708' title='bbox 591 4999 797 5044; x_wconf 90' lang='lat' dir='ltr'><strong>erutam</strong></span> <span class='ocrx_word' id='word_1_709' title='bbox 844 4989 1105 5044; x_wconf 79' lang='lat' dir='ltr'><strong>BarOnius</strong></span> <span class='ocrx_word' id='word_1_710' title='bbox 1143 4990 1428 5062; x_wconf 86' lang='lat' dir='ltr'><strong>descripsit</strong></span> <span class='ocrx_word' id='word_1_711' title='bbox 1464 4992 1529 5045; x_wconf 85' lang='lat' dir='ltr'><strong>ad</strong></span> <span class='ocrx_word' id='word_1_712' title='bbox 1572 5007 1768 5047; x_wconf 88' lang='lat' dir='ltr'><strong>annum</strong></span> <span class='ocrx_word' id='word_1_713' title='bbox 1818 4990 1927 5048; x_wconf 70' lang='lat'><strong>29.5</strong></span> 
     </span>
    </p>
   </div>
   <div class='ocr_carea' id='block_1_97' title="bbox 324 5084 1924 5154">
    <p class='ocr_par' dir='ltr' id='par_1_97' title="bbox 324 5084 1924 5154">
     <span class='ocr_line' id='line_1_97' title="bbox 324 5084 1924 5154; baseline 0.002 -18"><span class='ocrx_word' id='word_1_714' title='bbox 324 5095 383 5137; x_wconf 85' lang='grc' dir='ltr'>ιι.</span> <span class='ocrx_word' id='word_1_715' title='bbox 411 5085 506 5150; x_wconf 69' lang='grc'><strong>47,</strong></span> <span class='ocrx_word' id='word_1_716' title='bbox 534 5094 588 5140; x_wconf 91' lang='lat' dir='ltr'><strong>et</strong></span> <span class='ocrx_word' id='word_1_717' title='bbox 615 5084 964 5139; x_wconf 87' lang='lat' dir='ltr'><strong>Constantius</strong></span> <span class='ocrx_word' id='word_1_718' title='bbox 991 5094 1174 5140; x_wconf 90' lang='lat' dir='ltr'><strong>noster</strong></span> <span class='ocrx_word' id='word_1_719' title='bbox 1200 5085 1253 5139; x_wconf 92' lang='lat' dir='ltr'><strong>in</strong></span> <span class='ocrx_word' id='word_1_720' title='bbox 1296 5085 1589 5154; x_wconf 83' lang='lat' dir='ltr'><strong>appendice</strong></span> <span class='ocrx_word' id='word_1_721' title='bbox 1628 5086 1693 5141; x_wconf 89' lang='lat' dir='ltr'><strong>ad</strong></span> <span class='ocrx_word' id='word_1_722' title='bbox 1720 5095 1849 5141; x_wconf 91' lang='lat' dir='ltr'><strong>tom.</strong></span> <span class='ocrx_word' id='word_1_723' title='bbox 1886 5102 1924 5139; x_wconf 92' lang='grc' dir='ltr'>ι.</span> 
     </span>
    </p>
   </div>
   <div class='ocr_carea' id='block_1_98' title="bbox 324 5166 1787 5248">
    <p class='ocr_par' dir='ltr' id='par_1_98' title="bbox 324 5166 1787 5248">
     <span class='ocr_line' id='line_1_98' title="bbox 324 5166 1787 5248; baseline 0 -17"><span class='ocrx_word' id='word_1_724' title='bbox 324 5173 556 5246; x_wconf 86' lang='lat' dir='ltr'><strong>Epistol.</strong></span> <span class='ocrx_word' id='word_1_725' title='bbox 588 5176 750 5232; x_wconf 83' lang='lat' dir='ltr'><strong>Rom.</strong></span> <span class='ocrx_word' id='word_1_726' title='bbox 775 5175 972 5231; x_wconf 83' lang='lat' dir='ltr'><strong>Pontif.</strong></span> <span class='ocrx_word' id='word_1_727' title='bbox 1006 5192 1126 5248; x_wconf 77' lang='lat' dir='ltr'><strong>pag.</strong></span> <span class='ocrx_word' id='word_1_728' title='bbox 1155 5176 1247 5241; x_wconf 65' lang='lat'><strong>25,</strong></span> <span class='ocrx_word' id='word_1_729' title='bbox 1276 5189 1579 5248; x_wconf 84' lang='lat' dir='ltr'><strong>suspectam</strong></span> <span class='ocrx_word' id='word_1_730' title='bbox 1608 5166 1787 5233; x_wconf 77' lang='lat' dir='ltr'><strong>habet.</strong></span> 
     </span>
    </p>
   </div>
   <div class='ocr_carea' id='block_1_99' title="bbox 397 5270 1924 5343">
    <p class='ocr_par' dir='ltr' id='par_1_99' title="bbox 397 5270 1924 5343">
     <span class='ocr_line' id='line_1_99' title="bbox 397 5270 1924 5343; baseline 0 -17"><span class='ocrx_word' id='word_1_731' title='bbox 397 5272 732 5343; x_wconf 83' lang='lat' dir='ltr'><strong>Quamquam</strong></span> <span class='ocrx_word' id='word_1_732' title='bbox 788 5287 917 5328; x_wconf 89' lang='lat' dir='ltr'><strong>vero</strong></span> <span class='ocrx_word' id='word_1_733' title='bbox 977 5271 1223 5327; x_wconf 86' lang='lat' dir='ltr'><strong>Lahbeus</strong></span> <span class='ocrx_word' id='word_1_734' title='bbox 1270 5270 1338 5325; x_wconf 88' lang='lat' dir='ltr'><strong>de</strong></span> <span class='ocrx_word' id='word_1_735' title='bbox 1383 5274 1481 5326; x_wconf 84' lang='lat' dir='ltr'><strong>hac</strong></span> <span class='ocrx_word' id='word_1_736' title='bbox 1532 5271 1751 5340; x_wconf 82' lang='lat' dir='ltr'><strong>epiS&#39;ola</strong></span> <span class='ocrx_word' id='word_1_737' title='bbox 1796 5272 1924 5327; x_wconf 89' lang='lat' dir='ltr'><strong>nihil</strong></span> 
     </span>
    </p>
   </div>
   <div class='ocr_carea' id='block_1_100' title="bbox 323 5361 1925 5436">
    <p class='ocr_par' dir='ltr' id='par_1_100' title="bbox 323 5361 1925 5436">
     <span class='ocr_line' id='line_1_100' title="bbox 323 5361 1925 5436; baseline 0 -17"><span class='ocrx_word' id='word_1_738' title='bbox 323 5371 511 5430; x_wconf 88' lang='lat' dir='ltr'><strong>notet,</strong></span> <span class='ocrx_word' id='word_1_739' title='bbox 550 5363 650 5419; x_wconf 90' lang='lat' dir='ltr'><strong>nisi</strong></span> <span class='ocrx_word' id='word_1_740' title='bbox 682 5364 826 5436; x_wconf 90' lang='lat' dir='ltr'><strong>quod</strong></span> <span class='ocrx_word' id='word_1_741' title='bbox 870 5378 991 5420; x_wconf 88' lang='lat' dir='ltr'><strong>eam</strong></span> <span class='ocrx_word' id='word_1_742' title='bbox 1016 5363 1277 5419; x_wconf 82' lang='lat' dir='ltr'><strong>Baronius</strong></span> <span class='ocrx_word' id='word_1_743' title='bbox 1303 5378 1333 5419; x_wconf 87' lang='lat' dir='ltr'><strong>e</strong></span> <span class='ocrx_word' id='word_1_744' title='bbox 1361 5361 1688 5419; x_wconf 86' lang='lat' dir='ltr'><strong>Floriaceusi</strong></span> <span class='ocrx_word' id='word_1_745' title='bbox 1729 5363 1925 5419; x_wconf 80' lang='lat' dir='ltr'><strong>Biblio-</strong></span> 
     </span>
    </p>
   </div>
   <div class='ocr_carea' id='block_1_101' title="bbox 394 5583 1919 5659">
    <p class='ocr_par' dir='ltr' id='par_1_101' title="bbox 394 5583 1919 5659">
     <span class='ocr_line' id='line_1_101' title="bbox 394 5583 1919 5659; baseline 0 -18"><span class='ocrx_word' id='word_1_746' title='bbox 394 5585 484 5659; x_wconf 74' lang='lat' dir='ltr'><strong>(i)</strong></span> <span class='ocrx_word' id='word_1_747' title='bbox 509 5583 681 5642; x_wconf 85' lang='lat' dir='ltr'><strong>Natal.</strong></span> <span class='ocrx_word' id='word_1_748' title='bbox 715 5585 977 5659; x_wconf 76' lang='lat' dir='ltr'><strong>Alexand.</strong></span> <span class='ocrx_word' id='word_1_749' title='bbox 1005 5583 1144 5642; x_wconf 76' lang='lat' dir='ltr'><strong>Hist.</strong></span> <span class='ocrx_word' id='word_1_750' title='bbox 1177 5585 1371 5642; x_wconf 80' lang='lat' dir='ltr'><strong>Eccles.</strong></span> <span class='ocrx_word' id='word_1_751' title='bbox 1395 5585 1581 5642; x_wconf 71' lang='lat' dir='ltr'><strong>amulo</strong></span> <span class='ocrx_word' id='word_1_752' title='bbox 1601 5600 1658 5640; x_wconf 89' lang='grc' dir='ltr'><strong>ιιι</strong></span> <span class='ocrx_word' id='word_1_753' title='bbox 1677 5626 1690 5652; x_wconf 87' lang='grc'><em>,</em></span> <span class='ocrx_word' id='word_1_754' title='bbox 1713 5599 1831 5659; x_wconf 89' lang='lat' dir='ltr'><strong>cap.</strong></span> <span class='ocrx_word' id='word_1_755' title='bbox 1862 5584 1919 5654; x_wconf 72' lang='grc'><strong>4,</strong></span> 
     </span>
    </p>
   </div>
   <div class='ocr_carea' id='block_1_102' title="bbox 317 5657 1910 5803">
    <p class='ocr_par' dir='ltr' id='par_1_102' title="bbox 317 5657 1910 5803">
     <span class='ocr_line' id='line_1_102' title="bbox 317 5657 1786 5730; baseline -0.003 -17"><span class='ocrx_word' id='word_1_756' title='bbox 317 5665 422 5713; x_wconf 76' lang='grc' dir='ltr'><strong>ιη.</strong></span> <span class='ocrx_word' id='word_1_757' title='bbox 454 5657 510 5723; x_wconf 81' lang='grc'><strong>5;</strong></span> <span class='ocrx_word' id='word_1_758' title='bbox 543 5673 663 5730; x_wconf 74' lang='lat' dir='ltr'><strong>pag.</strong></span> <span class='ocrx_word' id='word_1_759' title='bbox 694 5658 784 5712; x_wconf 72' lang='lat'><strong>72.</strong></span> <span class='ocrx_word' id='word_1_760' title='bbox 1779 5657 1786 5659; x_wconf 63' lang='grc'><strong><em>⁷</em></strong></span> 
     </span>
     <span class='ocr_line' id='line_1_103' title="bbox 391 5726 1910 5803; baseline 0.003 -22"><span class='ocrx_word' id='word_1_761' title='bbox 391 5726 475 5803; x_wconf 74' lang='grc'><strong>(2)</strong></span> <span class='ocrx_word' id='word_1_762' title='bbox 508 5727 639 5786; x_wconf 81' lang='lat' dir='ltr'><strong>Vide</strong></span> <span class='ocrx_word' id='word_1_763' title='bbox 684 5730 886 5786; x_wconf 80' lang='lat' dir='ltr'><strong>Maran.</strong></span> <span class='ocrx_word' id='word_1_764' title='bbox 933 5729 1036 5787; x_wconf 85' lang='lat' dir='ltr'><strong>Vit.</strong></span> <span class='ocrx_word' id='word_1_765' title='bbox 1071 5730 1132 5788; x_wconf 90' lang='lat' dir='ltr'><strong>S.</strong></span> <span class='ocrx_word' id='word_1_766' title='bbox 1161 5727 1408 5802; x_wconf 79' lang='lat' dir='ltr'><strong>Cypriani</strong></span> <span class='ocrx_word' id='word_1_767' title='bbox 1435 5728 1481 5803; x_wconf 85' lang='lat'><strong>§.</strong></span> <span class='ocrx_word' id='word_1_768' title='bbox 1512 5727 1602 5796; x_wconf 74' lang='lat'><strong>&#39;55,</strong></span> <span class='ocrx_word' id='word_1_769' title='bbox 1633 5744 1753 5803; x_wconf 73' lang='lat' dir='ltr'><strong>pag.</strong></span> <span class='ocrx_word' id='word_1_770' title='bbox 1788 5730 1910 5786; x_wconf 78' lang='grc'><strong>115,</strong></span> 
     </span>
    </p>
   </div>
   <div class='ocr_carea' id='block_1_103' title="bbox 2033 4606 3629 4672">
    <p class='ocr_par' dir='ltr' id='par_1_103' title="bbox 2033 4606 3629 4672">
     <span class='ocr_line' id='line_1_104' title="bbox 2033 4606 3629 4672; baseline -0.003 -4"><span class='ocrx_word' id='word_1_771' title='bbox 2033 4621 2319 4669; x_wconf 85' lang='lat' dir='ltr'><strong>coronatos</strong></span> <span class='ocrx_word' id='word_1_772' title='bbox 2350 4609 2557 4665; x_wconf 78' lang='lat' dir='ltr'><strong>fuisse?</strong></span> <span class='ocrx_word' id='word_1_773' title='bbox 2594 4626 2612 4660; x_wconf 75' lang='grc' dir='ltr'><strong>ι</strong></span> <span class='ocrx_word' id='word_1_774' title='bbox 2646 4607 2701 4662; x_wconf 85' lang='lat' dir='ltr'><strong>Si</strong></span> <span class='ocrx_word' id='word_1_775' title='bbox 2731 4606 3026 4662; x_wconf 84' lang='lat' dir='ltr'><strong>secundum</strong></span> <span class='ocrx_word' id='word_1_776' title='bbox 3051 4647 3065 4672; x_wconf 89' lang='lat'><strong>,</strong></span> <span class='ocrx_word' id='word_1_777' title='bbox 3118 4623 3213 4660; x_wconf 89' lang='lat' dir='ltr'><strong>cur</strong></span> <span class='ocrx_word' id='word_1_778' title='bbox 3253 4608 3320 4663; x_wconf 86' lang='lat' dir='ltr'><strong>de</strong></span> <span class='ocrx_word' id='word_1_779' title='bbox 3358 4623 3450 4662; x_wconf 90' lang='lat' dir='ltr'><strong>sua</strong></span> <span class='ocrx_word' id='word_1_780' title='bbox 3494 4623 3629 4663; x_wconf 80' lang='lat' dir='ltr'><strong>con-</strong></span> 
     </span>
    </p>
   </div>
   <div class='ocr_carea' id='block_1_104' title="bbox 2030 4700 3628 4765">
    <p class='ocr_par' dir='ltr' id='par_1_104' title="bbox 2030 4700 3628 4765">
     <span class='ocr_line' id='line_1_105' title="bbox 2030 4700 3628 4765; baseline -0.006 -1"><span class='ocrx_word' id='word_1_781' title='bbox 2030 4700 2266 4764; x_wconf 79' lang='lat' dir='ltr'><strong>fessionc</strong></span> <span class='ocrx_word' id='word_1_782' title='bbox 2294 4713 2386 4759; x_wconf 92' lang='lat' dir='ltr'><strong>aut</strong></span> <span class='ocrx_word' id='word_1_783' title='bbox 2412 4702 2573 4759; x_wconf 77' lang='lat' dir='ltr'><strong>exilio</strong></span> <span class='ocrx_word' id='word_1_784' title='bbox 2603 4716 2710 4757; x_wconf 88' lang='lat' dir='ltr'><strong>non</strong></span> <span class='ocrx_word' id='word_1_785' title='bbox 2738 4700 3014 4765; x_wconf 86' lang='lat' dir='ltr'><strong>meminit,</strong></span> <span class='ocrx_word' id='word_1_786' title='bbox 3064 4715 3184 4755; x_wconf 90' lang='lat' dir='ltr'><strong>cum</strong></span> <span class='ocrx_word' id='word_1_787' title='bbox 3226 4715 3291 4756; x_wconf 80' lang='lat' dir='ltr'><strong>ex</strong></span> <span class='ocrx_word' id='word_1_788' title='bbox 3321 4700 3476 4755; x_wconf 89' lang='lat' dir='ltr'><strong>dictis</strong></span> <span class='ocrx_word' id='word_1_789' title='bbox 3495 4716 3628 4757; x_wconf 89' lang='lat' dir='ltr'><strong>con-</strong></span> 
     </span>
    </p>
   </div>
   <div class='ocr_carea' id='block_1_105' title="bbox 2031 4792 3628 4863">
    <p class='ocr_par' dir='ltr' id='par_1_105' title="bbox 2031 4792 3628 4863">
     <span class='ocr_line' id='line_1_106' title="bbox 2031 4792 3628 4863; baseline -0.006 -7"><span class='ocrx_word' id='word_1_790' title='bbox 2031 4811 2135 4857; x_wconf 91' lang='lat' dir='ltr'><strong>stet</strong></span> <span class='ocrx_word' id='word_1_791' title='bbox 2168 4800 2315 4854; x_wconf 91' lang='lat' dir='ltr'><strong>illum</strong></span> <span class='ocrx_word' id='word_1_792' title='bbox 2349 4798 2489 4852; x_wconf 91' lang='lat' dir='ltr'><strong>inter</strong></span> <span class='ocrx_word' id='word_1_793' title='bbox 2540 4794 2741 4863; x_wconf 87' lang='lat' dir='ltr'><strong>primos</strong></span> <span class='ocrx_word' id='word_1_794' title='bbox 2771 4792 3100 4856; x_wconf 77' lang='lat' dir='ltr'><strong>confessum,</strong></span> <span class='ocrx_word' id='word_1_795' title='bbox 3151 4793 3628 4862; x_wconf 82' lang='lat' dir='ltr'><strong>comprehensum-</strong></span> 
     </span>
    </p>
   </div>
   <div class='ocr_carea' id='block_1_106' title="bbox 2030 4883 3630 4964">
    <p class='ocr_par' dir='ltr' id='par_1_106' title="bbox 2030 4883 3630 4964">
     <span class='ocr_line' id='line_1_107' title="bbox 2030 4883 3630 4964; baseline -0.005 -15"><span class='ocrx_word' id='word_1_796' title='bbox 2030 4907 2136 4964; x_wconf 87' lang='lat' dir='ltr'><strong>que</strong></span> <span class='ocrx_word' id='word_1_797' title='bbox 2166 4891 2327 4947; x_wconf 84' lang='lat' dir='ltr'><strong>esse?</strong></span> <span class='ocrx_word' id='word_1_798' title='bbox 2374 4888 2608 4954; x_wconf 73' lang='lat' dir='ltr'><strong>Cretera,</strong></span> <span class='ocrx_word' id='word_1_799' title='bbox 2653 4902 2771 4956; x_wconf 73' lang='lat' dir='ltr'><strong>qua:</strong></span> <span class='ocrx_word' id='word_1_800' title='bbox 2821 4886 2873 4940; x_wconf 92' lang='lat' dir='ltr'><strong>in</strong></span> <span class='ocrx_word' id='word_1_801' title='bbox 2904 4883 3093 4939; x_wconf 72' lang='lat' dir='ltr'><strong>eadem</strong></span> <span class='ocrx_word' id='word_1_802' title='bbox 3138 4884 3359 4954; x_wconf 88' lang='lat' dir='ltr'><strong>epistola</strong></span> <span class='ocrx_word' id='word_1_803' title='bbox 3386 4885 3630 4957; x_wconf 46' lang='lat' dir='ltr'><strong>‘iosuper</strong></span> 
     </span>
    </p>
   </div>
   <div class='ocr_carea' id='block_1_107' title="bbox 2032 4974 3625 5049">
    <p class='ocr_par' dir='ltr' id='par_1_107' title="bbox 2032 4974 3625 5049">
     <span class='ocr_line' id='line_1_108' title="bbox 2032 4974 3625 5049; baseline -0.004 -10"><span class='ocrx_word' id='word_1_804' title='bbox 2032 4984 2304 5039; x_wconf 91' lang='lat' dir='ltr'><strong>n0nnn||is</strong></span> <span class='ocrx_word' id='word_1_805' title='bbox 2335 4980 2653 5049; x_wconf 78' lang='lat' dir='ltr'><strong>diSplicent,</strong></span> <span class='ocrx_word' id='word_1_806' title='bbox 2678 4977 2814 5045; x_wconf 83' lang='lat' dir='ltr'><strong>apud</strong></span> <span class='ocrx_word' id='word_1_807' title='bbox 2842 4976 3238 5030; x_wconf 83' lang='lat' dir='ltr'><strong>Tillcmontium</strong></span> <span class='ocrx_word' id='word_1_808' title='bbox 3266 4990 3330 5031; x_wconf 91' lang='lat' dir='ltr'><strong>ac</strong></span> <span class='ocrx_word' id='word_1_809' title='bbox 3358 4974 3625 5032; x_wconf 86' lang='lat' dir='ltr'><strong>Constan-</strong></span> 
     </span>
    </p>
   </div>
   <div class='ocr_carea' id='block_1_108' title="bbox 2026 5070 3620 5145">
    <p class='ocr_par' dir='ltr' id='par_1_108' title="bbox 2026 5070 3620 5145">
     <span class='ocr_line' id='line_1_109' title="bbox 2026 5070 3620 5145; baseline -0.004 -13"><span class='ocrx_word' id='word_1_810' title='bbox 2026 5078 2157 5132; x_wconf 88' lang='lat' dir='ltr'><strong>tinm</strong></span> <span class='ocrx_word' id='word_1_811' title='bbox 2211 5074 2379 5130; x_wconf 83' lang='lat' dir='ltr'><strong>videri</strong></span> <span class='ocrx_word' id='word_1_812' title='bbox 2428 5070 2890 5145; x_wconf 71' lang='lat' dir='ltr'><strong>possuntmolim</strong></span> <span class='ocrx_word' id='word_1_813' title='bbox 2949 5076 3126 5122; x_wconf 80' lang='lat' dir='ltr'><strong>tamen</strong></span> <span class='ocrx_word' id='word_1_814' title='bbox 3175 5083 3296 5141; x_wconf 87' lang='lat' dir='ltr'><strong>cum</strong></span> <span class='ocrx_word' id='word_1_815' title='bbox 3341 5070 3620 5145; x_wconf 79' lang='lat' dir='ltr'><strong>posteriori</strong></span> 
     </span>
    </p>
   </div>
   <div class='ocr_carea' id='block_1_109' title="bbox 2026 5134 3619 5233">
    <p class='ocr_par' dir='ltr' id='par_1_109' title="bbox 2026 5134 3619 5233">
     <span class='ocr_line' id='line_1_110' title="bbox 2026 5134 3619 5233; baseline -0.003 -10"><span class='ocrx_word' id='word_1_816' title='bbox 2026 5182 2290 5233; x_wconf 73' lang='lat' dir='ltr'><strong>asserere,</strong></span> <span class='ocrx_word' id='word_1_817' title='bbox 2308 5182 2491 5221; x_wconf 82' lang='lat' dir='ltr'><strong>vocem</strong></span> <span class='ocrx_word' id='word_1_818' title='bbox 2517 5184 2533 5215; x_wconf 76' lang='grc' dir='ltr'><strong>ι</strong></span> <span class='ocrx_word' id='word_1_819' title='bbox 2563 5162 2767 5229; x_wconf 85' lang='lat' dir='ltr'><strong>Missas,</strong></span> <span class='ocrx_word' id='word_1_820' title='bbox 2785 5180 2802 5213; x_wconf 80' lang='grc' dir='ltr'><strong>ι</strong></span> <span class='ocrx_word' id='word_1_821' title='bbox 2824 5177 2941 5232; x_wconf 76' lang='lat' dir='ltr'><strong>quae</strong></span> <span class='ocrx_word' id='word_1_822' title='bbox 2965 5160 3015 5214; x_wconf 92' lang='lat' dir='ltr'><strong>in</strong></span> <span class='ocrx_word' id='word_1_823' title='bbox 3035 5175 3097 5215; x_wconf 90' lang='lat' dir='ltr'><strong>ea</strong></span> <span class='ocrx_word' id='word_1_824' title='bbox 3115 5159 3368 5229; x_wconf 89' lang='lat' dir='ltr'><strong>occurrit,</strong></span> <span class='ocrx_word' id='word_1_825' title='bbox 3385 5134 3619 5219; x_wconf 76' lang='lat' dir='ltr'><strong>Cornelii</strong></span> 
     </span>
    </p>
   </div>
   <div class='ocr_carea' id='block_1_110' title="bbox 2029 5252 3229 5319">
    <p class='ocr_par' dir='ltr' id='par_1_110' title="bbox 2029 5252 3229 5319">
     <span class='ocr_line' id='line_1_111' title="bbox 2029 5252 3229 5319; baseline -0.013 0"><span class='ocrx_word' id='word_1_826' title='bbox 2029 5279 2144 5319; x_wconf 64' lang='lat' dir='ltr'><strong>aevo</strong></span> <span class='ocrx_word' id='word_1_827' title='bbox 2166 5271 2315 5317; x_wconf 80' lang='lat' dir='ltr'><strong>certo</strong></span> <span class='ocrx_word' id='word_1_828' title='bbox 2344 5256 2696 5313; x_wconf 79' lang='lat' dir='ltr'><strong>recentiorem</strong></span> <span class='ocrx_word' id='word_1_829' title='bbox 2719 5270 2859 5309; x_wconf 80' lang='lat' dir='ltr'><strong>esse.</strong></span> <span class='ocrx_word' id='word_1_830' title='bbox 3220 5252 3229 5259; x_wconf 80' lang='grc'><em>“</em></span> 
     </span>
    </p>
   </div>
   <div class='ocr_carea' id='block_1_111' title="bbox 2104 5351 3625 5417">
    <p class='ocr_par' dir='ltr' id='par_1_111' title="bbox 2104 5351 3625 5417">
     <span class='ocr_line' id='line_1_112' title="bbox 2104 5351 3625 5417; baseline -0.001 -8"><span class='ocrx_word' id='word_1_831' title='bbox 2104 5356 2212 5411; x_wconf 69' lang='lat' dir='ltr'><strong>\‘ll.</strong></span> <span class='ocrx_word' id='word_1_832' title='bbox 2256 5356 2518 5409; x_wconf 81' lang='lat' dir='ltr'><strong>Praeterea</strong></span> <span class='ocrx_word' id='word_1_833' title='bbox 2569 5362 2720 5406; x_wconf 89' lang='lat' dir='ltr'><strong>notat</strong></span> <span class='ocrx_word' id='word_1_834' title='bbox 2766 5351 3179 5417; x_wconf 85' lang='lat' dir='ltr'><strong>Tillemontius,</strong></span> <span class='ocrx_word' id='word_1_835' title='bbox 3232 5358 3514 5407; x_wconf 90' lang='lat' dir='ltr'><strong>tractatum</strong></span> <span class='ocrx_word' id='word_1_836' title='bbox 3556 5352 3625 5408; x_wconf 91' lang='lat' dir='ltr'><strong>de</strong></span> 
     </span>
    </p>
   </div>
   <div class='ocr_carea' id='block_1_112' title="bbox 2034 5444 3623 5520">
    <p class='ocr_par' dir='ltr' id='par_1_112' title="bbox 2034 5444 3623 5520">
     <span class='ocr_line' id='line_1_113' title="bbox 2034 5444 3623 5520; baseline -0.005 -14"><span class='ocrx_word' id='word_1_837' title='bbox 2034 5449 2322 5520; x_wconf 83' lang='lat' dir='ltr'><strong>Disciplina</strong></span> <span class='ocrx_word' id='word_1_838' title='bbox 2362 5458 2413 5502; x_wconf 88' lang='lat' dir='ltr'><strong>et</strong></span> <span class='ocrx_word' id='word_1_839' title='bbox 2439 5445 2587 5500; x_wconf 85' lang='lat' dir='ltr'><strong>Bono</strong></span> <span class='ocrx_word' id='word_1_840' title='bbox 2618 5444 2907 5516; x_wconf 69' lang='lat' dir='ltr'><strong>pttdiciliin,</strong></span> <span class='ocrx_word' id='word_1_841' title='bbox 2934 5445 3022 5514; x_wconf 86' lang='lat' dir='ltr'><strong>qui</strong></span> <span class='ocrx_word' id='word_1_842' title='bbox 3062 5444 3201 5499; x_wconf 85' lang='lat' dir='ltr'><strong>inter</strong></span> <span class='ocrx_word' id='word_1_843' title='bbox 3225 5444 3383 5501; x_wconf 83' lang='lat' dir='ltr'><strong>dubia</strong></span> <span class='ocrx_word' id='word_1_844' title='bbox 3431 5445 3488 5506; x_wconf 87' lang='lat' dir='ltr'><strong>S.</strong></span> <span class='ocrx_word' id='word_1_845' title='bbox 3516 5444 3623 5517; x_wconf 82' lang='lat' dir='ltr'><strong>Cy-</strong></span> 
     </span>
    </p>
   </div>
   <div class='ocr_carea' id='block_1_113' title="bbox 2107 5574 3623 5657">
    <p class='ocr_par' dir='ltr' id='par_1_113' title="bbox 2107 5574 3623 5657">
     <span class='ocr_line' id='line_1_114' title="bbox 2107 5574 3623 5657; baseline -0.003 -17"><span class='ocrx_word' id='word_1_846' title='bbox 2107 5585 2185 5657; x_wconf 78' lang='lat'><strong>(3)</strong></span> <span class='ocrx_word' id='word_1_847' title='bbox 2217 5577 2841 5657; x_wconf 54' lang='lat' dir='ltr'><strong>Tillemorit_._Mémoires</strong></span> <span class='ocrx_word' id='word_1_848' title='bbox 2864 5618 2880 5646; x_wconf 89' lang='lat'><strong>,</strong></span> <span class='ocrx_word' id='word_1_849' title='bbox 2913 5587 3031 5633; x_wconf 82' lang='lat' dir='ltr'><strong>note</strong></span> <span class='ocrx_word' id='word_1_850' title='bbox 3068 5593 3160 5647; x_wconf 82' lang='lat' dir='ltr'><strong>xv,</strong></span> <span class='ocrx_word' id='word_1_851' title='bbox 3209 5594 3298 5634; x_wconf 78' lang='lat' dir='ltr'><strong>sur</strong></span> <span class='ocrx_word' id='word_1_852' title='bbox 3342 5574 3623 5640; x_wconf 81' lang='lat' dir='ltr'><strong>Corueille.</strong></span> 
     </span>
    </p>
   </div>
   <div class='ocr_carea' id='block_1_114' title="bbox 2023 5649 2567 5725">
    <p class='ocr_par' dir='ltr' id='par_1_114' title="bbox 2023 5649 2567 5725">
     <span class='ocr_line' id='line_1_115' title="bbox 2023 5649 2567 5725; baseline -0.013 -12"><span class='ocrx_word' id='word_1_853' title='bbox 2023 5649 2176 5714; x_wconf 43' lang='lat' dir='ltr'><strong>Tom:</strong></span> <span class='ocrx_word' id='word_1_854' title='bbox 2207 5673 2283 5721; x_wconf 90' lang='grc' dir='ltr'>ιιι,</span> <span class='ocrx_word' id='word_1_855' title='bbox 2316 5669 2433 5725; x_wconf 79' lang='lat' dir='ltr'><strong>pag.</strong></span> <span class='ocrx_word' id='word_1_856' title='bbox 2465 5649 2567 5707; x_wconf 70' lang='lat'><strong>352</strong></span> 
     </span>
    </p>
   </div>
   <div class='ocr_carea' id='block_1_115' title="bbox 2092 5725 2487 5805">
    <p class='ocr_par' dir='ltr' id='par_1_115' title="bbox 2092 5725 2487 5805">
     <span class='ocr_line' id='line_1_116' title="bbox 2092 5725 2487 5805; baseline 0 -23"><span class='ocrx_word' id='word_1_857' title='bbox 2092 5727 2168 5805; x_wconf 66' lang='grc' dir='ltr'><strong>(ί)</strong></span> <span class='ocrx_word' id='word_1_858' title='bbox 2190 5728 2333 5785; x_wconf 89' lang='lat' dir='ltr'><strong>Idem</strong></span> <span class='ocrx_word' id='word_1_859' title='bbox 2357 5725 2487 5782; x_wconf 89' lang='lat' dir='ltr'><strong>ibid.</strong></span> 
     </span>
    </p>
   </div>
  </div>
