4038 6308
430 275 535 334 687

1498 257 1565 314 IN
1605 257 1662 315 S.
1695 247 2097 311 COIlNELIUlI
2159 239 2696 303 I’ROLEGUSIENA.
3607 236 3696 294 688

431 390 604 460 priani
634 383 899 459 Opnscula
927 385 1270 442 recensetur,
1323 375 1550 430 Erasmo
1601 372 1774 426 visum
1823 368 2023 432 fuisse,
2053 367 2105 426 Λ
2131 361 2356 460 etquod
2402 360 2639 460 excurrit
2671 353 2960 460 Ραεὶιὶίξέὶε.
3013 354 3189 460 ἰοῦ-ιιῐη
3370 348 3696 460 (ξοξξίεθΐςηῑ.

432 458 491 541 S.
526 479 775 538 Cornelio
812 491 970 548 posse
999 471 1252 528 adscribi.
1301 467 1406 523 Sed
1453 481 1577 520 eum
1616 480 1722 518 non
1762 460 1862 514 alia
1893 458 2028 513 ratio

433 575 754 639 adducatur,
795 585 954 640 quam
1001 564 1140 637 quod
1169 564 1214 619 is
1262 562 1330 616 ab
1360 561 1642 630 episcopo,
1675 555 1765 626 qui
1802 570 1830 606 a
1869 565 2029 622 grege

433 684 535 726 suo
564 668 768 730 aberat,
798 660 1137 730 conscriptus
1187 655 1287 720 sit;
1342 667 1448 708 non
1499 650 1655 705 video
1683 663 1779 703 cur
1807 646 1862 701 S.
1895 644 2031 698 Cur-

436 761 602 827 nelio,
646 752 1030 814 Centuntcellis
1072 747 1345 811 exulanti,
1391 744 1565 816 potius
1611 757 1771 813 quam
1815 738 2030 794 cuilibet

432 853 589 910 alteri
611 852 869 922 episeopo
912 863 942 903 a
971 845 1084 900 suis
1113 841 1322 897 absenti
1361 834 1733 894 attribuendus
1783 834 1871 888 sit.
1917 829 2028 886 Nec

433 948 610 1002 minus
658 941 913 999 divinavit
954 939 1097 993 idem
1156 935 1444 995 Erasmus,
1498 929 1626 985 dum
1681 924 2028 982 Tillemonlio

428 1038 609 1095 denuo
637 1044 775 1091 teste
799 1029 881 1105 (f)
907 1026 1176 1092 credidit,
1205 1036 1515 1082 sermonem
1558 1021 1624 1074 ad
1668 1014 2026 1074 Novatiauum

427 1131 763 1192 haereticum,
799 1126 1068 1198 Cypriano
1097 1139 1128 1176 a
1182 1116 1453 1174 nonnullis
1498 1112 1744 1170 similiter
1787 1109 2028 1180 adscrip-

427 1233 562 1286 tum,
590 1219 823 1276 Cornelii
852 1217 1013 1274 etiam
1041 1228 1176 1284 Opus
1203 1226 1345 1266 esse.
1384 1208 1523 1276 Quin
1567 1206 1730 1260 immo
1768 1219 1874 1262 non
1923 1203 2025 1256 im-

425 1313 704 1385 probabile
749 1324 851 1376 cst,
902 1319 960 1364 nt
1005 1308 1257 1364 observat
1299 1299 1697 1366 'I‘illemontius,
1740 1313 1863 1353 eum
1907 1304 2028 1366 post

421 1409 562 1466 Galli
591 1404 1043 1479 persecutionem,
1089 1399 1142 1454 in
1188 1398 1341 1467 cujus
1381 1393 1604 1451 exordio
1643 1401 1862 1447 sanctus
1888 1389 2025 1444 I’ou-

425 1501 558 1555 tifex
603 1498 872 1568 relegatus
913 1505 967 1550 et
995 1500 1286 1549 coronatus
1329 1499 1433 1554 est,
1485 1486 1746 1555 scriptum
1823 1482 2023 1547 fuisse,

423 1593 676 1660 incoque
701 1590 770 1646 de
821 1587 1064 1659 ejusdem
1114 1581 1454 1640 confessione
1506 1595 1572 1635 ac
1624 1576 1882 1648 martyrio
1925 1575 2026 1630 sub

427 1685 555 1740 boni
584 1682 822 1739 I’aswris
849 1691 975 1751 typo
999 1675 1312 1733 memorari.

967 1854 1358 1916 ARTICULUS
1398 1853 1488 1911 III.
1585 1913 1590 1916 ,

521 2013 759 2056 SYNOPSIS
798 2009 1065 2052 EPISTOLJE
1106 2006 1349 2048 CORNELII
1392 2005 1460 2044 AD
1508 2001 1705 2043 FADIIJM
1747 1999 1933 2040 ANTIO-

1144 2097 1358 2142 CEENUM
1371 2124 1382 2139 .

439 2328 448 2330 _
492 2252 738 2327 Magnum
779 2253 1133 2324 fragmentum
1161 2247 1318 2304 sfl'ert
1353 2246 1620 2303 Eusebius
1649 2243 1750 2316 (Ξ),
1797 2259 1865 2299 ex
1905 2242 2022 2313 epi-

420 2349 558 2403 stola
605 2346 758 2401 tertia
788 2344 1024 2402 Cornelii
1063 2345 1130 2398 ad
1180 2340 1441 2407 Fabium,
1493 2339 1548 2394 in
1598 2355 1700 2408 qua
1743 2334 2024 2392 Cornelius

419 2440 681 2496 ιιοςςιῆὺίι
722 2439 944 2494 artificia
985 2437 1182 2508 quibus
1222 2450 1350 2488 usus
1393 2442 1512 2488 erat
1557 2430 1922 2492 Noratiauus,
1968 2437 2026 2483 ut

418 2535 706 2605 episcopus
749 2532 1129 2595 ordinaretur,
1158 2530 1356 2585 abusus
1404 2527 1748 2598 simplicitate
1793 2534 1848 2580 et
1897 2522 2024 2579 faci-

419 2628 568 2682 litate
623 2625 782 2681 trimn
838 2624 1271 2694 Episcoporum,
1323 2634 1551 2688 quorum
1605 2632 1745 2672 unus
1813 2617 2023 2686 culpam

418 2719 658 2790 agnovit,
706 2731 770 2772 ac
823 2715 965 2770 illius
1033 2729 1155 2769 eunt
1201 2710 1466 2782 paenituit.
1538 2709 1729 2765 Postea
1773 2707 2024 2762 observat

421 2812 573 2867 hlsee
596 2809 930 2882 temporibus
951 2809 1064 2878 jam
1111 2821 1234 2863 csse
1283 2806 1336 2860 in
1370 2804 1606 2860 Ecclesia
1657 2803 1900 2858 Romana
1955 2800 2025 2856 46

419 2905 802 2978 presbyteros,
851 2913 1057 2973 septem
1099 2901 1394 2967 diaconos,
1427 2897 1758 2968 totidemque
1801 2894 2023 2951 subdia-

418 3013 619 3063 COnos;
651 2996 1012 3069 quadraginta
1041 3002 1098 3049 et
1138 2993 1275 3048 duos
1306 2985 1616 3064 acolythos,
1643 2989 2024 3061 quinquaginta

419 3091 556 3146 duos
583 3099 691 3145 ttttn
737 3089 1010 3152 ostiarius,
1071 3095 1182 3140 tum
1235 3085 1563 3148 exorristas,
1618 3098 1739 3138 cum
1800 3083 2023 3137 lectori-

423 3184 544 3247 bus,
591 3184 777 3236 viduas
822 3195 945 3237 cum
1001 3177 1376 3242 thlibomeuis,
1433 3179 1469 3232 i.
1522 3192 1575 3231 e.
1637 3165 2102 3246 indigentibus,C

424 3276 499 3330 uti
530 3291 634 3328 non
669 3273 806 3328 male
853 3269 1128 3326 substituit
1176 3268 1424 3331 Rufinus,
1457 3268 1576 3338 plus
1604 3266 1748 3321 mille
1770 3266 2030 3336 quingen-

424 3378 505 3423 tas
531 3385 544 3420 :
574 3366 770 3438 quibus
800 3364 1072 3420 universis
1103 3361 1309 3418 Domini
1334 3361 1501 3432 gratia
1529 3370 1583 3416 et
1611 3359 1914 3430 benignitas
1938 3358 2033 3412 ali-

423 3470 608 3515 menta
639 3457 964 3528 suppeditat.
1017 3455 1098 3510 Ex
1141 3454 1243 3509 hoc
1273 3455 1392 3509 loco
1423 3455 1597 3524 colligi
1632 3463 1837 3524 potest,
1899 3460 2030 3524 quot

427 3551 684 3605 basilicas
708 3558 833 3604 tunc
864 3549 1048 3604 Retine
1071 3547 1356 3604 habuerint
1384 3545 1691 3603 Christiani.
1721 3547 1853 3604 Cum
1883 3549 2026 3605 enim

427 3642 621 3714 singuli
671 3639 972 3712 presbyteri
1034 3655 1159 3694 suas
1217 3649 1466 3709 regerent
1531 3639 1809 3706 hasdicas,
1867 3641 1912 3694 si
1963 3640 2030 3695 46

423 3735 624 3791 fuerint
651 3733 974 3806 presbyteri,
1011 3733 1234 3790 t0tidem
1263 3732 1517 3790 basilicas
1558 3732 1721 3790 fuisse
1746 3735 2030 3791 dicendum

426 3840 530 3886 est.
579 3829 637 3884 In
675 3829 824 3885 'ltunc
874 3829 1050 3884 locum
1080 3829 1401 3898 gravissime
1443 3839 1634 3900 peccat
1679 3829 2027 3898 Blondcllus,

428 3940 550 3980 cum
587 3939 708 3979 eum
738 3923 810 3979 ita
841 3923 1184 3994 perstringit,
1241 3932 1299 3978 ut
1341 3922 1543 3978 nullam
1575 3923 2031 3980 subdiaconorutn

436 4017 599 4072 faciat
653 4017 1007 4083 mentionem,
1062 4016 1362 4087 exindeque
1402 4018 1594 4074 confici
1649 4026 1799 4088 putet
1857 4019 2034 4076 nullos

435 4117 546 4162 tum
579 4109 762 4162 Itoma:
805 4108 1167 4164 subdiaconus
1198 4108 1360 4164 fuisse
1387 4109 1682 4164 institutos.
1710 4109 1815 4164 Sed
1849 4110 2033 4166 lectio-

438 4199 523 4255 nis
545 4200 690 4254 illius
715 4200 1001 4256 falsitatem
1034 4210 1142 4256 tum
1183 4201 1409 4257 Graccus
1434 4202 1651 4258 Eusebii
1687 4212 1883 4270 textus,
1923 4214 2033 4258 tum

436 4290 625 4346 Latina
656 4290 833 4346 Rudini
880 4282 1257 4362 interpretatio
1302 4294 1697 4350 demonstrant.
1747 4295 1932 4350 Tradit
1980 4303 2034 4350 et

436 4385 666 4454 Optatos
697 4384 799 4456 (5),
827 4385 1174 4456 quadraginta
1215 4397 1268 4442 et
1313 4388 1541 4456 amplius
1564 4387 1819 4444 Basilicas
1848 4388 2035 4444 Romae

432 4477 723 4540 exstitisse,
741 4477 956 4548 quando
983 4479 1106 4534 illuc
1121 4479 1305 4535 Victor
1334 4478 1618 4536 Gabieusis
1645 4481 1884 4550 proxime
1916 4490 2036 4552 post

433 4579 681 4625 exortum
716 4571 1116 4626 Donatistarum
1165 4571 1402 4627 schisma
1448 4571 1516 4626 ab
1561 4571 1644 4627 his
1673 4572 2033 4630 schismaticis
2063 4558 2111 4620 Ῑ)

434 4663 634 4720 missus
662 4673 763 4720 εει.
795 4680 812 4714 t
855 4662 917 4718 lli
947 4668 1172 4734 quippe,
1204 4665 1373 4734 inquit
1394 4663 1650 4737 Optatusj,
1681 4664 1754 4722 ibi
1779 4667 1918 4723 inter
1939 4667 2032 4737 40,

507 4884 588 4956 (l)
632 4884 939 4941 'l‘illemont.
997 4871 1243 4941 Mémoire
1296 4903 1385 4940 sur
1441 4887 1710 4946 Corneille.
1756 4890 1910 4947 Tum.
1948 4907 2027 4950 ut.

437 4952 576 5028 Artg
605 4973 743 5028 nx",
777 4973 896 5028 pag.
919 4958 1048 5014 208.
1231 5007 1244 5014 -

503 5025 583 5101 (ἓ)
609 5025 804 5101 Euseb.
826 5025 900 5101 Π.
925 5029 989 5086 Ε.
1022 5029 1134 5084 Lib.
1174 5047 1244 5094 τι,
1271 5046 1390 5101 cap.
1414 5033 1503 5088 45.

506 5098 585 5170 (ὅ)
613 5097 790 5170 Optat.
821 5099 937 5158 Lib.
973 5117 1007 5158 ll
1039 5101 1106 5158 de
1131 5097 1436 5161 Sehisntate
1474 5105 1895 5166 Donatistarum.

1715 5441 1993 5466 αα*

2007 5429 2166 5488 tam

2134 469 2242 508 non
2277 453 2567 508 habebant.
2609 471 2628 504 ι
2664 450 2834 519 Quem
2867 447 3043 503 locqu
3073 446 3198 501 dum
3228 443 3700 516 Blondellus,Apo-

2131 546 2240 617 log.
2288 562 2408 618 pag.
2435 544 2572 610 29.3,
2607 544 2676 600 de
2702 544 2869 614 ipsius
2898 541 3077 612 Optati
3116 550 3275 597 astate
3311 539 3695 610 interpretatur,

2131 638 2200 693 ab
2223 653 2290 693 eo
2317 639 2462 692 male
2488 636 2820 692 intellectum
2847 649 2970 689 esse
3005 632 3250 689 Valesius
3275 639 3421 688 recte
3447 640 3587 686 notat
3609 630 3697 703 (5).

2138 717 2142 720 Ὺ
2203 730 2365 786 Addit
2391 730 2676 786 Cornelius
2720 728 3075 785 Novati-mum
3106 744 3210 783 non
3232 741 3393 798 posse
3418 741 3624 796 sperare
3649 742 3700 784 se

2131 823 2196 878 ad
2226 825 2592 894 episcopatum
2617 831 2920 885 venturum,
2955 819 3220 891 siquidem
3265 819 3320 875 in
3365 818 3509 874 lecto
3552 818 3701 891 bapti-

2131 925 2282 970 zatus
2325 930 2430 971 non
2457 922 2740 985 receperat
2762 913 3162 984 impositinnem
3188 925 3441 967 manuum
3465 909 3700 983 episcopi,

2131 1007 2236 1064 hoc
2259 1017 2376 1075 est,
2427 1016 2828 1064 sacramentum
2885 1003 3344 1061 Confirmationis.
3395 1003 3501 1059 Sed
3551 1019 3704 1075 neque

2130 1111 2413 1174 postquam
2453 1102 2714 1157 liberatus
2756 1111 2838 1156 est
2877 1115 2906 1154 a
2948 1100 3170 1165 morbo,
3212 1099 3415 1167 reliqua
3456 1099 3703 1170 percepit,

2129 1185 2251 1267 qua:
2281 1195 2576 1252 secundum
2596 1194 2834 1266 regulam
2864 1193 3122 1250 Ecclesia:
3154 1211 3172 1244 ‹
3212 1191 3551 1264 percipienda
3577 1201 3703 1258 sunt,

2131 1306 2307 1362 neque
2332 1289 2400 1345 ab
2421 1292 2677 1360 episcopo
2706 1287 3052 1359 consignatus
3072 1295 3177 1351 cst,
3199 1294 3284 1342 res
3311 1310 3364 1342 ea
3385 1289 3706 1357 σᾳραγισοτξνλι

2131 1392 2222 1441 ὑπὸ
2248 1392 2333 1440 τοῦ
2351 1391 2626 1440 terimus».
2663 1383 2774 1438 iloc
2811 1393 2989 1438 autem
3034 1381 3311 1453 signaculo
3350 1380 3568 1437 minime
3599 1396 3708 1452 per-

2130 1488 2308 1549 cepto,
2356 1475 2628 1548 quomodo
2677 1475 2932 1546 Spiritum
2979 1483 3226 1531 sanctum
3297 1475 3470 1545 patuit
3521 1475 3711 1545 accipe-

2130 1588 2186 1627 re
2219 1572 2338 1644 (6)?
2377 1591 2396 1624 ι
2443 1571 2634 1626 Postea
2681 1569 2866 1625 scribit
2893 1567 3195 1633 Cornelius,
3241 1568 3383 1638 quod
3414 1577 3611 1623 tantum
3637 1583 3711 1623 ro-

2129 1675 2252 1734 gata
2295 1661 2544 1734 EpisCOpi
2582 1671 2770 1717 contra
2812 1660 3124 1717 mandatum
3168 1660 3461 1728 Ecclesiae,
3503 1676 3618 1732 qua:
3641 1660 3712 1717 sic

2053 1764 2100 1824 Β
2129 1754 2426 1827 baptizatos
2463 1753 2700 1810 ordinari
2745 1753 3096 1825 prohibebat,
3141 1753 3446 1825 presbyter-
3476 1751 3711 1808 Novatia-

2130 1865 2232 1904 nus
2283 1847 2561 1904 ordinatus
2625 1845 2806 1902 fuerit
2850 1845 2956 1919 (7).
3012 1846 3140 1901 Dein
3181 1846 3481 1917 exprobrat
3517 1844 3708 1910 eidem,

2134 1940 2279 2012 quod
2320 1939 2683 1995 sacerdotium
2724 1954 2881 1994 suum
2933 1939 3281 2009 abnegaverit
3345 1936 3713 2008 persecutionis

2130 2046 2395 2106 tempore,
2423 2043 2685 2105 cogatque
2713 2047 2840 2088 suos
2867 2047 3068 2103 corpus
3091 2041 3146 2088 et
3171 2030 3488 2103 sanguinem
3529 2029 3711 2087 Christi

2127 2128 2206 2184 eis
2253 2127 2572 2198 praebendo,
2630 2126 2848 2198 jnrare,
2909 2141 3032 2183 cum
3092 2126 3424 2198 respondere
3471 2125 3716 2182 deberent

2128 2219 2311 2286 Amen,
2342 2221 2417 2275 uti
2447 2233 2564 2274 mos
2593 2219 2848 2274 Ecclesia:
2889 2227 3008 2274 erat
3055 2216 3160 2291 (8),
3213 2232 3275 2273 se
3326 2232 3615 2290 numquam
3654 2215 3715 2272 ad

2128 2295 2438 2369 Cornelium
2495 2327 2834 2368 reversuros.
2903 2311 3143 2381 Denique
3212 2309 3436 2367 Fabium
3504 2318 3713 2376 monet,

2131 2406 2404 2462 Romanos
2439 2405 2782 2461 confessores
2830 2411 3011 2476 partes
3055 2401 3336 2459 Noratiani
3384 2402 3714 2468 deseruisse,

2130 2497 2435 2566 multosque
2454 2497 2766 2568 episcopos,
2797 2511 3024 2567 quorum
3052 2495 3119 2550 ad
3148 2510 3270 2551 eum
3296 2496 3517 2551 nomina
3547 2493 3713 2560 mittit,

2129 2592 2182 2648 in
2203 2591 2435 2646 concilio
2463 2590 2711 2646 eumdem
2740 2589 3046 2646 damnasse.
3709 2594 3713 2599 '

2199 2680 2436 2737 Cornelii
2493 2681 2674 2750 stilus,
2727 2679 2906 2750 judice
2953 2680 3268 2738 doctissimo
3332 2681 3563 2753 Dupinio
3622 2680 3715 2756 (9),

2128 2784 2388 2847 quantum
2411 2773 2480 2830 de
2500 2773 2810 2845 eojudicari
2825 2783 3006 2846 potest
3031 2790 3099 2831 ex
3124 2774 3330 2846 paucis,
3349 2790 3472 2846 qua:
3497 2785 3714 2842 exstant,

2129 2870 2246 2940 ejus
2269 2868 2533 2940 epistolis,
2565 2881 2674 2923 non
2700 2877 2786 2923 est
2808 2867 2961 2923 valde
3001 2867 3266 2933 sublimis,
3300 2877 3480 2925 tamen
3509 2867 3591 2936 iis,
3611 2885 3719 2939 qua:

2129 2963 2254 3020 dicit
2279 2962 2408 3020 satis
2429 2960 2682 3034 ponderis
2693 2960 2868 3028 aﬂ'ert,
2895 2976 2985 3018 res
2999 2961 3102 3018 sibi
3116 2962 3512 3032 accommodat,
3539 2963 3719 3019 adrer-

2129 3058 2272 3114 sario
2297 3072 2396 3113 suo
2418 3057 2569 3112 nullo
2588 3054 2750 3112 modo
2777 3055 2970 3127 parcit.

2205 3307 2284 3380 (.4)
2311 3307 2494 3363 Vales.
2523 3306 2575 3361 in
2606 3304 2748 3361 hunc
2775 3303 2992 3361 Eusebii
3014 3304 3214 3360 locum.

2208 3399 2286 3471 (5)
2339 3399 2418 3471 En
2486 3397 2921 3471 sacramentum_
2963 3396 3436 3471 Confirmationis!
3509 3399 3719 3457 Rufinus

2132 3469 2318 3528 Graeca
2345 3469 2581 3526 Cornelii
2608 3471 2771 3524 verba
2797 3471 2867 3524 ita
2911 3469 3077 3541 latine
3115 3472 3418 3541 expressit:
3455 3471 3568 3527 Nec
3604 3474 3721 3527 relic

2131 3560 2233 3614 qua
2258 3543 2311 3596 in
2340 3559 2420 3608 eo,
2445 3557 2563 3613 qua:
2601 3541 2909 3614 baptismum
2933 3539 3391 3614 subseqnifsolent,
3441 3545 3722 3599 solemniter

2133 3611 2411 3683 adimpleta
2459 3611 2606 3680 sunt,
2655 3628 2744 3667 nec
2767 3611 3032 3684 signaculo
3073 3613 3365 3670 chrismatis
3408 3631 3721 3671 carissimum-

2135 3697 2214 3741 tus
2234 3695 2328 3740 est.

2207 3775 2288 3848 (6)
2311 3775 2443 3832 Vide
2457 3774 2663 3832 Canon.
2694 3791 2769 3831 xu
2799 3775 2999 3848 Synodi
3017 3774 3317 3834 Neocscsar.
3342 3789 3396 3834 et
3412 3777 3720 3836 Laodiceam

2134 3848 2341 3904 Canon.
2370 3863 2534 3904 xcvu.

2207 3943 2290 4016 (Ἰ)
2339 3942 2528 4021 Sancti
2580 3942 2766 4021 I’atrcs
2818 3943 3158 4021 Ambrosius,
3231 3945 3615 4021 Hieronymus,
3671 3955 3723 4004 et

2137 4015 2466 4088 Augustinus
2517 4015 2672 4088 hujus
2716 4016 3120 4088 consuetudinis
3148 4015 3479 4088 mentionem
3511 4020 3716 4076 faciunt.

2139 4085 2506 4163 Hieronymus
2523 4085 2887 4163 quidem‘adv.
2913 4102 3130 4163 errores
3149 4086 3305 4163 Joan.
3325 4089 3719 4163 Hierosolyma.

2137 4159 2202 4233 ad
2239 4157 2639 4233 Primumdum“
2669 4174 2684 4210 :
2719 4157 2834 4225 Qua
2854 4159 3183 4233 conscientia,
3213 4161 3402 4233 inquit,
3435 4163 3507 4217 ad
3525 4157 3720 4216 Bacha-

2137 4231 2336 4284 ristiam
2356 4230 2614 4290 accedam,
2633 4239 2678 4282 et
2699 4230 2984 4298 repondcbo
3005 4245 3025 4284 :
3039 4233 3230 4298 Amen,
3257 4230 3374 4287 ciam
3389 4237 3456 4289 de
3483 4235 3720 4288 cltaritatc

2138 4301 2371 4377 dubitent
2383 4302 2726 4377 _porrigenti_s_
2744 4304 2770 4354 ἓν
2823 4301 2941 4377 Huc
2992 4311 3198 4377 spectat
3214 4304 3391 4377 _illod_
3409 4371 3422 4377 _
3447 4304 3720 4377 Augustini

2137 4375 2313 4447 Serm.
2343 4371 2470 4440 ‘27‘2,
2486 4371 2626 4447 nov.
2643 4372 2774 4427 edit.
2799 4373 2957 4426 Audis
2981 4371 3178 4447 Corpus
3201 4371 3422 4440 Christi,"
3447 4387 3496 4431 et
3524 4371 3724 4447 respon-

2139 4446 2250 4519 des:
2272 4445 2452 4519 Amen.
2483 4445 2549 4498 Et
2573 4442 2667 4498 lib.
2700 4459 2795 4510 xu,
2820 4455 3002 4519 contra
3036 4442 3305 4519 (faustum,
3337 4461 3458 4519 cap.
3497 4448 3582 4504 10.
3608 4442 3720 4502 Ἠαο

2141 4518 2216 4569 bet
2237 4517 2371 4570 enim
2400 4531 2642 4586 magnam
2678 4531 2849 4588 uocem
2878 4513 3067 4570 Christi
3109 4519 3318 4588 sanguis
3341 4513 3585 4583 in'tcrris,
3617 4534 3724 4574 cum

2139 4603 2196 4642 eo
2215 4597 2421 4648 accepto
2471 4589 2533 4640 ab
2554 4586 2788 4642 omnibus
2815 4588 3149 4656 respondetur
3180 4586 3395 4646 :Idmen.
3428 4590 3584 4648 Ritus
3638 4589 3725 4645 ille

2139 4659 2281 4728 apud
2311 4658 2790 4733 Ambrosiumjib.
2845 4674 2896 4712 tv
2926 4659 2994 4713 de
3015 4660 3285 4733 _Sacratu.,
3317 4676 3439 4731 cap.
3465 4664 3523 4728 5,
3564 4663 3724 4733 expli-

2137 4741 2289 4784 CaIur
2320 4730 2400 4784 Itis
2425 4729 2600 4785 verbis
2626 4747 2640 4782 :
2664 4728 2799 4801 Ergo
2827 4746 2929 4802 non
2954 4730 3112 4784 otiose
3132 4747 3247 4786 cum
3261 4728 3475 4802 accipis,
3507 4744 3561 4788 tu
3580 4728 3721 4788 dicit:

2138 4801 2319 4885 émen,
2341 4803 2458 4885 jam
2484 4802 2536 4855 in
2589 4801 2772 4885 spiritu
2799 4801 3046 4885 conﬁtens
3072 4803 3210 4885 quod
3245 4804 3720 4885 accipiasni’ernm.

2135 4872 2269 5000 Clpm
2301 4872 2386 4930 his
2413 4872 2682 4929 consentit
2706 4882 2762 4928 et
2811 4873 3047 4945 Cyrillus
3083 4873 3408 4947 .lerosolym.
3465 4876 3712 4933 Cateclm:

2135 4963 2165 4999 It
2211 4963 2335 5000 rma.

2134 4955 2335 5000 ultima.

2126 5035 2848 5180 l,.“$8)2I8)(t’tpin.Bibliother:.,
2896 5043 3027 5094 tom.
3086 5053 3127 5107 ι,
3177 5037 3308 5096 eam
3367 5038 3489 5097 Lm.
3536 5039 3716 5097 colo".

2161 5146 2246 5180 ,ν
2387 5147 2400 5163 ,

2161 5146 2246 5181 μθ.
2276 5146 2400 5164 ων.

2176 5451 2498 5474 Ἦ
