4068 6324
592 492 593 495 γ
1378 495 1420 552 θ
1775 518 2225 595 NOTITIA

638 682 1205 750 EPISTOLABUM
1243 680 1409 747 NON
1451 678 1979 838 EXSTAglUM
2032 676 2217 755 QU/E
2263 675 2369 738 AD
2411 672 2883 738 CORNELIUM
2928 673 3336 739 ATTINENT
3361 718 3378 751 ,

1510 845 1754 890 Αυετοιιε
1793 847 1844 890 ἰ).
1877 842 2230 918 ερυετλιητθο-
2251 843 2304 886 ο.
2348 843 2394 885 S.
2437 843 2485 883 ll.

1683 962 2338 997 ..ὢ-

1126 1060 1172 1119 l.

424 1184 479 1240 1.
510 1179 746 1240 Cornelii
766 1178 834 1237 ad
854 1178 1179 1253 Cyprianum
1201 1176 1406 1235 aliosve
1431 1174 1632 1233 Africae
1656 1174 1951 1246 episcopos

349 1279 576 1347 litteras,
630 1276 910 1350 quibusse
945 1278 1259 1346 episcopum
1314 1272 1501 1328 Roma:
1549 1268 1751 1325 factum
1805 1283 1948 1323 nun—

349 1371 539 1428 tiabat.
594 1369 690 1427 lite
743 1367 1062 1425 modestiam
1111 1375 1165 1422 et
1215 1362 1611 1436 simplicitatem
1662 1358 1950 1432 quamdam

346 1464 663 1536 spirabant,
704 1477 864 1534 quam
892 1459 1116 1517 minime
1147 1472 1258 1529 pra:
1287 1472 1349 1514 se
1377 1455 1623 1513 ferebant
1649 1495 1663 1519 ,
1692 1469 1814 1525 qua:
1841 1467 1948 1507 non

347 1558 521 1617 multo
546 1564 668 1629 post
713 1555 766 1611 in
817 1553 1053 1611 Africam
1094 1562 1380 1619 venerunt,
1423 1548 1709 1607 Novatiani
1751 1548 1950 1619 scripta

344 1649 602 1707 conviciis
629 1655 687 1704 et
729 1646 1016 1704 calumniis
1042 1645 1221 1716 plena.
1250 1644 1591 1717 Quapropter
1649 1639 1951 1714 Cyprianus

346 1742 447 1799 has
493 1741 725 1800 Cornelii
772 1740 982 1797 litteras
1004 1738 1144 1810 plebi
1177 1738 1280 1810 legi
1335 1737 1594 1809 praecepit
1656 1747 1713 1793 et
1743 1736 1949 1806 respuit

343 1838 546 1912 scripta
581 1834 885 1893 Novatiani.
943 1834 1069 1907 ipso
1122 1842 1304 1891 autem
1370 1832 1641 1907 Cypriane
1690 1842 1948 1899 auctore,

350 1948 370 1984 ι
415 1928 613 1987 divina;
663 1926 970 1984 traditionis
1037 1934 1094 1983 et
1155 1924 1542 1983 ecclesiastica:
1598 1923 1949 1981 institutionis

344 2022 604 2079 sanctitas
620 2022 820 2094 pariter
844 2034 910 2076 ac
931 2019 1130 2076 veritas
1155 2017 1410 2091 exigebat
1436 2036 1455 2071 ι
1488 2026 1550 2073 ut
1567 2018 1749 2097 statim
1787 2025 1949 2087 atque

347 2115 632 2174 Romanus
644 2114 933 2185 episcopus
958 2111 1370 2184 Cartliaginensi
1384 2110 1778 2168 ordinationem
1796 2124 1947 2166 suam

343 2209 541 2268 litteris
614 2208 954 2276 nuntiasset,
1008 2206 1124 2277 ipse
1173 2214 1387 2261 mutuas
1424 2204 1491 2259 ad
1540 2204 1689 2260 illum
1744 2202 1948 2258 litteras

347 2303 645 2373 dirigeret,
683 2316 748 2357 ac
797 2300 985 2357 notitia
1032 2298 1388 2355 ordinationis
1441 2296 1562 2368 ejus
1585 2296 1653 2352 ad
1706 2295 1948 2368 singulos

347 2395 644 2469 provinciae
671 2410 785 2450 sua:
822 2392 1059 2464 collegas
1087 2391 1312 2463 perlata,
1342 2390 1412 2447 ab
1454 2389 1540 2446 his
1579 2389 1772 2446 fratres
1821 2403 1947 2446 cum

343 2489 544 2547 litteris
601 2488 669 2545 ad
708 2488 1021 2559 episcopum
1071 2498 1265 2542 recens
1299 2492 1538 2541 creatum
1592 2482 1946 2541 destinaudos

344 2598 468 2642 esse
487 2582 788 2641 mendaret.
816 2582 914 2640 Cui
959 2580 1139 2638 ofticio
1168 2594 1275 2636 non
1290 2577 1531 2636 defuisse
1554 2592 1616 2635 se
1641 2576 1946 2651 Cyprianus

344 2675 686 2734 testiﬁcatur.

1120 2767 1186 2825 ll.

306 2940 311 2943 .
417 2888 473 2944 ε.
518 2886 771 2961 Cypriani
824 2885 893 2943 ad
930 2884 1246 2941 Cornelium
1287 2897 1480 2955 papam
1522 2879 1796 2953 Epistola,
1851 2894 1948 2952 per

345 2980 666 3040 Caldonium
693 2992 746 3039 et
777 2981 1132 3038 Fortunatum
1164 2978 1448 3049 episcopos
1472 2976 1811 3041 transmissa,
1841 2988 1947 3046 qua

346 3076 658 3146 rogabatur,
710 3083 769 3129 ut
809 3087 945 3144 quas
998 3073 1113 3142 ipse
1142 3070 1444 3143 Cyprianus
1470 3082 1592 3123 cum
1648 3066 1713 3122 ad
1737 3066 1944 3122 elerum

347 3169 461 3217 tum
492 3159 558 3216 ad
586 3159 796 3231 plebem
834 3171 986 3213 suam
1016 3153 1500 3226 Carthaginensem
1523 3151 1593 3206 de
1625 3149 1946 3206 Felicissimi

344 3264 401 3312 et
420 3256 658 3328 quinque
683 3254 1119 3326 presbyterorum
1138 3250 1368 3307 factione
1383 3248 1711 3316 scripserat,
1743 3245 1843 3301 hoc
1865 3252 1949 3301 est

346 3348 481 3406 edit.
506 3349 709 3405 Pamel.
743 3364 950 3404 xsxvm
1005 3356 1061 3404 et
1087 3362 1177 3411 xc.
1214 3344 1399 3401 Roma:
1438 3344 1694 3401 ‘lidelibus
1723 3342 1943 3413 legeret.

344 3440 616 3508 Qttocirca
647 3441 961 3497 earumdem
1020 3438 1322 3495 litterarum
1378 3436 1625 3509 exempla
1674 3444 1801 3491 tunc
1852 3448 1948 3502 per

345 3531 638 3606 prmdietos
667 3533 954 3605 episcopos
985 3530 1263 3595 mittebat.
1313 3546 1434 3602 qua:
1463 3538 1517 3586 et
1556 3536 1739 3601 postea
1769 3527 1948 3583 denuo

346 3641 448 3698 per
490 3625 727 3682 Mettium
753 3632 809 3681 et
827 3623 1186 3696 Nicephorum
1219 3623 1384 3681 misit.

1096 3759 1186 3819 Ill.

1979 1053 2182 1115 Aocto
2226 1050 2479 1127 Cypriani
2528 1064 2744 1112 exstant
2768 1056 3013 1129 epistolas
3067 1055 3328 1130 (totidem
3366 1059 3662 1116 etiamnum

2059 1144 2368 1221 liabemuS),
2397 1149 2617 1221 scripsit
2640 1148 2939 1221 Epistolam
2956 1150 3023 1206 ad
3040 1149 3287 1217 Fabium,
3307 1152 3662 1219 Antiochense

2056 1238 2301 1296 ecclesia:
2363 1240 2701 1313 episcopum,
2734 1242 2804 1298 de
2859 1243 3069 1316 synodo
3112 1243 3388 1311 Romana,
3431 1246 3614 1303 Italica
3641 1288 3660 1316 ,

2055 1330 2307 1387 Africana
2335 1348 2349 1394 ;
2383 1341 2439 1388 et
2462 1334 2623 1389 aliam
2648 1333 2717 1391 de
2762 1334 3061 1391 Novatiano
3090 1345 3145 1392 et
3170 1337 3240 1393 de
3269 1336 3352 1393 his
3384 1339 3475 1409 qui
3520 1338 3661 1411 lapsi

2055 1433 2212 1493 sunt;
2264 1427 2476 1483 tertiam
2505 1428 2574 1484 de
2603 1431 2773 1500 gestis
2798 1428 3023 1501 synodi;
3052 1440 3296 1500 quartam
3317 1430 3383 1487 ad
3413 1431 3660 1489 eumdem

2056 1515 2281 1573 Fabium
2341 1517 2497 1574 valde
2546 1519 2849 1590 prolixam,
2901 1530 2956 1576 et
3023 1520 3335 1578 Novatianm
3387 1522 3661 1582 litt-reseas

2053 1624 2246 1666 causas
2268 1620 2320 1668 et
2369 1612 2657 1669 anathema
2718 1614 3108 1671 continentem.
3149 1633 3168 1668 ι
3216 1615 3257 1671 Ε
3302 1628 3535 1688 quatuor
3556 1616 3663 1673 illis

2054 1703 2302 1773 epistolis
2354 1704 2492 1761 nihil
2518 1705 2586 1761 ad
2628 1721 2726 1763 nos
2758 1706 3034 1777 pervenit,
3068 1707 3172 1762 nisi
3204 1719 3493 1779 postrema:
3523 1709 3661 1765 insi-

2052 1795 2174 1867 gnia
2230 1796 2478 1867 quaedam
2528 1796 2862 1869 fragmenta,
2926 1814 3046 1868 qua}
3095 1798 3333 1855 Eusebio
3371 1800 3655 1858 debemus.

2053 1879 2158 1936 iste
2196 1889 2376 1937 autem
2434 1882 2672 1956 scriptor
2690 1883 2759 1940 de
2791 1882 2984 1940 iisdem
3007 1885 3174 1955 gestis
3221 1900 3285 1941 ac
3314 1886 3507 1942 litteris
3542 1886 3662 1944 haec

2054 1973 2259 2032 habet:
2295 1995 2314 2030 ι
2345 1976 2481 2033 Cum
2515 1977 2704 2034 Romae
2745 1987 3071 2051 congregata
3102 1988 3250 2037 esset
3278 1980 3519 2053 synodus
3540 2022 3556 2049 ,
3604 1981 3659 2037 in

2051 2083 2158 2140 qua
2187 2072 2470 2140 sexaginta
2512 2069 2728 2140 quidem
2762 2071 3044 2143 episcopi,
3095 2071 3398 2145 presbyteri
3424 2087 3554 2129 vero
3595 2088 3660 2130 ac

2051 2160 2267 2217 diaconi
2288 2163 2463 2219 multo
2475 2163 2657 2235 plures
2676 2172 3045 2221 convenerunt
3066 2180 3080 2232 ;
3113 2164 3344 2238 conique
3361 2167 3413 2223 in
3438 2168 3657 2238 provin-

2049 2254 2149 2310 ciis
2178 2255 2276 2325 (uti
2308 2255 2586 2326 probabile
2614 2255 2929 2327 est,ltali:e)
2952 2258 3224 2315 antistites
3253 2272 3498 2315 seorsum
3524 2274 3659 2316 con-

2049 2346 2364 2416 sultassent,
2395 2347 2703 2418 huiusmodi
2724 2348 3001 2405 decretum
3021 2352 3231 2407 cunctis
3259 2352 3656 2426 promulgatum

1975 2453 2024 2513 Β
2049 2449 2134 2497 est
2157 2440 2324 2514 (baud
2370 2441 2534 2498 dubie
2560 2458 2589 2497 a
2619 2442 2902 2514 Cornelio)
2950 2443 3217 2500 Novatum
3245 2444 3372 2516 (leg.
3402 2444 3658 2502 Novatia-

2050 2530 2203 2603 num)
2231 2533 2448 2603 quidem
2477 2541 2531 2589 et
2555 2548 2652 2590 eos
2671 2534 2761 2606 qui
2784 2550 2905 2592 eum
2930 2535 3051 2606 ipso
3075 2549 3198 2593 sese
3225 2536 3547 2594 insolentius
3560 2553 3658 2595 ex.

2050 2624 2284 2681 tulerant
2304 2667 2319 2691 ,
2355 2635 2409 2682 et
2435 2627 2760 2699 quicumque
2780 2627 3244 2684 inhumanissima:
3270 2639 3326 2686 et
3351 2646 3382 2685 a
3420 2630 3657 2688 fraterna

2045 2717 2308 2775 charitate
2322 2719 2512 2776 aliena:
2537 2720 2655 2792 ejus
2674 2721 2913 2792 opinioni
2945 2722 3259 2779 consentire
3296 2738 3657 2796 praesumpse-

2049 2822 2191 2878 rant,
2210 2812 2417 2869 alienos
2443 2813 2511 2870 ab
2529 2814 2769 2871 Ecclesia
2800 2813 3077 2871 habendos
3097 2831 3255 2883 esse;
3276 2815 3470 2895 fratres
3500 2832 3653 2889 vero,

2048 2909 2139 2979 qui
2165 2924 2292 2966 casu
2315 2925 2378 2965 ae
2398 2909 2694 2966 tcntatione
2717 2910 2853 2983 lapsi
2882 2910 3109 2970 fuerant.
3129 2911 3460 2980 paenitentia:
3478 2927 3656 2970 reme-

2049 3002 2156 3058 diis
2176 3002 2445 3057 curandos
2475 3011 2529 3058 et
2554 3002 2919 3060 confuvendos
2936 3018 3078 3059 esse.
3098 3003 3515 3062 Exstantadliuc
3539 3007 3656 3077 epi-

2049 3095 2205 3151 stolae
2229 3096 2465 3153 Cornelii
2497 3096 2859 3153 Ruinmiorum
2915 3097 3153 3168 episcopi
3180 3098 3248 3181 ad
3290 3097 3514 3155 Fabium
3545 3102 3655 3157 An-

2030 3190 2344 3249 tiochensis
2358 3194 2598 3250 ecclesia;
2613 3194 2893 3265 praesulem
2910 3194 3166 3261 missm,in
3180 3194 3373 3266 quibus
3383 3203 3438 3251 et
3455 3193 3653 3250 Roma-

2050 3300 2133 3340 na:
2150 3285 2337 3357 synodi
2353 3295 2581 3356 gesta,et
2600 3289 2837 3343 omnium
2858 3303 2953 3358 per
2967 3287 3168 3343 Italiam
3183 3299 3238 3345 et
3255 3286 3489 3345 Africam
3500 3287 3655 3344 alias-

2050 3393 2155 3448 que
2168 3378 2409 3435 locorum
2431 3380 2647 3437 illorum
2668 3383 2971 3452 provincias
2986 3383 3269 3441 sententia:
3281 3382 3646 3440 declarantur.

2051 3468 2147 3526 ﬂis
2206 3470 2459 3541 adjuncta
2516 3482 2634 3529 erat
2676 3474 2779 3529 alia
2809 3473 3053 3544 ejusdem
3103 3473 3339 3530 Cornelii
3391 3475 3654 3545 epistola,

2050 3561 2225 3619 dehis
2251 3578 2372 3634 quin
2401 3564 2453 3619 in
2486 3563 2695 3636 synodo
2742 3563 2763 3637 (
2796 3564 3039 3620 Romana
3074 3564 3094 3637 )
3142 3564 3358 3621 decreta
3410 3564 3647 3621 fuerant.

2120 3657 2174 3714 5.
2218 3656 2447 3725 Quando
2484 3667 2662 3714 autem
2708 3657 2952 3713 habitum
2977 3658 3139 3717 fuerit
3182 3672 3309 3713 mox
3352 3657 3554 3714 dictum
3581 3657 3653 3716 de

2050 3748 2347 3820 Lapsorum
2388 3764 2549 3805 causa
2581 3749 2905 3817 concilium,
2949 3749 3194 3821 adeoque
3240 3758 3297 3806 et
3340 3765 3449 3821 quo
3506 3758 3648 3805 tem-

419 3879 475 3934 ‘5.
517 3876 803 3950 Synodieaa
851 3876 1230 3948 episcoporum
1290 3854 1484 3931 Africae
1534 3874 1603 3929 ad
1634 3872 1944 3928 Cornelium
1971 3861 2017 3925 C
2052 3855 2229 3950 "ora"
2250 3839 2506 3950 θξδηξθπξίυ
2528 3842 2848 3950 confer?!”
2864 3844 2994 3944 δίξην
3017 3857 3079 3897 ea
3103 3841 3177 3950 d3
3198 3856 3361 3946 ⁴ξ³¹³⁸²¹
3382 3840 3648 3950 epis“?-

347 3969 576 4036 litterte,
608 3971 845 4040 ipsorum
886 3984 1049 4024 manu
1094 3967 1442 4037 subscriptio,
1483 3979 1548 4020 ac
1591 3979 1684 4034 per
1709 3962 1946 4019 Mettium

344 4065 779 4139 hypodiaeonnm
807 4072 862 4121 et
892 4063 1251 4134 Nicephorum
1283 4060 1593 4134 acolythum
1624 4058 1867 4132 perlatae,
1894 4059 1948 4114 in

343 4157 542 4229 quibus
570 4155 639 4213 de
671 4154 990 4212 Felicissimi
1016 4164 1071 4211 et
1095 4154 1333 4225 quinque
1362 4153 1801 4224 presbyterorum
1844 4149 1948 4221 ipsi

343 4252 735 4308 cohtcrentium
762 4265 921 4306 causa
948 4248 1077 4321 quid
1113 4248 1450 4314 sensissent,
1478 4248 1677 4317 quidve
1708 4261 1952 4316 proruto.—

347 4346 596 4411 tiassent,
630 4344 952 4409 edocebant,
985 4343 1111 4399 illos
1161 4357 1376 4413 nempe,
1431 4352 1493 4398 ut
1519 4358 1681 4413 supra
1728 4342 1780 4395 in
1813 4339 1949 4412 Epi-

341 4439 486 4498 stola
515 4455 611 4503 xu,
633 4454 774 4493 anno
823 4446 1084 4508 sequente
1108 4438 1335 4507 scripta,
1373 4452 1408 4491 n
1470 4435 1526 4504 9,
1578 4442 1909 4491 memoratur
1930 4476 1947 4503 ,

344 4533 613 4593 sententia
635 4547 730 4589 sna
751 4534 1030 4589 abstcntos
1055 4546 1195 4587 esse.
1225 4528 1555 4601 Conscriptre
1571 4528 1795 4586 forsitan
1829 4527 1948 4586 fue-

349 4635 480 4685 runt
504 4641 570 4682 ex
600 4640 667 4680 eo
692 4624 1080 4696 «plurimorum
1097 4623 1474 4694 episcoporum
1490 4621 1741 4687 concilio,
1768 4638 1785 4673 ι
1804 4619 1950 4691 quod

346 4721 653 4796 Cyprianus
676 4720 846 4790 Epist.
864 4735 887 4774 ι
911 4717 978 4775 ad
998 4718 1328 4790 Stephanum
1348 4718 1388 4780 l.
1409 4717 1525 4785 n.2,
1550 4717 1817 4780 recolit,in
1844 4731 1951 4788 quo

356 4835 378 4869 s
415 4814 744 4871 Novatiauus
787 4812 960 4868 hostis
1026 4810 1281 4868 Ecclesia:
1326 4810 1598 4880 judicatus
1638 4817 1759 4875 est,
1803 4830 1822 4861 s
1887 4823 1952 4864 ac

351 4907 555 4964 nemini
605 4920 727 4962 cum
768 4917 837 4962 eo
877 4902 1278 4961 communicare
1316 4900 1479 4958 licere
1547 4900 1949 4972 pronuntiatum

352 5001 471 5058 fuit.

1103 5067 1195 5125 IV.

398 5190 497 5248 Ubi
521 5199 568 5245 et
594 5189 659 5245 de
684 5187 982 5263 paenitentia
1009 5188 1269 5257 maiorum
1301 5185 1623 5249 clericorum,
1651 5200 1719 5239 an
1750 5181 1907 5237 tribus

429 5283 610 5355 primis
629 5282 831 5340 suculis
848 5282 1069 5355 publica
1096 5279 1310 5354 subjecti
1340 5279 1553 5352 fuerint,
1585 5278 1873 5332 disseritur.

426 5421 483 5479 4.
528 5420 609 5477 Ad
660 5420 814 5477 initia
871 5418 1213 5492 pontiﬁcatus
1278 5414 1516 5472 Cornelii
1562 5412 1767 5470 referre
1823 5410 1952 5468 licet

356 5524 470 5571 tum
509 5523 657 5586 gesta
688 5512 946 5575 Romana:
970 5509 1163 5584 synodi
1191 5509 1259 5564 de
1290 5507 1587 5578 Lapsorum
1617 5519 1778 5561 causa
1797 5547 1813 5570 ,
1842 5514 1952 5559 tum

358 5607 537 5662 varias
559 5604 796 5662 Cornelii
818 5602 1099 5676 epistolas,
1124 5616 1260 5674 quas
1283 5599 1643 5672 Hieronymus
1664 5597 1732 5654 de
1756 5596 1954 5669 Script.

360 5701 510 5759 Eccl.
533 5715 583 5756 e.
626 5700 714 5768 76,
749 5710 803 5757 et
828 5698 1115 5768 Eusebius,
1138 5697 1237 5755 lib.
1264 5713 1342 5753 Vl.
1388 5696 1552 5765 llist.,
1589 5711 1640 5752 e.
1671 5695 1771 5760 45.
1805 5708 1955 5750 com-

361 5802 684 5850 memorant.
721 5791 789 5848 Et
817 5791 1177 5864 Hieronymus
1205 5789 1423 5861 quidem
1455 5788 1524 5844 de
1547 5787 1631 5844 bis
1656 5787 1728 5844 ita
1782 5786 1958 5857 loqui-

389 5898 453 5939 ur
480 5902 493 5939 :
524 5882 859 5951 «Cornelius,
895 5883 1150 5939 Romana:
1175 5881 1322 5937 urbis
1351 5881 1665 5951 episcopus,
1699 5877 1765 5932 ad
1796 5891 1957 5950 quem

1972 5273 2028 5335 Ι)

2051 3947 2116 3987 ex
2151 3930 2233 3985 his
2257 3932 2392 3988 cieri
2421 3931 2649 3988 Romani
2677 3931 2744 3987 ad
2762 3933 3114 4006 Cyprianum,
3138 3932 3308 4004 Epist.
3347 3948 3501 3995 xxxi.
3531 3931 3650 3988 eol-

2052 4023 2262 4095 ligitur:
2292 4042 2312 4077 ι
2342 4026 2482 4080 Ante
2518 4022 2958 4080 constitutionem
3000 4023 3241 4094 episcopi
3297 4023 3429 4079 nihil
3491 4023 3647 4080 inno-

2053 4117 2286 4174 vandum
2317 4118 2620 4190 putavimus
2645 4136 2658 4174 :
2686 4118 2781 4174 sed
2808 4117 3105 4187 Lapsorum
3137 4134 3320 4174 curam
3363 4116 3653 4175 mediocri—

2055 4219 2137 4265 ter
2189 4209 2593 4279 tempetaudam
2629 4224 2751 4266 esse
2779 4208 3094 4275 credimus;
3146 4218 3205 4263 ut
3261 4209 3478 4265 interim
3520 4208 3650 4264 dum

2052 4303 2340 4373 cpiscopus
2371 4302 2485 4357 dari
2532 4317 2562 4357 a
2591 4302 2704 4358 Deo
2734 4302 2890 4357 nobis
2916 4302 3287 4367 sustinentur,
3316 4300 3368 4356 in
3385 4315 3651 4372 suspenso

2053 4410 2241 4451 eorum
2258 4436 2273 4460 ,
2297 4396 2389 4466 qni
2415 4408 2595 4450 moras
2612 4402 2833 4464 possunt
2856 4394 3144 4461 sustinere,
3164 4407 3323 4447 causa
3348 4400 3608 4448 teneatur.
3622 4409 3644 4445 ι

2052 4485 2224 4541 Nemo
2272 4487 2427 4541 enim
2474 4500 2580 4540 nou
2608 4485 2772 4551 videt,
2802 4484 2930 4539 dato
2956 4499 2983 4537 a
3018 4485 3129 4540 Deo
3168 4484 3357 4539 Roma:
3399 4481 3652 4554 pontiﬁce

2051 4577 2324 4645 Cornelio,
2372 4576 2572 4632 nullam
2626 4575 2958 4647 superfuisse
3023 4591 3240 4632 causam
3304 4591 3401 4631 cur
3443 4590 3507 4632 ea
3561 4589 3652 4632 res

2053 4669 2260 4725 diutius
2293 4669 2343 4724 in
2364 4684 2626 4739 suspenso
2651 4678 2927 4724 teneretur
2950 4685 2964 4723 :
2986 4668 3150 4723 immo
3171 4682 3292 4723 cum
3322 4666 3655 4724 Novatianus

2054 4762 2244 4836 Lapsis
2286 4765 2498 4819 veniam
2526 4749 2781 4834 negaret,
2810 4762 3045 4818 maxime
3075 4762 3438 4817 necessarium
3466 4760 3654 4830 luisse,

2054 4866 2112 4912 ut
2138 4856 2317 4924 citius,
2343 4855 2524 4911 habito
2542 4856 2789 4917 concilio,
2805 4853 3070 4909 finiretur.
3092 4852 3355 4922 Quocirca
3379 4853 3517 4908 inter
3539 4854 3656 4923 pri-

2051 4966 2139 5008 ma
2167 4949 2402 5007 Cornelii
2432 4950 2643 5024 negotia
2666 4957 3038 5021 computamus
3060 4957 3175 5003 tum
3211 4948 3312 5004 hoc
3338 4945 3647 5016 concilium,
3726 5012 3737 5023 η

2051 5053 2163 5099 tum
2179 5044 2383 5100 litteras
2409 5043 2605 5116 quibus
2624 5041 2866 5115 ejusdem
2883 5039 3098 5098 concilii
3130 5040 3406 5097 decretum
3425 5039 3655 5096 diversis

2052 5136 2349 5207 provinciis
2378 5145 2563 5192 notum
2593 5136 2800 5202 fieri,et
2820 5134 2889 5189 ab
2907 5135 2989 5189 eis
3010 5130 3385 5188 ratumbaberi
3424 5132 3653 5187 curavit.

2123 5232 2176 5287 6.
2204 5231 2283 5286 Ad
2316 5231 2457 5287 idem
2492 5230 2780 5287 concilium
2827 5226 3100 5300 pertinere
3137 5226 3347 5282 videtur
3374 5224 3655 5282 decretum

2055 5323 2124 5379 de
2149 5339 2256 5394 quo
2282 5322 2603 5396 Cyprianus,
2638 5322 2807 5393 Epist.
2839 5336 3021 5388 vam,
3053 5322 3121 5374 ita
3139 5319 3411 5390 loquitur:
3444 5336 3465 5371 ‹
3487 5315 3656 5372 Cum-

2056 5429 2162 5485 que
2181 5414 2285 5470 alia
2307 5414 2472 5470 multa
2503 5415 2614 5470 sint
2638 5423 2693 5469 et
2716 5412 2900 5484 gravia
2929 5410 3142 5477 delicta,
3168 5408 3362 5481 quibus
3392 5406 3658 5463 Basilides

2060 5517 2116 5563 et
2163 5506 2423 5562 Martialis
2464 5506 2717 5576 implicati
2747 5512 3029 5572 tenentur,
3059 5502 3253 5558 frustra
3287 5502 3420 5558 tales
3445 5501 3656 5571 episeo-

2060 5610 2243 5671 patum
2257 5599 2356 5656 sibi
2371 5613 2629 5670 usurpare
2643 5606 2923 5665 conantur;
2939 5611 3062 5653 eum
3077 5595 3421 5652 manifestum
3438 5594 3662 5663 sitejns-

2063 5691 2209 5747 modi
2255 5690 2503 5747 homines
2530 5706 2629 5746 nec
2654 5689 2911 5745 Ecclesiae
2950 5704 3108 5760 posse
3136 5701 3389 5760 prmesse,
3421 5700 3522 5741 nec
3551 5685 3661 5741 Deo

2062 5782 2327 5839 sacrificia
2360 5783 2555 5840 oll‘erre
2600 5782 2800 5839 debere
2833 5799 2844 5836 :
2878 5781 3108 5837 maxime
3140 5796 3262 5836 cum
3298 5779 3406 5850 jam
3453 5776 3662 5848 pridem

2071 5876 2355 5932 nubi-cum
2386 5885 2439 5933 et
2476 5890 2597 5931 cum
2628 5876 2875 5931 omnibus
2912 5875 3132 5931 omnino
3162 5871 3425 5945 episcopis
3472 5870 3522 5925 iu
3563 5876 3693 5927 tuio'
3742 5932 3745 5935 ν
