  <div class='ocr_page' id='page_1' title='image "/cluster/home/n/w/nwhite01/storage/ocr_20150623/3/hvd.32044015471212/395.png"; bbox 0 0 4038 6308; ppageno 0'>
   <div class='ocr_carea' id='block_1_1' title="bbox 420 400 521 458">
    <p class='ocr_par' dir='ltr' id='par_1_1' title="bbox 420 400 521 458">
     <span class='ocr_line' id='line_1_1' title="bbox 420 400 521 458; baseline 0 -2"><span class='ocrx_word' id='word_1_1' title='bbox 420 400 521 458; x_wconf 78' lang='grc'><strong>091</strong></span> 
     </span>
    </p>
   </div>
   <div class='ocr_carea' id='block_1_2' title="bbox 1142 352 2992 458">
    <p class='ocr_par' dir='ltr' id='par_1_2' title="bbox 1142 352 2992 458">
     <span class='ocr_line' id='line_1_2' title="bbox 1142 352 2992 458; baseline -0.003 0"><span class='ocrx_word' id='word_1_2' title='bbox 1142 358 1623 458; x_wconf 78' lang='lat' dir='ltr'><strong>EPISTOLARlJM</strong></span> <span class='ocrx_word' id='word_1_3' title='bbox 1658 364 1983 455; x_wconf 63' lang='lat' dir='ltr'><strong>CORNELII</strong></span> <span class='ocrx_word' id='word_1_4' title='bbox 2022 362 2158 450; x_wconf 69' lang='lat' dir='ltr'><strong>NON</strong></span> <span class='ocrx_word' id='word_1_5' title='bbox 2202 352 2654 453; x_wconf 71' lang='lat' dir='ltr'><strong>iaxsTAN&#39;rmti</strong></span> <span class='ocrx_word' id='word_1_6' title='bbox 2696 352 2992 453; x_wconf 57' lang='lat' dir='ltr'><strong>sciiiii.</strong></span> 
     </span>
    </p>
   </div>
   <div class='ocr_carea' id='block_1_3' title="bbox 3603 358 3699 454">
    <p class='ocr_par' dir='ltr' id='par_1_3' title="bbox 3603 358 3699 454">
     <span class='ocr_line' id='line_1_3' title="bbox 3603 358 3699 454; baseline -0.021 0"><span class='ocrx_word' id='word_1_7' title='bbox 3603 358 3699 454; x_wconf 64' lang='lat' dir='ltr'><strong>otia</strong></span> 
     </span>
    </p>
   </div>
   <div class='ocr_carea' id='block_1_4' title="bbox 418 498 3688 585">
    <p class='ocr_par' dir='ltr' id='par_1_4' title="bbox 418 498 3688 585">
     <span class='ocr_line' id='line_1_4' title="bbox 418 498 3688 585; baseline -0.001 -13"><span class='ocrx_word' id='word_1_8' title='bbox 418 518 622 574; x_wconf 90' lang='lat' dir='ltr'><strong>mundo</strong></span> <span class='ocrx_word' id='word_1_9' title='bbox 644 519 948 576; x_wconf 90' lang='lat' dir='ltr'><strong>constitutis</strong></span> <span class='ocrx_word' id='word_1_10' title='bbox 961 518 1122 576; x_wconf 89' lang='lat' dir='ltr'><strong>etiam</strong></span> <span class='ocrx_word' id='word_1_11' title='bbox 1146 516 1448 585; x_wconf 84' lang='lat' dir='ltr'><strong>Cornelius,</strong></span> <span class='ocrx_word' id='word_1_12' title='bbox 1479 514 1682 585; x_wconf 79' lang='lat' dir='ltr'><strong>collega</strong></span> <span class='ocrx_word' id='word_1_13' title='bbox 1712 520 1917 575; x_wconf 85' lang='lat' dir='ltr'><strong>noster,</strong></span> <span class='ocrx_word' id='word_1_14' title='bbox 1934 498 2018 565; x_wconf 64' lang='lat' dir='ltr'><strong>si.</strong></span> <span class='ocrx_word' id='word_1_15' title='bbox 2045 502 2099 572; x_wconf 74' lang='grc' dir='ltr'><strong>Ᾱ</strong></span> <span class='ocrx_word' id='word_1_16' title='bbox 2126 500 2196 563; x_wconf 79' lang='lat' dir='ltr'><strong>tia</strong></span> <span class='ocrx_word' id='word_1_17' title='bbox 2240 502 2589 580; x_wconf 83' lang='lat' dir='ltr'><strong>intelligenda</strong></span> <span class='ocrx_word' id='word_1_18' title='bbox 2615 512 2723 579; x_wconf 87' lang='lat' dir='ltr'><strong>sit;</strong></span> <span class='ocrx_word' id='word_1_19' title='bbox 2755 512 2898 568; x_wconf 87' lang='lat' dir='ltr'><strong>nulla</strong></span> <span class='ocrx_word' id='word_1_20' title='bbox 2922 512 3106 569; x_wconf 80' lang='lat' dir='ltr'><strong>subest</strong></span> <span class='ocrx_word' id='word_1_21' title='bbox 3133 513 3271 570; x_wconf 89' lang='lat' dir='ltr'><strong>ratio</strong></span> <span class='ocrx_word' id='word_1_22' title='bbox 3285 528 3381 572; x_wconf 82' lang='lat' dir='ltr'><strong>cur</strong></span> <span class='ocrx_word' id='word_1_23' title='bbox 3405 513 3688 580; x_wconf 86' lang='lat' dir='ltr'><strong>decretum,</strong></span> 
     </span>
    </p>
   </div>
   <div class='ocr_carea' id='block_1_5' title="bbox 423 606 2023 695">
    <p class='ocr_par' dir='ltr' id='par_1_5' title="bbox 423 606 2023 695">
     <span class='ocr_line' id='line_1_5' title="bbox 423 606 2023 695; baseline -0.005 -28"><span class='ocrx_word' id='word_1_24' title='bbox 423 610 617 668; x_wconf 89' lang='lat' dir='ltr'><strong>cerdos</strong></span> <span class='ocrx_word' id='word_1_25' title='bbox 648 614 903 685; x_wconf 83' lang='lat' dir='ltr'><strong>pacificus</strong></span> <span class='ocrx_word' id='word_1_26' title='bbox 924 623 978 670; x_wconf 89' lang='lat' dir='ltr'><strong>et</strong></span> <span class='ocrx_word' id='word_1_27' title='bbox 1001 613 1198 683; x_wconf 88' lang='lat' dir='ltr'><strong>justus,</strong></span> <span class='ocrx_word' id='word_1_28' title='bbox 1232 611 1572 695; x_wconf 30' lang='lat' dir='ltr'><strong>et‘martyrio</strong></span> <span class='ocrx_word' id='word_1_29' title='bbox 1599 623 1811 695; x_wconf 75' lang='lat' dir='ltr'><strong>quoque</strong></span> <span class='ocrx_word' id='word_1_30' title='bbox 1836 606 2023 679; x_wconf 77' lang='lat' dir='ltr'><strong>digna-</strong></span> 
     </span>
    </p>
   </div>
   <div class='ocr_carea' id='block_1_6' title="bbox 422 686 2021 774">
    <p class='ocr_par' dir='ltr' id='par_1_6' title="bbox 422 686 2021 774">
     <span class='ocr_line' id='line_1_6' title="bbox 422 686 2021 774; baseline -0.001 -18"><span class='ocrx_word' id='word_1_31' title='bbox 422 701 571 759; x_wconf 90' lang='lat' dir='ltr'><strong>tione</strong></span> <span class='ocrx_word' id='word_1_32' title='bbox 593 696 800 760; x_wconf 77' lang='lat' dir='ltr'><strong>Domitii</strong></span> <span class='ocrx_word' id='word_1_33' title='bbox 817 706 1017 761; x_wconf 88' lang='lat' dir='ltr'><strong>honora</strong></span> <span class='ocrx_word' id='word_1_34' title='bbox 1027 715 1131 771; x_wconf 91' lang='lat' dir='ltr'><strong>tus,</strong></span> <span class='ocrx_word' id='word_1_35' title='bbox 1146 686 1467 769; x_wconf 73' lang='lat' dir='ltr'><strong>decreverit,</strong></span> <span class='ocrx_word' id='word_1_36' title='bbox 1486 686 1749 774; x_wconf 64' lang='lat' dir='ltr'><strong>ciosmodi</strong></span> <span class='ocrx_word' id='word_1_37' title='bbox 1775 699 2021 754; x_wconf 86' lang='lat' dir='ltr'><strong>homines</strong></span> 
     </span>
    </p>
   </div>
   <div class='ocr_carea' id='block_1_7' title="bbox 423 794 2022 871">
    <p class='ocr_par' dir='ltr' id='par_1_7' title="bbox 423 794 2022 871">
     <span class='ocr_line' id='line_1_7' title="bbox 423 794 2022 871; baseline 0 -21"><span class='ocrx_word' id='word_1_38' title='bbox 423 794 491 850; x_wconf 88' lang='lat' dir='ltr'><strong>ad</strong></span> <span class='ocrx_word' id='word_1_39' title='bbox 510 798 878 866; x_wconf 62' lang='lat' dir='ltr'><strong>paenitentiam</strong></span> <span class='ocrx_word' id='word_1_40' title='bbox 910 799 1122 869; x_wconf 81' lang='lat' dir='ltr'><strong>quidem</strong></span> <span class='ocrx_word' id='word_1_41' title='bbox 1152 813 1315 871; x_wconf 87' lang='lat' dir='ltr'><strong>posse</strong></span> <span class='ocrx_word' id='word_1_42' title='bbox 1339 798 1568 865; x_wconf 76' lang='lat' dir='ltr'><strong>admitti,</strong></span> <span class='ocrx_word' id='word_1_43' title='bbox 1598 798 1666 852; x_wconf 91' lang='lat' dir='ltr'><strong>ab</strong></span> <span class='ocrx_word' id='word_1_44' title='bbox 1683 794 2022 850; x_wconf 79' lang='lat' dir='ltr'><strong>ordinatione</strong></span> 
     </span>
    </p>
   </div>
   <div class='ocr_carea' id='block_1_8' title="bbox 421 890 2022 963">
    <p class='ocr_par' dir='ltr' id='par_1_8' title="bbox 421 890 2022 963">
     <span class='ocr_line' id='line_1_8' title="bbox 421 890 2022 963; baseline -0.001 -19"><span class='ocrx_word' id='word_1_45' title='bbox 421 899 603 945; x_wconf 88' lang='lat' dir='ltr'><strong>autem</strong></span> <span class='ocrx_word' id='word_1_46' title='bbox 631 892 757 947; x_wconf 75' lang='lat' dir='ltr'><strong>cieri</strong></span> <span class='ocrx_word' id='word_1_47' title='bbox 780 903 941 963; x_wconf 88' lang='lat' dir='ltr'><strong>atque</strong></span> <span class='ocrx_word' id='word_1_48' title='bbox 965 893 1284 948; x_wconf 80' lang='lat' dir='ltr'><strong>sacerdotali</strong></span> <span class='ocrx_word' id='word_1_49' title='bbox 1311 892 1515 947; x_wconf 87' lang='lat' dir='ltr'><strong>itonore</strong></span> <span class='ocrx_word' id='word_1_50' title='bbox 1545 891 1836 961; x_wconf 78' lang='lat' dir='ltr'><strong>prohiberi.</strong></span> <span class='ocrx_word' id='word_1_51' title='bbox 1863 910 1881 943; x_wconf 75' lang='grc' dir='ltr'><strong>ι</strong></span> <span class='ocrx_word' id='word_1_52' title='bbox 1904 890 2022 956; x_wconf 82' lang='lat' dir='ltr'><strong>Quo</strong></span> 
     </span>
    </p>
   </div>
   <div class='ocr_carea' id='block_1_9' title="bbox 420 980 2025 1063">
    <p class='ocr_par' dir='ltr' id='par_1_9' title="bbox 420 980 2025 1063">
     <span class='ocr_line' id='line_1_9' title="bbox 420 980 2025 1063; baseline 0 -28"><span class='ocrx_word' id='word_1_53' title='bbox 420 980 477 1036; x_wconf 88' lang='lat' dir='ltr'><strong>in</strong></span> <span class='ocrx_word' id='word_1_54' title='bbox 504 982 719 1063; x_wconf 84' lang='lat' dir='ltr'><strong>decreto</strong></span> <span class='ocrx_word' id='word_1_55' title='bbox 745 1000 865 1039; x_wconf 82' lang='lat' dir='ltr'><strong>cum</strong></span> <span class='ocrx_word' id='word_1_56' title='bbox 900 985 1115 1054; x_wconf 87' lang='lat' dir='ltr'><strong>planqu</strong></span> <span class='ocrx_word' id='word_1_57' title='bbox 1145 987 1212 1039; x_wconf 89' lang='lat' dir='ltr'><strong>sit</strong></span> <span class='ocrx_word' id='word_1_58' title='bbox 1246 983 1556 1063; x_wconf 84' lang='lat' dir='ltr'><strong>sacerdotes</strong></span> <span class='ocrx_word' id='word_1_59' title='bbox 1606 982 1803 1063; x_wconf 17' lang='lat' dir='ltr'><strong>lapsos,</strong></span> <span class='ocrx_word' id='word_1_60' title='bbox 1824 983 1891 1036; x_wconf 92' lang='lat' dir='ltr'><strong>de</strong></span> <span class='ocrx_word' id='word_1_61' title='bbox 1938 995 2025 1063; x_wconf 82' lang='lat' dir='ltr'><strong>sa-</strong></span> 
     </span>
    </p>
   </div>
   <div class='ocr_carea' id='block_1_10' title="bbox 422 1056 2024 1148">
    <p class='ocr_par' dir='ltr' id='par_1_10' title="bbox 422 1056 2024 1148">
     <span class='ocr_line' id='line_1_10' title="bbox 422 1056 2024 1148; baseline -0.001 -19"><span class='ocrx_word' id='word_1_62' title='bbox 422 1056 684 1131; x_wconf 85' lang='lat' dir='ltr'><strong>cerdotali</strong></span> <span class='ocrx_word' id='word_1_63' title='bbox 716 1076 974 1147; x_wconf 74' lang='lat' dir='ltr'><strong>dignitate</strong></span> <span class='ocrx_word' id='word_1_64' title='bbox 1002 1078 1165 1148; x_wconf 86' lang='lat' dir='ltr'><strong>atque</strong></span> <span class='ocrx_word' id='word_1_65' title='bbox 1197 1072 1469 1131; x_wconf 80' lang='lat' dir='ltr'><strong>iunctione</strong></span> <span class='ocrx_word' id='word_1_66' title='bbox 1490 1058 1648 1144; x_wconf 80' lang='lat' dir='ltr'><strong>dejici</strong></span> <span class='ocrx_word' id='word_1_67' title='bbox 1667 1116 1681 1141; x_wconf 93' lang='lat'><strong>,</strong></span> <span class='ocrx_word' id='word_1_68' title='bbox 1715 1058 1882 1144; x_wconf 86' lang='lat' dir='ltr'><strong>iisque</strong></span> <span class='ocrx_word' id='word_1_69' title='bbox 1910 1056 2024 1127; x_wconf 84' lang='lat' dir='ltr'><strong>adi-</strong></span> 
     </span>
    </p>
   </div>
   <div class='ocr_carea' id='block_1_11' title="bbox 426 1154 2024 1241">
    <p class='ocr_par' dir='ltr' id='par_1_11' title="bbox 426 1154 2024 1241">
     <span class='ocr_line' id='line_1_11' title="bbox 426 1154 2024 1241; baseline -0.001 -20"><span class='ocrx_word' id='word_1_70' title='bbox 426 1177 539 1223; x_wconf 87' lang='lat' dir='ltr'><strong>tum</strong></span> <span class='ocrx_word' id='word_1_71' title='bbox 568 1168 632 1223; x_wconf 90' lang='lat' dir='ltr'><strong>ad</strong></span> <span class='ocrx_word' id='word_1_72' title='bbox 662 1170 1033 1239; x_wconf 62' lang='lat' dir='ltr'><strong>paenitentiam</strong></span> <span class='ocrx_word' id='word_1_73' title='bbox 1065 1169 1322 1241; x_wconf 88' lang='lat' dir='ltr'><strong>permitti,</strong></span> <span class='ocrx_word' id='word_1_74' title='bbox 1345 1185 1463 1239; x_wconf 77' lang='lat' dir='ltr'><strong>qua:</strong></span> <span class='ocrx_word' id='word_1_75' title='bbox 1492 1162 1684 1223; x_wconf 88' lang='lat' dir='ltr'><strong>abillis</strong></span> <span class='ocrx_word' id='word_1_76' title='bbox 1712 1154 2024 1236; x_wconf 70' lang='lat' dir='ltr'><strong>preititentia</strong></span> 
     </span>
    </p>
   </div>
   <div class='ocr_carea' id='block_1_12' title="bbox 424 1260 1859 1336">
    <p class='ocr_par' dir='ltr' id='par_1_12' title="bbox 424 1260 1859 1336">
     <span class='ocr_line' id='line_1_12' title="bbox 424 1260 1859 1336; baseline -0.003 -19"><span class='ocrx_word' id='word_1_77' title='bbox 424 1263 687 1335; x_wconf 80' lang='lat' dir='ltr'><strong>exigenda</strong></span> <span class='ocrx_word' id='word_1_78' title='bbox 719 1275 883 1332; x_wconf 81' lang='lat' dir='ltr'><strong>esset,</strong></span> <span class='ocrx_word' id='word_1_79' title='bbox 922 1281 1027 1320; x_wconf 91' lang='lat' dir='ltr'><strong>non</strong></span> <span class='ocrx_word' id='word_1_80' title='bbox 1060 1260 1191 1319; x_wconf 82' lang='lat' dir='ltr'><strong>Satis</strong></span> <span class='ocrx_word' id='word_1_81' title='bbox 1235 1265 1514 1336; x_wconf 87' lang='lat' dir='ltr'><strong>perspicue</strong></span> <span class='ocrx_word' id='word_1_82' title='bbox 1535 1261 1859 1319; x_wconf 80' lang='lat' dir='ltr'><strong>declaratur.</strong></span> 
     </span>
    </p>
   </div>
   <div class='ocr_carea' id='block_1_13' title="bbox 504 1342 2024 1426">
    <p class='ocr_par' dir='ltr' id='par_1_13' title="bbox 504 1342 2024 1426">
     <span class='ocr_line' id='line_1_13' title="bbox 504 1342 2024 1426; baseline -0.003 -13"><span class='ocrx_word' id='word_1_83' title='bbox 504 1354 558 1413; x_wconf 85' lang='lat'><strong>7.</strong></span> <span class='ocrx_word' id='word_1_84' title='bbox 583 1356 793 1413; x_wconf 87' lang='lat' dir='ltr'><strong>Eruditi</strong></span> <span class='ocrx_word' id='word_1_85' title='bbox 825 1357 1038 1426; x_wconf 77' lang='lat' dir='ltr'><strong>Morini,</strong></span> <span class='ocrx_word' id='word_1_86' title='bbox 1070 1342 1163 1413; x_wconf 91' lang='lat' dir='ltr'><strong>lib.</strong></span> <span class='ocrx_word' id='word_1_87' title='bbox 1199 1373 1270 1412; x_wconf 84' lang='lat' dir='ltr'><strong>tv.</strong></span> <span class='ocrx_word' id='word_1_88' title='bbox 1296 1356 1362 1413; x_wconf 88' lang='lat' dir='ltr'><strong>de</strong></span> <span class='ocrx_word' id='word_1_89' title='bbox 1389 1353 1784 1422; x_wconf 70' lang='lat' dir='ltr'><strong>Pmnit.,c.12,</strong></span> <span class='ocrx_word' id='word_1_90' title='bbox 1805 1363 2024 1410; x_wconf 88' lang='lat' dir='ltr'><strong>senten-</strong></span> 
     </span>
    </p>
   </div>
   <div class='ocr_carea' id='block_1_14' title="bbox 426 1428 2026 1525">
    <p class='ocr_par' dir='ltr' id='par_1_14' title="bbox 426 1428 2026 1525">
     <span class='ocr_line' id='line_1_14' title="bbox 426 1428 2026 1525; baseline -0.003 -22"><span class='ocrx_word' id='word_1_91' title='bbox 426 1447 499 1504; x_wconf 89' lang='lat' dir='ltr'><strong>tia</strong></span> <span class='ocrx_word' id='word_1_92' title='bbox 532 1458 647 1515; x_wconf 84' lang='lat' dir='ltr'><strong>est,</strong></span> <span class='ocrx_word' id='word_1_93' title='bbox 680 1450 765 1505; x_wconf 91' lang='lat' dir='ltr'><strong>cui</strong></span> <span class='ocrx_word' id='word_1_94' title='bbox 795 1460 845 1505; x_wconf 91' lang='lat' dir='ltr'><strong>et</strong></span> <span class='ocrx_word' id='word_1_95' title='bbox 877 1449 1090 1521; x_wconf 88' lang='lat' dir='ltr'><strong>plurimi</strong></span> <span class='ocrx_word' id='word_1_96' title='bbox 1117 1438 1482 1516; x_wconf 85' lang='lat' dir='ltr'><strong>subscribam,</strong></span> <span class='ocrx_word' id='word_1_97' title='bbox 1517 1428 1749 1517; x_wconf 68' lang='lat' dir='ltr'><strong>maiores</strong></span> <span class='ocrx_word' id='word_1_98' title='bbox 1798 1443 2026 1525; x_wconf 72' lang='lat' dir='ltr'><strong>clericos</strong></span> 
     </span>
    </p>
   </div>
   <div class='ocr_carea' id='block_1_15' title="bbox 423 1528 2029 1619">
    <p class='ocr_par' dir='ltr' id='par_1_15' title="bbox 423 1528 2029 1619">
     <span class='ocr_line' id='line_1_15' title="bbox 423 1528 2029 1619; baseline -0.002 -25"><span class='ocrx_word' id='word_1_99' title='bbox 423 1541 600 1596; x_wconf 89' lang='lat' dir='ltr'><strong>tribus</strong></span> <span class='ocrx_word' id='word_1_100' title='bbox 664 1540 851 1612; x_wconf 86' lang='lat' dir='ltr'><strong>primis</strong></span> <span class='ocrx_word' id='word_1_101' title='bbox 907 1541 1164 1616; x_wconf 72' lang='lat' dir='ltr'><strong>Ecclesia:</strong></span> <span class='ocrx_word' id='word_1_102' title='bbox 1220 1530 1431 1597; x_wconf 70' lang='lat' dir='ltr'><strong>smculis</strong></span> <span class='ocrx_word' id='word_1_103' title='bbox 1486 1528 1625 1619; x_wconf 6' lang='lat' dir='ltr'><strong>non,</strong></span> <span class='ocrx_word' id='word_1_104' title='bbox 1667 1536 1820 1594; x_wconf 83' lang='lat' dir='ltr'><strong>sccus</strong></span> <span class='ocrx_word' id='word_1_105' title='bbox 1867 1550 2029 1619; x_wconf 76' lang='lat' dir='ltr'><strong>atque</strong></span> 
     </span>
    </p>
   </div>
   <div class='ocr_carea' id='block_1_16' title="bbox 429 1610 2030 1711">
    <p class='ocr_par' dir='ltr' id='par_1_16' title="bbox 429 1610 2030 1711">
     <span class='ocr_line' id='line_1_16' title="bbox 429 1610 2030 1711; baseline 0.001 -27"><span class='ocrx_word' id='word_1_106' title='bbox 429 1629 630 1697; x_wconf 88' lang='lat' dir='ltr'><strong>laicos,</strong></span> <span class='ocrx_word' id='word_1_107' title='bbox 667 1610 1017 1701; x_wconf 68' lang='lat' dir='ltr'><strong>paenitentiae</strong></span> <span class='ocrx_word' id='word_1_108' title='bbox 1096 1632 1323 1703; x_wconf 76' lang='lat' dir='ltr'><strong>publica:</strong></span> <span class='ocrx_word' id='word_1_109' title='bbox 1382 1614 1563 1711; x_wconf 70' lang='lat' dir='ltr'><strong>fuisse</strong></span> <span class='ocrx_word' id='word_1_110' title='bbox 1599 1616 1881 1685; x_wconf 79' lang='lat' dir='ltr'><strong>olntoxios.</strong></span> <span class='ocrx_word' id='word_1_111' title='bbox 1939 1610 2030 1711; x_wconf 75' lang='lat' dir='ltr'><strong>ille</strong></span> 
     </span>
    </p>
   </div>
   <div class='ocr_carea' id='block_1_17' title="bbox 428 1708 2027 1799">
    <p class='ocr_par' dir='ltr' id='par_1_17' title="bbox 428 1708 2027 1799">
     <span class='ocr_line' id='line_1_17' title="bbox 428 1708 2027 1799; baseline -0.003 -19"><span class='ocrx_word' id='word_1_112' title='bbox 428 1728 560 1780; x_wconf 86' lang='lat' dir='ltr'><strong>vero</strong></span> <span class='ocrx_word' id='word_1_113' title='bbox 592 1724 731 1781; x_wconf 91' lang='lat' dir='ltr'><strong>istud</strong></span> <span class='ocrx_word' id='word_1_114' title='bbox 777 1727 1011 1782; x_wconf 83' lang='lat' dir='ltr'><strong>maxime</strong></span> <span class='ocrx_word' id='word_1_115' title='bbox 1043 1725 1094 1779; x_wconf 93' lang='lat' dir='ltr'><strong>in</strong></span> <span class='ocrx_word' id='word_1_116' title='bbox 1124 1727 1349 1796; x_wconf 82' lang='lat' dir='ltr'><strong>gratiam</strong></span> <span class='ocrx_word' id='word_1_117' title='bbox 1371 1708 1637 1799; x_wconf 80' lang='lat' dir='ltr'><strong>opinionis</strong></span> <span class='ocrx_word' id='word_1_118' title='bbox 1659 1740 1771 1778; x_wconf 68' lang='lat' dir='ltr'><strong>sua:</strong></span> <span class='ocrx_word' id='word_1_119' title='bbox 1803 1708 2027 1799; x_wconf 77' lang='lat' dir='ltr'><strong>profert,</strong></span> 
     </span>
    </p>
   </div>
   <div class='ocr_carea' id='block_1_18' title="bbox 433 1800 2032 1897">
    <p class='ocr_par' dir='ltr' id='par_1_18' title="bbox 433 1800 2032 1897">
     <span class='ocr_line' id='line_1_18' title="bbox 433 1800 2032 1897; baseline -0.002 -26"><span class='ocrx_word' id='word_1_120' title='bbox 433 1814 578 1897; x_wconf 88' lang='lat' dir='ltr'><strong>quod</strong></span> <span class='ocrx_word' id='word_1_121' title='bbox 624 1816 947 1891; x_wconf 83' lang='lat' dir='ltr'><strong>Cyprianus,</strong></span> <span class='ocrx_word' id='word_1_122' title='bbox 975 1810 1148 1889; x_wconf 85' lang='lat' dir='ltr'><strong>Epist.</strong></span> <span class='ocrx_word' id='word_1_123' title='bbox 1190 1834 1276 1897; x_wconf 71' lang='lat' dir='ltr'><strong>clx</strong></span> <span class='ocrx_word' id='word_1_124' title='bbox 1321 1817 1449 1873; x_wconf 85' lang='lat' dir='ltr'><strong>edit.</strong></span> <span class='ocrx_word' id='word_1_125' title='bbox 1492 1802 1717 1883; x_wconf 79' lang='lat' dir='ltr'><strong>Pamcl.,</strong></span> <span class='ocrx_word' id='word_1_126' title='bbox 1760 1800 1853 1870; x_wconf 82' lang='lat' dir='ltr'><strong>seu</strong></span> <span class='ocrx_word' id='word_1_127' title='bbox 1908 1800 2032 1869; x_wconf 66' lang='lat' dir='ltr'><strong>LXIV</strong></span> 
     </span>
    </p>
   </div>
   <div class='ocr_carea' id='block_1_19' title="bbox 2126 602 3705 689">
    <p class='ocr_par' dir='ltr' id='par_1_19' title="bbox 2126 602 3705 689">
     <span class='ocr_line' id='line_1_19' title="bbox 2126 602 3705 689; baseline 0.006 -36"><span class='ocrx_word' id='word_1_128' title='bbox 2126 617 2284 689; x_wconf 61' lang='lat' dir='ltr'><strong>qttpt</strong></span> <span class='ocrx_word' id='word_1_129' title='bbox 2322 602 2631 689; x_wconf 69' lang='lat' dir='ltr'><strong>ltujusmodi</strong></span> <span class='ocrx_word' id='word_1_130' title='bbox 2659 604 2903 689; x_wconf 56' lang='lat' dir='ltr'><strong>hinniqu</strong></span> <span class='ocrx_word' id='word_1_131' title='bbox 2930 606 3007 689; x_wconf 79' lang='lat' dir='ltr'><strong>ad</strong></span> <span class='ocrx_word' id='word_1_132' title='bbox 3035 606 3305 689; x_wconf 69' lang='lat' dir='ltr'><strong>agendam</strong></span> <span class='ocrx_word' id='word_1_133' title='bbox 3354 607 3705 689; x_wconf 64' lang='lat' dir='ltr'><strong>paenitentiam</strong></span> 
     </span>
    </p>
   </div>
   <div class='ocr_carea' id='block_1_20' title="bbox 2125 673 3709 762">
    <p class='ocr_par' dir='ltr' id='par_1_20' title="bbox 2125 673 3709 762">
     <span class='ocr_line' id='line_1_20' title="bbox 2125 673 3709 762; baseline 0.005 -17"><span class='ocrx_word' id='word_1_134' title='bbox 2125 673 2286 762; x_wconf 62' lang='lat' dir='ltr'><strong>posse</strong></span> <span class='ocrx_word' id='word_1_135' title='bbox 2312 673 2521 749; x_wconf 66' lang='lat' dir='ltr'><strong>admitti</strong></span> <span class='ocrx_word' id='word_1_136' title='bbox 2563 713 2581 747; x_wconf 78' lang='grc' dir='ltr'><strong>ι</strong></span> <span class='ocrx_word' id='word_1_137' title='bbox 2618 673 2900 752; x_wconf 74' lang='lat' dir='ltr'><strong>Corneiius</strong></span> <span class='ocrx_word' id='word_1_138' title='bbox 2926 673 3046 753; x_wconf 68' lang='lat' dir='ltr'><strong>cdni</strong></span> <span class='ocrx_word' id='word_1_139' title='bbox 3072 673 3307 755; x_wconf 36' lang='lat' dir='ltr'><strong>Vedit‘ei‘i‘s&#39;</strong></span> <span class='ocrx_word' id='word_1_140' title='bbox 3338 673 3498 756; x_wconf 71' lang='lat' dir='ltr'><strong>totius</strong></span> <span class='ocrx_word' id='word_1_141' title='bbox 3539 699 3709 754; x_wconf 84' lang='lat' dir='ltr'><strong>mundi</strong></span> 
     </span>
    </p>
   </div>
   <div class='ocr_carea' id='block_1_21' title="bbox 2128 785 3708 863">
    <p class='ocr_par' dir='ltr' id='par_1_21' title="bbox 2128 785 3708 863">
     <span class='ocr_line' id='line_1_21' title="bbox 2128 785 3708 863; baseline 0.003 -22"><span class='ocrx_word' id='word_1_142' title='bbox 2128 785 2398 858; x_wconf 74' lang='lat' dir='ltr'><strong>CpisCttpis</strong></span> <span class='ocrx_word' id='word_1_143' title='bbox 2455 790 2757 856; x_wconf 84' lang='lat' dir='ltr'><strong>constituit,</strong></span> <span class='ocrx_word' id='word_1_144' title='bbox 2811 790 2880 846; x_wconf 89' lang='lat' dir='ltr'><strong>de</strong></span> <span class='ocrx_word' id='word_1_145' title='bbox 2924 791 3133 861; x_wconf 87' lang='lat' dir='ltr'><strong>publica</strong></span> <span class='ocrx_word' id='word_1_146' title='bbox 3188 792 3501 863; x_wconf 64' lang='lat' dir='ltr'><strong>poenitentia</strong></span> <span class='ocrx_word' id='word_1_147' title='bbox 3557 793 3708 846; x_wconf 89' lang='lat' dir='ltr'><strong>inter-</strong></span> 
     </span>
    </p>
   </div>
   <div class='ocr_carea' id='block_1_22' title="bbox 2130 884 3709 959">
    <p class='ocr_par' dir='ltr' id='par_1_22' title="bbox 2130 884 3709 959">
     <span class='ocr_line' id='line_1_22' title="bbox 2130 884 3709 959; baseline 0.003 -22"><span class='ocrx_word' id='word_1_148' title='bbox 2130 891 2421 959; x_wconf 78' lang='lat' dir='ltr'><strong>prclcmut&#39;.</strong></span> <span class='ocrx_word' id='word_1_149' title='bbox 2447 884 2611 956; x_wconf 83' lang='lat' dir='ltr'><strong>Atqui</strong></span> <span class='ocrx_word' id='word_1_150' title='bbox 2632 885 2894 941; x_wconf 76' lang='lat' dir='ltr'><strong>Basilides</strong></span> <span class='ocrx_word' id='word_1_151' title='bbox 2923 886 2990 941; x_wconf 90' lang='lat' dir='ltr'><strong>ad</strong></span> <span class='ocrx_word' id='word_1_152' title='bbox 3017 903 3136 942; x_wconf 87' lang='lat' dir='ltr'><strong>eam</strong></span> <span class='ocrx_word' id='word_1_153' title='bbox 3166 889 3539 957; x_wconf 66' lang='lat' dir='ltr'><strong>pmoitentiam</strong></span> <span class='ocrx_word' id='word_1_154' title='bbox 3560 901 3709 955; x_wconf 84' lang='lat' dir='ltr'><strong>agen-</strong></span> 
     </span>
    </p>
   </div>
   <div class='ocr_carea' id='block_1_23' title="bbox 2128 977 3710 1052">
    <p class='ocr_par' dir='ltr' id='par_1_23' title="bbox 2128 977 3710 1052">
     <span class='ocr_line' id='line_1_23' title="bbox 2128 977 3710 1052; baseline 0.003 -20"><span class='ocrx_word' id='word_1_155' title='bbox 2128 977 2250 1032; x_wconf 86' lang='lat' dir='ltr'><strong>dam</strong></span> <span class='ocrx_word' id='word_1_156' title='bbox 2285 988 2366 1032; x_wconf 91' lang='lat' dir='ltr'><strong>est</strong></span> <span class='ocrx_word' id='word_1_157' title='bbox 2389 993 2686 1034; x_wconf 83' lang='lat' dir='ltr'><strong>conversus</strong></span> <span class='ocrx_word' id='word_1_158' title='bbox 2711 1020 2727 1045; x_wconf 86' lang='lat'><strong>,</strong></span> <span class='ocrx_word' id='word_1_159' title='bbox 2769 994 2891 1036; x_wconf 90' lang='lat' dir='ltr'><strong>cum</strong></span> <span class='ocrx_word' id='word_1_160' title='bbox 2914 997 3018 1051; x_wconf 89' lang='lat' dir='ltr'><strong>qua</strong></span> <span class='ocrx_word' id='word_1_161' title='bbox 3045 983 3387 1052; x_wconf 81' lang='lat' dir='ltr'><strong>episcopatus</strong></span> <span class='ocrx_word' id='word_1_162' title='bbox 3426 981 3710 1051; x_wconf 86' lang='lat' dir='ltr'><strong>recipiendi</strong></span> 
     </span>
    </p>
   </div>
   <div class='ocr_carea' id='block_1_24' title="bbox 2130 1071 3715 1145">
    <p class='ocr_par' dir='ltr' id='par_1_24' title="bbox 2130 1071 3715 1145">
     <span class='ocr_line' id='line_1_24' title="bbox 2130 1071 3715 1145; baseline 0.003 -20"><span class='ocrx_word' id='word_1_163' title='bbox 2130 1087 2278 1138; x_wconf 92' lang='lat' dir='ltr'><strong>spem</strong></span> <span class='ocrx_word' id='word_1_164' title='bbox 2322 1086 2429 1126; x_wconf 90' lang='lat' dir='ltr'><strong>non</strong></span> <span class='ocrx_word' id='word_1_165' title='bbox 2476 1071 2693 1141; x_wconf 87' lang='lat' dir='ltr'><strong>ahjeeit,</strong></span> <span class='ocrx_word' id='word_1_166' title='bbox 2751 1073 2917 1128; x_wconf 90' lang='lat' dir='ltr'><strong>immo</strong></span> <span class='ocrx_word' id='word_1_167' title='bbox 2957 1083 3011 1129; x_wconf 89' lang='lat' dir='ltr'><strong>et</strong></span> <span class='ocrx_word' id='word_1_168' title='bbox 3038 1073 3186 1129; x_wconf 88' lang='lat' dir='ltr'><strong>illum</strong></span> <span class='ocrx_word' id='word_1_169' title='bbox 3232 1089 3262 1129; x_wconf 85' lang='lat' dir='ltr'><strong>a</strong></span> <span class='ocrx_word' id='word_1_170' title='bbox 3308 1073 3581 1145; x_wconf 87' lang='lat' dir='ltr'><strong>Stephano</strong></span> <span class='ocrx_word' id='word_1_171' title='bbox 3629 1089 3715 1144; x_wconf 84' lang='lat' dir='ltr'><strong>per</strong></span> 
     </span>
    </p>
   </div>
   <div class='ocr_carea' id='block_1_25' title="bbox 2132 1158 3718 1235">
    <p class='ocr_par' dir='ltr' id='par_1_25' title="bbox 2132 1158 3718 1235">
     <span class='ocr_line' id='line_1_25' title="bbox 2132 1158 3718 1235; baseline 0.003 -17"><span class='ocrx_word' id='word_1_172' title='bbox 2132 1163 2513 1235; x_wconf 76' lang='lat' dir='ltr'><strong>obreptiotiem</strong></span> <span class='ocrx_word' id='word_1_173' title='bbox 2539 1165 2874 1235; x_wconf 84' lang='lat' dir='ltr'><strong>impetravit;</strong></span> <span class='ocrx_word' id='word_1_174' title='bbox 2905 1182 3026 1221; x_wconf 89' lang='lat' dir='ltr'><strong>eum</strong></span> <span class='ocrx_word' id='word_1_175' title='bbox 3048 1182 3110 1223; x_wconf 90' lang='lat' dir='ltr'><strong>ea</strong></span> <span class='ocrx_word' id='word_1_176' title='bbox 3130 1168 3181 1223; x_wconf 82' lang='lat' dir='ltr'><strong>in‘</strong></span> <span class='ocrx_word' id='word_1_177' title='bbox 3213 1158 3449 1224; x_wconf 77' lang='lat' dir='ltr'><strong>Ecclesia</strong></span> <span class='ocrx_word' id='word_1_178' title='bbox 3478 1161 3562 1224; x_wconf 69' lang='lat' dir='ltr'><strong>lei</strong></span> <span class='ocrx_word' id='word_1_179' title='bbox 3587 1166 3718 1223; x_wconf 66' lang='lat' dir='ltr'><strong>senio</strong></span> 
     </span>
    </p>
   </div>
   <div class='ocr_carea' id='block_1_26' title="bbox 2134 1250 3719 1331">
    <p class='ocr_par' dir='ltr' id='par_1_26' title="bbox 2134 1250 3719 1331">
     <span class='ocr_line' id='line_1_26' title="bbox 2134 1250 3719 1331; baseline 0.002 -19"><span class='ocrx_word' id='word_1_180' title='bbox 2134 1262 2232 1327; x_wconf 85' lang='lat' dir='ltr'><strong>per</strong></span> <span class='ocrx_word' id='word_1_181' title='bbox 2277 1250 2599 1322; x_wconf 82' lang='lat' dir='ltr'><strong>obtinuerit,</strong></span> <span class='ocrx_word' id='word_1_182' title='bbox 2654 1265 2713 1313; x_wconf 80' lang='grc' dir='ltr'><strong>ιιι</strong></span> <span class='ocrx_word' id='word_1_183' title='bbox 2741 1252 2805 1314; x_wconf 88' lang='lat' dir='ltr'><strong>iis</strong></span> <span class='ocrx_word' id='word_1_184' title='bbox 2842 1260 2935 1329; x_wconf 87' lang='lat' dir='ltr'><strong>qui</strong></span> <span class='ocrx_word' id='word_1_185' title='bbox 2967 1261 3237 1329; x_wconf 87' lang='lat' dir='ltr'><strong>publicam</strong></span> <span class='ocrx_word' id='word_1_186' title='bbox 3266 1262 3507 1331; x_wconf 73' lang='lat' dir='ltr'><strong>egissent</strong></span> <span class='ocrx_word' id='word_1_187' title='bbox 3559 1259 3719 1329; x_wconf 59' lang='lat' dir='ltr'><strong>pretii.</strong></span> 
     </span>
    </p>
   </div>
   <div class='ocr_carea' id='block_1_27' title="bbox 2136 1344 3719 1417">
    <p class='ocr_par' dir='ltr' id='par_1_27' title="bbox 2136 1344 3719 1417">
     <span class='ocr_line' id='line_1_27' title="bbox 2136 1344 3719 1417; baseline 0 -11"><span class='ocrx_word' id='word_1_188' title='bbox 2136 1351 2381 1417; x_wconf 79' lang='lat' dir='ltr'><strong>tentiam;</strong></span> <span class='ocrx_word' id='word_1_189' title='bbox 2413 1360 2506 1406; x_wconf 90' lang='lat' dir='ltr'><strong>aut</strong></span> <span class='ocrx_word' id='word_1_190' title='bbox 2534 1351 2598 1405; x_wconf 86' lang='lat' dir='ltr'><strong>ad</strong></span> <span class='ocrx_word' id='word_1_191' title='bbox 2627 1344 2834 1408; x_wconf 85' lang='lat' dir='ltr'><strong>elerum</strong></span> <span class='ocrx_word' id='word_1_192' title='bbox 2858 1352 3220 1415; x_wconf 85' lang='lat' dir='ltr'><strong>adeundi,aut</strong></span> <span class='ocrx_word' id='word_1_193' title='bbox 3248 1354 3301 1408; x_wconf 92' lang='lat' dir='ltr'><strong>in</strong></span> <span class='ocrx_word' id='word_1_194' title='bbox 3327 1369 3449 1409; x_wconf 90' lang='lat' dir='ltr'><strong>eum</strong></span> <span class='ocrx_word' id='word_1_195' title='bbox 3472 1348 3719 1410; x_wconf 76' lang='lat' dir='ltr'><strong>redeundi</strong></span> 
     </span>
    </p>
   </div>
   <div class='ocr_carea' id='block_1_28' title="bbox 2136 1444 3724 1518">
    <p class='ocr_par' dir='ltr' id='par_1_28' title="bbox 2136 1444 3724 1518">
     <span class='ocr_line' id='line_1_28' title="bbox 2136 1444 3724 1518; baseline 0.001 -18"><span class='ocrx_word' id='word_1_196' title='bbox 2136 1458 2261 1516; x_wconf 87' lang='lat' dir='ltr'><strong>spes</strong></span> <span class='ocrx_word' id='word_1_197' title='bbox 2292 1444 2434 1499; x_wconf 89' lang='lat' dir='ltr'><strong>nulla</strong></span> <span class='ocrx_word' id='word_1_198' title='bbox 2462 1444 2877 1516; x_wconf 75' lang='lat' dir='ltr'><strong>relinqueretur.</strong></span> <span class='ocrx_word' id='word_1_199' title='bbox 2908 1445 3093 1518; x_wconf 77' lang='lat' dir='ltr'><strong>Neqite</strong></span> <span class='ocrx_word' id='word_1_200' title='bbox 3130 1445 3290 1517; x_wconf 77' lang='lat' dir='ltr'><strong>igitur</strong></span> <span class='ocrx_word' id='word_1_201' title='bbox 3327 1446 3537 1517; x_wconf 83' lang='lat' dir='ltr'><strong>publica</strong></span> <span class='ocrx_word' id='word_1_202' title='bbox 3590 1444 3724 1501; x_wconf 88' lang='lat' dir='ltr'><strong>illius</strong></span> 
     </span>
    </p>
   </div>
   <div class='ocr_carea' id='block_1_29' title="bbox 2138 1528 3728 1608">
    <p class='ocr_par' dir='ltr' id='par_1_29' title="bbox 2138 1528 3728 1608">
     <span class='ocr_line' id='line_1_29' title="bbox 2138 1528 3728 1608; baseline 0.002 -15"><span class='ocrx_word' id='word_1_203' title='bbox 2138 1538 2451 1608; x_wconf 63' lang='lat' dir='ltr'><strong>paenitentia</strong></span> <span class='ocrx_word' id='word_1_204' title='bbox 2483 1538 2599 1592; x_wconf 84' lang='lat' dir='ltr'><strong>iuit.</strong></span> <span class='ocrx_word' id='word_1_205' title='bbox 2645 1528 2799 1606; x_wconf 63' lang='grc' dir='ltr'><strong>ῥυοά</strong></span> <span class='ocrx_word' id='word_1_206' title='bbox 2825 1548 3005 1595; x_wconf 78' lang='lat' dir='ltr'><strong>autem</strong></span> <span class='ocrx_word' id='word_1_207' title='bbox 3048 1534 3295 1596; x_wconf 69' lang='lat' dir='ltr'><strong>beneficii</strong></span> <span class='ocrx_word' id='word_1_208' title='bbox 3348 1539 3468 1596; x_wconf 86' lang='lat' dir='ltr'><strong>loco</strong></span> <span class='ocrx_word' id='word_1_209' title='bbox 3518 1540 3728 1596; x_wconf 75' lang='lat' dir='ltr'><strong>duxisse</strong></span> 
     </span>
    </p>
   </div>
   <div class='ocr_carea' id='block_1_30' title="bbox 2136 1619 3722 1706">
    <p class='ocr_par' dir='ltr' id='par_1_30' title="bbox 2136 1619 3722 1706">
     <span class='ocr_line' id='line_1_30' title="bbox 2136 1619 3722 1706; baseline 0.002 -21"><span class='ocrx_word' id='word_1_210' title='bbox 2136 1630 2354 1696; x_wconf 86' lang='lat' dir='ltr'><strong>dicitur;</strong></span> <span class='ocrx_word' id='word_1_211' title='bbox 2388 1619 2407 1683; x_wconf 72' lang='grc' dir='ltr'><strong>ἑ</strong></span> <span class='ocrx_word' id='word_1_212' title='bbox 2432 1631 2475 1686; x_wconf 91' lang='lat' dir='ltr'><strong>si</strong></span> <span class='ocrx_word' id='word_1_213' title='bbox 2507 1629 2609 1686; x_wconf 86' lang='lat' dir='ltr'><strong>sibi</strong></span> <span class='ocrx_word' id='word_1_214' title='bbox 2634 1633 2715 1687; x_wconf 85' lang='lat' dir='ltr'><strong>vel</strong></span> <span class='ocrx_word' id='word_1_215' title='bbox 2742 1622 2879 1689; x_wconf 81' lang='lat' dir='ltr'><strong>laico</strong></span> <span class='ocrx_word' id='word_1_216' title='bbox 2908 1635 3311 1691; x_wconf 82' lang='lat' dir='ltr'><strong>communicare</strong></span> <span class='ocrx_word' id='word_1_217' title='bbox 3334 1636 3722 1706; x_wconf 64' lang='lat' dir='ltr'><strong>contingeret,»</strong></span> 
     </span>
    </p>
   </div>
   <div class='ocr_carea' id='block_1_31' title="bbox 2138 1714 3729 1799">
    <p class='ocr_par' dir='ltr' id='par_1_31' title="bbox 2138 1714 3729 1799">
     <span class='ocr_line' id='line_1_31' title="bbox 2138 1714 3729 1799; baseline 0.005 -23"><span class='ocrx_word' id='word_1_218' title='bbox 2138 1714 2373 1777; x_wconf 81' lang='lat' dir='ltr'><strong>illustrat</strong></span> <span class='ocrx_word' id='word_1_219' title='bbox 2407 1714 2550 1777; x_wconf 88' lang='lat' dir='ltr'><strong>idem</strong></span> <span class='ocrx_word' id='word_1_220' title='bbox 2580 1721 2904 1796; x_wconf 74' lang='lat' dir='ltr'><strong>Cyprianus;</strong></span> <span class='ocrx_word' id='word_1_221' title='bbox 2934 1722 3093 1796; x_wconf 81' lang='lat' dir='ltr'><strong>epist.</strong></span> <span class='ocrx_word' id='word_1_222' title='bbox 3131 1726 3220 1793; x_wconf 74' lang='lat'><strong>72;</strong></span> <span class='ocrx_word' id='word_1_223' title='bbox 3253 1724 3341 1783; x_wconf 77' lang='lat' dir='ltr'><strong>ubi</strong></span> <span class='ocrx_word' id='word_1_224' title='bbox 3398 1730 3467 1782; x_wconf 82' lang='lat' dir='ltr'><strong>ile</strong></span> <span class='ocrx_word' id='word_1_225' title='bbox 3528 1728 3611 1793; x_wconf 85' lang='lat' dir='ltr'><strong>iis,</strong></span> <span class='ocrx_word' id='word_1_226' title='bbox 3645 1726 3729 1799; x_wconf 87' lang='lat' dir='ltr'><strong>qui</strong></span> 
     </span>
    </p>
   </div>
   <div class='ocr_carea' id='block_1_32' title="bbox 2136 1812 3729 1891">
    <p class='ocr_par' dir='ltr' id='par_1_32' title="bbox 2136 1812 3729 1891">
     <span class='ocr_line' id='line_1_32' title="bbox 2136 1812 3729 1891; baseline 0.006 -24"><span class='ocrx_word' id='word_1_227' title='bbox 2136 1812 2399 1868; x_wconf 84' lang='lat' dir='ltr'><strong>adversus</strong></span> <span class='ocrx_word' id='word_1_228' title='bbox 2440 1812 2735 1871; x_wconf 86' lang='lat' dir='ltr'><strong>Eccieslam</strong></span> <span class='ocrx_word' id='word_1_229' title='bbox 2779 1816 3124 1882; x_wconf 77' lang='lat' dir='ltr'><strong>rebellarant,</strong></span> <span class='ocrx_word' id='word_1_230' title='bbox 3168 1814 3234 1875; x_wconf 86' lang='lat' dir='ltr'><strong>ad</strong></span> <span class='ocrx_word' id='word_1_231' title='bbox 3261 1812 3598 1891; x_wconf 75' lang='lat' dir='ltr'><strong>Stephanum</strong></span> <span class='ocrx_word' id='word_1_232' title='bbox 3639 1837 3729 1890; x_wconf 85' lang='lat' dir='ltr'><strong>pa-</strong></span> 
     </span>
    </p>
   </div>
   <div class='ocr_carea' id='block_1_33' title="bbox 435 1899 3729 1995">
    <p class='ocr_par' dir='ltr' id='par_1_33' title="bbox 435 1899 3729 1995">
     <span class='ocr_line' id='line_1_33' title="bbox 435 1899 3729 1995; baseline 0.002 -32"><span class='ocrx_word' id='word_1_233' title='bbox 435 1908 783 1975; x_wconf 78' lang='lat' dir='ltr'><strong>edit.0xon.,</strong></span> <span class='ocrx_word' id='word_1_234' title='bbox 805 1910 871 1964; x_wconf 89' lang='lat' dir='ltr'><strong>ad</strong></span> <span class='ocrx_word' id='word_1_235' title='bbox 893 1909 1080 1964; x_wconf 84' lang='lat' dir='ltr'><strong>Fidum</strong></span> <span class='ocrx_word' id='word_1_236' title='bbox 1100 1904 1286 1995; x_wconf 72' lang='lat' dir='ltr'><strong>Scribit</strong></span> <span class='ocrx_word' id='word_1_237' title='bbox 1309 1927 1354 1995; x_wconf 38' lang='lat' dir='ltr'><strong>:It</strong></span> <span class='ocrx_word' id='word_1_238' title='bbox 1384 1899 1636 1982; x_wconf 75' lang='lat' dir='ltr'><strong>Legimus</strong></span> <span class='ocrx_word' id='word_1_239' title='bbox 1664 1910 1868 1987; x_wconf 76' lang='lat' dir='ltr'><strong>litteras</strong></span> <span class='ocrx_word' id='word_1_240' title='bbox 1891 1918 2029 1995; x_wconf 83' lang='lat' dir='ltr'><strong>tuas,</strong></span> <span class='ocrx_word' id='word_1_241' title='bbox 2064 1915 2111 1974; x_wconf 87' lang='grc' dir='ltr'>Β</span> <span class='ocrx_word' id='word_1_242' title='bbox 2142 1919 2262 1974; x_wconf 70' lang='lat' dir='ltr'><strong>pain</strong></span> <span class='ocrx_word' id='word_1_243' title='bbox 2288 1906 2359 1960; x_wconf 89' lang='lat' dir='ltr'><strong>ita</strong></span> <span class='ocrx_word' id='word_1_244' title='bbox 2387 1907 2574 1963; x_wconf 86' lang='lat' dir='ltr'><strong>scribit</strong></span> <span class='ocrx_word' id='word_1_245' title='bbox 2604 1924 2618 1962; x_wconf 87' lang='lat'><strong>:</strong></span> <span class='ocrx_word' id='word_1_246' title='bbox 2656 1928 2676 1961; x_wconf 77' lang='grc' dir='ltr'><strong>ι</strong></span> <span class='ocrx_word' id='word_1_247' title='bbox 2731 1904 2993 1965; x_wconf 82' lang='lat' dir='ltr'><strong>Addimus</strong></span> <span class='ocrx_word' id='word_1_248' title='bbox 3041 1913 3198 1981; x_wconf 80' lang='lat' dir='ltr'><strong>plane</strong></span> <span class='ocrx_word' id='word_1_249' title='bbox 3250 1924 3303 1968; x_wconf 89' lang='lat' dir='ltr'><strong>et</strong></span> <span class='ocrx_word' id='word_1_250' title='bbox 3358 1910 3729 1987; x_wconf 73' lang='lat' dir='ltr'><strong>adjungimus;</strong></span> 
     </span>
    </p>
   </div>
   <div class='ocr_carea' id='block_1_34' title="bbox 433 1988 2034 2087">
    <p class='ocr_par' dir='ltr' id='par_1_34' title="bbox 433 1988 2034 2087">
     <span class='ocr_line' id='line_1_34' title="bbox 433 1988 2034 2087; baseline -0.001 -31"><span class='ocrx_word' id='word_1_251' title='bbox 433 2001 601 2058; x_wconf 80' lang='lat' dir='ltr'><strong>frater</strong></span> <span class='ocrx_word' id='word_1_252' title='bbox 622 2001 961 2072; x_wconf 86' lang='lat' dir='ltr'><strong>charissimc,</strong></span> <span class='ocrx_word' id='word_1_253' title='bbox 986 2002 1179 2076; x_wconf 90' lang='lat' dir='ltr'><strong>quibus</strong></span> <span class='ocrx_word' id='word_1_254' title='bbox 1202 1988 1511 2083; x_wconf 81' lang='lat' dir='ltr'><strong>signiﬁcasti</strong></span> <span class='ocrx_word' id='word_1_255' title='bbox 1533 2002 1600 2058; x_wconf 91' lang='lat' dir='ltr'><strong>dc</strong></span> <span class='ocrx_word' id='word_1_256' title='bbox 1631 2002 1841 2057; x_wconf 72' lang='lat' dir='ltr'><strong>Victore</strong></span> <span class='ocrx_word' id='word_1_257' title='bbox 1861 1988 2034 2087; x_wconf 48' lang='lat' dir='ltr'><strong>quon:</strong></span> 
     </span>
    </p>
   </div>
   <div class='ocr_carea' id='block_1_35' title="bbox 433 2078 2031 2177">
    <p class='ocr_par' dir='ltr' id='par_1_35' title="bbox 433 2078 2031 2177">
     <span class='ocr_line' id='line_1_35' title="bbox 433 2078 2031 2177; baseline -0.001 -28"><span class='ocrx_word' id='word_1_258' title='bbox 433 2082 557 2177; x_wconf 85' lang='lat' dir='ltr'><strong>dam</strong></span> <span class='ocrx_word' id='word_1_259' title='bbox 615 2097 965 2169; x_wconf 78' lang='lat' dir='ltr'><strong>presbytero,</strong></span> <span class='ocrx_word' id='word_1_260' title='bbox 1020 2099 1159 2171; x_wconf 82' lang='lat' dir='ltr'><strong>quod</strong></span> <span class='ocrx_word' id='word_1_261' title='bbox 1216 2078 1265 2154; x_wconf 86' lang='lat' dir='ltr'><strong>ei</strong></span> <span class='ocrx_word' id='word_1_262' title='bbox 1314 2082 1597 2167; x_wconf 81' lang='lat' dir='ltr'><strong>antequam</strong></span> <span class='ocrx_word' id='word_1_263' title='bbox 1648 2078 2031 2177; x_wconf 70' lang='lat' dir='ltr'><strong>pantitentiani</strong></span> 
     </span>
    </p>
   </div>
   <div class='ocr_carea' id='block_1_36' title="bbox 435 2174 2032 2264">
    <p class='ocr_par' dir='ltr' id='par_1_36' title="bbox 435 2174 2032 2264">
     <span class='ocr_line' id='line_1_36' title="bbox 435 2174 2032 2264; baseline -0.001 -19"><span class='ocrx_word' id='word_1_264' title='bbox 435 2174 649 2261; x_wconf 83' lang='lat' dir='ltr'><strong>plenam</strong></span> <span class='ocrx_word' id='word_1_265' title='bbox 691 2193 911 2264; x_wconf 79' lang='lat' dir='ltr'><strong>egiSset,</strong></span> <span class='ocrx_word' id='word_1_266' title='bbox 941 2203 995 2247; x_wconf 92' lang='lat' dir='ltr'><strong>et</strong></span> <span class='ocrx_word' id='word_1_267' title='bbox 1024 2192 1252 2259; x_wconf 84' lang='lat' dir='ltr'><strong>Domino</strong></span> <span class='ocrx_word' id='word_1_268' title='bbox 1281 2192 1412 2259; x_wconf 90' lang='lat' dir='ltr'><strong>Deo,</strong></span> <span class='ocrx_word' id='word_1_269' title='bbox 1443 2192 1494 2247; x_wconf 89' lang='lat' dir='ltr'><strong>in</strong></span> <span class='ocrx_word' id='word_1_270' title='bbox 1522 2174 1678 2260; x_wconf 82' lang='lat' dir='ltr'><strong>quem</strong></span> <span class='ocrx_word' id='word_1_271' title='bbox 1710 2191 2032 2261; x_wconf 87' lang='lat' dir='ltr'><strong>deliquerat,</strong></span> 
     </span>
    </p>
   </div>
   <div class='ocr_carea' id='block_1_37' title="bbox 436 2268 2037 2356">
    <p class='ocr_par' dir='ltr' id='par_1_37' title="bbox 436 2268 2037 2356">
     <span class='ocr_line' id='line_1_37' title="bbox 436 2268 2037 2356; baseline -0.001 -17"><span class='ocrx_word' id='word_1_272' title='bbox 436 2284 810 2353; x_wconf 82' lang='lat' dir='ltr'><strong>satisfecisset,</strong></span> <span class='ocrx_word' id='word_1_273' title='bbox 842 2280 1045 2341; x_wconf 86' lang='lat' dir='ltr'><strong>teniere</strong></span> <span class='ocrx_word' id='word_1_274' title='bbox 1071 2268 1371 2356; x_wconf 81' lang='lat' dir='ltr'><strong>Therapius</strong></span> <span class='ocrx_word' id='word_1_275' title='bbox 1396 2268 1601 2356; x_wconf 78' lang='lat' dir='ltr'><strong>collega</strong></span> <span class='ocrx_word' id='word_1_276' title='bbox 1634 2292 1817 2339; x_wconf 91' lang='lat' dir='ltr'><strong>noster</strong></span> <span class='ocrx_word' id='word_1_277' title='bbox 1848 2282 2037 2337; x_wconf 86' lang='lat' dir='ltr'><strong>imma-</strong></span> 
     </span>
    </p>
   </div>
   <div class='ocr_carea' id='block_1_38' title="bbox 436 2362 2038 2461">
    <p class='ocr_par' dir='ltr' id='par_1_38' title="bbox 436 2362 2038 2461">
     <span class='ocr_line' id='line_1_38' title="bbox 436 2362 2038 2461; baseline -0.001 -30"><span class='ocrx_word' id='word_1_278' title='bbox 436 2362 560 2459; x_wconf 73' lang='lat' dir='ltr'><strong>turo</strong></span> <span class='ocrx_word' id='word_1_279' title='bbox 590 2386 829 2449; x_wconf 89' lang='lat' dir='ltr'><strong>tempore</strong></span> <span class='ocrx_word' id='word_1_280' title='bbox 857 2388 912 2434; x_wconf 92' lang='lat' dir='ltr'><strong>et</strong></span> <span class='ocrx_word' id='word_1_281' title='bbox 943 2393 1279 2450; x_wconf 72' lang='lat' dir='ltr'><strong>praepropera</strong></span> <span class='ocrx_word' id='word_1_282' title='bbox 1330 2377 1673 2433; x_wconf 84' lang='lat' dir='ltr'><strong>festinatione</strong></span> <span class='ocrx_word' id='word_1_283' title='bbox 1704 2368 1887 2446; x_wconf 83' lang='lat' dir='ltr'><strong>pacem</strong></span> <span class='ocrx_word' id='word_1_284' title='bbox 1943 2374 2038 2461; x_wconf 43' lang='lat' dir='ltr'><strong>de:</strong></span> 
     </span>
    </p>
   </div>
   <div class='ocr_carea' id='block_1_39' title="bbox 434 2452 2038 2547">
    <p class='ocr_par' dir='ltr' id='par_1_39' title="bbox 434 2452 2038 2547">
     <span class='ocr_line' id='line_1_39' title="bbox 434 2452 2038 2547; baseline -0.002 -23"><span class='ocrx_word' id='word_1_285' title='bbox 434 2452 593 2547; x_wconf 76' lang='lat' dir='ltr'><strong>derit.</strong></span> <span class='ocrx_word' id='word_1_286' title='bbox 646 2466 776 2539; x_wconf 63' lang='lat' dir='ltr'><strong>Quie</strong></span> <span class='ocrx_word' id='word_1_287' title='bbox 836 2487 923 2526; x_wconf 88' lang='lat' dir='ltr'><strong>res</strong></span> <span class='ocrx_word' id='word_1_288' title='bbox 956 2487 1060 2526; x_wconf 88' lang='lat' dir='ltr'><strong>non</strong></span> <span class='ocrx_word' id='word_1_289' title='bbox 1091 2456 1222 2526; x_wconf 68' lang='lat' dir='ltr'><strong>Satis</strong></span> <span class='ocrx_word' id='word_1_290' title='bbox 1268 2471 1453 2535; x_wconf 80' lang='lat' dir='ltr'><strong>movit,</strong></span> <span class='ocrx_word' id='word_1_291' title='bbox 1513 2484 1783 2524; x_wconf 87' lang='lat' dir='ltr'><strong>secessum</strong></span> <span class='ocrx_word' id='word_1_292' title='bbox 1835 2482 1955 2523; x_wconf 89' lang='lat' dir='ltr'><strong>esse</strong></span> <span class='ocrx_word' id='word_1_293' title='bbox 2007 2452 2038 2522; x_wconf 62' lang='grc' dir='ltr'><em>ά</em></span> 
     </span>
    </p>
   </div>
   <div class='ocr_carea' id='block_1_40' title="bbox 440 2548 2038 2641">
    <p class='ocr_par' dir='ltr' id='par_1_40' title="bbox 440 2548 2038 2641">
     <span class='ocr_line' id='line_1_40' title="bbox 440 2548 2038 2641; baseline -0.001 -24"><span class='ocrx_word' id='word_1_294' title='bbox 440 2548 644 2619; x_wconf 79' lang='lat' dir='ltr'><strong>decreti</strong></span> <span class='ocrx_word' id='word_1_295' title='bbox 666 2562 839 2619; x_wconf 82' lang='lat' dir='ltr'><strong>nostri</strong></span> <span class='ocrx_word' id='word_1_296' title='bbox 869 2552 1209 2631; x_wconf 77' lang='lat' dir='ltr'><strong>auctoritate,</strong></span> <span class='ocrx_word' id='word_1_297' title='bbox 1245 2573 1302 2619; x_wconf 93' lang='lat' dir='ltr'><strong>ut</strong></span> <span class='ocrx_word' id='word_1_298' title='bbox 1349 2573 1474 2619; x_wconf 87' lang='lat' dir='ltr'><strong>ante</strong></span> <span class='ocrx_word' id='word_1_299' title='bbox 1501 2562 1793 2633; x_wconf 83' lang='lat' dir='ltr'><strong>legitimum</strong></span> <span class='ocrx_word' id='word_1_300' title='bbox 1824 2571 1877 2617; x_wconf 91' lang='lat' dir='ltr'><strong>et</strong></span> <span class='ocrx_word' id='word_1_301' title='bbox 1928 2562 2038 2641; x_wconf 85' lang='lat' dir='ltr'><strong>pie-</strong></span> 
     </span>
    </p>
   </div>
   <div class='ocr_carea' id='block_1_41' title="bbox 434 2645 2040 2737">
    <p class='ocr_par' dir='ltr' id='par_1_41' title="bbox 434 2645 2040 2737">
     <span class='ocr_line' id='line_1_41' title="bbox 434 2645 2040 2737; baseline -0.001 -27"><span class='ocrx_word' id='word_1_302' title='bbox 434 2645 575 2737; x_wconf 38' lang='lat' dir='ltr'><strong>;ttum</strong></span> <span class='ocrx_word' id='word_1_303' title='bbox 602 2666 812 2727; x_wconf 90' lang='lat' dir='ltr'><strong>tempus</strong></span> <span class='ocrx_word' id='word_1_304' title='bbox 834 2656 1235 2722; x_wconf 83' lang='lat' dir='ltr'><strong>satisfactionis,</strong></span> <span class='ocrx_word' id='word_1_305' title='bbox 1268 2665 1321 2711; x_wconf 92' lang='lat' dir='ltr'><strong>et</strong></span> <span class='ocrx_word' id='word_1_306' title='bbox 1343 2656 1459 2711; x_wconf 88' lang='lat' dir='ltr'><strong>sine</strong></span> <span class='ocrx_word' id='word_1_307' title='bbox 1487 2656 1654 2725; x_wconf 86' lang='lat' dir='ltr'><strong>petitu</strong></span> <span class='ocrx_word' id='word_1_308' title='bbox 1683 2664 1737 2711; x_wconf 90' lang='lat' dir='ltr'><strong>et</strong></span> <span class='ocrx_word' id='word_1_309' title='bbox 1760 2654 2040 2737; x_wconf 47' lang='lat' dir='ltr'><strong>conscien:</strong></span> 
     </span>
    </p>
   </div>
   <div class='ocr_carea' id='block_1_42' title="bbox 432 2731 2042 2822">
    <p class='ocr_par' dir='ltr' id='par_1_42' title="bbox 432 2731 2042 2822">
     <span class='ocr_line' id='line_1_42' title="bbox 432 2731 2042 2822; baseline 0 -19"><span class='ocrx_word' id='word_1_310' title='bbox 432 2731 510 2804; x_wconf 74' lang='lat' dir='ltr'><strong>tia</strong></span> <span class='ocrx_word' id='word_1_311' title='bbox 544 2749 732 2821; x_wconf 90' lang='lat' dir='ltr'><strong>plebis,</strong></span> <span class='ocrx_word' id='word_1_312' title='bbox 759 2738 902 2804; x_wconf 82' lang='lat' dir='ltr'><strong>nulla</strong></span> <span class='ocrx_word' id='word_1_313' title='bbox 947 2750 1259 2805; x_wconf 82' lang='lat' dir='ltr'><strong>inﬁrmitate</strong></span> <span class='ocrx_word' id='word_1_314' title='bbox 1325 2760 1551 2822; x_wconf 90' lang='lat' dir='ltr'><strong>urgente</strong></span> <span class='ocrx_word' id='word_1_315' title='bbox 1604 2764 1667 2803; x_wconf 91' lang='lat' dir='ltr'><strong>ac</strong></span> <span class='ocrx_word' id='word_1_316' title='bbox 1719 2731 2042 2803; x_wconf 81' lang='lat' dir='ltr'><strong>necessitate</strong></span> 
     </span>
    </p>
   </div>
   <div class='ocr_carea' id='block_1_43' title="bbox 440 2838 2038 2919">
    <p class='ocr_par' dir='ltr' id='par_1_43' title="bbox 440 2838 2038 2919">
     <span class='ocr_line' id='line_1_43' title="bbox 440 2838 2038 2919; baseline -0.004 -20"><span class='ocrx_word' id='word_1_317' title='bbox 440 2838 690 2919; x_wconf 75' lang='lat' dir='ltr'><strong>cogente,</strong></span> <span class='ocrx_word' id='word_1_318' title='bbox 722 2859 821 2914; x_wconf 82' lang='lat' dir='ltr'><strong>pax</strong></span> <span class='ocrx_word' id='word_1_319' title='bbox 851 2844 898 2898; x_wconf 92' lang='lat' dir='ltr'><strong>ei</strong></span> <span class='ocrx_word' id='word_1_320' title='bbox 926 2842 1370 2899; x_wconf 65' lang='lat' dir='ltr'><strong>concederetur.»</strong></span> <span class='ocrx_word' id='word_1_321' title='bbox 1392 2842 1510 2911; x_wconf 84' lang='lat' dir='ltr'><strong>Quo</strong></span> <span class='ocrx_word' id='word_1_322' title='bbox 1537 2842 1588 2897; x_wconf 94' lang='lat' dir='ltr'><strong>in</strong></span> <span class='ocrx_word' id='word_1_323' title='bbox 1608 2842 1726 2897; x_wconf 90' lang='lat' dir='ltr'><strong>ioco</strong></span> <span class='ocrx_word' id='word_1_324' title='bbox 1743 2840 2038 2907; x_wconf 83' lang='lat' dir='ltr'><strong>decretum,</strong></span> 
     </span>
    </p>
   </div>
   <div class='ocr_carea' id='block_1_44' title="bbox 429 2919 2043 3011">
    <p class='ocr_par' dir='ltr' id='par_1_44' title="bbox 429 2919 2043 3011">
     <span class='ocr_line' id='line_1_44' title="bbox 429 2919 2043 3011; baseline -0.001 -22"><span class='ocrx_word' id='word_1_325' title='bbox 429 2919 476 2989; x_wconf 12' lang='lat' dir='ltr'><strong>va</strong></span> <span class='ocrx_word' id='word_1_326' title='bbox 509 2950 615 3006; x_wconf 92' lang='lat' dir='ltr'><strong>quo</strong></span> <span class='ocrx_word' id='word_1_327' title='bbox 653 2950 926 2991; x_wconf 85' lang='lat' dir='ltr'><strong>recessum</strong></span> <span class='ocrx_word' id='word_1_328' title='bbox 955 2952 1077 2991; x_wconf 86' lang='lat' dir='ltr'><strong>esse</strong></span> <span class='ocrx_word' id='word_1_329' title='bbox 1102 2926 1403 3011; x_wconf 82' lang='lat' dir='ltr'><strong>Cyprianus</strong></span> <span class='ocrx_word' id='word_1_330' title='bbox 1446 2935 1635 3001; x_wconf 89' lang='lat' dir='ltr'><strong>docet,</strong></span> <span class='ocrx_word' id='word_1_331' title='bbox 1691 2933 1821 2989; x_wconf 91' lang='lat' dir='ltr'><strong>illud</strong></span> <span class='ocrx_word' id='word_1_332' title='bbox 1867 2920 2043 3004; x_wconf 86' lang='lat' dir='ltr'><strong>ipsum</strong></span> 
     </span>
    </p>
   </div>
   <div class='ocr_carea' id='block_1_45' title="bbox 436 3029 2037 3103">
    <p class='ocr_par' dir='ltr' id='par_1_45' title="bbox 436 3029 2037 3103">
     <span class='ocr_line' id='line_1_45' title="bbox 436 3029 2037 3103; baseline 0 -20"><span class='ocrx_word' id='word_1_333' title='bbox 436 3030 745 3103; x_wconf 85' lang='lat' dir='ltr'><strong>intelligere</strong></span> <span class='ocrx_word' id='word_1_334' title='bbox 773 3031 921 3098; x_wconf 87' lang='lat' dir='ltr'><strong>licet,</strong></span> <span class='ocrx_word' id='word_1_335' title='bbox 941 3032 1081 3103; x_wconf 87' lang='lat' dir='ltr'><strong>qttod</strong></span> <span class='ocrx_word' id='word_1_336' title='bbox 1106 3030 1247 3087; x_wconf 90' lang='lat' dir='ltr'><strong>idem</strong></span> <span class='ocrx_word' id='word_1_337' title='bbox 1273 3032 1497 3086; x_wconf 86' lang='lat' dir='ltr'><strong>antistes</strong></span> <span class='ocrx_word' id='word_1_338' title='bbox 1519 3031 1570 3084; x_wconf 90' lang='lat' dir='ltr'><strong>iu</strong></span> <span class='ocrx_word' id='word_1_339' title='bbox 1603 3029 1835 3099; x_wconf 84' lang='lat' dir='ltr'><strong>Epistula</strong></span> <span class='ocrx_word' id='word_1_340' title='bbox 1856 3045 2037 3083; x_wconf 78' lang='lat' dir='ltr'><strong>vaut.</strong></span> 
     </span>
    </p>
   </div>
   <div class='ocr_carea' id='block_1_46' title="bbox 445 3110 2044 3193">
    <p class='ocr_par' dir='ltr' id='par_1_46' title="bbox 445 3110 2044 3193">
     <span class='ocr_line' id='line_1_46' title="bbox 445 3110 2044 3193; baseline 0 -18"><span class='ocrx_word' id='word_1_341' title='bbox 445 3137 570 3177; x_wconf 81' lang='lat' dir='ltr'><strong>mox</strong></span> <span class='ocrx_word' id='word_1_342' title='bbox 629 3124 767 3178; x_wconf 88' lang='lat' dir='ltr'><strong>dicta</strong></span> <span class='ocrx_word' id='word_1_343' title='bbox 812 3140 993 3179; x_wconf 90' lang='lat' dir='ltr'><strong>secum</strong></span> <span class='ocrx_word' id='word_1_344' title='bbox 1038 3134 1089 3179; x_wconf 88' lang='lat' dir='ltr'><strong>et</strong></span> <span class='ocrx_word' id='word_1_345' title='bbox 1165 3141 1285 3180; x_wconf 90' lang='lat' dir='ltr'><strong>cum</strong></span> <span class='ocrx_word' id='word_1_346' title='bbox 1342 3110 1592 3178; x_wconf 80' lang='lat' dir='ltr'><strong>omnibus</strong></span> <span class='ocrx_word' id='word_1_347' title='bbox 1637 3122 1856 3177; x_wconf 91' lang='lat' dir='ltr'><strong>omnino</strong></span> <span class='ocrx_word' id='word_1_348' title='bbox 1930 3122 2044 3193; x_wconf 87' lang='lat' dir='ltr'><strong>cpi-</strong></span> 
     </span>
    </p>
   </div>
   <div class='ocr_carea' id='block_1_47' title="bbox 438 3196 2042 3285">
    <p class='ocr_par' dir='ltr' id='par_1_47' title="bbox 438 3196 2042 3285">
     <span class='ocr_line' id='line_1_47' title="bbox 438 3196 2042 3285; baseline 0 -16"><span class='ocrx_word' id='word_1_349' title='bbox 438 3196 624 3285; x_wconf 66' lang='lat' dir='ltr'><strong>sctipis</strong></span> <span class='ocrx_word' id='word_1_350' title='bbox 654 3215 707 3270; x_wconf 89' lang='lat' dir='ltr'><strong>in</strong></span> <span class='ocrx_word' id='word_1_351' title='bbox 754 3226 865 3270; x_wconf 87' lang='lat' dir='ltr'><strong>toto</strong></span> <span class='ocrx_word' id='word_1_352' title='bbox 909 3218 1109 3273; x_wconf 90' lang='lat' dir='ltr'><strong>mundo</strong></span> <span class='ocrx_word' id='word_1_353' title='bbox 1149 3219 1457 3273; x_wconf 81' lang='lat' dir='ltr'><strong>constitutis</strong></span> <span class='ocrx_word' id='word_1_354' title='bbox 1502 3236 1529 3269; x_wconf 88' lang='lat' dir='ltr'><strong>a</strong></span> <span class='ocrx_word' id='word_1_355' title='bbox 1559 3216 1810 3271; x_wconf 87' lang='lat' dir='ltr'><strong>Cornelio</strong></span> <span class='ocrx_word' id='word_1_356' title='bbox 1840 3215 2042 3271; x_wconf 86' lang='lat' dir='ltr'><strong>editum</strong></span> 
     </span>
    </p>
   </div>
   <div class='ocr_carea' id='block_1_48' title="bbox 2139 1999 3731 2077">
    <p class='ocr_par' dir='ltr' id='par_1_48' title="bbox 2139 1999 3731 2077">
     <span class='ocr_line' id='line_1_48' title="bbox 2139 1999 3731 2077; baseline 0.006 -23"><span class='ocrx_word' id='word_1_357' title='bbox 2139 1999 2310 2055; x_wconf 82' lang='lat' dir='ltr'><strong>frater</strong></span> <span class='ocrx_word' id='word_1_358' title='bbox 2338 2000 2679 2068; x_wconf 88' lang='lat' dir='ltr'><strong>charissime,</strong></span> <span class='ocrx_word' id='word_1_359' title='bbox 2708 2018 2976 2060; x_wconf 88' lang='lat' dir='ltr'><strong>consensu</strong></span> <span class='ocrx_word' id='word_1_360' title='bbox 3022 2014 3078 2061; x_wconf 93' lang='lat' dir='ltr'><strong>et</strong></span> <span class='ocrx_word' id='word_1_361' title='bbox 3104 2008 3422 2064; x_wconf 84' lang='lat' dir='ltr'><strong>auctoritate</strong></span> <span class='ocrx_word' id='word_1_362' title='bbox 3442 2011 3731 2077; x_wconf 78' lang='lat' dir='ltr'><strong>communi;</strong></span> 
     </span>
    </p>
   </div>
   <div class='ocr_carea' id='block_1_49' title="bbox 2142 2093 3733 2172">
    <p class='ocr_par' dir='ltr' id='par_1_49' title="bbox 2142 2093 3733 2172">
     <span class='ocr_line' id='line_1_49' title="bbox 2142 2093 3733 2172; baseline 0.008 -24"><span class='ocrx_word' id='word_1_363' title='bbox 2142 2093 2305 2148; x_wconf 89' lang='lat' dir='ltr'><strong>etiam</strong></span> <span class='ocrx_word' id='word_1_364' title='bbox 2349 2096 2394 2149; x_wconf 91' lang='lat' dir='ltr'><strong>si</strong></span> <span class='ocrx_word' id='word_1_365' title='bbox 2422 2096 2514 2166; x_wconf 91' lang='lat' dir='ltr'><strong>qui</strong></span> <span class='ocrx_word' id='word_1_366' title='bbox 2568 2097 2864 2169; x_wconf 81' lang='lat' dir='ltr'><strong>presbyteri</strong></span> <span class='ocrx_word' id='word_1_367' title='bbox 2904 2096 2996 2154; x_wconf 89' lang='lat' dir='ltr'><strong>aut</strong></span> <span class='ocrx_word' id='word_1_368' title='bbox 3035 2099 3270 2168; x_wconf 79' lang='lat' dir='ltr'><strong>diaconi,</strong></span> <span class='ocrx_word' id='word_1_369' title='bbox 3302 2103 3392 2172; x_wconf 90' lang='lat' dir='ltr'><strong>qui</strong></span> <span class='ocrx_word' id='word_1_370' title='bbox 3443 2103 3531 2159; x_wconf 86' lang='lat' dir='ltr'><strong>vel</strong></span> <span class='ocrx_word' id='word_1_371' title='bbox 3557 2104 3609 2159; x_wconf 91' lang='lat' dir='ltr'><strong>in</strong></span> <span class='ocrx_word' id='word_1_372' title='bbox 3636 2103 3733 2160; x_wconf 86' lang='lat' dir='ltr'><strong>Ec-</strong></span> 
     </span>
    </p>
   </div>
   <div class='ocr_carea' id='block_1_50' title="bbox 2140 2185 3737 2267">
    <p class='ocr_par' dir='ltr' id='par_1_50' title="bbox 2140 2185 3737 2267">
     <span class='ocr_line' id='line_1_50' title="bbox 2140 2185 3737 2267; baseline 0.008 -29"><span class='ocrx_word' id='word_1_373' title='bbox 2140 2185 2305 2239; x_wconf 87' lang='lat' dir='ltr'><strong>clesia</strong></span> <span class='ocrx_word' id='word_1_374' title='bbox 2340 2188 2485 2255; x_wconf 90' lang='lat' dir='ltr'><strong>prius</strong></span> <span class='ocrx_word' id='word_1_375' title='bbox 2524 2188 2754 2243; x_wconf 88' lang='lat' dir='ltr'><strong>ordinati</strong></span> <span class='ocrx_word' id='word_1_376' title='bbox 2808 2189 3027 2257; x_wconf 79' lang='lat' dir='ltr'><strong>fuerint,</strong></span> <span class='ocrx_word' id='word_1_377' title='bbox 3074 2201 3126 2247; x_wconf 91' lang='lat' dir='ltr'><strong>et</strong></span> <span class='ocrx_word' id='word_1_378' title='bbox 3189 2194 3510 2262; x_wconf 87' lang='lat' dir='ltr'><strong>posmodum</strong></span> <span class='ocrx_word' id='word_1_379' title='bbox 3560 2188 3737 2267; x_wconf 83' lang='lat' dir='ltr'><strong>perbdi</strong></span> 
     </span>
    </p>
   </div>
   <div class='ocr_carea' id='block_1_51' title="bbox 2142 2277 3737 2356">
    <p class='ocr_par' dir='ltr' id='par_1_51' title="bbox 2142 2277 3737 2356">
     <span class='ocr_line' id='line_1_51' title="bbox 2142 2277 3737 2356; baseline 0.008 -26"><span class='ocrx_word' id='word_1_380' title='bbox 2142 2286 2199 2330; x_wconf 86' lang='lat' dir='ltr'><strong>et</strong></span> <span class='ocrx_word' id='word_1_381' title='bbox 2229 2278 2461 2334; x_wconf 82' lang='lat' dir='ltr'><strong>rebelles</strong></span> <span class='ocrx_word' id='word_1_382' title='bbox 2502 2278 2955 2337; x_wconf 78' lang='lat' dir='ltr'><strong>exSliterint......</strong></span> <span class='ocrx_word' id='word_1_383' title='bbox 2985 2297 3080 2338; x_wconf 91' lang='lat' dir='ltr'><strong>eos</strong></span> <span class='ocrx_word' id='word_1_384' title='bbox 3133 2277 3347 2356; x_wconf 84' lang='lat' dir='ltr'><strong>quoque</strong></span> <span class='ocrx_word' id='word_1_385' title='bbox 3401 2284 3506 2344; x_wconf 84' lang='lat' dir='ltr'><strong>hae</strong></span> <span class='ocrx_word' id='word_1_386' title='bbox 3559 2286 3737 2343; x_wconf 86' lang='lat' dir='ltr'><strong>condi-</strong></span> 
     </span>
    </p>
   </div>
   <div class='ocr_carea' id='block_1_52' title="bbox 2145 2372 3738 2444">
    <p class='ocr_par' dir='ltr' id='par_1_52' title="bbox 2145 2372 3738 2444">
     <span class='ocr_line' id='line_1_52' title="bbox 2145 2372 3738 2444; baseline 0.008 -21"><span class='ocrx_word' id='word_1_387' title='bbox 2145 2372 2291 2426; x_wconf 88' lang='lat' dir='ltr'><strong>tione</strong></span> <span class='ocrx_word' id='word_1_388' title='bbox 2317 2375 2517 2444; x_wconf 87' lang='lat' dir='ltr'><strong>suscipi</strong></span> <span class='ocrx_word' id='word_1_389' title='bbox 2548 2390 2670 2430; x_wconf 90' lang='lat' dir='ltr'><strong>cum</strong></span> <span class='ocrx_word' id='word_1_390' title='bbox 2692 2372 3054 2442; x_wconf 76' lang='lat' dir='ltr'><strong>revertuntur,</strong></span> <span class='ocrx_word' id='word_1_391' title='bbox 3078 2385 3135 2430; x_wconf 90' lang='lat' dir='ltr'><strong>ut</strong></span> <span class='ocrx_word' id='word_1_392' title='bbox 3164 2378 3573 2434; x_wconf 85' lang='lat' dir='ltr'><strong>communicent</strong></span> <span class='ocrx_word' id='word_1_393' title='bbox 3603 2380 3738 2444; x_wconf 79' lang='lat' dir='ltr'><strong>laici,</strong></span> 
     </span>
    </p>
   </div>
   <div class='ocr_carea' id='block_1_53' title="bbox 2143 2463 3741 2540">
    <p class='ocr_par' dir='ltr' id='par_1_53' title="bbox 2143 2463 3741 2540">
     <span class='ocr_line' id='line_1_53' title="bbox 2143 2463 3741 2540; baseline 0.006 -23"><span class='ocrx_word' id='word_1_394' title='bbox 2143 2473 2199 2517; x_wconf 92' lang='lat' dir='ltr'><strong>et</strong></span> <span class='ocrx_word' id='word_1_395' title='bbox 2237 2463 2368 2517; x_wconf 85' lang='lat' dir='ltr'><strong>satis</strong></span> <span class='ocrx_word' id='word_1_396' title='bbox 2397 2463 2632 2520; x_wconf 86' lang='lat' dir='ltr'><strong>habeant</strong></span> <span class='ocrx_word' id='word_1_397' title='bbox 2673 2465 2816 2537; x_wconf 92' lang='lat' dir='ltr'><strong>quod</strong></span> <span class='ocrx_word' id='word_1_398' title='bbox 2871 2466 3223 2525; x_wconf 74' lang='lat' dir='ltr'><strong>admittuntur</strong></span> <span class='ocrx_word' id='word_1_399' title='bbox 3269 2468 3336 2524; x_wconf 86' lang='lat' dir='ltr'><strong>ad</strong></span> <span class='ocrx_word' id='word_1_400' title='bbox 3386 2484 3603 2539; x_wconf 85' lang='lat' dir='ltr'><strong>pacem,</strong></span> <span class='ocrx_word' id='word_1_401' title='bbox 3656 2470 3741 2540; x_wconf 86' lang='lat' dir='ltr'><strong>qui</strong></span> 
     </span>
    </p>
   </div>
   <div class='ocr_carea' id='block_1_54' title="bbox 2145 2554 3740 2631">
    <p class='ocr_par' dir='ltr' id='par_1_54' title="bbox 2145 2554 3740 2631">
     <span class='ocr_line' id='line_1_54' title="bbox 2145 2554 3740 2631; baseline 0.006 -22"><span class='ocrx_word' id='word_1_402' title='bbox 2145 2555 2332 2611; x_wconf 89' lang='lat' dir='ltr'><strong>hostes</strong></span> <span class='ocrx_word' id='word_1_403' title='bbox 2369 2556 2517 2626; x_wconf 85' lang='lat' dir='ltr'><strong>pacis</strong></span> <span class='ocrx_word' id='word_1_404' title='bbox 2544 2554 2871 2615; x_wconf 81' lang='lat' dir='ltr'><strong>exstiterint.</strong></span> <span class='ocrx_word' id='word_1_405' title='bbox 2911 2579 2931 2613; x_wconf 77' lang='grc' dir='ltr'><strong>ι</strong></span> <span class='ocrx_word' id='word_1_406' title='bbox 2974 2559 3103 2616; x_wconf 89' lang='lat' dir='ltr'><strong>Ideo</strong></span> <span class='ocrx_word' id='word_1_407' title='bbox 3158 2561 3322 2631; x_wconf 81' lang='lat' dir='ltr'><strong>igitur</strong></span> <span class='ocrx_word' id='word_1_408' title='bbox 3356 2563 3433 2617; x_wconf 86' lang='lat' dir='ltr'><strong>illi</strong></span> <span class='ocrx_word' id='word_1_409' title='bbox 3484 2564 3740 2620; x_wconf 88' lang='lat' dir='ltr'><strong>induitatn</strong></span> 
     </span>
    </p>
   </div>
   <div class='ocr_carea' id='block_1_55' title="bbox 2146 2647 3743 2712">
    <p class='ocr_par' dir='ltr' id='par_1_55' title="bbox 2146 2647 3743 2712">
     <span class='ocr_line' id='line_1_55' title="bbox 2146 2647 3743 2712; baseline 0.008 -12"><span class='ocrx_word' id='word_1_410' title='bbox 2146 2647 2251 2701; x_wconf 89' lang='lat' dir='ltr'><strong>sibi</strong></span> <span class='ocrx_word' id='word_1_411' title='bbox 2281 2648 2632 2705; x_wconf 88' lang='lat' dir='ltr'><strong>redeuntibus</strong></span> <span class='ocrx_word' id='word_1_412' title='bbox 2660 2653 3092 2708; x_wconf 87' lang='lat' dir='ltr'><strong>communionem</strong></span> <span class='ocrx_word' id='word_1_413' title='bbox 3117 2652 3307 2708; x_wconf 83' lang='lat' dir='ltr'><strong>laicam</strong></span> <span class='ocrx_word' id='word_1_414' title='bbox 3331 2654 3588 2711; x_wconf 74' lang='lat' dir='ltr'><strong>beneﬁcii</strong></span> <span class='ocrx_word' id='word_1_415' title='bbox 3630 2656 3743 2712; x_wconf 79' lang='lat' dir='ltr'><strong>loco</strong></span> 
     </span>
    </p>
   </div>
   <div class='ocr_carea' id='block_1_56' title="bbox 2147 2741 3742 2821">
    <p class='ocr_par' dir='ltr' id='par_1_56' title="bbox 2147 2741 3742 2821">
     <span class='ocr_line' id='line_1_56' title="bbox 2147 2741 3742 2821; baseline 0.006 -25"><span class='ocrx_word' id='word_1_416' title='bbox 2147 2741 2348 2798; x_wconf 82' lang='lat' dir='ltr'><strong>ducere</strong></span> <span class='ocrx_word' id='word_1_417' title='bbox 2374 2743 2693 2812; x_wconf 89' lang='lat' dir='ltr'><strong>debuerant,</strong></span> <span class='ocrx_word' id='word_1_418' title='bbox 2727 2747 2848 2817; x_wconf 89' lang='lat' dir='ltr'><strong>quia</strong></span> <span class='ocrx_word' id='word_1_419' title='bbox 2880 2748 2936 2802; x_wconf 83' lang='lat' dir='ltr'><strong>et&#39;</strong></span> <span class='ocrx_word' id='word_1_420' title='bbox 2961 2747 3091 2816; x_wconf 85' lang='lat' dir='ltr'><strong>ipsis</strong></span> <span class='ocrx_word' id='word_1_421' title='bbox 3118 2759 3276 2803; x_wconf 86' lang='lat' dir='ltr'><strong>antea</strong></span> <span class='ocrx_word' id='word_1_422' title='bbox 3315 2760 3527 2806; x_wconf 88' lang='lat' dir='ltr'><strong>certum</strong></span> <span class='ocrx_word' id='word_1_423' title='bbox 3576 2751 3742 2821; x_wconf 71' lang='grc' dir='ltr'>ιιωηὶ-</span> 
     </span>
    </p>
   </div>
   <div class='ocr_carea' id='block_1_57' title="bbox 2148 2828 3742 2914">
    <p class='ocr_par' dir='ltr' id='par_1_57' title="bbox 2148 2828 3742 2914">
     <span class='ocr_line' id='line_1_57' title="bbox 2148 2828 3742 2914; baseline 0.007 -27"><span class='ocrx_word' id='word_1_424' title='bbox 2148 2828 2333 2890; x_wconf 78' lang='lat' dir='ltr'><strong>tentizc</strong></span> <span class='ocrx_word' id='word_1_425' title='bbox 2357 2844 2568 2905; x_wconf 85' lang='lat' dir='ltr'><strong>tempus</strong></span> <span class='ocrx_word' id='word_1_426' title='bbox 2593 2839 2967 2907; x_wconf 64' lang='lat' dir='ltr'><strong>praescribere,</strong></span> <span class='ocrx_word' id='word_1_427' title='bbox 2986 2850 3049 2894; x_wconf 85' lang='lat' dir='ltr'><strong>et</strong></span> <span class='ocrx_word' id='word_1_428' title='bbox 3066 2840 3242 2911; x_wconf 86' lang='lat' dir='ltr'><strong>quoad</strong></span> <span class='ocrx_word' id='word_1_429' title='bbox 3265 2841 3395 2896; x_wconf 86' lang='lat' dir='ltr'><strong>illud</strong></span> <span class='ocrx_word' id='word_1_430' title='bbox 3416 2844 3742 2914; x_wconf 75' lang='lat' dir='ltr'><strong>exegissent,</strong></span> 
     </span>
    </p>
   </div>
   <div class='ocr_carea' id='block_1_58' title="bbox 2150 2929 3740 3008">
    <p class='ocr_par' dir='ltr' id='par_1_58' title="bbox 2150 2929 3740 3008">
     <span class='ocr_line' id='line_1_58' title="bbox 2150 2929 3740 3008; baseline 0.006 -27"><span class='ocrx_word' id='word_1_431' title='bbox 2150 2929 2587 2984; x_wconf 87' lang='lat' dir='ltr'><strong>communionem</strong></span> <span class='ocrx_word' id='word_1_432' title='bbox 2618 2930 2763 2985; x_wconf 88' lang='lat' dir='ltr'><strong>illam</strong></span> <span class='ocrx_word' id='word_1_433' title='bbox 2796 2929 3015 2987; x_wconf 80' lang='lat' dir='ltr'><strong>dttl&#39;erre</strong></span> <span class='ocrx_word' id='word_1_434' title='bbox 3036 2933 3318 2999; x_wconf 57' lang='lat' dir='ltr'><strong>licuisset;</strong></span> <span class='ocrx_word' id='word_1_435' title='bbox 3346 2938 3604 3008; x_wconf 84' lang='lat' dir='ltr'><strong>nonquia</strong></span> <span class='ocrx_word' id='word_1_436' title='bbox 3634 2935 3740 2991; x_wconf 80' lang='lat' dir='ltr'><strong>dia-</strong></span> 
     </span>
    </p>
   </div>
   <div class='ocr_carea' id='block_1_59' title="bbox 2149 3025 3747 3098">
    <p class='ocr_par' dir='ltr' id='par_1_59' title="bbox 2149 3025 3747 3098">
     <span class='ocr_line' id='line_1_59' title="bbox 2149 3025 3747 3098; baseline 0.004 -19"><span class='ocrx_word' id='word_1_437' title='bbox 2149 3039 2341 3091; x_wconf 87' lang='lat' dir='ltr'><strong>conos,</strong></span> <span class='ocrx_word' id='word_1_438' title='bbox 2375 3025 2719 3096; x_wconf 83' lang='lat' dir='ltr'><strong>presbyteros</strong></span> <span class='ocrx_word' id='word_1_439' title='bbox 2745 3035 2839 3080; x_wconf 90' lang='lat' dir='ltr'><strong>aut</strong></span> <span class='ocrx_word' id='word_1_440' title='bbox 2867 3027 3149 3097; x_wconf 64' lang='lat' dir='ltr'><strong>episcotios</strong></span> <span class='ocrx_word' id='word_1_441' title='bbox 3189 3029 3499 3098; x_wconf 81' lang='lat' dir='ltr'><strong>hujustnodi</strong></span> <span class='ocrx_word' id='word_1_442' title='bbox 3553 3030 3747 3087; x_wconf 84' lang='lat' dir='ltr'><strong>solem-</strong></span> 
     </span>
    </p>
   </div>
   <div class='ocr_carea' id='block_1_60' title="bbox 2153 3117 3747 3189">
    <p class='ocr_par' dir='ltr' id='par_1_60' title="bbox 2153 3117 3747 3189">
     <span class='ocr_line' id='line_1_60' title="bbox 2153 3117 3747 3189; baseline 0.004 -18"><span class='ocrx_word' id='word_1_443' title='bbox 2153 3117 2310 3172; x_wconf 88' lang='lat' dir='ltr'><strong>nibus</strong></span> <span class='ocrx_word' id='word_1_444' title='bbox 2363 3117 2593 3186; x_wconf 77' lang='lat' dir='ltr'><strong>publicat:</strong></span> <span class='ocrx_word' id='word_1_445' title='bbox 2666 3118 2995 3186; x_wconf 61' lang='lat' dir='ltr'><strong>paenitentia:</strong></span> <span class='ocrx_word' id='word_1_446' title='bbox 3052 3119 3241 3177; x_wconf 85' lang='lat' dir='ltr'><strong>ritibus</strong></span> <span class='ocrx_word' id='word_1_447' title='bbox 3288 3121 3575 3189; x_wconf 88' lang='lat' dir='ltr'><strong>subjacere</strong></span> <span class='ocrx_word' id='word_1_448' title='bbox 3628 3137 3747 3177; x_wconf 88' lang='lat' dir='ltr'><strong>usus</strong></span> 
     </span>
    </p>
   </div>
   <div class='ocr_carea' id='block_1_61' title="bbox 2152 3207 3746 3285">
    <p class='ocr_par' dir='ltr' id='par_1_61' title="bbox 2152 3207 3746 3285">
     <span class='ocr_line' id='line_1_61' title="bbox 2152 3207 3746 3285; baseline 0.003 -22"><span class='ocrx_word' id='word_1_449' title='bbox 2152 3207 2384 3285; x_wconf 68' lang='lat' dir='ltr'><strong>volebat,</strong></span> <span class='ocrx_word' id='word_1_450' title='bbox 2423 3208 2712 3263; x_wconf 87' lang='lat' dir='ltr'><strong>Enimvero</strong></span> <span class='ocrx_word' id='word_1_451' title='bbox 2762 3210 2806 3264; x_wconf 88' lang='lat' dir='ltr'><strong>si</strong></span> <span class='ocrx_word' id='word_1_452' title='bbox 2833 3225 2901 3264; x_wconf 82' lang='lat' dir='ltr'><strong>ex</strong></span> <span class='ocrx_word' id='word_1_453' title='bbox 2931 3210 3016 3276; x_wconf 89' lang='lat' dir='ltr'><strong>iis,</strong></span> <span class='ocrx_word' id='word_1_454' title='bbox 3049 3211 3139 3279; x_wconf 89' lang='lat' dir='ltr'><strong>qui</strong></span> <span class='ocrx_word' id='word_1_455' title='bbox 3162 3212 3217 3267; x_wconf 89' lang='lat' dir='ltr'><strong>in</strong></span> <span class='ocrx_word' id='word_1_456' title='bbox 3237 3210 3376 3267; x_wconf 90' lang='lat' dir='ltr'><strong>libro</strong></span> <span class='ocrx_word' id='word_1_457' title='bbox 3423 3227 3459 3266; x_wconf 92' lang='grc' dir='ltr'><strong>ιι</strong></span> <span class='ocrx_word' id='word_1_458' title='bbox 3506 3212 3746 3283; x_wconf 79' lang='lat' dir='ltr'><strong>Gregorii</strong></span> 
     </span>
    </p>
   </div>
   <div class='ocr_carea' id='block_1_62' title="bbox 438 3292 2033 3395">
    <p class='ocr_par' dir='ltr' id='par_1_62' title="bbox 438 3292 2033 3395">
     <span class='ocr_line' id='line_1_62' title="bbox 438 3292 2033 3395; baseline 0.001 -35"><span class='ocrx_word' id='word_1_459' title='bbox 438 3292 732 3362; x_wconf 87' lang='lat' dir='ltr'><strong>memorat.</strong></span> <span class='ocrx_word' id='word_1_460' title='bbox 767 3306 920 3365; x_wconf 88' lang='lat' dir='ltr'><strong>Unde</strong></span> <span class='ocrx_word' id='word_1_461' title='bbox 944 3311 1219 3395; x_wconf 46' lang='lat' dir='ltr'><strong>sequitur,</strong></span> <span class='ocrx_word' id='word_1_462' title='bbox 1241 3320 1296 3364; x_wconf 91' lang='lat' dir='ltr'><strong>ut</strong></span> <span class='ocrx_word' id='word_1_463' title='bbox 1322 3309 1565 3380; x_wconf 88' lang='lat' dir='ltr'><strong>ejusdem</strong></span> <span class='ocrx_word' id='word_1_464' title='bbox 1595 3309 1792 3364; x_wconf 89' lang='lat' dir='ltr'><strong>decreti</strong></span> <span class='ocrx_word' id='word_1_465' title='bbox 1819 3307 2033 3363; x_wconf 67' lang='lat' dir='ltr'><strong>auctoz&#39;i-</strong></span> 
     </span>
    </p>
   </div>
   <div class='ocr_carea' id='block_1_63' title="bbox 2142 3292 3745 3395">
    <p class='ocr_par' dir='ltr' id='par_1_63' title="bbox 2146 3300 3745 3375">
     <span class='ocr_line' id='line_1_63' title="bbox 2146 3300 3745 3375; baseline 0.001 -20"><span class='ocrx_word' id='word_1_466' title='bbox 2146 3300 2343 3371; x_wconf 81' lang='lat' dir='ltr'><strong>Magni,</strong></span> <span class='ocrx_word' id='word_1_467' title='bbox 2370 3300 2484 3355; x_wconf 92' lang='lat' dir='ltr'><strong>ind.</strong></span> <span class='ocrx_word' id='word_1_468' title='bbox 2517 3318 2571 3362; x_wconf 72' lang='grc' dir='ltr'>ιι,</span> <span class='ocrx_word' id='word_1_469' title='bbox 2602 3301 2762 3370; x_wconf 85' lang='lat' dir='ltr'><strong>epist.</strong></span> <span class='ocrx_word' id='word_1_470' title='bbox 2787 3304 2842 3368; x_wconf 78' lang='lat'><strong>6,</strong></span> <span class='ocrx_word' id='word_1_471' title='bbox 2874 3301 2945 3358; x_wconf 89' lang='lat' dir='ltr'><strong>de</strong></span> <span class='ocrx_word' id='word_1_472' title='bbox 2976 3303 3265 3370; x_wconf 86' lang='lat' dir='ltr'><strong>Demetrio,</strong></span> <span class='ocrx_word' id='word_1_473' title='bbox 3293 3305 3575 3374; x_wconf 82' lang='lat' dir='ltr'><strong>quondam</strong></span> <span class='ocrx_word' id='word_1_474' title='bbox 3612 3306 3745 3375; x_wconf 73' lang='lat' dir='ltr'><strong>Nea-</strong></span> 
     </span>
    </p>
   </div>
   <div class='ocr_carea' id='block_1_64' title="bbox 441 3398 2045 3474">
    <p class='ocr_par' dir='ltr' id='par_1_64' title="bbox 441 3398 2045 3474">
     <span class='ocr_line' id='line_1_64' title="bbox 441 3398 2045 3474; baseline 0.004 -23"><span class='ocrx_word' id='word_1_475' title='bbox 441 3398 554 3454; x_wconf 88' lang='lat' dir='ltr'><strong>tate</strong></span> <span class='ocrx_word' id='word_1_476' title='bbox 596 3400 927 3474; x_wconf 77' lang='lat' dir='ltr'><strong>presbyteris</strong></span> <span class='ocrx_word' id='word_1_477' title='bbox 956 3401 1117 3471; x_wconf 86' lang='lat' dir='ltr'><strong>lapsis</strong></span> <span class='ocrx_word' id='word_1_478' title='bbox 1143 3414 1349 3457; x_wconf 87' lang='lat' dir='ltr'><strong>certum</strong></span> <span class='ocrx_word' id='word_1_479' title='bbox 1388 3402 1753 3474; x_wconf 66' lang='lat' dir='ltr'><strong>praescriptum</strong></span> <span class='ocrx_word' id='word_1_480' title='bbox 1786 3401 1855 3457; x_wconf 88' lang='lat' dir='ltr'><strong>sit</strong></span> <span class='ocrx_word' id='word_1_481' title='bbox 1886 3403 2045 3457; x_wconf 86' lang='lat' dir='ltr'><strong>satis-</strong></span> 
     </span>
    </p>
   </div>
   <div class='ocr_carea' id='block_1_65' title="bbox 435 3478 2040 3565">
    <p class='ocr_par' dir='ltr' id='par_1_65' title="bbox 435 3478 2040 3565">
     <span class='ocr_line' id='line_1_65' title="bbox 435 3478 2040 3565; baseline 0.004 -22"><span class='ocrx_word' id='word_1_482' title='bbox 435 3490 689 3547; x_wconf 76' lang='lat' dir='ltr'><strong>iactionis</strong></span> <span class='ocrx_word' id='word_1_483' title='bbox 717 3509 779 3547; x_wconf 82' lang='lat' dir='ltr'><strong>ac</strong></span> <span class='ocrx_word' id='word_1_484' title='bbox 837 3482 1163 3562; x_wconf 64' lang='lat' dir='ltr'><strong>paenitentia:</strong></span> <span class='ocrx_word' id='word_1_485' title='bbox 1198 3505 1407 3565; x_wconf 88' lang='lat' dir='ltr'><strong>tempus</strong></span> <span class='ocrx_word' id='word_1_486' title='bbox 1430 3539 1441 3559; x_wconf 90' lang='lat'><strong>,</strong></span> <span class='ocrx_word' id='word_1_487' title='bbox 1490 3496 1568 3550; x_wconf 88' lang='lat' dir='ltr'><strong>eis</strong></span> <span class='ocrx_word' id='word_1_488' title='bbox 1598 3496 1817 3550; x_wconf 85' lang='lat' dir='ltr'><strong>minime</strong></span> <span class='ocrx_word' id='word_1_489' title='bbox 1848 3478 2040 3550; x_wconf 79' lang='lat' dir='ltr'><strong>remit-</strong></span> 
     </span>
    </p>
   </div>
   <div class='ocr_carea' id='block_1_66' title="bbox 448 3572 2042 3659">
    <p class='ocr_par' dir='ltr' id='par_1_66' title="bbox 448 3572 2042 3659">
     <span class='ocr_line' id='line_1_66' title="bbox 448 3572 2042 3659; baseline 0.004 -22"><span class='ocrx_word' id='word_1_490' title='bbox 448 3585 701 3652; x_wconf 88' lang='lat' dir='ltr'><strong>tendum,</strong></span> <span class='ocrx_word' id='word_1_491' title='bbox 738 3587 836 3640; x_wconf 88' lang='lat' dir='ltr'><strong>nisi</strong></span> <span class='ocrx_word' id='word_1_492' title='bbox 863 3572 1004 3641; x_wconf 80' lang='lat' dir='ltr'><strong>aliud</strong></span> <span class='ocrx_word' id='word_1_493' title='bbox 1043 3607 1060 3639; x_wconf 78' lang='grc' dir='ltr'><strong>ι</strong></span> <span class='ocrx_word' id='word_1_494' title='bbox 1105 3589 1269 3659; x_wconf 86' lang='lat' dir='ltr'><strong>petitu</strong></span> <span class='ocrx_word' id='word_1_495' title='bbox 1300 3588 1488 3659; x_wconf 70' lang='lat' dir='ltr'><strong>plebis,</strong></span> <span class='ocrx_word' id='word_1_496' title='bbox 1529 3610 1546 3640; x_wconf 83' lang='grc' dir='ltr'><strong>ι</strong></span> <span class='ocrx_word' id='word_1_497' title='bbox 1584 3589 1660 3643; x_wconf 74' lang='lat' dir='ltr'><strong>vel</strong></span> <span class='ocrx_word' id='word_1_498' title='bbox 1696 3608 1712 3639; x_wconf 80' lang='grc' dir='ltr'><strong>ι</strong></span> <span class='ocrx_word' id='word_1_499' title='bbox 1736 3588 2042 3644; x_wconf 81' lang='lat' dir='ltr'><strong>inﬁrmitate</strong></span> 
     </span>
    </p>
   </div>
   <div class='ocr_carea' id='block_1_67' title="bbox 445 3680 2041 3763">
    <p class='ocr_par' dir='ltr' id='par_1_67' title="bbox 445 3680 2041 3763">
     <span class='ocr_line' id='line_1_67' title="bbox 445 3680 2041 3763; baseline 0.004 -35"><span class='ocrx_word' id='word_1_500' title='bbox 445 3686 669 3744; x_wconf 74' lang='lat' dir='ltr'><strong>urgente</strong></span> <span class='ocrx_word' id='word_1_501' title='bbox 718 3693 779 3731; x_wconf 88' lang='lat' dir='ltr'><strong>ac</strong></span> <span class='ocrx_word' id='word_1_502' title='bbox 834 3680 1155 3734; x_wconf 80' lang='lat' dir='ltr'><strong>necessitate</strong></span> <span class='ocrx_word' id='word_1_503' title='bbox 1211 3692 1485 3763; x_wconf 66' lang='lat' dir='ltr'><strong>cogente:</strong></span> <span class='ocrx_word' id='word_1_504' title='bbox 1546 3680 1882 3735; x_wconf 88' lang='lat' dir='ltr'><strong>suaderetur.</strong></span> <span class='ocrx_word' id='word_1_505' title='bbox 1935 3682 2041 3735; x_wconf 73' lang='lat' dir='ltr'><strong>Sed</strong></span> 
     </span>
    </p>
   </div>
   <div class='ocr_carea' id='block_1_68' title="bbox 444 3754 2038 3847">
    <p class='ocr_par' dir='ltr' id='par_1_68' title="bbox 447 3754 2038 3847">
     <span class='ocr_line' id='line_1_68' title="bbox 447 3754 2038 3847; baseline 0.006 -26"><span class='ocrx_word' id='word_1_506' title='bbox 447 3771 758 3834; x_wconf 68' lang='lat' dir='ltr'><strong>ptBnitcutia</strong></span> <span class='ocrx_word' id='word_1_507' title='bbox 802 3772 908 3838; x_wconf 90' lang='lat' dir='ltr'><strong>illa,</strong></span> <span class='ocrx_word' id='word_1_508' title='bbox 952 3790 1070 3844; x_wconf 65' lang='lat' dir='ltr'><strong>quae</strong></span> <span class='ocrx_word' id='word_1_509' title='bbox 1100 3775 1166 3828; x_wconf 88' lang='lat' dir='ltr'><strong>ab</strong></span> <span class='ocrx_word' id='word_1_510' title='bbox 1195 3754 1298 3828; x_wconf 79' lang='lat' dir='ltr'><strong>illis</strong></span> <span class='ocrx_word' id='word_1_511' title='bbox 1327 3794 1344 3826; x_wconf 81' lang='grc' dir='ltr'><strong>ι</strong></span> <span class='ocrx_word' id='word_1_512' title='bbox 1376 3776 1531 3847; x_wconf 80' lang='lat' dir='ltr'><strong>plena</strong></span> <span class='ocrx_word' id='word_1_513' title='bbox 1559 3758 1577 3826; x_wconf 60' lang='grc' dir='ltr'><strong><em>ἱ</em></strong></span> <span class='ocrx_word' id='word_1_514' title='bbox 1614 3777 1943 3847; x_wconf 73' lang='lat' dir='ltr'><strong>exigebatur,</strong></span> <span class='ocrx_word' id='word_1_515' title='bbox 1973 3770 2038 3831; x_wconf 84' lang='lat' dir='ltr'><strong>an</strong></span> 
     </span>
    </p>
   </div>
   <div class='ocr_carea' id='block_1_69' title="bbox 441 3852 2040 3937">
    <p class='ocr_par' dir='ltr' id='par_1_69' title="bbox 441 3852 2040 3937">
     <span class='ocr_line' id='line_1_69' title="bbox 441 3852 2040 3937; baseline 0.004 -21"><span class='ocrx_word' id='word_1_516' title='bbox 441 3864 649 3932; x_wconf 86' lang='lat' dir='ltr'><strong>publica</strong></span> <span class='ocrx_word' id='word_1_517' title='bbox 670 3875 815 3920; x_wconf 86' lang='lat' dir='ltr'><strong>esset</strong></span> <span class='ocrx_word' id='word_1_518' title='bbox 835 3882 1023 3933; x_wconf 81' lang='lat' dir='ltr'><strong>necne,</strong></span> <span class='ocrx_word' id='word_1_519' title='bbox 1043 3869 1201 3923; x_wconf 83' lang='lat' dir='ltr'><strong>etiam</strong></span> <span class='ocrx_word' id='word_1_520' title='bbox 1233 3869 1316 3922; x_wconf 87' lang='lat' dir='ltr'><strong>hic</strong></span> <span class='ocrx_word' id='word_1_521' title='bbox 1339 3852 1544 3923; x_wconf 77' lang='lat' dir='ltr'><strong>siletur.</strong></span> <span class='ocrx_word' id='word_1_522' title='bbox 1569 3862 1751 3937; x_wconf 84' lang='lat' dir='ltr'><strong>Neque</strong></span> <span class='ocrx_word' id='word_1_523' title='bbox 1776 3870 1825 3924; x_wconf 89' lang='lat' dir='ltr'><strong>id</strong></span> <span class='ocrx_word' id='word_1_524' title='bbox 1844 3872 2040 3925; x_wconf 83' lang='lat' dir='ltr'><strong>clarius</strong></span> 
     </span>
    </p>
   </div>
   <div class='ocr_carea' id='block_1_70' title="bbox 444 3948 2038 4032">
    <p class='ocr_par' dir='ltr' id='par_1_70' title="bbox 444 3948 2038 4032">
     <span class='ocr_line' id='line_1_70' title="bbox 444 3948 2038 4032; baseline 0.004 -22"><span class='ocrx_word' id='word_1_525' title='bbox 444 3958 689 4012; x_wconf 91' lang='lat' dir='ltr'><strong>enuntiat</strong></span> <span class='ocrx_word' id='word_1_526' title='bbox 732 3956 1032 4030; x_wconf 86' lang='lat' dir='ltr'><strong>Cyprianus</strong></span> <span class='ocrx_word' id='word_1_527' title='bbox 1059 3961 1109 4014; x_wconf 92' lang='lat' dir='ltr'><strong>in</strong></span> <span class='ocrx_word' id='word_1_528' title='bbox 1144 3948 1380 4030; x_wconf 76' lang='lat' dir='ltr'><strong>Epistula</strong></span> <span class='ocrx_word' id='word_1_529' title='bbox 1422 3976 1566 4029; x_wconf 77' lang='grc' dir='ltr'>ιιιιγ,</span> <span class='ocrx_word' id='word_1_530' title='bbox 1598 3976 1690 4014; x_wconf 79' lang='lat' dir='ltr'><strong>seu</strong></span> <span class='ocrx_word' id='word_1_531' title='bbox 1734 3976 1854 4032; x_wconf 76' lang='lat' dir='ltr'><strong>va,</strong></span> <span class='ocrx_word' id='word_1_532' title='bbox 1880 3977 2038 4032; x_wconf 87' lang='lat' dir='ltr'><strong>quant</strong></span> 
     </span>
    </p>
   </div>
   <div class='ocr_carea' id='block_1_71' title="bbox 442 4030 2035 4118">
    <p class='ocr_par' dir='ltr' id='par_1_71' title="bbox 442 4030 2035 4118">
     <span class='ocr_line' id='line_1_71' title="bbox 442 4030 2035 4118; baseline 0.002 -17"><span class='ocrx_word' id='word_1_533' title='bbox 442 4048 521 4102; x_wconf 87' lang='lat' dir='ltr'><strong>sic</strong></span> <span class='ocrx_word' id='word_1_534' title='bbox 570 4050 851 4106; x_wconf 78' lang='lat' dir='ltr'><strong>exorditur</strong></span> <span class='ocrx_word' id='word_1_535' title='bbox 887 4070 899 4103; x_wconf 91' lang='lat'>:</span> <span class='ocrx_word' id='word_1_536' title='bbox 942 4071 960 4103; x_wconf 79' lang='grc' dir='ltr'><strong>ι</strong></span> <span class='ocrx_word' id='word_1_537' title='bbox 997 4052 1243 4107; x_wconf 85' lang='lat' dir='ltr'><strong>Graviter</strong></span> <span class='ocrx_word' id='word_1_538' title='bbox 1277 4034 1328 4107; x_wconf 82' lang='lat' dir='ltr'><strong>et</strong></span> <span class='ocrx_word' id='word_1_539' title='bbox 1358 4034 1605 4107; x_wconf 82' lang='lat' dir='ltr'><strong>dolenter</strong></span> <span class='ocrx_word' id='word_1_540' title='bbox 1658 4030 1834 4107; x_wconf 75' lang='lat' dir='ltr'><strong>motus</strong></span> <span class='ocrx_word' id='word_1_541' title='bbox 1881 4068 1995 4107; x_wconf 90' lang='lat' dir='ltr'><strong>sum</strong></span> <span class='ocrx_word' id='word_1_542' title='bbox 2020 4095 2035 4118; x_wconf 95' lang='lat'><strong>,</strong></span> 
     </span>
    </p>
   </div>
   <div class='ocr_carea' id='block_1_72' title="bbox 439 4128 2038 4215">
    <p class='ocr_par' dir='ltr' id='par_1_72' title="bbox 439 4128 2038 4215">
     <span class='ocr_line' id='line_1_72' title="bbox 439 4128 2038 4215; baseline 0.003 -23"><span class='ocrx_word' id='word_1_543' title='bbox 439 4138 639 4196; x_wconf 89' lang='lat' dir='ltr'><strong>i&#39;ratres</strong></span> <span class='ocrx_word' id='word_1_544' title='bbox 667 4141 993 4209; x_wconf 87' lang='lat' dir='ltr'><strong>charissimi,</strong></span> <span class='ocrx_word' id='word_1_545' title='bbox 1024 4143 1163 4215; x_wconf 87' lang='lat' dir='ltr'><strong>quod</strong></span> <span class='ocrx_word' id='word_1_546' title='bbox 1194 4128 1540 4213; x_wconf 84' lang='lat' dir='ltr'><strong>cognoverim</strong></span> <span class='ocrx_word' id='word_1_547' title='bbox 1571 4132 2038 4210; x_wconf 84' lang='lat' dir='ltr'><strong>Fortunatianum,</strong></span> 
     </span>
    </p>
   </div>
   <div class='ocr_carea' id='block_1_73' title="bbox 436 4226 2035 4307">
    <p class='ocr_par' dir='ltr' id='par_1_73' title="bbox 436 4226 2035 4307">
     <span class='ocr_line' id='line_1_73' title="bbox 436 4226 2035 4307; baseline 0.001 -19"><span class='ocrx_word' id='word_1_548' title='bbox 436 4230 705 4303; x_wconf 88' lang='lat' dir='ltr'><strong>quondam</strong></span> <span class='ocrx_word' id='word_1_549' title='bbox 737 4235 878 4305; x_wconf 88' lang='lat' dir='ltr'><strong>apud</strong></span> <span class='ocrx_word' id='word_1_550' title='bbox 905 4250 1002 4289; x_wconf 90' lang='lat' dir='ltr'><strong>vos</strong></span> <span class='ocrx_word' id='word_1_551' title='bbox 1029 4237 1362 4307; x_wconf 89' lang='lat' dir='ltr'><strong>episcopum,</strong></span> <span class='ocrx_word' id='word_1_552' title='bbox 1398 4245 1518 4306; x_wconf 88' lang='lat' dir='ltr'><strong>post</strong></span> <span class='ocrx_word' id='word_1_553' title='bbox 1555 4226 1772 4305; x_wconf 86' lang='lat' dir='ltr'><strong>gravem</strong></span> <span class='ocrx_word' id='word_1_554' title='bbox 1825 4239 2035 4306; x_wconf 88' lang='lat' dir='ltr'><strong>lapsum</strong></span> 
     </span>
    </p>
   </div>
   <div class='ocr_carea' id='block_1_74' title="bbox 434 4325 2035 4401">
    <p class='ocr_par' dir='ltr' id='par_1_74' title="bbox 434 4325 2035 4401">
     <span class='ocr_line' id='line_1_74' title="bbox 434 4325 2035 4401; baseline 0.005 -23"><span class='ocrx_word' id='word_1_555' title='bbox 434 4325 611 4401; x_wconf 75' lang='lat' dir='ltr'><strong>ruitne</strong></span> <span class='ocrx_word' id='word_1_556' title='bbox 634 4342 763 4393; x_wconf 66' lang='lat' dir='ltr'><strong>suae,</strong></span> <span class='ocrx_word' id='word_1_557' title='bbox 800 4342 897 4398; x_wconf 92' lang='lat' dir='ltr'><strong>pro</strong></span> <span class='ocrx_word' id='word_1_558' title='bbox 924 4327 1133 4398; x_wconf 83' lang='lat' dir='ltr'><strong>integro</strong></span> <span class='ocrx_word' id='word_1_559' title='bbox 1178 4345 1317 4384; x_wconf 89' lang='lat' dir='ltr'><strong>nunc</strong></span> <span class='ocrx_word' id='word_1_560' title='bbox 1347 4344 1505 4401; x_wconf 86' lang='lat' dir='ltr'><strong>agerc</strong></span> <span class='ocrx_word' id='word_1_561' title='bbox 1532 4328 1691 4395; x_wconf 89' lang='lat' dir='ltr'><strong>velle,</strong></span> <span class='ocrx_word' id='word_1_562' title='bbox 1728 4337 1783 4385; x_wconf 92' lang='lat' dir='ltr'><strong>et</strong></span> <span class='ocrx_word' id='word_1_563' title='bbox 1822 4333 2035 4400; x_wconf 85' lang='lat' dir='ltr'><strong>episco-</strong></span> 
     </span>
    </p>
   </div>
   <div class='ocr_carea' id='block_1_75' title="bbox 437 4398 2030 4491">
    <p class='ocr_par' dir='ltr' id='par_1_75' title="bbox 437 4398 2030 4491">
     <span class='ocr_line' id='line_1_75' title="bbox 437 4398 2030 4491; baseline 0.003 -20"><span class='ocrx_word' id='word_1_564' title='bbox 437 4398 641 4489; x_wconf 81' lang='lat' dir='ltr'><strong>patum,</strong></span> <span class='ocrx_word' id='word_1_565' title='bbox 685 4419 785 4475; x_wconf 90' lang='lat' dir='ltr'><strong>sibi</strong></span> <span class='ocrx_word' id='word_1_566' title='bbox 853 4418 1125 4475; x_wconf 88' lang='lat' dir='ltr'><strong>viudicare</strong></span> <span class='ocrx_word' id='word_1_567' title='bbox 1168 4420 1421 4491; x_wconf 72' lang='lat' dir='ltr'><strong>cmpisse.</strong></span> <span class='ocrx_word' id='word_1_568' title='bbox 1469 4461 1485 4476; x_wconf 97' lang='lat'><strong>.</strong></span> <span class='ocrx_word' id='word_1_569' title='bbox 1529 4460 1545 4475; x_wconf 96' lang='lat'><strong>.</strong></span> <span class='ocrx_word' id='word_1_570' title='bbox 1590 4461 1604 4476; x_wconf 92' lang='lat'><strong>.</strong></span> <span class='ocrx_word' id='word_1_571' title='bbox 1650 4462 1663 4475; x_wconf 95' lang='lat'><strong>.</strong></span> <span class='ocrx_word' id='word_1_572' title='bbox 1712 4463 1725 4475; x_wconf 93' lang='lat'><strong>.</strong></span> <span class='ocrx_word' id='word_1_573' title='bbox 1771 4459 1787 4476; x_wconf 94' lang='lat'><strong>.</strong></span> <span class='ocrx_word' id='word_1_574' title='bbox 1833 4462 1844 4476; x_wconf 93' lang='lat'><strong>.</strong></span> <span class='ocrx_word' id='word_1_575' title='bbox 1892 4463 1905 4476; x_wconf 96' lang='lat'><strong>.</strong></span> <span class='ocrx_word' id='word_1_576' title='bbox 1955 4462 1967 4475; x_wconf 91' lang='lat'><strong>.</strong></span> <span class='ocrx_word' id='word_1_577' title='bbox 2017 4463 2030 4477; x_wconf 95' lang='lat'><strong>.</strong></span> 
     </span>
    </p>
   </div>
   <div class='ocr_carea' id='block_1_76' title="bbox 382 4496 2029 4580">
    <p class='ocr_par' dir='ltr' id='par_1_76' title="bbox 382 4496 2029 4580">
     <span class='ocr_line' id='line_1_76' title="bbox 382 4496 2029 4580; baseline 0.001 -13"><span class='ocrx_word' id='word_1_578' title='bbox 382 4535 395 4541; x_wconf 63' lang='grc' dir='ltr'><strong><em>ν</em></strong></span> <span class='ocrx_word' id='word_1_579' title='bbox 433 4528 554 4567; x_wconf 90' lang='lat' dir='ltr'><strong>cum</strong></span> <span class='ocrx_word' id='word_1_580' title='bbox 606 4513 800 4569; x_wconf 90' lang='lat' dir='ltr'><strong>debeat</strong></span> <span class='ocrx_word' id='word_1_581' title='bbox 827 4513 1138 4570; x_wconf 65' lang='lat' dir='ltr'><strong>satisfacere</strong></span> <span class='ocrx_word' id='word_1_582' title='bbox 1158 4556 1172 4580; x_wconf 90' lang='lat'><strong>,</strong></span> <span class='ocrx_word' id='word_1_583' title='bbox 1197 4524 1250 4569; x_wconf 92' lang='lat' dir='ltr'><strong>ct</strong></span> <span class='ocrx_word' id='word_1_584' title='bbox 1275 4514 1341 4569; x_wconf 91' lang='lat' dir='ltr'><strong>ad</strong></span> <span class='ocrx_word' id='word_1_585' title='bbox 1369 4496 1651 4568; x_wconf 87' lang='lat' dir='ltr'><strong>Dominum</strong></span> <span class='ocrx_word' id='word_1_586' title='bbox 1676 4514 2029 4580; x_wconf 81' lang='lat' dir='ltr'><strong>exorandum,</strong></span> 
     </span>
    </p>
   </div>
   <div class='ocr_carea' id='block_1_77' title="bbox 432 4592 2035 4679">
    <p class='ocr_par' dir='ltr' id='par_1_77' title="bbox 432 4592 2035 4679">
     <span class='ocr_line' id='line_1_77' title="bbox 432 4592 2035 4679; baseline 0.002 -20"><span class='ocrx_word' id='word_1_587' title='bbox 432 4606 622 4679; x_wconf 84' lang='lat' dir='ltr'><strong>diebus</strong></span> <span class='ocrx_word' id='word_1_588' title='bbox 647 4621 710 4661; x_wconf 86' lang='lat' dir='ltr'><strong>ac</strong></span> <span class='ocrx_word' id='word_1_589' title='bbox 731 4607 996 4665; x_wconf 84' lang='lat' dir='ltr'><strong>noctibus.</strong></span> <span class='ocrx_word' id='word_1_590' title='bbox 1029 4607 1282 4675; x_wconf 85' lang='lat' dir='ltr'><strong>lacrymis</strong></span> <span class='ocrx_word' id='word_1_591' title='bbox 1310 4615 1364 4661; x_wconf 91' lang='lat' dir='ltr'><strong>et</strong></span> <span class='ocrx_word' id='word_1_592' title='bbox 1394 4592 1810 4660; x_wconf 68' lang='lat' dir='ltr'><strong>orationibus-et</strong></span> <span class='ocrx_word' id='word_1_593' title='bbox 1856 4608 2035 4677; x_wconf 90' lang='lat' dir='ltr'><strong>preci-</strong></span> 
     </span>
    </p>
   </div>
   <div class='ocr_carea' id='block_1_78' title="bbox 2152 3395 3745 3464">
    <p class='ocr_par' dir='ltr' id='par_1_78' title="bbox 2152 3395 3745 3464">
     <span class='ocr_line' id='line_1_78' title="bbox 2152 3395 3745 3464; baseline 0.004 -19"><span class='ocrx_word' id='word_1_594' title='bbox 2152 3395 2387 3461; x_wconf 88' lang='lat' dir='ltr'><strong>pniitano</strong></span> <span class='ocrx_word' id='word_1_595' title='bbox 2445 3396 2721 3464; x_wconf 76' lang='lat' dir='ltr'><strong>episcopo.</strong></span> <span class='ocrx_word' id='word_1_596' title='bbox 2770 3396 3211 3464; x_wconf 86' lang='lat' dir='ltr'><strong>gravissimorum</strong></span> <span class='ocrx_word' id='word_1_597' title='bbox 3291 3400 3588 3461; x_wconf 83' lang='lat' dir='ltr'><strong>criminum</strong></span> <span class='ocrx_word' id='word_1_598' title='bbox 3661 3417 3745 3455; x_wconf 86' lang='lat' dir='ltr'><strong>reo</strong></span> 
     </span>
    </p>
   </div>
   <div class='ocr_carea' id='block_1_79' title="bbox 2149 3484 3747 3556">
    <p class='ocr_par' dir='ltr' id='par_1_79' title="bbox 2149 3484 3747 3556">
     <span class='ocr_line' id='line_1_79' title="bbox 2149 3484 3747 3556; baseline 0.004 -17"><span class='ocrx_word' id='word_1_599' title='bbox 2149 3484 2354 3556; x_wconf 83' lang='lat' dir='ltr'><strong>legunt,</strong></span> <span class='ocrx_word' id='word_1_600' title='bbox 2397 3503 2414 3536; x_wconf 81' lang='grc' dir='ltr'><strong>ι</strong></span> <span class='ocrx_word' id='word_1_601' title='bbox 2458 3486 2793 3540; x_wconf 73' lang='grc' dir='ltr'>Ρωιιίιριιιὶίιο</span> <span class='ocrx_word' id='word_1_602' title='bbox 2846 3499 3168 3553; x_wconf 82' lang='lat' dir='ltr'><strong>reservatus,</strong></span> <span class='ocrx_word' id='word_1_603' title='bbox 3212 3489 3505 3546; x_wconf 83' lang='lat' dir='ltr'><strong>sacerdotii</strong></span> <span class='ocrx_word' id='word_1_604' title='bbox 3549 3493 3747 3549; x_wconf 82' lang='lat' dir='ltr'><strong>honore</strong></span> 
     </span>
    </p>
   </div>
   <div class='ocr_carea' id='block_1_80' title="bbox 2151 3578 3741 3652">
    <p class='ocr_par' dir='ltr' id='par_1_80' title="bbox 2151 3578 3741 3652">
     <span class='ocr_line' id='line_1_80' title="bbox 2151 3578 3741 3652; baseline 0.006 -22"><span class='ocrx_word' id='word_1_605' title='bbox 2151 3580 2383 3647; x_wconf 80' lang='lat' dir='ltr'><strong>privatus</strong></span> <span class='ocrx_word' id='word_1_606' title='bbox 2415 3588 2514 3642; x_wconf 83' lang='lat' dir='ltr'><strong>est,</strong></span> <span class='ocrx_word' id='word_1_607' title='bbox 2542 3597 2560 3630; x_wconf 84' lang='grc' dir='ltr'><strong>ι</strong></span> <span class='ocrx_word' id='word_1_608' title='bbox 2587 3588 2678 3633; x_wconf 90' lang='lat' dir='ltr'><strong>aut</strong></span> <span class='ocrx_word' id='word_1_609' title='bbox 2693 3578 2785 3633; x_wconf 93' lang='lat' dir='ltr'><strong>lib.</strong></span> <span class='ocrx_word' id='word_1_610' title='bbox 2808 3595 2880 3646; x_wconf 79' lang='lat' dir='ltr'><strong>v1,</strong></span> <span class='ocrx_word' id='word_1_611' title='bbox 2913 3579 3027 3635; x_wconf 92' lang='lat' dir='ltr'><strong>ind.</strong></span> <span class='ocrx_word' id='word_1_612' title='bbox 3057 3596 3168 3650; x_wconf 71' lang='lat' dir='ltr'><strong>xiv,</strong></span> <span class='ocrx_word' id='word_1_613' title='bbox 3187 3581 3345 3652; x_wconf 80' lang='lat' dir='ltr'><strong>epiSI.</strong></span> <span class='ocrx_word' id='word_1_614' title='bbox 3374 3584 3467 3652; x_wconf 69' lang='grc' dir='ltr'><strong>«Η,</strong></span> <span class='ocrx_word' id='word_1_615' title='bbox 3498 3603 3519 3635; x_wconf 75' lang='grc' dir='ltr'><strong>ι</strong></span> <span class='ocrx_word' id='word_1_616' title='bbox 3540 3585 3741 3651; x_wconf 53' lang='lat' dir='ltr'><strong>Massa,</strong></span> 
     </span>
    </p>
   </div>
   <div class='ocr_carea' id='block_1_81' title="bbox 2151 3673 3743 3747">
    <p class='ocr_par' dir='ltr' id='par_1_81' title="bbox 2151 3673 3743 3747">
     <span class='ocr_line' id='line_1_81' title="bbox 2151 3673 3743 3747; baseline 0.004 -22"><span class='ocrx_word' id='word_1_617' title='bbox 2151 3673 2484 3726; x_wconf 72' lang='lat' dir='ltr'><strong>Nicoteranze</strong></span> <span class='ocrx_word' id='word_1_618' title='bbox 2515 3676 2799 3742; x_wconf 81' lang='lat' dir='ltr'><strong>episeOpus</strong></span> <span class='ocrx_word' id='word_1_619' title='bbox 2831 3688 2925 3741; x_wconf 88' lang='lat' dir='ltr'><strong>pro</strong></span> <span class='ocrx_word' id='word_1_620' title='bbox 2948 3673 3267 3744; x_wconf 83' lang='lat' dir='ltr'><strong>quibusdam</strong></span> <span class='ocrx_word' id='word_1_621' title='bbox 3295 3677 3469 3745; x_wconf 77' lang='lat' dir='ltr'><strong>culpis</strong></span> <span class='ocrx_word' id='word_1_622' title='bbox 3492 3678 3549 3731; x_wconf 93' lang='lat' dir='ltr'><strong>in</strong></span> <span class='ocrx_word' id='word_1_623' title='bbox 3579 3680 3743 3747; x_wconf 73' lang='lat' dir='ltr'><strong>ptent-</strong></span> 
     </span>
    </p>
   </div>
   <div class='ocr_carea' id='block_1_82' title="bbox 2149 3766 3740 3841">
    <p class='ocr_par' dir='ltr' id='par_1_82' title="bbox 2149 3766 3740 3841">
     <span class='ocr_line' id='line_1_82' title="bbox 2149 3766 3740 3841; baseline 0.004 -24"><span class='ocrx_word' id='word_1_624' title='bbox 2149 3768 2369 3819; x_wconf 87' lang='lat' dir='ltr'><strong>tentiam</strong></span> <span class='ocrx_word' id='word_1_625' title='bbox 2398 3766 2685 3841; x_wconf 59' lang='lat' dir='ltr'><strong>deputatus</strong></span> <span class='ocrx_word' id='word_1_626' title='bbox 2706 3775 2807 3828; x_wconf 89' lang='lat' dir='ltr'><strong>est,</strong></span> <span class='ocrx_word' id='word_1_627' title='bbox 2847 3784 2865 3817; x_wconf 79' lang='grc' dir='ltr'><strong>ι</strong></span> <span class='ocrx_word' id='word_1_628' title='bbox 2902 3766 2969 3820; x_wconf 75' lang='grc' dir='ltr'><strong>ΕΙ.</strong></span> <span class='ocrx_word' id='word_1_629' title='bbox 2993 3767 3096 3821; x_wconf 89' lang='lat' dir='ltr'><strong>alia</strong></span> <span class='ocrx_word' id='word_1_630' title='bbox 3125 3767 3207 3822; x_wconf 84' lang='lat' dir='ltr'><strong>his</strong></span> <span class='ocrx_word' id='word_1_631' title='bbox 3234 3768 3451 3834; x_wconf 81' lang='lat' dir='ltr'><strong>similia,</strong></span> <span class='ocrx_word' id='word_1_632' title='bbox 3474 3785 3641 3823; x_wconf 90' lang='lat' dir='ltr'><strong>nemo</strong></span> <span class='ocrx_word' id='word_1_633' title='bbox 3665 3780 3740 3824; x_wconf 90' lang='lat' dir='ltr'><strong>est</strong></span> 
     </span>
    </p>
   </div>
   <div class='ocr_carea' id='block_1_83' title="bbox 2145 3856 3745 3929">
    <p class='ocr_par' dir='ltr' id='par_1_83' title="bbox 2145 3856 3745 3929">
     <span class='ocr_line' id='line_1_83' title="bbox 2145 3856 3745 3929; baseline 0.006 -21"><span class='ocrx_word' id='word_1_634' title='bbox 2145 3860 2236 3928; x_wconf 87' lang='lat' dir='ltr'><strong>qui</strong></span> <span class='ocrx_word' id='word_1_635' title='bbox 2270 3859 2403 3911; x_wconf 89' lang='lat' dir='ltr'><strong>locis</strong></span> <span class='ocrx_word' id='word_1_636' title='bbox 2431 3858 2537 3912; x_wconf 88' lang='lat' dir='ltr'><strong>illis</strong></span> <span class='ocrx_word' id='word_1_637' title='bbox 2568 3880 2586 3908; x_wconf 82' lang='grc' dir='ltr'><strong>ι</strong></span> <span class='ocrx_word' id='word_1_638' title='bbox 2613 3856 2942 3927; x_wconf 59' lang='lat' dir='ltr'><strong>paenitentiae</strong></span> <span class='ocrx_word' id='word_1_639' title='bbox 2966 3880 2985 3912; x_wconf 81' lang='grc' dir='ltr'><strong>ι</strong></span> <span class='ocrx_word' id='word_1_640' title='bbox 3018 3856 3235 3916; x_wconf 82' lang='lat' dir='ltr'><strong>nomine</strong></span> <span class='ocrx_word' id='word_1_641' title='bbox 3268 3856 3540 3929; x_wconf 85' lang='lat' dir='ltr'><strong>publicam</strong></span> <span class='ocrx_word' id='word_1_642' title='bbox 3565 3879 3631 3919; x_wconf 84' lang='lat' dir='ltr'><strong>ac</strong></span> <span class='ocrx_word' id='word_1_643' title='bbox 3661 3880 3745 3919; x_wconf 76' lang='lat' dir='ltr'><strong>so-</strong></span> 
     </span>
    </p>
   </div>
   <div class='ocr_carea' id='block_1_84' title="bbox 2148 3950 3745 4023">
    <p class='ocr_par' dir='ltr' id='par_1_84' title="bbox 2148 3950 3745 4023">
     <span class='ocr_line' id='line_1_84' title="bbox 2148 3950 3745 4023; baseline 0.004 -20"><span class='ocrx_word' id='word_1_644' title='bbox 2148 3951 2381 4006; x_wconf 84' lang='lat' dir='ltr'><strong>lemnem</strong></span> <span class='ocrx_word' id='word_1_645' title='bbox 2413 3952 2778 4020; x_wconf 72' lang='lat' dir='ltr'><strong>ptenitentiam</strong></span> <span class='ocrx_word' id='word_1_646' title='bbox 2810 3951 3097 4022; x_wconf 82' lang='lat' dir='ltr'><strong>intelligat;</strong></span> <span class='ocrx_word' id='word_1_647' title='bbox 3130 3950 3259 4022; x_wconf 86' lang='lat' dir='ltr'><strong>quid</strong></span> <span class='ocrx_word' id='word_1_648' title='bbox 3284 3963 3431 4007; x_wconf 89' lang='lat' dir='ltr'><strong>vetat</strong></span> <span class='ocrx_word' id='word_1_649' title='bbox 3455 3955 3745 4023; x_wconf 88' lang='lat' dir='ltr'><strong>quominus</strong></span> 
     </span>
    </p>
   </div>
   <div class='ocr_carea' id='block_1_85' title="bbox 2147 4043 3744 4114">
    <p class='ocr_par' dir='ltr' id='par_1_85' title="bbox 2147 4043 3744 4114">
     <span class='ocr_line' id='line_1_85' title="bbox 2147 4043 3744 4114; baseline 0.004 -16"><span class='ocrx_word' id='word_1_650' title='bbox 2147 4043 2289 4099; x_wconf 90' lang='lat' dir='ltr'><strong>idem</strong></span> <span class='ocrx_word' id='word_1_651' title='bbox 2321 4060 2516 4099; x_wconf 91' lang='lat' dir='ltr'><strong>nomen</strong></span> <span class='ocrx_word' id='word_1_652' title='bbox 2559 4044 2612 4098; x_wconf 89' lang='lat' dir='ltr'><strong>iu</strong></span> <span class='ocrx_word' id='word_1_653' title='bbox 2656 4046 2894 4110; x_wconf 88' lang='lat' dir='ltr'><strong>decreto,</strong></span> <span class='ocrx_word' id='word_1_654' title='bbox 2925 4045 3067 4114; x_wconf 91' lang='lat' dir='ltr'><strong>quod</strong></span> <span class='ocrx_word' id='word_1_655' title='bbox 3105 4043 3390 4100; x_wconf 87' lang='lat' dir='ltr'><strong>Cornelius</strong></span> <span class='ocrx_word' id='word_1_656' title='bbox 3425 4062 3553 4102; x_wconf 89' lang='lat' dir='ltr'><strong>eum</strong></span> <span class='ocrx_word' id='word_1_657' title='bbox 3588 4050 3744 4104; x_wconf 83' lang='lat' dir='ltr'><strong>totius</strong></span> 
     </span>
    </p>
   </div>
   <div class='ocr_carea' id='block_1_86' title="bbox 2146 4134 3743 4207">
    <p class='ocr_par' dir='ltr' id='par_1_86' title="bbox 2146 4134 3743 4207">
     <span class='ocr_line' id='line_1_86' title="bbox 2146 4134 3743 4207; baseline 0.003 -15"><span class='ocrx_word' id='word_1_658' title='bbox 2146 4137 2292 4192; x_wconf 86' lang='lat' dir='ltr'><strong>orbis</strong></span> <span class='ocrx_word' id='word_1_659' title='bbox 2357 4137 2648 4192; x_wconf 81' lang='lat' dir='ltr'><strong>Christiani</strong></span> <span class='ocrx_word' id='word_1_660' title='bbox 2700 4136 2968 4207; x_wconf 87' lang='lat' dir='ltr'><strong>episcopis</strong></span> <span class='ocrx_word' id='word_1_661' title='bbox 3023 4138 3238 4205; x_wconf 76' lang='lat' dir='ltr'><strong>sanxit,</strong></span> <span class='ocrx_word' id='word_1_662' title='bbox 3291 4134 3483 4194; x_wconf 85' lang='lat' dir='ltr'><strong>eadem</strong></span> <span class='ocrx_word' id='word_1_663' title='bbox 3536 4139 3743 4197; x_wconf 85' lang='lat' dir='ltr'><strong>ratione</strong></span> 
     </span>
    </p>
   </div>
   <div class='ocr_carea' id='block_1_87' title="bbox 2146 4229 2856 4299">
    <p class='ocr_par' dir='ltr' id='par_1_87' title="bbox 2146 4229 2856 4299">
     <span class='ocr_line' id='line_1_87' title="bbox 2146 4229 2856 4299; baseline 0.001 -16"><span class='ocrx_word' id='word_1_664' title='bbox 2146 4239 2462 4299; x_wconf 87' lang='lat' dir='ltr'><strong>usurpatum</strong></span> <span class='ocrx_word' id='word_1_665' title='bbox 2489 4229 2856 4297; x_wconf 77' lang='lat' dir='ltr'><strong>intelligatur?</strong></span> 
     </span>
    </p>
   </div>
   <div class='ocr_carea' id='block_1_88' title="bbox 2217 4316 3742 4392">
    <p class='ocr_par' dir='ltr' id='par_1_88' title="bbox 2217 4316 3742 4392">
     <span class='ocr_line' id='line_1_88' title="bbox 2217 4316 3742 4392; baseline 0.001 -15"><span class='ocrx_word' id='word_1_666' title='bbox 2217 4316 2273 4377; x_wconf 88' lang='lat'><strong>9.</strong></span> <span class='ocrx_word' id='word_1_667' title='bbox 2319 4321 2461 4376; x_wconf 80' lang='lat' dir='ltr'><strong>Istud</strong></span> <span class='ocrx_word' id='word_1_668' title='bbox 2492 4337 2653 4391; x_wconf 89' lang='lat' dir='ltr'><strong>porro</strong></span> <span class='ocrx_word' id='word_1_669' title='bbox 2674 4338 2761 4376; x_wconf 87' lang='lat' dir='ltr'><strong>me</strong></span> <span class='ocrx_word' id='word_1_670' title='bbox 2786 4321 2940 4377; x_wconf 82' lang='lat' dir='ltr'><strong>valde</strong></span> <span class='ocrx_word' id='word_1_671' title='bbox 2968 4319 3317 4392; x_wconf 79' lang='lat' dir='ltr'><strong>movet,quod</strong></span> <span class='ocrx_word' id='word_1_672' title='bbox 3339 4321 3443 4376; x_wconf 87' lang='lat' dir='ltr'><strong>hoc</strong></span> <span class='ocrx_word' id='word_1_673' title='bbox 3466 4322 3742 4379; x_wconf 85' lang='lat' dir='ltr'><strong>decretum</strong></span> 
     </span>
    </p>
   </div>
   <div class='ocr_carea' id='block_1_89' title="bbox 2145 4412 3740 4480">
    <p class='ocr_par' dir='ltr' id='par_1_89' title="bbox 2145 4412 3740 4480">
     <span class='ocr_line' id='line_1_89' title="bbox 2145 4412 3740 4480; baseline 0.001 -13"><span class='ocrx_word' id='word_1_674' title='bbox 2145 4430 2252 4468; x_wconf 90' lang='lat' dir='ltr'><strong>non</strong></span> <span class='ocrx_word' id='word_1_675' title='bbox 2284 4413 2452 4468; x_wconf 86' lang='lat' dir='ltr'><strong>solius</strong></span> <span class='ocrx_word' id='word_1_676' title='bbox 2478 4412 2713 4469; x_wconf 81' lang='lat' dir='ltr'><strong>Cornelii</strong></span> <span class='ocrx_word' id='word_1_677' title='bbox 2752 4424 2807 4469; x_wconf 86' lang='lat' dir='ltr'><strong>et</strong></span> <span class='ocrx_word' id='word_1_678' title='bbox 2827 4413 3104 4477; x_wconf 86' lang='lat' dir='ltr'><strong>Italorum,</strong></span> <span class='ocrx_word' id='word_1_679' title='bbox 3135 4412 3231 4468; x_wconf 82' lang='lat' dir='ltr'><strong>sed</strong></span> <span class='ocrx_word' id='word_1_680' title='bbox 3258 4420 3316 4467; x_wconf 88' lang='lat' dir='ltr'><strong>et</strong></span> <span class='ocrx_word' id='word_1_681' title='bbox 3339 4412 3740 4480; x_wconf 79' lang='lat' dir='ltr'><strong>Africanorum,</strong></span> 
     </span>
    </p>
   </div>
   <div class='ocr_carea' id='block_1_90' title="bbox 2143 4508 3743 4582">
    <p class='ocr_par' dir='ltr' id='par_1_90' title="bbox 2143 4508 3743 4582">
     <span class='ocr_line' id='line_1_90' title="bbox 2143 4508 3743 4582; baseline 0.001 -17"><span class='ocrx_word' id='word_1_682' title='bbox 2143 4512 2308 4567; x_wconf 91' lang='lat' dir='ltr'><strong>immo</strong></span> <span class='ocrx_word' id='word_1_683' title='bbox 2343 4531 2362 4563; x_wconf 78' lang='grc' dir='ltr'><strong>ι</strong></span> <span class='ocrx_word' id='word_1_684' title='bbox 2396 4508 2637 4568; x_wconf 85' lang='lat' dir='ltr'><strong>omnium</strong></span> <span class='ocrx_word' id='word_1_685' title='bbox 2666 4512 3314 4582; x_wconf 69' lang='lat' dir='ltr'><strong>omnino~episcoporum</strong></span> <span class='ocrx_word' id='word_1_686' title='bbox 3346 4511 3400 4565; x_wconf 93' lang='lat' dir='ltr'><strong>in</strong></span> <span class='ocrx_word' id='word_1_687' title='bbox 3443 4520 3561 4566; x_wconf 91' lang='lat' dir='ltr'><strong>toto</strong></span> <span class='ocrx_word' id='word_1_688' title='bbox 3616 4511 3743 4566; x_wconf 86' lang='lat' dir='ltr'><strong>orbe</strong></span> 
     </span>
    </p>
   </div>
   <div class='ocr_carea' id='block_1_91' title="bbox 2140 4598 3741 4677">
    <p class='ocr_par' dir='ltr' id='par_1_91' title="bbox 2140 4598 3741 4677">
     <span class='ocr_line' id='line_1_91' title="bbox 2140 4598 3741 4677; baseline -0.002 -15"><span class='ocrx_word' id='word_1_689' title='bbox 2140 4598 2551 4663; x_wconf 75' lang='lat' dir='ltr'><strong>constitutorum</strong></span> <span class='ocrx_word' id='word_1_690' title='bbox 2594 4626 2611 4657; x_wconf 72' lang='grc' dir='ltr'><strong>ι</strong></span> <span class='ocrx_word' id='word_1_691' title='bbox 2640 4606 2806 4662; x_wconf 78' lang='lat' dir='ltr'><strong>fuisse</strong></span> <span class='ocrx_word' id='word_1_692' title='bbox 2827 4604 3133 4677; x_wconf 81' lang='lat' dir='ltr'><strong>Cyprianus</strong></span> <span class='ocrx_word' id='word_1_693' title='bbox 3159 4610 3407 4659; x_wconf 77' lang='lat' dir='ltr'><strong>testatur.</strong></span> <span class='ocrx_word' id='word_1_694' title='bbox 3457 4604 3741 4661; x_wconf 80' lang='lat' dir='ltr'><strong>Decretum</strong></span> 
     </span>
    </p>
   </div>
   <div class='ocr_carea' id='block_1_92' title="bbox 428 4695 3738 4783">
    <p class='ocr_par' dir='ltr' id='par_1_92' title="bbox 428 4695 3738 4783">
     <span class='ocr_line' id='line_1_92' title="bbox 428 4695 3738 4783; baseline 0 -30"><span class='ocrx_word' id='word_1_695' title='bbox 428 4696 531 4753; x_wconf 88' lang='lat' dir='ltr'><strong>bus</strong></span> <span class='ocrx_word' id='word_1_696' title='bbox 560 4698 899 4764; x_wconf 85' lang='lat' dir='ltr'><strong>incumbere;</strong></span> <span class='ocrx_word' id='word_1_697' title='bbox 929 4695 1090 4753; x_wconf 89' lang='lat' dir='ltr'><strong>audet</strong></span> <span class='ocrx_word' id='word_1_698' title='bbox 1130 4697 1445 4783; x_wconf 76' lang='lat' dir='ltr'><strong>sibiadhuc</strong></span> <span class='ocrx_word' id='word_1_699' title='bbox 1487 4696 1847 4753; x_wconf 86' lang='lat' dir='ltr'><strong>sacerdotium</strong></span> <span class='ocrx_word' id='word_1_700' title='bbox 1888 4699 2031 4769; x_wconf 87' lang='lat' dir='ltr'><strong>quod</strong></span> <span class='ocrx_word' id='word_1_701' title='bbox 2060 4707 2113 4766; x_wconf 83' lang='lat'><strong>1)</strong></span> <span class='ocrx_word' id='word_1_702' title='bbox 2140 4703 2284 4756; x_wconf 90' lang='lat' dir='ltr'><strong>enim</strong></span> <span class='ocrx_word' id='word_1_703' title='bbox 2333 4696 2482 4757; x_wconf 86' lang='lat' dir='ltr'><strong>tanto</strong></span> <span class='ocrx_word' id='word_1_704' title='bbox 2539 4712 2755 4772; x_wconf 86' lang='lat' dir='ltr'><strong>tamque</strong></span> <span class='ocrx_word' id='word_1_705' title='bbox 2813 4699 3051 4772; x_wconf 83' lang='lat' dir='ltr'><strong>generali</strong></span> <span class='ocrx_word' id='word_1_706' title='bbox 3118 4714 3389 4754; x_wconf 87' lang='lat' dir='ltr'><strong>consensu</strong></span> <span class='ocrx_word' id='word_1_707' title='bbox 3433 4698 3738 4765; x_wconf 83' lang='lat' dir='ltr'><strong>ﬁrmatum,</strong></span> 
     </span>
    </p>
   </div>
   <div class='ocr_carea' id='block_1_93' title="bbox 434 4776 2034 4863">
    <p class='ocr_par' dir='ltr' id='par_1_93' title="bbox 434 4776 2034 4863">
     <span class='ocr_line' id='line_1_93' title="bbox 434 4776 2034 4863; baseline 0.003 -19"><span class='ocrx_word' id='word_1_708' title='bbox 434 4791 671 4861; x_wconf 88' lang='lat' dir='ltr'><strong>prodidit</strong></span> <span class='ocrx_word' id='word_1_709' title='bbox 701 4790 995 4859; x_wconf 88' lang='lat' dir='ltr'><strong>vindicare,</strong></span> <span class='ocrx_word' id='word_1_710' title='bbox 1042 4790 1193 4863; x_wconf 83' lang='lat' dir='ltr'><strong>quasi</strong></span> <span class='ocrx_word' id='word_1_711' title='bbox 1240 4776 1361 4862; x_wconf 80' lang='lat' dir='ltr'><strong>post</strong></span> <span class='ocrx_word' id='word_1_712' title='bbox 1388 4802 1510 4846; x_wconf 88' lang='lat' dir='ltr'><strong>aras</strong></span> <span class='ocrx_word' id='word_1_713' title='bbox 1553 4790 1749 4846; x_wconf 90' lang='lat' dir='ltr'><strong>diaboli</strong></span> <span class='ocrx_word' id='word_1_714' title='bbox 1777 4788 2034 4849; x_wconf 88' lang='lat' dir='ltr'><strong>accedere</strong></span> 
     </span>
    </p>
   </div>
   <div class='ocr_carea' id='block_1_94' title="bbox 437 4884 1074 4941">
    <p class='ocr_par' dir='ltr' id='par_1_94' title="bbox 437 4884 1074 4941">
     <span class='ocr_line' id='line_1_94' title="bbox 437 4884 1074 4941; baseline 0 -4"><span class='ocrx_word' id='word_1_715' title='bbox 437 4884 504 4939; x_wconf 90' lang='lat' dir='ltr'><strong>ad</strong></span> <span class='ocrx_word' id='word_1_716' title='bbox 527 4884 694 4940; x_wconf 89' lang='lat' dir='ltr'><strong>altare</strong></span> <span class='ocrx_word' id='word_1_717' title='bbox 720 4885 813 4941; x_wconf 89' lang='lat' dir='ltr'><strong>Dei</strong></span> <span class='ocrx_word' id='word_1_718' title='bbox 844 4884 922 4940; x_wconf 82' lang='lat' dir='ltr'><strong>fas</strong></span> <span class='ocrx_word' id='word_1_719' title='bbox 948 4886 1074 4940; x_wconf 61' lang='lat' dir='ltr'><strong>sit.»</strong></span> 
     </span>
    </p>
   </div>
   <div class='ocr_carea' id='block_1_95' title="bbox 508 4975 2036 5054">
    <p class='ocr_par' dir='ltr' id='par_1_95' title="bbox 508 4975 2036 5054">
     <span class='ocr_line' id='line_1_95' title="bbox 508 4975 2036 5054; baseline 0.001 -23"><span class='ocrx_word' id='word_1_720' title='bbox 508 4975 561 5032; x_wconf 93' lang='lat'><strong>8.</strong></span> <span class='ocrx_word' id='word_1_721' title='bbox 596 4976 791 5032; x_wconf 83' lang='lat' dir='ltr'><strong>Verum</strong></span> <span class='ocrx_word' id='word_1_722' title='bbox 821 4976 1056 5033; x_wconf 88' lang='lat' dir='ltr'><strong>Cornelii</strong></span> <span class='ocrx_word' id='word_1_723' title='bbox 1085 4984 1246 5049; x_wconf 91' lang='lat' dir='ltr'><strong>atque</strong></span> <span class='ocrx_word' id='word_1_724' title='bbox 1272 4976 1647 5054; x_wconf 69' lang='lat' dir='ltr'><strong>episcomrum</strong></span> <span class='ocrx_word' id='word_1_725' title='bbox 1668 4978 1830 5032; x_wconf 83' lang='lat' dir='ltr'><strong>tntius</strong></span> <span class='ocrx_word' id='word_1_726' title='bbox 1846 4976 2036 5034; x_wconf 90' lang='lat' dir='ltr'><strong>mundi</strong></span> 
     </span>
    </p>
   </div>
   <div class='ocr_carea' id='block_1_96' title="bbox 437 5058 2034 5141">
    <p class='ocr_par' dir='ltr' id='par_1_96' title="bbox 437 5058 2034 5141">
     <span class='ocr_line' id='line_1_96' title="bbox 437 5058 2034 5141; baseline 0.001 -19"><span class='ocrx_word' id='word_1_727' title='bbox 437 5082 558 5139; x_wconf 73' lang='lat' dir='ltr'><strong>qum</strong></span> <span class='ocrx_word' id='word_1_728' title='bbox 605 5084 756 5125; x_wconf 90' lang='lat' dir='ltr'><strong>mens</strong></span> <span class='ocrx_word' id='word_1_729' title='bbox 786 5069 979 5138; x_wconf 82' lang='lat' dir='ltr'><strong>fuerit,</strong></span> <span class='ocrx_word' id='word_1_730' title='bbox 1037 5085 1103 5125; x_wconf 80' lang='lat' dir='ltr'><strong>ex</strong></span> <span class='ocrx_word' id='word_1_731' title='bbox 1144 5085 1207 5124; x_wconf 90' lang='lat' dir='ltr'><strong>ea</strong></span> <span class='ocrx_word' id='word_1_732' title='bbox 1256 5069 1371 5138; x_wconf 89' lang='lat' dir='ltr'><strong>ipsa</strong></span> <span class='ocrx_word' id='word_1_733' title='bbox 1397 5064 1652 5141; x_wconf 82' lang='lat' dir='ltr'><strong>Cypriani</strong></span> <span class='ocrx_word' id='word_1_734' title='bbox 1682 5058 1949 5140; x_wconf 86' lang='lat' dir='ltr'><strong>Epistoia,</strong></span> <span class='ocrx_word' id='word_1_735' title='bbox 1983 5069 2034 5124; x_wconf 91' lang='lat' dir='ltr'><strong>in</strong></span> 
     </span>
    </p>
   </div>
   <div class='ocr_carea' id='block_1_97' title="bbox 434 5145 2034 5235">
    <p class='ocr_par' dir='ltr' id='par_1_97' title="bbox 434 5145 2034 5235">
     <span class='ocr_line' id='line_1_97' title="bbox 434 5145 2034 5235; baseline 0.001 -17"><span class='ocrx_word' id='word_1_736' title='bbox 434 5145 545 5234; x_wconf 84' lang='lat' dir='ltr'><strong>qua</strong></span> <span class='ocrx_word' id='word_1_737' title='bbox 574 5163 849 5220; x_wconf 89' lang='lat' dir='ltr'><strong>decretum</strong></span> <span class='ocrx_word' id='word_1_738' title='bbox 884 5166 1095 5221; x_wconf 88' lang='lat' dir='ltr'><strong>illorttm</strong></span> <span class='ocrx_word' id='word_1_739' title='bbox 1127 5152 1377 5220; x_wconf 82' lang='lat' dir='ltr'><strong>laudatur</strong></span> <span class='ocrx_word' id='word_1_740' title='bbox 1400 5206 1414 5231; x_wconf 90' lang='lat'><strong>,</strong></span> <span class='ocrx_word' id='word_1_741' title='bbox 1434 5165 1692 5235; x_wconf 88' lang='lat' dir='ltr'><strong>colligere</strong></span> <span class='ocrx_word' id='word_1_742' title='bbox 1714 5165 1917 5219; x_wconf 90' lang='lat' dir='ltr'><strong>certius</strong></span> <span class='ocrx_word' id='word_1_743' title='bbox 1954 5171 2034 5219; x_wconf 91' lang='lat' dir='ltr'><strong>at-</strong></span> 
     </span>
    </p>
   </div>
   <div class='ocr_carea' id='block_1_98' title="bbox 431 5238 2033 5340">
    <p class='ocr_par' dir='ltr' id='par_1_98' title="bbox 431 5238 2033 5340">
     <span class='ocr_line' id='line_1_98' title="bbox 431 5238 2033 5340; baseline 0.001 -29"><span class='ocrx_word' id='word_1_744' title='bbox 431 5238 540 5326; x_wconf 86' lang='lat' dir='ltr'><strong>que</strong></span> <span class='ocrx_word' id='word_1_745' title='bbox 568 5256 910 5329; x_wconf 85' lang='lat' dir='ltr'><strong>interpretari</strong></span> <span class='ocrx_word' id='word_1_746' title='bbox 959 5260 1102 5314; x_wconf 92' lang='lat' dir='ltr'><strong>licet.</strong></span> <span class='ocrx_word' id='word_1_747' title='bbox 1151 5259 1206 5314; x_wconf 93' lang='lat' dir='ltr'><strong>lu</strong></span> <span class='ocrx_word' id='word_1_748' title='bbox 1256 5273 1318 5313; x_wconf 89' lang='lat' dir='ltr'><strong>ea</strong></span> <span class='ocrx_word' id='word_1_749' title='bbox 1350 5257 1565 5340; x_wconf 40' lang='lat' dir='ltr'><strong>.qltippe</strong></span> <span class='ocrx_word' id='word_1_750' title='bbox 1618 5267 2033 5329; x_wconf 68' lang='lat' dir='ltr'><strong>reprmseutatur</strong></span> 
     </span>
    </p>
   </div>
   <div class='ocr_carea' id='block_1_99' title="bbox 433 5338 2032 5424">
    <p class='ocr_par' dir='ltr' id='par_1_99' title="bbox 433 5338 2032 5424">
     <span class='ocr_line' id='line_1_99' title="bbox 433 5338 2032 5424; baseline 0.002 -21"><span class='ocrx_word' id='word_1_751' title='bbox 433 5347 719 5416; x_wconf 89' lang='lat' dir='ltr'><strong>Basilides,</strong></span> <span class='ocrx_word' id='word_1_752' title='bbox 755 5362 813 5405; x_wconf 90' lang='lat' dir='ltr'><strong>ut</strong></span> <span class='ocrx_word' id='word_1_753' title='bbox 836 5353 926 5424; x_wconf 89' lang='lat' dir='ltr'><strong>qui</strong></span> <span class='ocrx_word' id='word_1_754' title='bbox 957 5338 1175 5408; x_wconf 77' lang='lat' dir='ltr'><strong>decreto</strong></span> <span class='ocrx_word' id='word_1_755' title='bbox 1202 5350 1277 5406; x_wconf 91' lang='lat' dir='ltr'><strong>illi</strong></span> <span class='ocrx_word' id='word_1_756' title='bbox 1311 5338 1500 5423; x_wconf 86' lang='lat' dir='ltr'><strong>parere</strong></span> <span class='ocrx_word' id='word_1_757' title='bbox 1525 5366 1588 5406; x_wconf 92' lang='lat' dir='ltr'><strong>ac</strong></span> <span class='ocrx_word' id='word_1_758' title='bbox 1611 5365 1813 5406; x_wconf 92' lang='lat' dir='ltr'><strong>morem</strong></span> <span class='ocrx_word' id='word_1_759' title='bbox 1842 5366 2032 5421; x_wconf 79' lang='lat' dir='ltr'><strong>gerere</strong></span> 
     </span>
    </p>
   </div>
   <div class='ocr_carea' id='block_1_100' title="bbox 428 5438 2034 5523">
    <p class='ocr_par' dir='ltr' id='par_1_100' title="bbox 428 5438 2034 5523">
     <span class='ocr_line' id='line_1_100' title="bbox 428 5438 2034 5523; baseline 0.003 -30"><span class='ocrx_word' id='word_1_760' title='bbox 428 5438 541 5509; x_wconf 88' lang='lat' dir='ltr'><strong>jam</strong></span> <span class='ocrx_word' id='word_1_761' title='bbox 569 5443 859 5511; x_wconf 67' lang='lat' dir='ltr'><strong>coepisset:</strong></span> <span class='ocrx_word' id='word_1_762' title='bbox 883 5445 1019 5500; x_wconf 91' lang='lat' dir='ltr'><strong>adeo</strong></span> <span class='ocrx_word' id='word_1_763' title='bbox 1052 5455 1134 5500; x_wconf 83' lang='grc' dir='ltr'>ιιιι</span> <span class='ocrx_word' id='word_1_764' title='bbox 1168 5445 1534 5523; x_wconf 87' lang='lat' dir='ltr'><strong>episcopatum</strong></span> <span class='ocrx_word' id='word_1_765' title='bbox 1561 5458 1656 5514; x_wconf 92' lang='lat' dir='ltr'><strong>pro</strong></span> <span class='ocrx_word' id='word_1_766' title='bbox 1686 5443 2034 5499; x_wconf 84' lang='lat' dir='ltr'><strong>conscientiae</strong></span> 
     </span>
    </p>
   </div>
   <div class='ocr_carea' id='block_1_101' title="bbox 432 5532 2029 5608">
    <p class='ocr_par' dir='ltr' id='par_1_101' title="bbox 432 5532 2029 5608">
     <span class='ocr_line' id='line_1_101' title="bbox 432 5532 2029 5608; baseline 0.005 -25"><span class='ocrx_word' id='word_1_767' title='bbox 432 5544 546 5584; x_wconf 75' lang='lat' dir='ltr'><strong>sure</strong></span> <span class='ocrx_word' id='word_1_768' title='bbox 591 5532 813 5590; x_wconf 88' lang='lat' dir='ltr'><strong>vulnere</strong></span> <span class='ocrx_word' id='word_1_769' title='bbox 862 5535 1172 5604; x_wconf 88' lang='lat' dir='ltr'><strong>deponens,</strong></span> <span class='ocrx_word' id='word_1_770' title='bbox 1222 5536 1289 5591; x_wconf 89' lang='lat' dir='ltr'><strong>ad</strong></span> <span class='ocrx_word' id='word_1_771' title='bbox 1344 5536 1607 5608; x_wconf 86' lang='lat' dir='ltr'><strong>agendam</strong></span> <span class='ocrx_word' id='word_1_772' title='bbox 1662 5537 2029 5606; x_wconf 65' lang='lat' dir='ltr'><strong>paenitentiam</strong></span> 
     </span>
    </p>
   </div>
   <div class='ocr_carea' id='block_1_102' title="bbox 432 5627 2030 5702">
    <p class='ocr_par' dir='ltr' id='par_1_102' title="bbox 432 5627 2030 5702">
     <span class='ocr_line' id='line_1_102' title="bbox 432 5627 2030 5702; baseline 0.005 -24"><span class='ocrx_word' id='word_1_773' title='bbox 432 5636 729 5681; x_wconf 90' lang='lat' dir='ltr'><strong>conversus</strong></span> <span class='ocrx_word' id='word_1_774' title='bbox 760 5627 859 5695; x_wconf 92' lang='lat' dir='ltr'><strong>sit,</strong></span> <span class='ocrx_word' id='word_1_775' title='bbox 884 5627 1050 5683; x_wconf 90' lang='lat' dir='ltr'><strong>Deum</strong></span> <span class='ocrx_word' id='word_1_776' title='bbox 1094 5628 1414 5699; x_wconf 79' lang='lat' dir='ltr'><strong>deprecans,</strong></span> <span class='ocrx_word' id='word_1_777' title='bbox 1446 5641 1501 5687; x_wconf 89' lang='lat' dir='ltr'><strong>et</strong></span> <span class='ocrx_word' id='word_1_778' title='bbox 1529 5630 1660 5686; x_wconf 88' lang='lat' dir='ltr'><strong>satis</strong></span> <span class='ocrx_word' id='word_1_779' title='bbox 1686 5632 1962 5702; x_wconf 90' lang='lat' dir='ltr'><strong>gratulans</strong></span> <span class='ocrx_word' id='word_1_780' title='bbox 1984 5631 2030 5686; x_wconf 91' lang='lat' dir='ltr'><strong>si</strong></span> 
     </span>
    </p>
   </div>
   <div class='ocr_carea' id='block_1_103' title="bbox 428 5715 2028 5795">
    <p class='ocr_par' dir='ltr' id='par_1_103' title="bbox 428 5715 2028 5795">
     <span class='ocr_line' id='line_1_103' title="bbox 428 5715 2028 5795; baseline 0.005 -22"><span class='ocrx_word' id='word_1_781' title='bbox 428 5715 535 5773; x_wconf 76' lang='lat' dir='ltr'><strong>sibi</strong></span> <span class='ocrx_word' id='word_1_782' title='bbox 565 5718 645 5774; x_wconf 90' lang='lat' dir='ltr'><strong>vel</strong></span> <span class='ocrx_word' id='word_1_783' title='bbox 681 5718 817 5774; x_wconf 87' lang='lat' dir='ltr'><strong>laico</strong></span> <span class='ocrx_word' id='word_1_784' title='bbox 842 5722 1246 5777; x_wconf 87' lang='lat' dir='ltr'><strong>communicare</strong></span> <span class='ocrx_word' id='word_1_785' title='bbox 1271 5725 1635 5795; x_wconf 85' lang='lat' dir='ltr'><strong>contingeret.</strong></span> <span class='ocrx_word' id='word_1_786' title='bbox 1667 5742 1686 5778; x_wconf 78' lang='grc' dir='ltr'><strong>ι</strong></span> <span class='ocrx_word' id='word_1_787' title='bbox 1719 5724 1776 5781; x_wconf 91' lang='lat' dir='ltr'><strong>Si</strong></span> <span class='ocrx_word' id='word_1_788' title='bbox 1805 5725 1949 5781; x_wconf 90' lang='lat' dir='ltr'><strong>enim</strong></span> <span class='ocrx_word' id='word_1_789' title='bbox 1975 5725 2028 5781; x_wconf 92' lang='lat' dir='ltr'><strong>in</strong></span> 
     </span>
    </p>
   </div>
   <div class='ocr_carea' id='block_1_104' title="bbox 424 5806 2028 5888">
    <p class='ocr_par' dir='ltr' id='par_1_104' title="bbox 424 5806 2028 5888">
     <span class='ocr_line' id='line_1_104' title="bbox 424 5806 2028 5888; baseline 0.005 -22"><span class='ocrx_word' id='word_1_790' title='bbox 424 5810 511 5867; x_wconf 86' lang='lat' dir='ltr'><strong>his</strong></span> <span class='ocrx_word' id='word_1_791' title='bbox 537 5806 713 5868; x_wconf 76' lang='lat' dir='ltr'><strong>verbis</strong></span> <span class='ocrx_word' id='word_1_792' title='bbox 739 5813 930 5882; x_wconf 90' lang='lat' dir='ltr'><strong>quibus</strong></span> <span class='ocrx_word' id='word_1_793' title='bbox 952 5813 1213 5869; x_wconf 80' lang='lat' dir='ltr'><strong>Basilides</strong></span> <span class='ocrx_word' id='word_1_794' title='bbox 1239 5835 1258 5868; x_wconf 81' lang='grc' dir='ltr'><strong>ι</strong></span> <span class='ocrx_word' id='word_1_795' title='bbox 1275 5817 1340 5871; x_wconf 88' lang='lat' dir='ltr'><strong>ad</strong></span> <span class='ocrx_word' id='word_1_796' title='bbox 1358 5817 1620 5888; x_wconf 88' lang='lat' dir='ltr'><strong>agendam</strong></span> <span class='ocrx_word' id='word_1_797' title='bbox 1655 5816 2028 5887; x_wconf 64' lang='lat' dir='ltr'><strong>paenitentiam</strong></span> 
     </span>
    </p>
   </div>
   <div class='ocr_carea' id='block_1_105' title="bbox 414 5902 2030 5983">
    <p class='ocr_par' dir='ltr' id='par_1_105' title="bbox 414 5902 2030 5983">
     <span class='ocr_line' id='line_1_105' title="bbox 414 5902 2030 5983; baseline 0.007 -24"><span class='ocrx_word' id='word_1_798' title='bbox 414 5916 710 5964; x_wconf 85' lang='lat' dir='ltr'><strong>conversus</strong></span> <span class='ocrx_word' id='word_1_799' title='bbox 748 5922 767 5960; x_wconf 82' lang='grc' dir='ltr'><strong>ι</strong></span> <span class='ocrx_word' id='word_1_800' title='bbox 796 5902 1071 5976; x_wconf 83' lang='lat' dir='ltr'><strong>narratur,</strong></span> <span class='ocrx_word' id='word_1_801' title='bbox 1122 5922 1459 5981; x_wconf 84' lang='lat' dir='ltr'><strong>nequaquam</strong></span> <span class='ocrx_word' id='word_1_802' title='bbox 1493 5910 1707 5981; x_wconf 86' lang='lat' dir='ltr'><strong>publica</strong></span> <span class='ocrx_word' id='word_1_803' title='bbox 1758 5909 2030 5983; x_wconf 77' lang='lat' dir='ltr'><strong>poeniten-</strong></span> 
     </span>
    </p>
   </div>
   <div class='ocr_carea' id='block_1_106' title="bbox 2141 4790 3743 4863">
    <p class='ocr_par' dir='ltr' id='par_1_106' title="bbox 2141 4790 3743 4863">
     <span class='ocr_line' id='line_1_106' title="bbox 2141 4790 3743 4863; baseline -0.001 -15"><span class='ocrx_word' id='word_1_804' title='bbox 2141 4796 2352 4849; x_wconf 72' lang='lat' dir='ltr'><strong>‘nonnisi</strong></span> <span class='ocrx_word' id='word_1_805' title='bbox 2410 4793 2640 4849; x_wconf 87' lang='lat' dir='ltr'><strong>solemni</strong></span> <span class='ocrx_word' id='word_1_806' title='bbox 2693 4792 2869 4863; x_wconf 89' lang='lat' dir='ltr'><strong>aliqua</strong></span> <span class='ocrx_word' id='word_1_807' title='bbox 2924 4790 3044 4862; x_wconf 84' lang='lat' dir='ltr'><strong>lege</strong></span> <span class='ocrx_word' id='word_1_808' title='bbox 3082 4792 3331 4862; x_wconf 83' lang='lat' dir='ltr'><strong>abrogari</strong></span> <span class='ocrx_word' id='word_1_809' title='bbox 3373 4790 3608 4847; x_wconf 88' lang='lat' dir='ltr'><strong>debuit:</strong></span> <span class='ocrx_word' id='word_1_810' title='bbox 3653 4800 3743 4846; x_wconf 85' lang='lat' dir='ltr'><strong>aut</strong></span> 
     </span>
    </p>
   </div>
   <div class='ocr_carea' id='block_1_107' title="bbox 2145 4880 3741 4957">
    <p class='ocr_par' dir='ltr' id='par_1_107' title="bbox 2145 4880 3741 4957">
     <span class='ocr_line' id='line_1_107' title="bbox 2145 4880 3741 4957; baseline -0.002 -17"><span class='ocrx_word' id='word_1_811' title='bbox 2145 4886 2190 4940; x_wconf 92' lang='lat' dir='ltr'><strong>si</strong></span> <span class='ocrx_word' id='word_1_812' title='bbox 2225 4901 2319 4957; x_wconf 90' lang='lat' dir='ltr'><strong>per</strong></span> <span class='ocrx_word' id='word_1_813' title='bbox 2341 4902 2401 4942; x_wconf 86' lang='lat' dir='ltr'><strong>se</strong></span> <span class='ocrx_word' id='word_1_814' title='bbox 2430 4886 2695 4955; x_wconf 88' lang='lat' dir='ltr'><strong>antiquari</strong></span> <span class='ocrx_word' id='word_1_815' title='bbox 2723 4895 2885 4955; x_wconf 86' lang='lat' dir='ltr'><strong>atque</strong></span> <span class='ocrx_word' id='word_1_816' title='bbox 2913 4880 2964 4939; x_wconf 86' lang='lat' dir='ltr'><strong>in</strong></span> <span class='ocrx_word' id='word_1_817' title='bbox 2994 4882 3406 4939; x_wconf 81' lang='lat' dir='ltr'><strong>desuetudinem</strong></span> <span class='ocrx_word' id='word_1_818' title='bbox 3434 4885 3625 4939; x_wconf 77' lang='lat' dir='ltr'><strong>venire</strong></span> <span class='ocrx_word' id='word_1_819' title='bbox 3653 4897 3741 4950; x_wconf 88' lang='lat' dir='ltr'><strong>po-</strong></span> 
     </span>
    </p>
   </div>
   <div class='ocr_carea' id='block_1_108' title="bbox 2112 4964 3740 5049">
    <p class='ocr_par' dir='ltr' id='par_1_108' title="bbox 2112 4964 3740 5049">
     <span class='ocr_line' id='line_1_108' title="bbox 2112 4964 3740 5049; baseline -0.003 -14"><span class='ocrx_word' id='word_1_820' title='bbox 2112 4964 2310 5035; x_wconf 12' lang='lat' dir='ltr'><strong>‘tuisse</strong></span> <span class='ocrx_word' id='word_1_821' title='bbox 2339 4981 2457 5047; x_wconf 82' lang='lat' dir='ltr'><strong>quis</strong></span> <span class='ocrx_word' id='word_1_822' title='bbox 2498 4981 2834 5049; x_wconf 76' lang='lat' dir='ltr'><strong>SliSplccllll‘;</strong></span> <span class='ocrx_word' id='word_1_823' title='bbox 2886 4978 3016 5049; x_wconf 81' lang='lat' dir='ltr'><strong>illud</strong></span> <span class='ocrx_word' id='word_1_824' title='bbox 3046 4989 3193 5033; x_wconf 89' lang='lat' dir='ltr'><strong>certe</strong></span> <span class='ocrx_word' id='word_1_825' title='bbox 3242 4978 3472 5032; x_wconf 82' lang='lat' dir='ltr'><strong>l&#39;ateatur</strong></span> <span class='ocrx_word' id='word_1_826' title='bbox 3512 4990 3740 5032; x_wconf 83' lang='lat' dir='ltr'><strong>necesse</strong></span> 
     </span>
    </p>
   </div>
   <div class='ocr_carea' id='block_1_109' title="bbox 2148 5044 3739 5141">
    <p class='ocr_par' dir='ltr' id='par_1_109' title="bbox 2148 5044 3739 5141">
     <span class='ocr_line' id='line_1_109' title="bbox 2148 5044 3739 5141; baseline -0.003 -15"><span class='ocrx_word' id='word_1_827' title='bbox 2148 5082 2252 5137; x_wconf 82' lang='lat' dir='ltr'><strong>est,</strong></span> <span class='ocrx_word' id='word_1_828' title='bbox 2285 5073 2370 5126; x_wconf 82' lang='lat' dir='ltr'><strong>vix</strong></span> <span class='ocrx_word' id='word_1_829' title='bbox 2405 5073 2519 5127; x_wconf 90' lang='lat' dir='ltr'><strong>tieri</strong></span> <span class='ocrx_word' id='word_1_830' title='bbox 2549 5072 2808 5141; x_wconf 88' lang='lat' dir='ltr'><strong>potuisse,</strong></span> <span class='ocrx_word' id='word_1_831' title='bbox 2839 5081 2895 5125; x_wconf 89' lang='lat' dir='ltr'><strong>ut</strong></span> <span class='ocrx_word' id='word_1_832' title='bbox 2920 5044 2972 5124; x_wconf 84' lang='lat' dir='ltr'><strong>id</strong></span> <span class='ocrx_word' id='word_1_833' title='bbox 3001 5078 3106 5124; x_wconf 90' lang='lat' dir='ltr'><strong>tam</strong></span> <span class='ocrx_word' id='word_1_834' title='bbox 3134 5070 3242 5124; x_wconf 90' lang='lat' dir='ltr'><strong>cito</strong></span> <span class='ocrx_word' id='word_1_835' title='bbox 3265 5069 3316 5124; x_wconf 93' lang='lat' dir='ltr'><strong>in</strong></span> <span class='ocrx_word' id='word_1_836' title='bbox 3343 5069 3599 5124; x_wconf 86' lang='lat' dir='ltr'><strong>omnibus</strong></span> <span class='ocrx_word' id='word_1_837' title='bbox 3643 5069 3739 5123; x_wconf 87' lang='lat' dir='ltr'><strong>i-.c-</strong></span> 
     </span>
    </p>
   </div>
   <div class='ocr_carea' id='block_1_110' title="bbox 2153 5157 3738 5233">
    <p class='ocr_par' dir='ltr' id='par_1_110' title="bbox 2153 5157 3738 5233">
     <span class='ocr_line' id='line_1_110' title="bbox 2153 5157 3738 5233; baseline -0.003 -13"><span class='ocrx_word' id='word_1_838' title='bbox 2153 5157 2335 5221; x_wconf 66' lang='lat' dir='ltr'><strong>cieSire</strong></span> <span class='ocrx_word' id='word_1_839' title='bbox 2369 5165 2662 5233; x_wconf 87' lang='lat' dir='ltr'><strong>provinciis</strong></span> <span class='ocrx_word' id='word_1_840' title='bbox 2689 5164 2845 5217; x_wconf 88' lang='lat' dir='ltr'><strong>simul</strong></span> <span class='ocrx_word' id='word_1_841' title='bbox 2893 5163 3251 5233; x_wconf 82' lang='lat' dir='ltr'><strong>contingeret,</strong></span> <span class='ocrx_word' id='word_1_842' title='bbox 3295 5177 3393 5217; x_wconf 88' lang='lat' dir='ltr'><strong>nec</strong></span> <span class='ocrx_word' id='word_1_843' title='bbox 3419 5162 3527 5216; x_wconf 87' lang='lat' dir='ltr'><strong>ulla</strong></span> <span class='ocrx_word' id='word_1_844' title='bbox 3549 5162 3738 5217; x_wconf 89' lang='lat' dir='ltr'><strong>saltem</strong></span> 
     </span>
    </p>
   </div>
   <div class='ocr_carea' id='block_1_111' title="bbox 2141 5254 3739 5327">
    <p class='ocr_par' dir='ltr' id='par_1_111' title="bbox 2141 5254 3739 5327">
     <span class='ocr_line' id='line_1_111' title="bbox 2141 5254 3739 5327; baseline -0.002 -16"><span class='ocrx_word' id='word_1_845' title='bbox 2141 5257 2192 5311; x_wconf 93' lang='lat' dir='ltr'><strong>in</strong></span> <span class='ocrx_word' id='word_1_846' title='bbox 2233 5255 2564 5327; x_wconf 87' lang='lat' dir='ltr'><strong>principibus</strong></span> <span class='ocrx_word' id='word_1_847' title='bbox 2594 5255 2722 5311; x_wconf 87' lang='lat' dir='ltr'><strong>viris</strong></span> <span class='ocrx_word' id='word_1_848' title='bbox 2756 5266 3063 5325; x_wconf 86' lang='lat' dir='ltr'><strong>superesset</strong></span> <span class='ocrx_word' id='word_1_849' title='bbox 3090 5254 3343 5309; x_wconf 84' lang='lat' dir='ltr'><strong>contrarii</strong></span> <span class='ocrx_word' id='word_1_850' title='bbox 3386 5269 3514 5309; x_wconf 86' lang='lat' dir='ltr'><strong>usus</strong></span> <span class='ocrx_word' id='word_1_851' title='bbox 3544 5267 3739 5309; x_wconf 82' lang='lat' dir='ltr'><strong>memo-</strong></span> 
     </span>
    </p>
   </div>
   <div class='ocr_carea' id='block_1_112' title="bbox 2139 5346 3735 5423">
    <p class='ocr_par' dir='ltr' id='par_1_112' title="bbox 2139 5346 3735 5423">
     <span class='ocr_line' id='line_1_112' title="bbox 2139 5346 3735 5423; baseline -0.003 -18"><span class='ocrx_word' id='word_1_852' title='bbox 2139 5350 2237 5406; x_wconf 83' lang='lat' dir='ltr'><strong>ria.</strong></span> <span class='ocrx_word' id='word_1_853' title='bbox 2285 5350 2442 5421; x_wconf 79' lang='lat' dir='ltr'><strong>Atqui</strong></span> <span class='ocrx_word' id='word_1_854' title='bbox 2484 5349 2682 5403; x_wconf 71' lang='lat' dir='ltr'><strong>sreculo</strong></span> <span class='ocrx_word' id='word_1_855' title='bbox 2709 5356 2897 5423; x_wconf 88' lang='lat' dir='ltr'><strong>quarto</strong></span> <span class='ocrx_word' id='word_1_856' title='bbox 2936 5347 3170 5414; x_wconf 71' lang='lat' dir='ltr'><strong>clericis,</strong></span> <span class='ocrx_word' id='word_1_857' title='bbox 3217 5355 3274 5401; x_wconf 91' lang='lat' dir='ltr'><strong>ut</strong></span> <span class='ocrx_word' id='word_1_858' title='bbox 3316 5346 3586 5416; x_wconf 79' lang='lat' dir='ltr'><strong>publicam</strong></span> <span class='ocrx_word' id='word_1_859' title='bbox 3618 5359 3735 5423; x_wconf 77' lang='lat' dir='ltr'><strong>pte-</strong></span> 
     </span>
    </p>
   </div>
   <div class='ocr_carea' id='block_1_113' title="bbox 2139 5422 3733 5511">
    <p class='ocr_par' dir='ltr' id='par_1_113' title="bbox 2139 5422 3733 5511">
     <span class='ocr_line' id='line_1_113' title="bbox 2139 5422 3733 5511; baseline -0.005 -13"><span class='ocrx_word' id='word_1_860' title='bbox 2139 5426 2419 5498; x_wconf 82' lang='lat' dir='ltr'><strong>nitentiam</strong></span> <span class='ocrx_word' id='word_1_861' title='bbox 2471 5453 2709 5511; x_wconf 80' lang='lat' dir='ltr'><strong>agerent,</strong></span> <span class='ocrx_word' id='word_1_862' title='bbox 2749 5428 2986 5494; x_wconf 76' lang='lat' dir='ltr'><strong>ilontana</strong></span> <span class='ocrx_word' id='word_1_863' title='bbox 3034 5439 3087 5493; x_wconf 91' lang='lat' dir='ltr'><strong>in</strong></span> <span class='ocrx_word' id='word_1_864' title='bbox 3133 5438 3369 5494; x_wconf 80' lang='lat' dir='ltr'><strong>Ecclesia</strong></span> <span class='ocrx_word' id='word_1_865' title='bbox 3417 5422 3733 5494; x_wconf 75' lang='lat' dir='ltr'><strong>concessum</strong></span> 
     </span>
    </p>
   </div>
   <div class='ocr_carea' id='block_1_114' title="bbox 2139 5510 3733 5604">
    <p class='ocr_par' dir='ltr' id='par_1_114' title="bbox 2139 5510 3733 5604">
     <span class='ocr_line' id='line_1_114' title="bbox 2139 5510 3733 5604; baseline -0.004 -14"><span class='ocrx_word' id='word_1_866' title='bbox 2139 5552 2245 5591; x_wconf 91' lang='lat' dir='ltr'><strong>non</strong></span> <span class='ocrx_word' id='word_1_867' title='bbox 2274 5550 2392 5590; x_wconf 87' lang='lat' dir='ltr'><strong>esse</strong></span> <span class='ocrx_word' id='word_1_868' title='bbox 2425 5510 2576 5590; x_wconf 86' lang='lat' dir='ltr'><strong>testis</strong></span> <span class='ocrx_word' id='word_1_869' title='bbox 2607 5545 2687 5589; x_wconf 88' lang='lat' dir='ltr'><strong>est</strong></span> <span class='ocrx_word' id='word_1_870' title='bbox 2711 5530 2954 5598; x_wconf 89' lang='lat' dir='ltr'><strong>Siricius,</strong></span> <span class='ocrx_word' id='word_1_871' title='bbox 2992 5510 3163 5604; x_wconf 60' lang='lat' dir='ltr'><strong>Epist.</strong></span> <span class='ocrx_word' id='word_1_872' title='bbox 3193 5548 3230 5598; x_wconf 91' lang='grc' dir='ltr'>ι,</span> <span class='ocrx_word' id='word_1_873' title='bbox 3272 5548 3325 5586; x_wconf 91' lang='lat' dir='ltr'><strong>n.</strong></span> <span class='ocrx_word' id='word_1_874' title='bbox 3362 5531 3449 5598; x_wconf 83' lang='lat' dir='ltr'><strong>i8,</strong></span> <span class='ocrx_word' id='word_1_875' title='bbox 3479 5531 3568 5585; x_wconf 90' lang='lat' dir='ltr'><strong>ubi</strong></span> <span class='ocrx_word' id='word_1_876' title='bbox 3611 5529 3733 5586; x_wconf 91' lang='lat' dir='ltr'><strong>illud</strong></span> 
     </span>
    </p>
   </div>
   <div class='ocr_carea' id='block_1_115' title="bbox 2139 5612 3734 5700">
    <p class='ocr_par' dir='ltr' id='par_1_115' title="bbox 2139 5612 3734 5700">
     <span class='ocr_line' id='line_1_115' title="bbox 2139 5612 3734 5700; baseline -0.003 -17"><span class='ocrx_word' id='word_1_877' title='bbox 2139 5631 2285 5686; x_wconf 88' lang='lat' dir='ltr'><strong>velut</strong></span> <span class='ocrx_word' id='word_1_878' title='bbox 2321 5630 2542 5700; x_wconf 86' lang='lat' dir='ltr'><strong>antiquo</strong></span> <span class='ocrx_word' id='word_1_879' title='bbox 2576 5638 2666 5682; x_wconf 88' lang='lat' dir='ltr'><strong>aut</strong></span> <span class='ocrx_word' id='word_1_880' title='bbox 2695 5612 2853 5682; x_wconf 86' lang='lat' dir='ltr'><strong>etiam</strong></span> <span class='ocrx_word' id='word_1_881' title='bbox 2904 5636 3162 5697; x_wconf 87' lang='lat' dir='ltr'><strong>perpetuo</strong></span> <span class='ocrx_word' id='word_1_882' title='bbox 3208 5641 3305 5679; x_wconf 86' lang='lat' dir='ltr'><strong>usu</strong></span> <span class='ocrx_word' id='word_1_883' title='bbox 3332 5634 3609 5695; x_wconf 86' lang='lat' dir='ltr'><strong>receptum</strong></span> <span class='ocrx_word' id='word_1_884' title='bbox 3659 5624 3734 5678; x_wconf 84' lang='lat' dir='ltr'><strong>sic</strong></span> 
     </span>
    </p>
   </div>
   <div class='ocr_carea' id='block_1_116' title="bbox 2138 5698 3729 5795">
    <p class='ocr_par' dir='ltr' id='par_1_116' title="bbox 2138 5698 3729 5795">
     <span class='ocr_line' id='line_1_116' title="bbox 2138 5698 3729 5795; baseline -0.005 -17"><span class='ocrx_word' id='word_1_885' title='bbox 2138 5698 2494 5795; x_wconf 15' lang='lat' dir='ltr'><strong>proponitzii</strong></span> <span class='ocrx_word' id='word_1_886' title='bbox 2547 5721 2694 5777; x_wconf 90' lang='lat' dir='ltr'><strong>Sicut</strong></span> <span class='ocrx_word' id='word_1_887' title='bbox 2739 5716 3106 5789; x_wconf 65' lang='lat' dir='ltr'><strong>paenitentiam</strong></span> <span class='ocrx_word' id='word_1_888' title='bbox 3140 5706 3296 5790; x_wconf 83' lang='lat' dir='ltr'><strong>agere</strong></span> <span class='ocrx_word' id='word_1_889' title='bbox 3334 5718 3581 5789; x_wconf 87' lang='lat' dir='ltr'><strong>cuiquam</strong></span> <span class='ocrx_word' id='word_1_890' title='bbox 3628 5732 3729 5770; x_wconf 86' lang='lat' dir='ltr'><strong>non</strong></span> 
     </span>
    </p>
   </div>
   <div class='ocr_carea' id='block_1_117' title="bbox 2136 5809 3730 5892">
    <p class='ocr_par' dir='ltr' id='par_1_117' title="bbox 2136 5809 3730 5892">
     <span class='ocr_line' id='line_1_117' title="bbox 2136 5809 3730 5892; baseline -0.004 -22"><span class='ocrx_word' id='word_1_891' title='bbox 2136 5814 2454 5871; x_wconf 88' lang='lat' dir='ltr'><strong>conceditur</strong></span> <span class='ocrx_word' id='word_1_892' title='bbox 2515 5812 2866 5881; x_wconf 88' lang='lat' dir='ltr'><strong>clericorum,</strong></span> <span class='ocrx_word' id='word_1_893' title='bbox 2898 5812 2967 5867; x_wconf 87' lang='lat' dir='ltr'><strong>ita</strong></span> <span class='ocrx_word' id='word_1_894' title='bbox 2999 5820 3055 5868; x_wconf 90' lang='lat' dir='ltr'><strong>et</strong></span> <span class='ocrx_word' id='word_1_895' title='bbox 3098 5819 3221 5883; x_wconf 88' lang='lat' dir='ltr'><strong>post</strong></span> <span class='ocrx_word' id='word_1_896' title='bbox 3260 5809 3643 5892; x_wconf 74' lang='lat' dir='ltr'><strong>pmnitudinem</strong></span> <span class='ocrx_word' id='word_1_897' title='bbox 3672 5824 3730 5864; x_wconf 86' lang='lat' dir='ltr'><strong>ac</strong></span> 
     </span>
    </p>
   </div>
   <div class='ocr_carea' id='block_1_118' title="bbox 2134 5905 3724 5981">
    <p class='ocr_par' dir='ltr' id='par_1_118' title="bbox 2134 5905 3724 5981">
     <span class='ocr_line' id='line_1_118' title="bbox 2134 5905 3724 5981; baseline -0.005 -14"><span class='ocrx_word' id='word_1_898' title='bbox 2134 5906 2626 5970; x_wconf 86' lang='lat' dir='ltr'><strong>reconciliationem</strong></span> <span class='ocrx_word' id='word_1_899' title='bbox 2656 5908 2787 5967; x_wconf 91' lang='lat' dir='ltr'><strong>nulli</strong></span> <span class='ocrx_word' id='word_1_900' title='bbox 2829 5922 3062 5981; x_wconf 85' lang='lat' dir='ltr'><strong>unquam</strong></span> <span class='ocrx_word' id='word_1_901' title='bbox 3089 5907 3226 5966; x_wconf 80' lang='lat' dir='ltr'><strong>laico</strong></span> <span class='ocrx_word' id='word_1_902' title='bbox 3266 5906 3429 5967; x_wconf 77' lang='lat' dir='ltr'><strong>liceat</strong></span> <span class='ocrx_word' id='word_1_903' title='bbox 3470 5905 3724 5964; x_wconf 81' lang='lat' dir='ltr'><strong>honorent</strong></span> 
     </span>
    </p>
   </div>
  </div>
