4068 6324
405 292 513 349 693

1154 258 1643 344 Ennomon
1676 246 1996 346 donaci."
2025 248 2163 347 Non
2183 254 2630 354 LXSTANTIUti
2672 254 2969 356 ivo‘riTLi.

3596 304 3701 361 694

405 407 695 464 clericatus
746 403 992 477 adipisci.
1026 423 1045 455 ι
1078 382 1190 459 Hoc
1245 404 1419 474 ipsum
1476 413 1660 475 postea
1704 412 1759 459 et
1786 388 1920 483 Leo,
1970 421 2000 460 a
2028 390 2076 465 Ᾱ
2109 415 2381 485 tamquam
2412 415 2799 484 paenitentibus
2822 417 2907 473 vel
2956 378 3227 489 tamquam
3279 417 3526 477 ﬁdelibus
3554 421 3704 477 laicis

406 498 631 555 Rustico
654 498 989 555 Narbonensi
1006 498 1261 571 episcopo
1282 506 1502 569 rogatus
1536 517 1556 549 ί
1581 496 1647 553 de
1686 499 2003 570 presbytero

402 593 488 648 vel
529 592 777 654 diacono,
825 591 937 662 qui,
968 590 1183 660 cognito
1225 589 1450 645 crimine
1488 605 1607 657 suo,
1632 591 2000 660 paenitentiam

406 695 619 763 petunt,
662 695 839 741 utrum
893 684 972 739 eis
1009 699 1105 758 per
1158 698 1347 763 manus
1402 684 1794 763 impositionem
1825 684 2000 740 danda

402 750 492 843 sii,
535 796 555 828 ι
609 774 764 848 epist.
799 784 858 841 tt,
902 791 949 830 ρ.
1002 755 1056 840 2,
1092 758 1394 851 iuculenter
1425 754 1656 830 firmavit
1686 764 1768 830 bis
1785 774 1996 832 verbis:

410 889 429 923 ι
458 852 713 926 Alienum
744 876 827 924 est
864 883 892 923 a
917 852 1308 923 consuetudine
1331 864 1714 934 ecclesiastica,
1748 875 1807 922 ut
1832 868 1921 939 qui
1946 867 2000 923 in

402 944 767 1045 presbyterali
786 961 991 1019 honore
1014 946 1178 1043 autin
1203 960 1432 1018 diaconii
1457 962 1621 1033 gradu
1652 963 1847 1018 fuerint
1877 977 2001 1041 con-

402 1056 686 1133 secrati,.ii
720 1069 816 1126 pro
842 1055 1066 1110 crimine
1090 1055 1270 1125 aliquo
1299 1069 1398 1110 suo
1426 1069 1521 1124 per
1547 1070 1738 1109 manus
1778 1054 1999 1125 imposi-

403 1149 607 1204 tionem
632 1140 928 1203 remedium
956 1147 1219 1215 accipiant
1242 1136 1567 1219 pcenitendi:
1595 1149 1739 1219 quod
1762 1152 1878 1206 sine
1898 1149 1999 1204 du-

404 1228 497 1299 bio
513 1248 576 1297 ex
597 1241 890 1313 apostolica
917 1226 1199 1297 traditione
1221 1241 1555 1298 descendit.»
1579 1243 1662 1298 An
1683 1222 1808 1298 vei-0
1823 1251 2001 1298 tantus

401 1330 643 1419 pontifex
674 1316 949 1390 sacroruni
973 1326 1236 1419 canopum
1266 1334 1402 1390 adeo
1430 1322 1577 1390 rudis
1603 1343 1738 1401 erat,
1788 1340 1844 1391 ut
1872 1350 2002 1391 con-

401 1411 739 1485 suetudinem
769 1428 817 1483 ei
862 1425 962 1499 legi
1004 1411 1324 1483 contrariam
1371 1443 1531 1499 quam
1583 1429 1783 1484 saeculo
1843 1429 2002 1485 tertio

402 1509 709 1577 saniiSSent
738 1522 900 1576 totius
916 1514 1062 1575 orbis
1091 1502 1355 1592 episeOpi,
1385 1534 1484 1590 pro
1508 1519 1803 1591 apostolica
1832 1521 1997 1576 tradi-

404 1602 552 1670 tione
586 1610 925 1669 venditaret?
948 1608 1146 1669 Verum
1175 1606 1280 1684 quo
1305 1614 1474 1683 magis
1500 1608 1799 1685 disciplina:
1825 1606 2000 1685 quarti

401 1692 507 1765 aut
542 1696 710 1776 quinti
761 1694 945 1760 sz'nculi
996 1695 1119 1760 cum
1171 1696 1452 1777 disciplina
1517 1698 1657 1761 tertii
1712 1708 1998 1763 consensio

2105 502 2431 573 imponatur.
2468 527 2485 559 ι
2504 496 2770 571 Praeterea
2786 517 2849 585 et
2862 510 3210 581 Augustinus,
3228 496 3495 579 Africana;
3511 510 3676 568 Eccle
3691 540 3705 554 -

2104 598 2198 652 sia:
2224 599 2429 668 lumen,
2460 602 2555 657 lib.
2573 619 2587 655 ι
2606 603 2674 659 de
2700 604 2852 674 Bapt.
2872 613 3056 661 contra
3087 606 3376 676 Donatist.,
3400 623 3447 664 c.
3481 610 3534 675 1,
3555 623 3703 681 pra:-

2105 690 2263 747 dictis
2279 693 2490 750 clericis
2511 715 2529 747 ι
2559 712 2749 752 manus
2772 696 2912 753 inter
2930 700 3093 755 laicos
3116 716 3224 756 non
3245 702 3449 775 imponi
3471 720 3489 755 ι
3516 702 3703 771 obser-

2104 794 2212 842 vat.
2268 785 2326 841 In
2376 786 2474 843 bac
2501 799 2681 844 autem
2709 793 2993 862 Augustini
3018 793 3417 860 observatione,
3440 810 3502 853 ac
3544 795 3702 866 longe

2104 878 2341 949 apertius
2365 880 2416 933 in
2461 882 2719 951 proximis
2757 884 3194 955 Carthaginiensis
3242 887 3459 941 concilii
3499 887 3701 954 verbis,

2104 981 2328 1043 apparet.
2374 975 2701 1051 pomitentim
2747 977 3065 1049 clericorum
3117 979 3303 1035 saltem
3344 980 3607 1051 majorum
3646 988 3705 1036 et

2106 1064 2430 1133 pmnitentia:
2455 1066 2709 1122 [uicorum
2738 1067 3030 1125 distinctio.

2180 1156 2269 1211 Η.
2299 1157 2498 1213 Eadem
2528 1174 2636 1213 non
2672 1161 2846 1214 minus
2889 1161 3171 1229 manifesta
3212 1172 3295 1219 est
3331 1144 3385 1219 in
3406 1178 3472 1220 eo
3498 1164 3705 1239 libello,

2103 1265 2261 1320 quem
2286 1250 2542 1325 Hilarius,
2576 1251 2932 1309 Pietaviensis
2976 1256 3280 1328 episcopus,
3329 1272 3470 1313 anno
3488 1257 3599 1327 [560
3625 1258 3712 1314 in-

2104 1352 2263 1419 eunte
2294 1341 2755 1415 Constantinopoli
2778 1347 3101 1417 constitutus
3123 1348 3437 1405 Constantio
3465 1352 3706 1423 Augusto

2105 1436 2316 1513 obtulit.
2339 1436 2392 1490 In
2420 1452 2486 1492 eo
2506 1437 2701 1509 quippe
2728 1439 2806 1501 sic
2832 1439 3215 1511 imperatorem
3239 1439 3389 1496 illum
3414 1442 3481 1498 de
3510 1443 3709 1517 injusta

2067 1593 2070 1597 ‘
2106 1528 2276 1597 exsilii
2308 1530 2388 1584 sui
2420 1544 2604 1597 causa,
2631 1548 2680 1588 ιι.
2715 1529 2770 1597 2,
2790 1531 3112 1602 alloquitur:
3148 1552 3165 1585 ι
3195 1534 3625 1590 Circumventum
3656 1543 3708 1590 te

2105 1619 2431 1691 Augustum,
2483 1622 2805 1695 illusumque
2834 1623 3100 1703 Caesarem
3135 1634 3311 1694 tuum,
3343 1642 3404 1683 ea
3431 1627 3705 1683 conﬁdens

2105 1713 2451 1799 conscientia:
2487 1730 2622 1768 mea:
2670 1694 2977 1779 conditione
3019 1710 3354 1791 patefactam,
3393 1728 3449 1773 ut
3475 1718 3525 1775 si
3570 1718 3705 1799 indis

402 1796 681 1889 perspecta
709 1788 992 1865 habeatur,
1036 1800 1224 1889 eadem
1249 1802 1583 1857 consuetudo
1604 1790 1871 1889 praedictis
1892 1796 2003 1889 clo;
2030 1792 2080 1866 B
2107 1788 2271 1879 gnum
2303 1794 2500 1876 aliquid
2518 1822 2625 1881 non
2650 1807 2811 1862 modo
2834 1794 3071 1881 episcopi
3105 1788 3407 1881 sanctitate,
3433 1810 3528 1866 sed
3545 1790 3704 1889 etiam

402 1882 530 1948 ri’cis‘
560 1908 667 1946 non
694 1892 1059 1948 omnimodam
1106 1882 1497 1963 paenitentiam,
1524 1893 1619 1949 sed
1655 1882 1857 1950 iantum
1910 1884 2004 1966 pn-

402 1976 596 2043 blicam
650 1995 829 2058 negat.
910 1978 1172 2054 Quocirca
1226 1980 1348 2043 mox
1397 1982 1544 2043 addit
1591 1972 1736 2045 Leo:
1773 2008 1791 2042 ι
1851 1987 2003 2048 Unde

407 2074 714 2149 bujnsmodi
739 2066 903 2148 lapsis
932 2079 996 2133 ad
1013 2080 1426 2152 premerendam
1454 2064 1880 2138 misericordiam
1906 2084 2003 2140 Dei

405 2154 610 2243 privata
640 2160 719 2228 est
749 2172 1046 2243 eXpetenda
1079 2172 1335 2239 secessio,
1373 2174 1458 2229 ubi
1483 2170 1589 2230 illis
1613 2166 1928 2241 satisfactio,
1956 2176 2004 2232 si

405 2253 564 2319 fuerit
586 2254 773 2335 digna,
796 2256 1038 2320 sitetiam
1069 2256 1359 2321 fructuosa.
1402 2285 1421 2318 ι
1454 2262 1687 2337 ιιΕιιιιιιιιι
1716 2268 1858 2323 enim
1888 2277 2005 2325 erat

406 2348 494 2429 iis,
552 2375 579 2413 a
616 2348 815 2439 quibus
838 2360 996 2431 digna
1039 2360 1335 2417 satislactio
1388 2360 1771 2432 eXpetebatur,
1820 2353 2002 2431 paceni

407 2462 463 2509 et
491 2453 927 2508 communionem
960 2450 1063 2507 non
1097 2452 1242 2523 prius
1269 2450 1454 2519 reddi,
1508 2446 1663 2524 quain
1707 2446 1863 2524 plene
1913 2446 2002 2508 sa;

408 2544 735 2602 tisfeeissent
775 2562 788 2598 :
831 2533 1078 2617 adeoque
1130 2532 1246 2600 nsi:
1297 2542 1492 2600 Leonis
1543 2546 1826 2615 responsio
1880 2561 2003 2601 cum

407 2626 772 2708 superioribus
815 2628 1067 2710 Cypriani
1116 2638 1293 2694 verbis
1325 2638 1375 2693 in
1431 2637 1668 2709 Epistula
1714 2637 1779 2693 ad
1814 2637 2003 2694 Fidum

408 2733 656 2804 componi
686 2731 845 2788 facile
876 2741 1074 2803 potest.
1260 2752 1269 2766 λ-
1484 2804 1489 2813 θ

481 2820 569 2881 10.
609 2826 665 2882 Si
692 2837 871 2881 autem
896 2816 1088 2880 mirum
1120 2834 1283 2887 esset,
1314 2823 1591 2881 decretum
1619 2824 1685 2880 de
1713 2841 1771 2880 rc
1795 2824 2004 2898 gravis-

409 2916 528 2973 simi
560 2920 840 2986 momenti,
869 2933 1027 2990 quam
1058 2916 1234 2973 clerus
1264 2914 1539 2972 Romanus
1584 2918 1742 2972 tertio
1785 2917 2001 2983 saeculo,

408 3004 581 3081 quoad
611 3010 920 3082 pontiﬁcem
951 3008 1053 3064 sibi
1080 3010 1319 3065 dedisset
1349 3009 1507 3075 Deus,
1527 3008 1754 3065 deﬁnire
1778 3025 1883 3063 non
1911 3025 2004 3063 au—

409 3112 502 3158 Sus
529 3112 693 3166 esset,
748 3102 1084 3172 postmodum
1115 3100 1181 3156 ab
1211 3102 1400 3157 eodem
1454 3103 1604 3156 clero
1653 3117 1774 3156 cum
1818 3094 2005 3155 sancto

409 3182 661 3268 pontiiice
688 3197 787 3251 sibi
828 3196 1038 3253 coalitus
1063 3195 1302 3266 prmstito
1329 3211 1393 3251 ac
1432 3193 1674 3264 pluribus
1717 3190 1836 3249 aliis
1891 3190 2006 3263 epi-

410 3284 588 3358 8coriis
614 3276 896 3353 sancitum,
919 3286 1070 3358 cujus
1104 3288 1358 3358 frequens
1387 3302 1513 3341 usus
1541 3278 1852 3341 meritoriam
1875 3284 2007 3341 cori-

396 3382 555 3436 ‘tihue
583 3378 836 3437 rel'ricare
881 3370 1187 3446 debuisset,
1241 3377 1310 3434 ita
1357 3380 1405 3434 in
1444 3376 1766 3435 oblivionem
1823 3377 2007 3436 venire

411 3474 681 3543 potuisse,
723 3481 778 3527 ut
801 3468 1044 3542 sequenti
1069 3470 1266 3527 sarculo
1297 3472 1347 3525 in
1401 3468 1588 3527 eadem
1630 3468 1873 3527 Ecclesia
1916 3484 2007 3540 pe-

412 3547 555 3622 nitus
589 3570 961 3636 ignoraretur;
991 3578 1092 3619 non
1122 3564 1300 3618 minus
1350 3563 1669 3633 stupendum
1698 3560 2004 3629 videretur,

410 3642 680 3729 quomodo
712 3657 823 3713 ﬁeri
858 3657 1115 3727 potoiSset
1136 3698 1150 3724 ,
1182 3662 1237 3711 ut
1266 3665 1320 3712 et
1348 3656 1487 3727 apud
1529 3656 1683 3710 Afros
1704 3698 1718 3723 ,
1751 3652 1837 3725 qui
1866 3655 2005 3712 idem

409 3751 685 3807 decretmn
705 3750 1060 3820 expcticmnt,
1090 3743 1394 3813 laudaram,
1420 3748 1823 3814 eontirmarant,
1851 3754 2009 3817 atque

410 3859 511 3898 usu
542 3843 682 3899 circa
716 3842 895 3912 lapsos
933 3840 1365 3911 comprobarunt,
1402 3824 1589 3894 eodem
1636 3842 1874 3908 tempore
1917 3854 2010 3910 pa-

411 3933 544 3991 riter
570 3934 758 3990 fuisset
787 3935 1062 4004 ignotum:
1090 3931 1224 3986 adeo
1258 3932 1313 3987 u't
1360 3924 1554 4002 Optato
1594 3930 1695 3986 sub
1727 3931 1883 3987 ﬁnem
1914 3932 2005 3987 lib.

410 4043 448 4084 ιι
476 4027 654 4084 dicere
695 4026 938 4094 licuerit,
988 4046 1006 4077 ‹
1046 4010 1220 4079 Multis
1270 4035 1452 4079 notum
1483 4033 1642 4081 estet
1694 4022 2005 4095 probatum,

411 4119 807 4190 persecutionis
860 4127 1100 4187 tempore
1154 4118 1434 4187 episcopos
1483 4114 1690 4188 aliquos
1744 4116 1933 4172 inertia
1980 4126 2011 4174 a

413 4211 754 4268 confessione
795 4208 887 4266 Dei
928 4210 1178 4280 delapsos
1213 4208 1579 4276 thuriticasse;
1614 4219 1667 4266 et
1692 4219 1872 4266 tamen
1896 4210 2013 4266 nul-

390 4304 498 4361 ‘lns'
526 4320 712 4361 eorum
745 4304 831 4374 qui
854 4288 1162 4369 evaserunt,
1194 4312 1282 4357 aut
1311 4319 1523 4357 manutn
1545 4303 1708 4373 lapsis
1737 4304 2008 4374 imposuit,

415 4402 510 4453 aut
567 4382 625 4451 ut
676 4412 847 4467 genua
908 4380 1130 4467 ﬁgciettt
1178 4396 1478 4466 imperavit.
1523 4416 1542 4449 ›
1574 4396 1688 4464 Qua
1737 4397 1879 4451 enim
1929 4398 2013 4452 vel

414 4488 624 4544 inscitia
656 4488 737 4544 vel
771 4472 1076 4544 lenterilate
1111 4488 1335 4557 Optatos
1361 4482 1465 4543 lioe
1492 4488 1783 4557 aiiirtnai‘c,
1816 4503 1878 4545 ac
1906 4474 2007 4544 θά-

2109 1896 2227 1951 laici
2262 1898 2565 1977 integritate
2592 1900 2826 1979 gessisse
2845 1898 3063 1968 docear,
3092 1918 3196 1957 non
3215 1901 3325 1972 jam
3348 1880 3706 1958 sacerdotiuni

2109 2006 2203 2067 per
2229 1992 2437 2063 veniam
2491 1996 2820 2061 exspectem,
2870 1992 2965 2047 sed
2995 1992 3131 2048 intra
3165 1994 3532 2064 ptenitentiam
3585 1994 3710 2075 laici

2109 2070 2517 2138 consenescam.
2556 2103 2575 2135 ι
2605 2083 2759 2152 Quod
2786 2100 2914 2139 sane
2942 2085 3184 2155 petiisset
3213 2085 3429 2155 frustra,
3453 2070 3708 2144 sicadeni

2108 2164 2439 2258 poenitentiae
2471 2176 2587 2246 lege
2612 2158 2809 2230 laicum
2838 2177 3202 2248 clericumque
3249 2168 3554 2257 promiscue
3576 2166 3707 2258 conf

2107 2269 2297 2353 stringi
2328 2250 2443 2322 mos
2464 2266 2865 2341 fuisset.Longe
2883 2268 3043 2345 igitur
3060 2250 3336 2339 falluntur,
3361 2250 3451 2353 qui
3478 2250 3712 2353 majores.

2109 2352 2335 2408 clericos
2364 2369 2469 2408 non
2502 2369 2657 2408 secus
2688 2366 2847 2425 atque
2895 2354 3061 2411 laicos
3096 2356 3320 2427 publica:
3379 2352 3709 2428 poenitentiaé

2109 2442 2397 2515 aliquando
2429 2436 2690 2500 obnoxios
2746 2446 2913 2502 fuisse
2972 2459 3192 2519 putant,
3235 2438 3363 2505 dum
3422 2438 3524 2507 hoc
3587 2428 3710 2508 Ιοοό

2105 2537 2277 2609 juvari
2332 2554 2391 2613 se
2440 2539 2806 2605 arbitrantur,
2862 2539 2984 2611 quia
3039 2541 3351 2611 episcopum
3397 2524 3712 2612 permittei'é

2109 2628 2351 2695 audiunt,
2384 2639 2441 2685 ut
2473 2649 2491 2683 ι
2530 2629 2669 2685 intra
2706 2620 3081 2700 paenitentiam
3115 2630 3234 2688 laici
3259 2622 3651 2690 consenescere
3683 2624 3704 2687 ἱ

2110 2732 2354 2792 cogatur.
2417 2722 2522 2779 Sed
2554 2706 2838 2779 advertere
2866 2712 3161 2780 debuerant
3198 2724 3272 2780 ibi
3322 2724 3581 2780 llilarium
3642 2716 3714 2801 ei

2109 2808 2257 2871 certa
2321 2814 2645 2886 integritatis
2714 2824 2771 2872 et
2823 2806 3149 2872 innocentirc
3212 2832 3325 2871 suae
3378 2804 3712 2875 conseientii

2112 2925 2216 2966 non
2249 2907 2301 2964 id
2336 2908 2477 2981 quod
2524 2896 2638 2965 ﬁeri
2666 2908 2839 2976 solet,
2884 2906 2980 2966 sed
3002 2909 3145 2981 quod
3181 2900 3455 2966 insolitum
3483 2900 3708 2981 prorsus

2111 3012 2272 3073 atque
2325 3002 2636 3056 inusitatum
2671 2986 2787 3069 est,
2834 3018 2934 3058 nec
2965 2988 3282 3058 eventurum
3313 2996 3533 3060 omnino
3574 3018 3712 3075 con-V

2112 3093 2257 3159 ﬁdit,
2291 3094 2608 3148 concedere.
2644 3092 2826 3163 Neque
2853 3108 2983 3149 vero
3014 3097 3183 3165 magis
3215 3095 3343 3151 inde
3386 3096 3671 3181 conﬁcitur
3691 3140 3708 3164 ,

2031 3168 2076 3268 (ᾖ
2110 3186 2395 3256 cpisc0pos
2421 3185 2487 3241 ad
2523 3172 2782 3241 laicoruut
2816 3174 3194 3259 paenitentiam
3250 3168 3532 3268 amandari
3581 3168 3713 3244 con-

2817 3256 2833 3259 —
2966 3272 2971 3277 .
3122 3274 3123 3277 η
3368 3256 3375 3279 ι
3480 3274 3483 3277 λ
3622 3276 3625 3283 ,

2110 3280 2372 3346 saevisse,
2407 3296 2565 3350 quam
2598 3296 2662 3334 ex
2687 3296 2752 3335 eu
2784 3281 2926 3350 quod
2959 3280 3159 3337 Paulus
3209 3281 3328 3337 Gal.
3365 3297 3402 3345 ι,
3457 3282 3511 3350 8,
3561 3275 3712 3359 dicit,

2109 3372 2249 3428 Licet
2300 3389 2392 3428 nos
2422 3383 2510 3427 aut
2542 3374 2763 3445 Angelus
2809 3373 2871 3429 de
2899 3368 3027 3429 cisio
3066 3366 3482 3459 evattgclizooet‘it
3526 3370 3713 3459 prtam

2109 3483 2261 3536 quam
2307 3468 2442 3536 quod
2472 3460 2925 3540 evangeliznuimus
2956 3468 3113 3539 vobis,
3147 3452 3419 3524 attat/ictui:
3457 3472 3539 3540 sit,
3579 3452 3712 3526 coti-

2111 3544 2274 3616 iicerc
2335 3561 2493 3616 liceat
2540 3548 2803 3632 Angeluin
2867 3550 3143 3617 cmiestem
3212 3560 3537 3618 anathemati
3591 3552 3715 3619 esse

2111 3652 2286 3708 adlmc
2317 3653 2630 3731 obnoxium.
2665 3650 2776 3709 lllis
2824 3646 2984 3725 igitur
3030 3654 3138 3708 non
3167 3669 3356 3724 parum
3394 3642 3714 3711 adversatur

2114 3747 2218 3825 iste
2255 3746 2436 3802 llilarii
2483 3747 2672 3825 locus,
2704 3745 2832 3801 dum
2875 3745 3034 3801 aliam
3088 3734 3350 3816 episcopi,
3379 3747 3537 3800 aliam
3589 3736 3713 3802 laici

2114 3822 2483 3915 paenitentiam
2539 3822 2671 3917 tum
2713 3828 2878 3894 fuisse
2923 3837 3124 3894 diserte
3169 3828 3489 3917 duceniioe
3528 3824 3709 3893 anteiit

2116 3936 2433 4005 loquebatur
2464 3914 2693 3989 llilarius
2716 3949 2835 3988 cum
2859 3940 2922 3988 e‘x
2959 3948 3109 3988 more
3136 3948 3294 4003 quem
3318 3912 3369 3986 iii
3391 3924 3708 4000 Occidente,

2114 4026 2264 4094 Clljlls
2288 4036 2403 4081 erat
2421 4024 2989 4097 episc0pus,usitatum
3008 4016 3367 4091 noverat,tum
3387 4038 3456 4080 ex
3469 4030 3535 4080 eo
3548 4012 3711 4095 quem

2116 4120 2166 4176 in
2200 4120 2442 4188 Oriente,
2492 4120 2580 4175 ubi
2611 4119 2858 4192 degebat,
2896 4108 3112 4175 videbat
3163 4129 3474 4189 receptum;
3508 4112 3712 4189 quique

2116 4199 2252 4271 adeo
2282 4223 2335 4269 et
2363 4214 2413 4269 in
2438 4214 2728 4270 Occidente
2751 4212 2910 4268 simul
2934 4227 2986 4267 et
3015 4204 3068 4269 in
3097 4211 3319 4268 Oriente
3343 4206 3545 4284 pariter
3562 4212 3714 4284 vige-

2118 4290 2228 4362 bat.
2263 4286 2435 4361 Tanta
2464 4320 2590 4361 vero
2643 4305 2807 4360 totius
2858 4294 3113 4361 Ecclesia:
3169 4296 3714 4383 consensio‘aliunde

2118 4402 2246 4456 oriri
2292 4417 2399 4456 non
2429 4409 2624 4472 potest,
2660 4400 2763 4456 nisi
2788 4407 2880 4454 aut
2933 4414 2997 4454 ex
3024 4378 3318 4469 apostolica
3383 4378 3670 4452 traditione
3695 4438 3741 4471 ,_

2117 4504 2208 4548 aut
2237 4509 2302 4549 ex
2342 4493 2615 4549 communi
2647 4492 2736 4547 illa
2758 4493 2894 4562 lege,
2921 4506 3081 4562 quam
3111 4506 3233 4546 cum
3272 4508 3291 4542 ι
3326 4491 3564 4545 οιιιιιὶιιιιι
3595 4503 3717 4549 οωέ

385 4595 391 4599 ‘
415 4583 639 4637 natistas
664 4582 927 4646 diaconis,
962 4581 1290 4652 presbyteris
1319 4587 1372 4634 et
1399 4581 1666 4665 episcopis
1694 4578 1882 4635 manus
1914 4582 2011 4636 itii-
2036 4600 2090 4662 D
2118 4588 2245 4642 nino
2262 4575 2636 4658 episcoporum
2657 4600 2749 4655 per
2769 4580 2935 4639 totum
2955 4584 3214 4640 mundum
3229 4564 3647 4639 constitutoruin
3682 4603 3704 4636 ι

415 4690 679 4747 ponentes
709 4675 850 4730 velut
882 4675 1029 4745 impii
1049 4674 1334 4730 etinauditi
1358 4674 1542 4745 ﬂagitii
1569 4676 1762 4731 ibidem
1789 4666 2014 4747 arguere

418 4768 580 4823 ausus
621 4776 784 4835 esset,
818 4769 862 4823 si
891 4768 1020 4822 nihil
1051 4768 1103 4822 bi
1137 4769 1395 4838 egissent,
1431 4769 1529 4822 nisi
1568 4756 1709 4837 iprod
1739 4770 2014 4839 superiore

419 4863 620 4919 smculo
669 4862 970 4934 Cyprianus
1012 4862 1207 4932 aliique
1260 4860 1495 4917 Africanl
1563 4866 1819 4932 prmsules
1891 4879 2029 4943 eum.

421 4954 673 5010 Cornelio
704 4971 766 5010 ac
794 4956 1007 5010 caneris
1059 4955 1221 5009 latius
1244 4955 1391 5009 orbis
1431 4956 1700 5024 episcopis
1730 4960 2014 5037 praecepis-

420 5058 561 5115 sent,
604 5062 763 5121 atque
801 5044 1048 5119 exemplo
1079 5040 1177 5103 suo
1210 5038 1551 5104 ﬁrmassent?
1607 5050 1708 5106 Sed
1760 5034 2011 5122 Optatum

423 5145 492 5201 ab
542 5146 688 5200 oumi
748 5144 971 5199 inscitia:
1018 5143 1173 5214 culpa
1215 5144 1440 5198 liberant
1488 5161 1628 5207 esse,
1676 5154 1728 5199 et
1780 5145 1831 5200 in
1880 5128 2016 5204 unos

423 5220 730 5321 buriatistas
760 5226 1078 5321 temeritatis
1103 5239 1307 5294 crimen
1346 5238 1537 5294 cadere
1562 5239 1717 5294 docet
1760 5230 1857 5295 nos
1887 5226 2015 5296 Car-

422 5314 737 5406 tbagincnse
767 5314 1087 5398 concilium,
1143 5334 1327 5403 inquo
1371 5331 1537 5404 (haud
1563 5316 1725 5388 dubie
1778 5349 1843 5390 ne
1896 5322 2017 5405 quis

424 5408 741 5484 ierrterarios
762 5425 1228 5482 scbismaticorum
1250 5443 1410 5481 ausus
1424 5410 1478 5481 et
1495 5427 1685 5497 impias
1713 5412 2017 5485 molitioncs

384 5514 397 5520 “
423 5521 768 5591 imitaretur),
798 5522 997 5575 sa'cnlo
1023 5528 1216 5593 quarto
1247 5518 1482 5587 labente,
1516 5536 1638 5575 can.
1672 5521 1790 5583 il,t
1824 5523 2018 5577 confir-

426 5624 626 5668 matum
676 5621 776 5679 cst,
813 5612 931 5667 utsi
988 5613 1202 5683 quando
1257 5610 1555 5685 presbyteri
1606 5600 1689 5667 vel
1720 5607 1925 5668 diaconi
1966 5612 2019 5672 in

335 5772 351 5792 ⁸
427 5692 599 5778 aliqua
654 5707 882 5789 graxinri
933 5706 1085 5793 culpa
1146 5692 1375 5779 cenvicti
1420 5707 1652 5773 fuerint,
1700 5722 1800 5777 qua
1851 5722 1943 5762 eos
1991 5724 2021 5763 a

429 5800 728 5865 conisterio
775 5790 1001 5866 nocente
1028 5798 1192 5863 fuerit
1232 5799 1533 5872 removeri,
1585 5813 1697 5863 non
1727 5800 1806 5866 eis
1833 5816 2023 5866 manus

2118 4697 2384 4737 consensu
2438 4678 2597 4733 latam
2652 4678 2952 4751 Cyprianus
3013 4674 3192 4734 tradit.
3273 4674 3503 4734 Tantum
3554 4678 3719 4750 igitur

2121 4762 2243 4841 innc
2288 4772 2564 4829 decretum
2595 4762 2698 4839 est,
2755 4781 2809 4826 ut
2863 4762 3365 4851 episcopis‘aliisve
3421 4752 3716 4841 majoribus

2120 4864 2332 4939 clericis
2387 4858 2573 4935 lapsis,
2616 4860 2828 4920 sublato
2856 4860 3077 4943 honoris
3117 4860 3197 4918 sui
3228 4858 3425 4933 gradu,
3475 4867 3598 4934 post
3626 4864 3717 4919 s‘a-

2089 4951 2471 5021 ‘tisfactionem
2510 4967 2669 5030 atque
2725 4952 3100 5031 paenitentiam
3155 4956 3286 5029 ipSis
3306 4956 3713 5030 congruentem,

2120 5044 2223 5126 pali
2248 5063 2301 5108 et
2325 5053 2635 5109 communio
2658 5051 2997 5108 redderetur.
3022 5124 3025 5129 ⁴

2196 5134 2281 5201 12.
2325 5143 2620 5223 Nequeltis
2658 5151 2916 5215 repugnat
2946 5124 3086 5214 quod
3118 5139 3186 5198 de
3225 5136 3420 5227 Natalii
3448 5140 3722 5214 poenitea-

2121 5236 2213 5303 tia,
2237 5237 2567 5308 temporibus
2598 5235 2887 5308 Zephyriui
2929 5251 3099 5307 papa),
3131 5242 3200 5290 ex
3228 5235 3443 5291 Eusebii
3486 5236 3722 5296 Historia

2119 5333 2525 5402 descripsimus.
2556 5328 2633 5386 Ibi
2664 5329 2806 5388 enim
2836 5328 2980 5401 quod
3010 5331 3295 5400 epiScopus
3324 5330 3437 5397 ille,
3466 5328 3515 5386 si
3540 5330 3725 5388 tamen

2121 5427 2405 5495 episcopus
2430 5424 2548 5487 fuit,
2579 5431 2773 5492 sponte
2798 5436 2863 5477 ex
2885 5408 3195 5477 vehementi
3219 5420 3527 5492 pmnitentis
3555 5422 3726 5479 animi

2122 5496 2315 5575 aliectu
2343 5517 2530 5597 gessit,
2561 5518 2667 5572 non
2701 5514 2844 5588 quod
2873 5516 2921 5571 ei
2962 5504 3072 5572 ulla
3103 5516 3188 5572 lex
3225 5516 3583 5573 ecclesiastica
3614 5517 3722 5572 im-

2124 5614 2321 5687 posuit,
2352 5609 2598 5684 legimus.
2639 5610 2765 5668 H.cc
2791 5618 2971 5667 autem
3011 5612 3063 5667 in
3097 5611 3338 5668 Ecclesia
3375 5612 3517 5667 circa
3547 5608 3728 5670 delin-

2125 5702 2348 5779 quentes
2376 5706 2614 5761 onminm
2660 5714 2961 5776 temporum
3005 5694 3187 5777 regula
3230 5716 3485 5760 conatans
3514 5703 3633 5773 fuit,
3668 5714 3728 5763 ut

2125 5804 2262 5869 nulli
2309 5798 2541 5877 cujuSvis
2584 5796 2909 5877 Conditionis
2958 5786 3055 5884 no
3097 5812 3209 5885 non
3248 5797 3535 5882 poenitgnti
3558 5794 3735 5883 ,ygaia
