4068 6324
371 246 477 302 695

373 361 758 432 indulgeretur.
809 357 962 412 Prius
998 353 1157 410 etiam
1221 365 1379 421 quam
1410 347 1525 402 hmc
1560 341 1968 406 concederetur,
2001 340 2049 399 Α

374 455 533 526 digna
575 452 861 508 criminum
906 447 1195 502 satisfactio
1237 443 1375 513 exigi
1421 453 1636 510 semper
1671 433 1967 497 consuevit,

377 525 478 605 nisi
524 548 638 603 hrec
669 543 886 600 aliunde
916 547 1373 610 compensaretur.
1405 534 1746 604 Quapropter
1781 535 1840 582 ut
1880 525 1971 580 tri-

376 644 477 698 bus
507 643 773 714 prioribus
801 637 1058 694 Ecclesiae
1082 633 1318 697 srcculis,
1345 631 1412 684 ita
1443 639 1496 684 et
1523 620 1972 694 subsequentibus

375 711 611 805 majores
629 731 809 789 clerici
825 748 915 797 gra
926 730 1266 784 vissimorum
1291 723 1573 778 criminum
1593 718 1671 773 rei
1688 731 1793 770 non
1812 711 1973 768 modo

377 828 445 882 ab
489 827 708 882 honoris
747 825 829 880 sui
871 821 1038 894 gradu
1077 817 1294 889 dcjeeti,
1328 815 1421 871 sed
1487 824 1538 867 et
1577 811 1750 882 dignis
1781 807 1970 878 pretiis,

381 919 574 990 quibus
606 919 712 973 Deo
740 917 868 971 la-so
899 913 1287 975 satisfacerent,
1317 916 1444 963 sunt
1467 905 1697 961 multati.
1724 903 1857 957 llinc
1887 901 1972 955 in—

381 1011 540 1082 digne
568 1011 686 1064 tulit
712 1007 1030 1080 Cyprianus,
1061 1003 1201 1076 quod
1229 1001 1422 1057 Victori
1452 998 1768 1071 presbytero
1802 1014 1822 1046 r
1851 1003 1974 1048 ante

379 1105 674 1174 legitimum
705 1113 758 1156 et
789 1101 999 1170 plenum
1033 1093 1412 1151 satis-factionis
1437 1105 1646 1159 tempus
1680 1108 1696 1140 ι
1729 1087 1848 1142 data
1874 1100 1973 1156 pax

378 1198 584 1253 fuisset.
616 1196 750 1250 Hinc
776 1205 827 1248 et
849 1193 958 1248 Leo
990 1189 1314 1261 presbyteris
1341 1197 1394 1242 et
1421 1185 1663 1240 diaconis
1694 1182 1855 1252 lapsis
1883 1195 1977 1236 ex-

377 1292 662 1364 petendam
692 1305 812 1345 esse
837 1287 1095 1357 judicavit
1129 1305 1146 1337 ι
1183 1282 1539 1338 secessionem
1572 1278 1852 1349 privatam,
1887 1273 1973 1328 ubi

377 1387 486 1441 illis
515 1383 833 1448 satisfactio,
864 1383 907 1436 si
941 1380 1099 1434 fuerit
1127 1378 1304 1448 digna,
1339 1377 1408 1430 sit
1437 1374 1596 1428 etiam
1626 1370 1913 1425 fructuosa.
1951 1386 1970 1420 ι

379 1480 516 1536 Hinc
565 1490 619 1533 et
665 1478 899 1538 Joannes
939 1473 1001 1535 ll,
1033 1473 1204 1543 Epist.
1247 1470 1314 1526 ad
1349 1468 1639 1524 Caesarium
1683 1465 1751 1519 ita
1783 1471 1976 1518 contu-

380 1575 661 1631 meliosum
684 1574 751 1627 ab
781 1572 1089 1642 episcopatu
1104 1567 1319 1637 dejccil,
1346 1562 1656 1619 uteumdent
1691 1561 1741 1614 in
1765 1570 1978 1612 monas-

382 1671 576 1726 terium
603 1668 760 1738 dirigi
790 1664 1037 1732 voluerit,
1068 1684 1085 1717 ς
1116 1662 1200 1718 ubi
1223 1660 1538 1716 delictorum
1565 1669 1768 1711 memor
1792 1654 1841 1706 in
1863 1665 1977 1723 pte.

1154 228 1636 291 EPISTOLARUM
1677 221 2002 281 CORNDLII
2039 219 2175 277 NON
2220 214 2627 274 EXTANTIUM
2666 213 2963 272 NOTlTlA.

3569 211 3670 268 606

2811 330 2940 386 Vlll.

2152 427 2237 484 16.
2263 426 2494 482 Cornelii
2513 426 2578 481 ad
2601 426 2909 498 Dionysium
2926 422 3344 480 Alexandrinum
3363 420 3674 494 episcopum

2081 522 2275 576 littera:
2301 520 2560 576 adversus
2587 519 2960 574 Novatianum.

2835 634 2928 691 IX.

2151 735 2237 790 17.
2271 732 2506 806 Dionysii
2535 729 2882 786 Alexandrini
2916 729 3156 801 Epistula
3185 729 3251 786 ad
3277 728 3563 801 praedictas
3587 727 3681 783 lito

2080 837 2223 883 teras
2252 829 2534 898 rescripta,
2563 826 2631 882 de
2666 841 2768 896 qua
2793 826 2904 881 haec
2929 825 3192 882 Eusebius
3214 823 3525 880 summatim
3562 837 3684 891 per-

2079 923 2294 992 Stringit
2331 939 2344 976 :
2381 940 2398 972 ι
2433 921 2631 975 Scribit
2673 920 2955 992 Dionysius
2990 919 3054 974 ad
3091 919 3399 974 Cornelium
3428 917 3685 972 Romane

2081 1015 2228 1069 urbis
2272 1015 2601 1084 epiSLOpum,
2652 1011 2806 1083 cujus
2856 1013 3060 1068 litteras
3109 1011 3367 1066 adversus
3421 1008 3686 1064 Novatum

2081 1110 2214 1181 (leg.
2238 1108 2621 1180 Novatianum)
2650 1118 2952 1179 acceperat.
2978 1107 3034 1162 ln
3065 1122 3169 1176 qua
3199 1105 3412 1176 quidem
3446 1101 3689 1173 Epistola

2081 1204 2346 1273 significat
2397 1217 2455 1258 se
2493 1202 2560 1257 ab
2597 1202 2800 1258 Heleno
2835 1200 2990 1257 Tarsi
3027 1200 3227 1256 Ciliciae
3266 1200 3522 1269 episcorio
3561 1203 3619 1251 et
3657 1210 3690 1250 a

2081 1299 2294 1354 cmtcris
2315 1297 2403 1369 qui
2431 1312 2550 1352 cum
2587 1296 2678 1351 illo
2718 1303 3110 1359 convenerant,
3139 1291 3453 1348 Firmiliano
3481 1291 3692 1346 scilicet

2081 1391 2436 1463 Cappadociae
2467 1399 2522 1447 et
2551 1390 2861 1446 'l‘heoctisto
2894 1389 3192 1444 Palmstiuae
3243 1386 3535 1459 provinciae
3574 1384 3694 1455 epi-

2081 1487 2282 1556 scopis,
2308 1485 2594 1540 invitatum
2618 1482 2802 1550 fuisse,
2823 1491 2879 1538 ut
2904 1482 2969 1536 ad
3001 1481 3265 1555 synodum
3290 1477 3691 1539 Antiochenam

2083 1588 2414 1641 occurreret.
2442 1579 2494 1634 in
2522 1595 2622 1650 qua
2646 1578 2858 1649 quidam
2886 1577 3077 1633 Novati
3101 1575 3332 1632 schisma
3361 1575 3693 1631 conﬁrmare

2089 1670 2384 1727 tentabant.
2423 1669 2624 1725 Scribit
2662 1670 2821 1724 etiam
2859 1669 2961 1725 sibi
2993 1669 3290 1724 nuntiatum
3329 1666 3515 1732 fuisse,
3545 1664 3696 1736 quod

379 1764 607 1820 nitentia
638 1763 905 1832 lacrymas
933 1757 1207 1815 effundere
1235 1771 1342 1810 non
1370 1753 1597 1810 omittat.
1627 1758 1775 1804 ut....
1804 1762 1832 1801 a
1855 1745 1980 1800 Jesu
2010 1739 2058 1800 B
2089 1763 2285 1819 Fabius
2305 1763 2518 1834 quidem
2543 1761 2683 1818 diem
2715 1771 3015 1818 extremum
3043 1761 3285 1826 obiissel’
3316 1757 3696 1829 Dememanus

381 1855 598 1911 Christo
630 1851 1054 1907 misericordiam
1083 1848 1254 1902 valeat
1281 1842 1595 1914 promereri.
1635 1859 1654 1892 ι
1691 1839 1823 1894 llinc
1846 1836 1980 1892 Gre-

382 1949 564 2022 gorius
583 1963 740 2018 papa,
771 1946 863 2000 lib.
912 1961 987 2010 tu,
1033 1944 1201 2013 Epist.
1242 1939 1332 2004 50,
1365 1936 1602 2009 praecipit
1636 1951 1650 1988 :
1699 1952 1716 1985 ‹
1755 1933 1980 1987 Paulum

384 2041 654 2112 quondam
674 2040 982 2109 episcopum
1008 2037 1057 2090 in
1083 2034 1430 2099 monasterio,
1459 2030 1510 2085 in
1538 2043 1642 2101 quo
1665 2035 1766 2092 est,
1792 2027 1843 2080 in
1867 2039 1982 2095 poe-

384 2135 610 2190 nitentia
641 2133 885 2188 volumus
931 2144 1278 2202 permanere;
1319 2146 1338 2179 ›
1372 2136 1424 2181 et
1455 2125 1549 2180 lib.
1579 2140 1634 2188 v,
1662 2121 1835 2192 Epist.
1867 2120 1933 2174 14
1964 2135 1979 2173 :

392 2247 412 2281 α
447 2227 745 2284 Statnimus
775 2225 1059 2280 diaconum
1090 2236 1143 2277 et
1185 2222 1429 2277 abbatem
1457 2219 1525 2274 de
1552 2226 1706 2288 portu
1735 2215 1980 2282 Veneris,

386 2335 548 2390 quem
588 2318 791 2373 indicas
833 2315 1109 2379 cecidisse,
1140 2313 1205 2366 ad
1237 2326 1447 2366 sacrum
1479 2308 1719 2364 ordinem
1754 2323 1858 2361 non
1890 2304 1985 2360 de-

383 2413 520 2472 bere
535 2412 614 2469 vel
636 2426 791 2484 posse
815 2411 922 2466 ullo
942 2410 1098 2465 modo
1116 2407 1376 2464 revocari.
1399 2405 1568 2474 Quem
1595 2402 1810 2475 quidem
1828 2415 1986 2456 sacro

382 2507 574 2564 ordine
619 2507 880 2577 privatum
926 2505 976 2558 in
1019 2501 1386 2574 paenitentiam
1417 2499 1673 2569 deputare
1706 2507 1756 2551 te
1785 2509 1984 2550 conve-

385 2604 519 2658 nit.»
547 2601 603 2655 Si
626 2611 804 2656 autem
837 2601 951 2656 hcce
972 2597 1177 2666 aliaque
1207 2591 1511 2663 hujusmodi
1539 2590 1655 2644 loca
1683 2590 1750 2644 de
1780 2587 1988 2658 publica

388 2694 706 2768 poenitentia
739 2706 897 2746 nemo
925 2691 1307 2758 interpretetur
1341 2704 1352 2740 :
1386 2701 1482 2740 cur
1507 2680 1697 2739 similia
1728 2681 1796 2736 de
1823 2680 1992 2749 majo-

388 2789 540 2845 ribus
573 2787 730 2842 trium
762 2785 999 2856 priorum
1032 2781 1349 2837 Sit-culorum
1377 2777 1607 2840 clericis,
1638 2783 1837 2848 p..eter
1863 2788 1992 2829 sen-

387 2881 610 2938 tentiam
658 2892 992 2934 summorum
1041 2872 1358 2944 pontiﬁcum
1409 2879 1571 2940 atque
1622 2875 1856 2940 patrum,
1901 2865 1992 2937 qui

390 2974 606 3035 smcnlis
632 2989 704 3039 tv,
734 2982 788 3028 et
813 2987 865 3038 v,
895 2970 1162 3035 vixerunt,
1200 2965 1356 3021 aliter
1388 2961 1782 3034 intelligamus?

1165 3061 1233 3117 ν.

2084 1871 2213 1912 vero
2252 1857 2307 1911 in
2354 1855 2471 1926 ejus
2516 1855 2689 1910 locum
2732 1855 3018 1924 episcopus
3059 1853 3404 1908 Antiochena:
3444 1847 3695 1907 ecclesiae

2083 1960 2228 2007 esset
2257 1949 2601 2004 constitutus.
2641 1946 2748 2003 Sed
2774 1958 2827 2002 et
2857 1946 2924 2002 de
2949 1945 3406 2018 Jerosolymorum
3435 1943 3697 2014 episcopo

2086 2045 2418 2100 mentionem
2465 2041 2591 2097 facit
2636 2043 2717 2096 his
2754 2041 2933 2096 verbis
2962 2056 2975 2093 :
3001 2038 3152 2107 Quod
3192 2039 3333 2094 enim
3366 2036 3432 2092 ad
3465 2036 3699 2092 Alexano

2086 2138 2243 2194 drum
2289 2145 2515 2206 spectat,
2559 2136 2603 2190 is
2640 2135 2691 2190 in
2723 2149 2993 2190 carcerem
3035 2131 3331 2203 conjectus,
3362 2130 3519 2186 beato
3547 2129 3699 2183 exitu

2087 2231 2375 2290 defunctus
2405 2240 2506 2284 est.
2550 2249 2568 2281 ι
2601 2228 2806 2298 Quibus
2833 2225 3028 2283 deinde
3049 2225 3227 2281 subdit
3257 2225 3324 2280 de
3349 2223 3542 2281 eodem
3570 2223 3701 2278 Dio-

2090 2326 2244 2397 nysio
2269 2323 2536 2380 Eusebius
2585 2340 2597 2377 :
2653 2341 2671 2374 ι
2723 2320 2977 2392 Sequitur
3003 2319 3197 2375 deinde
3242 2319 3410 2374 altera
3453 2315 3699 2388 ejusdem

2092 2421 2352 2493 Dionysio
2398 2417 2634 2490 Epistola
2676 2416 2742 2471 ad
2787 2415 3001 2471 Fratres
3045 2415 3226 2469 Itonia!
3265 2413 3587 2470 constitutos
3629 2409 3702 2465 de

2093 2513 2303 2568 diaconi
2335 2509 2515 2565 ofﬁcio
2546 2526 2640 2580 per
2665 2502 3008 2580 Hippolytum
3055 2507 3239 2562 missa.
3280 2505 3519 2561 Alteram
3568 2503 3701 2557 item

2092 2605 2159 2660 ad
2197 2605 2414 2660 eosdem
2447 2601 2739 2672 Epistolam
2764 2600 2952 2656 scribit
2977 2599 3046 2654 de
3073 2599 3231 2664 Pace,
3265 2613 3471 2652 necnon
3494 2595 3561 2651 de
3587 2593 3705 2649 Po:-

2095 2697 2340 2752 nitentia.
2375 2695 2591 2748 [tursus
2617 2689 2776 2748 aliam
2805 2691 2870 2746 ad
2896 2688 3249 2747 Confessores
3280 2689 3475 2745 ibidem
3509 2687 3708 2743 consti-

2098 2801 2258 2856 tutos,
2310 2790 2400 2860 qui
2449 2788 2636 2844 Novati
2693 2787 2818 2858 (leg.
2866 2784 3166 2855 Novatiani)
3213 2783 3492 2839 sententia:
3537 2781 3703 2837 etiam

2098 2892 2208 2938 tum
2257 2881 2525 2938 favebant.
2570 2882 2709 2936 Duas
2738 2894 2950 2951 quoque
2977 2878 3111 2933 alias
3138 2878 3202 2933 ad
3235 2877 3333 2933 hos
3373 2878 3518 2948 ipsos
3547 2875 3706 2945 Epis-

2100 2977 2235 3032 tolas
2282 2976 2427 3031 misit
2474 2983 2656 3046 postea
2700 2988 2858 3042 quam
2890 2971 2955 3028 ad
2999 2970 3293 3026 Ecclesium
3335 2969 3640 3024 rediiSscnt.
3677 2985 3698 3019 ι

2099 3067 2305 3137 Quibus
2330 3087 2395 3126 ex
2417 3069 2599 3125 verbis
2625 3066 2908 3123 conﬁcitur
2929 3064 3108 3136 primo
3130 3062 3347 3135 quidem
3373 3062 3610 3134 Dionysii
3638 3060 3708 3116 ad

467 3161 555 3216 15.
587 3157 740 3215 Circa
769 3157 910 3212 idem
940 3165 1153 3224 tempus
1178 3151 1498 3224 Cyprianus,
1532 3149 1599 3206 de
1623 3147 1862 3204 omnium
1891 3146 1993 3201 fra-

2103 3164 2416 3222 Cornelinm
2448 3161 2762 3233 Epistolam,
2796 3159 2846 3213 in
2879 3173 2979 3226 qua
3005 3157 3102 3228 ipsi
3140 3154 3288 3210 Fabii
3327 3154 3532 3209 obitum
3569 3169 3710 3208 nun-

395 3263 536 3308 trum
562 3249 809 3317 consilio,
838 3247 1088 3303 Cornelio
1120 3245 1264 3301 misit
1291 3244 1505 3300 nomina
1537 3243 1910 3313 episcenorum
1941 3240 1993 3295 in

395 3346 574 3403 Africa
601 3347 1035 3410 constitutorum,
1067 3361 1084 3395 ‹
1122 3342 1209 3412 qui
1234 3339 1424 3409 integri
1454 3348 1510 3394 et
1534 3338 1648 3392 sani
1671 3338 1723 3392 in
1755 3335 1991 3392 Ecclesia

357 3481 362 3485 Α
398 3439 666 3494 catholica
698 3438 950 3493 fratribus
981 3443 1216 3507 praesunt
1251 3451 1263 3488 :
1304 3454 1322 3486 ι
1351 3441 1407 3487 ιιι
1428 3435 1590 3488 sciret
1618 3433 1750 3502 ipse,
1776 3431 1996 3500 ejusque

397 3546 562 3604 Opera
607 3532 842 3601 episcopi
886 3529 1087 3596 caeteri,
1127 3546 1146 3579 ι
1179 3527 1373 3597 quibus
1410 3526 1666 3590 scribere,
1703 3533 1756 3578 et
1794 3523 1996 3577 litteras

398 3633 590 3681 mutuo
613 3639 643 3680 a
672 3624 864 3694 quibus
889 3637 983 3678 eos
1010 3621 1253 3690 accipere
1282 3626 1586 3690 oporteret;
1625 3637 1643 3669 ›
1670 3617 1910 3687 adquue
1953 3617 1997 3670 si

397 3717 520 3789 quis
548 3716 785 3771 scribere
822 3709 1062 3776 auderet,
1104 3711 1256 3781 cujus
1296 3724 1491 3765 nomen
1525 3709 1575 3763 in
1616 3709 1715 3764 hac
1759 3705 1998 3779 Epistola

397 3811 716 3867 reticeretur
767 3824 888 3864 eum
938 3815 1158 3861 nossent
1204 3822 1221 3856 ι
1257 3804 1340 3859 vel
1385 3803 1569 3858 libello
1607 3804 1689 3858 vel
1739 3802 2001 3858 sacriﬁcio

398 3919 521 3960 esse
567 3902 909 3966 maculatum,
957 3898 1044 3954 vel
1093 3914 1254 3953 unum
1296 3896 1363 3952 de
1417 3895 1705 3952 haereticis.
1763 3915 1781 3947 ›
1829 3894 2000 3950 Simili

399 3999 648 4054 cautione
668 3996 950 4051 Cornelius
977 3992 1219 4049 scribens
1244 3991 1312 4048 ad
1351 3991 1570 4046 Fabium
1609 3989 2000 4047 Antiochenum

402 4091 754 4164 episcopum,
809 4089 1024 4144 nomina
1087 4089 1460 4158 episcoporum
1510 4084 1598 4156 qui
1653 4083 2005 4139 Novatiauum

402 4189 521 4246 sive
544 4188 594 4242 in
617 4185 823 4259 synodo
847 4185 1110 4246 Romana,
1137 4183 1249 4236 sive
1272 4196 1365 4250 per
1388 4181 1594 4235 litteras
1611 4179 2006 4234 condemnave-

403 4289 548 4346 rant,
583 4279 648 4332 ad
690 4278 892 4334 calcem
939 4275 1190 4346 Epistola:
1225 4289 1336 4328 sum
1377 4272 1717 4338 adtexuerat,
1753 4280 1807 4325 ut
1835 4269 2005 4325 Euse-

403 4373 547 4438 hius,
581 4371 673 4426 lib.
702 4387 751 4425 Vl
780 4370 914 4426 llist.
948 4385 998 4424 c.
1029 4368 1119 4434 45,
1147 4366 1326 4423 tradit.

1168 4461 1253 4516 Vl.

2100 3261 2214 3324 tiat,
2239 3257 2481 3314 Cornelii
2513 3257 2715 3326 scripto
2750 3252 2816 3308 ad
2857 3254 3144 3324 ipsummet
3176 3249 3400 3306 Fabium
3432 3263 3552 3304 esse
3582 3262 3712 3319 pos-

2101 3353 2389 3417 teriorem;
2422 3348 2618 3405 deinde
2641 3361 2773 3402 vero
2795 3345 3084 3401 Eusebium
3108 3344 3161 3400 in
3186 3359 3309 3398 mox
3330 3341 3488 3398 dictis
3508 3341 3712 3414 Diony-

2099 3444 2165 3501 sii
2210 3442 2402 3499 litteris
2449 3437 2794 3496 recensendis
2853 3437 3097 3492 ordinem
3145 3447 3441 3507 temporum
3488 3434 3710 3490 minime

2101 3549 2367 3590 servasse.
2390 3532 2712 3604 COnjectura
2741 3531 2938 3602 quippe
2960 3539 3042 3586 est
3069 3529 3204 3584 duas
3229 3531 3427 3600 primas
3453 3527 3709 3598 epistolas

2101 3644 2130 3683 a
2151 3629 2403 3701 Dionysio
2422 3629 2649 3697 scriptas
2667 3624 2978 3693 fuisse,cum
3005 3639 3034 3678 a
3056 3633 3228 3678 morte
3253 3621 3476 3677 Fabiani
3522 3621 3710 3678 Romae

2103 3720 2264 3776 sedes
2310 3728 2546 3782 vacaret,
2598 3716 2807 3774 tertiam
2859 3731 2980 3772 cum
3031 3714 3370 3770 confessorcs
3418 3713 3708 3769 Macarium

2105 3813 2501 3886 presbyterum,
2535 3811 2832 3880 Urbanum,
2872 3808 3153 3866 Sidoiiium
3187 3819 3241 3864 et
3278 3809 3586 3864 Celerinum
3612 3806 3714 3864 No-

2106 3908 2320 3962 vatiano
2352 3905 2532 3960 favere
2559 3905 2765 3969 didicit,
2806 3912 3080 3974 postremo
3109 3912 3354 3973 quartam
3385 3911 3438 3958 et
3472 3902 3712 3972 quintam

2108 4015 2210 4055 una
2239 4015 2361 4054 cum
2389 4015 2474 4066 ea,
2503 4013 2662 4068 quam
2692 3997 2867 4066 priore
2905 3997 3023 4051 loco
3055 3995 3121 4050 ad
3153 3995 3460 4050 Cornelium
3503 3995 3713 4050 misisse

2109 4093 2336 4155 dicitur;
2375 4105 2495 4145 cum
2533 4089 2784 4145 nimirum
2806 4087 3157 4144 Confessores
3183 4087 3402 4142 eosdem
3430 4086 3496 4140 ad
3524 4086 3711 4142 Eccle-

2111 4186 2244 4241 siam
2273 4199 2551 4254 regressus
2581 4183 2735 4253 ipsis,
2769 4183 2820 4238 ni
2853 4182 3104 4246 fallimur,
3127 4181 3365 4237 Cornelii
3401 4180 3594 4236 litteris
3621 4195 3712 4236 ac-

2111 4281 2363 4350 cepisset.
2380 4277 2843 4348 Quemadmodum
2875 4277 3018 4333 enim
3043 4277 3322 4332 Cornelius
3343 4275 3713 4332 confessorum

2113 4374 2180 4429 ad
2205 4375 2496 4430 Ecclesiam
2522 4372 2750 4428 reditum
2783 4374 2832 4427 iu
2851 4386 2944 4426 sua
2973 4372 3038 4426 ad
3066 4370 3289 4426 Fabium
3315 4369 3712 4425 Antiochenam

2117 4466 2356 4537 Epistola
2384 4465 2670 4530 nuntiavit,
2704 4466 2774 4520 ita
2805 4475 2861 4520 et
2884 4463 3134 4534 augurari
3165 4463 3290 4518 licet
3313 4477 3437 4518 eum
3460 4462 3512 4518 id
3543 4462 3713 4532 ipsum

479 4563 568 4620 M.
594 4560 832 4617 Cornelii
858 4557 923 4614 ad
952 4557 1275 4629 Cyprianum
1303 4552 1538 4624 Epistola
1560 4565 1656 4622 per
1675 4548 1993 4606 Primitivun

2116 4559 2306 4615 eodem
2339 4566 2579 4627 tempore
2603 4558 2858 4630 Dionysio
2885 4555 3259 4612 Alexandrina:
3284 4553 3717 4618 ecclesiaavantis-

401 4657 783 4732 presbyterum
810 4652 1032 4723 perlata,
1057 4665 1158 4720 qua
1181 4663 1242 4704 se
1267 4657 1470 4703 motum
1493 4641 1848 4713 significabat,
1873 4640 2016 4712 quod

405 4765 530 4806 cum
559 4748 629 4803 de
653 4744 1000 4801 Adrumetina
1028 4741 1238 4797 colonia
1280 4737 1557 4810 Polycarpi
1589 4733 1832 4804 ejusdem
1858 4733 2008 4788 colo-

403 4859 516 4902 nne
543 4840 780 4913 episcopi
814 4838 1030 4894 nomine
1055 4835 1122 4889 ad
1162 4850 1221 4890 se
1258 4833 1450 4888 litterae
1493 4830 1872 4898 dirigerentur,
1907 4825 2016 4899 Cy-

413 4939 634 5008 prianus
662 4946 717 4992 et
745 4934 1011 4991 Liberalis
1039 4931 1164 4986 illuc
1189 4930 1486 4995 venientes,
1517 4940 1573 4984 ut
1594 4945 1699 4985 non
1727 4929 1792 4985 ad
1822 4928 2021 4984 Corne-

411 5030 568 5094 lium,
599 5030 693 5085 sed
723 5030 788 5083 ad
833 5027 1176 5099 presbyteros
1211 5039 1274 5079 ac
1299 5022 1554 5078 diaconos
1589 5022 1860 5077 Romanos
1887 5019 2020 5076 diri-

411 5131 689 5197 gerentur,
729 5129 978 5178 auctores
1014 5117 1260 5180 fuissent,
1285 5115 1438 5186 quasi
1457 5129 1656 5184 anceps
1682 5121 1826 5168 esset
1853 5112 2020 5183 ipsius

416 5221 710 5277 ordinatio.
741 5219 851 5275 Cur
871 5227 1050 5274 autem
1080 5215 1130 5271 id
1164 5230 1194 5269 a
1225 5229 1283 5270 se
1309 5223 1470 5283 atque
1497 5228 1523 5265 a
1564 5207 1796 5266 Liberali
1819 5207 2018 5264 factum

413 5318 506 5384 sit,
537 5313 837 5388 Cyprianus
865 5327 1028 5386 supra
1055 5309 1296 5380 Epistula
1323 5322 1374 5362 tv
1393 5304 1644 5378 explicat.

1160 5401 1274 5458 νη.

492 5505 580 5561 15.
617 5500 855 5572 Epistola
879 5497 1116 5556 Cornelii
1139 5496 1206 5554 ad
1232 5494 1554 5568 Cyprianum
1583 5505 1677 5562 per
1706 5486 2020 5560 Augendum

418 5597 786 5653 confessorem
819 5593 1003 5657 missa,
1027 5606 1130 5661 qua
1157 5587 1538 5652 Nicostratum,
1567 5583 1849 5647 Novatum,
1875 5581 2019 5636 Eva-

417 5692 632 5753 ristum,
659 5688 895 5742 Primum
926 5696 978 5741 et
1002 5684 1311 5757 Dionysium
1335 5680 1610 5736 Novatiani
1642 5686 1935 5737 sectatores
1963 5677 2019 5736 in

416 5781 648 5842 Africani
676 5780 960 5849 navigasse
986 5775 1285 5849 Cyprianus
1321 5772 1730 5832 admonebatur.

2120 4656 2202 4710 titi
2230 4653 2425 4709 litteris
2460 4653 2602 4709 datis
2631 4653 2980 4722 significasse,
3023 4651 3269 4720 buncque
3302 4665 3406 4704 non
3443 4651 3515 4704 ita
3549 4648 3718 4703 multo

2122 4755 2244 4818 post
2272 4762 2332 4802 ea
2363 4762 2484 4817 qua:
2518 4745 2779 4802 Eusebius
2806 4744 3082 4802 memoria:
3111 4741 3399 4810 mandavit,
3426 4741 3491 4798 ad
3513 4739 3720 4798 Corne—

2121 4844 2250 4900 lium
2280 4842 2641 4914 rescripsisse.
2888 4911 2937 4968 Χ

2199 5011 2286 5066 18.
2331 5010 2548 5066 Litterae
2579 5006 2855 5063 Fortunati
2895 5003 3363 5076 pseudoepiscOpi,
3393 5019 3490 5075 per
3517 5003 3724 5076 legatos

2124 5105 2313 5177 ipsius,
2338 5104 2428 5176 qui
2451 5118 2556 5158 una
2589 5118 2710 5158 cum
2747 5099 3081 5156 Felicissimo
3113 5098 3339 5154 Romam
3376 5113 3437 5155 se
3476 5097 3723 5154 contule-

2122 5209 2269 5264 runt,
2298 5198 2363 5254 ad
2391 5196 2696 5253 Cornelium
2727 5195 3071 5250 transmissae.
3117 5193 3192 5248 De
3233 5193 3424 5264 legatis
3463 5192 3569 5247 illis
3610 5191 3725 5247 hac

2124 5292 2310 5350 scribit
2351 5291 2649 5362 Cyprianus
2689 5306 2701 5342 :
2748 5306 2766 5340 ‹
2814 5287 2943 5343 Post
2968 5287 3090 5352 ista,
3117 5285 3294 5340 adhuc
3323 5287 3541 5356 insuper
3567 5299 3727 5356 pseu-

2126 5386 2454 5455 doepiscopo
2480 5383 2583 5438 sibi
2617 5383 2684 5438 ab
2714 5381 2981 5436 haereticis
3005 5381 3321 5446 constituto,
3354 5380 3604 5449 navigare
3632 5393 3729 5435 au-

2126 5479 2254 5534 dent
2278 5489 2333 5534 et
2368 5480 2433 5533 ad
2463 5477 2606 5532 Petri
2643 5474 2950 5531 cathedram
2975 5485 3133 5542 atque
3158 5473 3223 5527 ad
3254 5472 3549 5529 Ecclesiam
3572 5472 3728 5543 prin-

2123 5575 2375 5646 cipalem,
2407 5572 2546 5628 unde
2570 5572 2743 5627 unitas
2772 5569 3121 5626 sacerdotalis
3147 5578 3332 5625 exorta
3362 5575 3462 5630 cst,
3493 5583 3522 5622 a
3548 5565 3729 5626 schis-

2121 5669 2333 5724 maticis
2361 5676 2415 5721 et
2444 5663 2677 5735 prof.mis
2706 5665 2910 5719 litteras
2940 5661 3200 5733 perferre,
3233 5675 3333 5716 nec
3361 5659 3601 5730 cogitare
3629 5672 3725 5715 eos

2121 5781 2241 5827 esse
2287 5765 2578 5831 Romanos,
2627 5776 2854 5834 quorum
2900 5759 3033 5819 ﬁdes
3084 5756 3343 5830 Apostolo
3395 5754 3765 5827 prmdicante‘
