4068 6324
459 332 564 391 705
1051 293 1059 299 ’
1487 334 1826 394 EPISTOLA
1864 335 1905 392 ι.
1954 337 2040 394 ιι)
2078 334 2474 397 CORNELIUM
2512 339 2766 399 PAPAM.
3100 308 3103 311 ’
3654 349 3765 407 ius

530 464 615 504 ras
644 445 890 518 Cornelii,
938 464 1039 505 non
1073 447 1373 515 Nouatiaui,
1394 447 1595 519 publice
1615 448 1769 503 lectas
1792 465 1919 505 esse.
1947 447 2052 503 Cur
2078 456 2126 516 Β
2158 451 2444 521 pertinacia
2467 466 2572 507 non
2603 461 2809 509 tantum
2836 452 3029 510 radicis
3052 465 3074 493 ο
3103 464 3158 512 et
3182 457 3369 514 matris
3389 458 3570 515 sinum
3598 471 3769 534 atque

534 551 718 610 praeter
765 539 990 597 Cornelii
1037 542 1251 609 litteras,
1299 541 1480 612 quibus
1529 541 1619 596 ille
1664 558 1718 595 se
1762 542 2056 612 episcopum

531 634 819 700 nuntiabat,
843 650 1016 689 eorum
1044 635 1132 706 qui
1151 634 1314 703 ipsius
1354 632 1668 689 ordinationi
1698 633 2054 703 interfuerant,

532 730 876 786 testimonium
901 729 1224 784 desiderarit.
1253 727 1423 798 Rogat
1440 725 1753 794 Cornelium,
1785 737 1839 783 ut
1866 728 2057 784 litteras

532 822 597 878 de
610 821 920 879 Felicissimi
943 832 989 879 et
1017 822 1423 896 presbyterorum
1451 831 1499 877 et
1530 822 1849 880 addictoruln
1877 838 2056 890 causa,

528 936 655 992 quas
681 921 781 993 ipsi
812 920 984 988 tnittit,
1018 918 1173 992 legat.

706 1071 1005 1115 CYPRIANUS
1031 1071 1295 1113 CORNELIO
1317 1072 1515 1113 FRATRI
1544 1071 1811 1114 εΑιυτειι.

527 1188 567 1247 Ι.
600 1189 751 1259 Quod
786 1191 959 1248 servis
1003 1190 1118 1255 Dei,
1151 1199 1206 1246 et
1236 1191 1465 1246 maxime
1508 1188 1877 1246 sacerdotibus
1899 1188 2060 1260 justis

457 1294 513 1342 et
540 1288 775 1357 pacificis
797 1289 1148 1362 congruebat,
1176 1289 1340 1347 frater
1367 1290 1705 1357 charissima,
1734 1290 2058 1350 miseramus

454 1393 627 1453 nuper
648 1380 884 1453 collegas
925 1390 1137 1438 nostros
1162 1380 1482 1437 Caldoniuln
1512 1390 1538 1418 α
1566 1392 1620 1437 et
1664 1379 2014 1438 Fortunatam
2040 1399 2055 1449 ;

453 1479 513 1525 tlt
539 1487 644 1527 non
674 1481 879 1528 tantum
909 1474 1257 1546 persuasione
1282 1473 1576 1529 litterarum
1605 1484 1936 1542 nostrarum,
1961 1475 2058 1533 sed

456 1565 890 1636 praiseutiabsna
921 1577 971 1624 et
1002 1567 1230 1625 consilio
1258 1569 1497 1623 omnium
1524 1578 1759 1625 vestrum
1781 1570 2056 1626 eniteren-

453 1663 559 1725 tur,
594 1668 850 1730 quantum
877 1667 1115 1731 possent,
1149 1668 1204 1715 et
1223 1659 1588 1729 elaborarent,
1617 1661 1756 1718 utad
1778 1659 2058 1718 catholica:

454 1747 716 1805 Ecclesiae
748 1752 1007 1807 unitatem
1036 1752 1190 1807 scissi
1219 1752 1465 1823 corporis
1491 1753 1731 1809 membra
1771 1769 2059 1826 compone-

2161 542 2499 612 complexum
2523 543 2816 610 recusalit;
2845 545 2937 600 sed
2968 545 3128 602 etiam
3150 548 3412 621 gliscente
3435 547 3464 588 (ι
3500 560 3557 607 et
3585 551 3639 608 in
3667 568 3768 624 po-

2156 633 2246 705 jns
2274 636 2686 695 recrudescente
2704 638 2969 697 discordia
3000 641 3311 713 episcopum
3332 644 3435 702 sibi
3458 646 3764 715 constituit,

2161 739 2215 786 et
2240 739 2424 786 contra
2452 743 2845 789 sacramentum
2886 734 3053 790 semel
3078 735 3331 793 traditum
3354 737 3552 795 divinae
3577 739 3768 812 dispoo

2159 824 2370 880 sitiouis
2388 832 2443 880 et
2465 824 2743 907 catholica:
2764 827 3002 893 unitatis,
3030 827 3332 887 adulterum
3352 841 3408 887 et
3427 833 3765 891 contrarium

2159 924 2322 986 caput
2341 926 2487 972 extra
2516 916 2813 975 Ecclesiam
2844 916 3004 985 fecit;
3029 921 3264 992 acceptis
3286 921 3477 979 litteris
3497 935 3609 980 tam
3632 924 3765 993 tuis,

2159 1024 2319 1080 quam
2349 1010 2673 1081 collegarum
2709 1019 3033 1078 nostrorum,
3062 1013 3188 1071 item
3215 1015 3633 1076 adventantibus
3661 1019 3767 1076 bo—

2161 1104 2245 1159 nis
2267 1105 2393 1160 viris
2418 1114 2473 1161 et
2501 1106 2658 1163 nobis
2681 1104 3012 1164 charissimis
3037 1109 3258 1182 collegis
3281 1113 3481 1168 nostris
3500 1114 3769 1186 Pompeio

2160 1205 2214 1252 et
2240 1196 2536 1268 Stephano,
2567 1214 2595 1252 a
2620 1199 2817 1270 quibus
2843 1199 2958 1256 lucc
2979 1203 3157 1257 omnia
3180 1203 3336 1259 nobis
3359 1219 3484 1260 cum
3528 1206 3716 1264 laetitia
3732 1217 3767 1247 ο

2161 1289 2431 1345 communi
2454 1301 2758 1347 as-everata
2789 1289 2810 1330 τ
2839 1302 2965 1348 sunt
2995 1293 3222 1351 firmiter
3239 1304 3295 1352 et
3323 1297 3547 1368 probata
3571 1308 3618 1367 ε,
3670 1316 3767 1358 sc-

2160 1381 2393 1437 cundum
2423 1383 2565 1453 quod
2593 1383 2787 1441 divinae
2815 1384 3117 1442 traditionis
3138 1396 3192 1442 et
3210 1390 3592 1447 ecclesiastica:
3614 1393 3770 1449 insti-

2162 1476 2380 1532 tutionis
2419 1478 2675 1534 sanctitas
2718 1479 2920 1549 pariter
2946 1494 3011 1536 ac
3039 1481 3230 1537 veritas
3256 1483 3523 1554 exigebat,
3558 1484 3768 1542 litteras

2163 1576 2372 1623 nostras
2397 1568 2465 1625 ad
2499 1579 2550 1625 te
2576 1569 2889 1628 direximus.
2922 1570 3029 1629 Sed
3058 1580 3116 1628 et
3142 1589 3237 1643 per
3265 1576 3599 1644 provinciam
3635 1593 3770 1634 uos-

2162 1668 2297 1716 trum
2328 1661 2442 1717 ιιςιιο
2477 1663 2665 1718 eadem
2710 1664 2932 1735 collegis
2975 1666 3199 1738 singulis
3229 1668 3283 1724 iu
3308 1654 3553 1726 notitiam
3582 1672 3766 1741 perfe-

2161 1763 2362 1821 rentes,
2403 1756 2473 1811 ab
2516 1756 2599 1812 bis
2637 1773 2847 1829 quoque
2898 1758 3093 1816 fratres
3133 1771 3348 1818 nostros
3392 1777 3515 1820 cum
3566 1765 3766 1823 litteris

453 1851 594 1906 rent,
636 1850 693 1898 et
720 1841 1036 1899 Cllrisdanle
1078 1844 1357 1900 cltaritatis
1407 1846 1674 1902 vinculum
1717 1846 2051 1917 copularent.
2085 1863 2132 1924 Β
2160 1846 2467 1919 dirigendos
2488 1847 2516 1885 ιι
2547 1864 2669 1905 esse
2700 1849 3089 1908 mandavimus.

454 1935 563 1993 Sed
602 1939 854 2011 quoniam
894 1937 1122 1997 diversa:
1166 1941 1331 2012 partis
1371 1940 1635 1997 obstinata
1665 1951 1717 1998 et
1760 1939 2064 1998 inﬂexibilis

2239 1939 2306 1997 Il.
2358 1942 2694 2014 Quamquam
2740 1958 2893 2000 mens
2933 1955 3140 2014 nostra,
3171 1954 3225 2002 et
3272 1946 3608 2018 propositum
3646 1950 3760 2019 jam

1687 2054 2077 2113 LECTIONES
2116 2054 2530 2113 VARIANTES.

517 2169 545 2202 “
578 2168 879 2221 Calidoniam
904 2169 1044 2223 Foss.
1078 2167 1209 2221 Vict.
1236 2169 1389 2223 uico.

514 2230 543 2271 h
580 2232 685 2284 Tua
715 2230 767 2285 in
798 2231 1055 2285 uetustiore
1074 2247 1164 2286 ms.
1205 2232 1337 2287 Colb.

519 2298 544 2327 ο
581 2295 794 2347 Nutricis
816 2300 947 2347 vetus
969 2296 1081 2348 cod.
1110 2295 1284 2347 Baluz.
1570 2344 1577 2353 .

513 2357 543 2399 ιι
580 2358 833 2422 Glisceute
855 2360 906 2422 in
931 2357 1074 2422 pejus
1092 2366 1147 2410 ut
1167 2359 1497 2422 crudescente
1520 2358 1652 2413 idem
1692 2360 1867 2414 codex.
1911 2359 2053 2414 Alter

447 2419 685 2492 {grauior
703 2434 814 2492 cum
831 2419 1126 2492 oditipxon‘.
1145 2421 1393 2492 Gliscente
1408 2428 1468 2492 et
1486 2424 1551 2492 in
1561 2425 1703 2492 pejus
1716 2425 2046 2492 crudescente

450 2482 611 2551 Magis
630 2482 922 2551 placetcum
942 2484 1132 2539 Pamel.
1154 2491 1199 2540 et
1220 2499 1310 2538 ms.
1331 2485 1472 2539 Corb.
1495 2482 1747 2539 Glisc'ente
1772 2494 1823 2538 et
1840 2490 1891 2538 in
1910 2488 2055 2555 pejus

2160 2166 2565 2218 recrudescente.

2226 2235 2251 2262 ε
2287 2229 2404 2282 Haec
2424 2231 2585 2280 omnia
2606 2242 2716 2280 cum
2741 2232 2937 2283 tristitia
2964 2232 3122 2286 0m.

2225 2291 2244 2331 ι
2284 2295 2484 2342 Asserta
2507 2299 2622 2342 sunt
2646 2290 2849 2344 ﬁrmiter
2869 2296 3029 2347 Oxon.

2223 2358 2251 2420 β
2280 2355 2497 2420 Probata
2522 2356 2699 2420 quibus
2715 2358 2931 2420 cognitis
2961 2358 3230 2420 secundum
3260 2361 3378 2410 Ver.

2218 2418 2249 2459 ιι
2280 2417 2595 2483 Redigendds
2618 2417 2923 2485 Βοαηῖᾖιιῦη.
2943 2418 3088 2475 Ebur.
3108 2420 3219 2475 ΝΟ.
3245 2422 3289 2474 1.
3311 2422 3450 2475 Foss.
3473 2418 3765 2477 Viaulich.

1776 2595 2139 2655 VARIORUM
2176 2596 2401 2654 NOTAE.

446 2712 677 2839 phorum
717 2714 985 2786 acolytum
1032 2713 1309 2782 aliquanto
1337 2722 1458 2783 post
1481 2715 1814 2783 superiorem
1844 2716 2047 2785 episto—

469 2799 555 2839 atu
610 2786 922 2839 transmissa
970 2794 1071 2839 est.
1107 2785 1412 2839 Consum.
1443 2817 1516 2827 —
1565 2786 1715 2839 lianc
1763 2787 2044 2839 enistolam

469 2799 555 2839 aut
610 2785 922 2840 transmissa
970 2794 1071 2841 est.
1107 2785 1412 2857 Consum.
1443 2817 1516 2827 —
1565 2786 1715 2841 lianc
1763 2787 2044 2857 epistolam

446 2863 635 2931 auctor
660 2866 935 2931 gestorum
988 2856 1368 2927 pontiflcdiutn
1422 2856 1807 2931 aituscriptam’
1856 2874 1886 2913 a
1938 2858 2045 2931 Cy-

446 2929 638 2998 priztno
669 2928 833 2984 fuisse
872 2929 923 2984 in
962 2943 1203 2997 carcelc,
1234 2937 1292 2984 ut
1339 2944 1462 2984 mox
1495 2928 1690 2995 dicam,
1720 2941 1773 2985 et
1828 2928 2045 2985 missam

449 3013 545 3068 per
590 2999 894 3054 Celerinum
943 3000 1223 3058 lectorem.
1271 3004 1342 3057 At
1392 3001 1713 3057 Pearsonius
1765 3002 1814 3056 ill
1875 3002 2049 3057 Anna-

447 3070 588 3144 libus,
633 3069 958 3144 Cyprianicis
1008 3082 1161 3144 putat
1203 3074 1319 3129 hinc
1375 3074 1535 3128 verba
1586 3084 1841 3144 gestorum
1884 3074 2049 3140 ponti-

448 3142 678 3217 [icalium
729 3142 955 3217 intelligi
985 3143 1054 3217 de
1102 3146 1329 3217 epistola
1359 3161 1484 3205 1.le.
1531 3142 1696 3211 falso,
1745 3156 1801 3201 ut
1830 3147 2044 3216 opinor.

449 3213 581 3288 blant
604 3215 658 3288 in
685 3213 1095 3288 epistola’missa
1120 3213 1215 3287 per
1242 3217 1550 3274 Celerinum
1578 3217 1836 3288 agebatur
1862 3213 1931 3272 {te
1960 3234 2048 3273 or-

449 3284 726 3359 dinatione
754 3285 1009 3359 Cornelii.
1038 3284 1226 3359 dequa
1252 3304 1357 3344 non
1379 3290 1553 3359 agitur
1578 3284 1635 3342 ili
1664 3289 1888 3358 cpistola
1919 3303 2043 3344 LVII.

450 3355 618 3413 Recte
666 3356 919 3413 observat
968 3358 1107 3413 idem
1143 3355 1240 3416 'vir
1285 3355 1616 3416 clarissimus
1655 3355 1895 3415 errorem
1926 3376 2047 3416 esse

449 3429 505 3503 in
534 3428 701 3498 gestis
733 3429 1129 3503 pontiﬁcalibus
1174 3446 1240 3487 eo
1269 3432 1371 3488 loci
1405 3432 1493 3488 ubi
1524 3432 1718 3503 legitur
1742 3432 2046 3503 epistolam

450 3501 596 3575 i_l_latn
627 3499 986 3575 conscriptam
1008 3517 1129 3575 esse
1155 3504 1206 3558 iu
1231 3518 1452 3560 carcere
1480 3519 1509 3556 a
1534 3499 1729 3575 sancto
1754 3499 2047 3575 Cypriano.

452 3572 653 3628 Verum
684 3585 788 3627 non
823 3571 944 3628 ideo
972 3574 1384 3629 existimandum
1411 3584 1496 3630 est
1524 3573 1652 3629 falsa
1684 3571 1902 3643 prorsus
1929 3590 2053 3630 esse

450 3655 502 3701 et
524 3643 890 3717 commentitia
917 3659 1038 3717 qua:
1068 3644 1187 3701 istic
1219 3646 1381 3701 tradit
1406 3655 1594 3703 auctor
1628 3646 1820 3717 horum
1870 3656 2044 3717 gesto-

450 3731 592 3771 rum.
624 3716 789 3772 Error
815 3716 945 3780 est,
969 3731 1074 3771 non
1116 3717 1339 3773 falsitas.
1374 3717 1693 3773 Emendatio
1738 3716 1906 3773 facilis
1943 3726 2047 3773 est.

447 3787 580 3856 Qua!
603 3787 854 3843 dicuntur
886 3788 952 3844 de
977 3802 1198 3845 carcere
1248 3789 1527 3845 referenda
1562 3799 1687 3843 sunt
1737 3788 1803 3843 ad
1842 3789 2050 3845 Celeri-

448 3876 600 3925 num,
651 3874 812 3930 quem
853 3870 1059 3915 constat
1095 3860 1148 3916 ilt
1198 3876 1416 3917 carcere
1459 3871 1662 3917 tentunl
1715 3859 1877 3915 fuisse
1925 3876 2047 3916 cum

448 3932 651 4005 Moyse.
677 3930 930 4005 Maximo,
972 3939 1030 4005 et
1061 3930 1391 4005 Nicostrata,
1419 3932 1635 3989 Urbano
1657 3939 1713 3987 et
1733 3931 1975 4005 Sidonio.
2004 3930 2051 3987 Is

448 4003 805 4076 erg'orlitteras
825 4003 1072 4076 Cypriani
1093 4005 1300 4076 accepit
1328 4005 1378 4059 in
1401 4020 1641 4076 carcere,
1673 4013 1727 4058 et
1749 4003 1874 4058 hinc
1905 4005 2051 4059 misit

450 4073 1025 4132 adCorni-liumeic
1068 4073 1279 4131 videtur
1322 4074 1687 4132 restituendus
1731 4090 1911 4130 sermo
1959 4076 2048 4143 qtti

451 4150 694 4202 turltatlts
718 4157 802 4202 est
823 4148 878 4219 in
909 4148 1094 4217 gestis.
1126 4147 1232 4202 Sed
1263 4147 1404 4219 quod
1452 4148 1599 4203 addit
1649 4146 1795 4219 idem
1832 4147 1912 4200 vir
1939 4146 2050 4219 cla~

453 4220 700 4274 rissitnus
716 4234 782 4273 ex
803 4217 1015 4284 Adone,
1043 4219 1184 4290 quod
1211 4217 1458 4275 uulnerat
1481 4221 1619 4275 inter
1645 4217 1831 4272 frivola
1862 4227 1916 4271 et
1938 4218 2050 4272 ina-

451 4290 538 4347 nia
593 4291 931 4360 Soqnentinm
986 4301 1289 4360 temporum
1319 4303 1645 4354 citmnteuta,
1694 4291 1943 4343 nimirum
1995 4291 2046 4343 ill

447 4363 672 4432 epistola
739 4361 1208 4434 illa_Cyprianum
1272 4363 1554 4434 scripsisse
1605 4361 1672 4416 ad
1735 4360 2047 4434 Cornelium

449 4431 648 4505 quanta
672 4449 771 4505 pro
798 4431 900 4488 fide
927 4431 979 4489 et
1019 4435 1356 4490 confessione
1382 4432 1578 4489 Christi
1609 4433 1925 4488 sustinui-rit
1946 4434 2042 4505 tle-

451 4503 688 4569 lerintls;
726 4504 778 4560 id
808 4520 936 4558 vero
984 4521 1228 4575 magnam
1288 4505 1449 4560 liabet
1492 4505 1881 4575 dil‘licultatent.
1931 4503 2049 4558 Ado

452 4579 597 4633 enim
629 4592 736 4633 non
765 4575 955 4631 scribit
974 4574 1130 4646 ltnjns
1156 4576 1389 4646 Celeriui
1421 4576 1603 4631 laudes
1626 4574 1789 4630 fuisse
1818 4576 1869 4628 iit
1929 4576 2046 4644 cpi-

452 4651 588 4721 stola
607 4664 711 4721 qna
728 4648 985 4721 proflabat
1001 4644 1318 4721 electionem
1331 4644 1589 4703 Cornelii.
1609 4647 1734 4721 ilice
1747 4656 1871 4701 sunt
1888 4649 2046 4700 verba

451 4718 658 4777 Adonis
701 4721 766 4774 ad
808 4719 950 4773 diem
998 4734 1124 4773 xvnl
1169 4718 1279 4774 lial.
1330 4721 1612 4789 octobris:
1671 4719 1782 4783 Quo
1828 4731 2049 4789 tempore

454 4793 629 4847 beatus
655 4790 946 4862 Cyprianus
973 4790 1146 4845 scribit
1170 4793 1226 4862 _ci
1260 4791 1322 4843 ile
1349 4787 1583 4844 Cclerino
1612 4790 1815 4862 lectore,
1860 4787 2049 4858 quanta

452 4881 544 4934 pro
571 4865 674 4933 ﬁde
698 4859 743 4918 ct
794 4862 1109 4931 confessione
1155 4860 1344 4915 C/tristi
1390 4862 1705 4934 sustinuerit.
1734 4859 1867 4934 rlsta
1917 4877 2047 4930 ergo

453 4936 736 5061 exstinguit
763 4935 817 4989 itt
840 4934 943 4989 alia
974 4936 1223 5005 quapiam
1250 4934 1476 5004 epistola
1490 4933 1744 5005 Cypriani
1764 4947 1865 5002 qua
1890 4948 2044 4988 care-

456 5022 596 5061 mus.
667 5022 820 5061 Αιυῑ.

456 5022 596 5062 "IIIS.
625 5022 820 5063 ηΑιυῑ.

527 5077 567 5131 1.
595 5077 892 5133 Μὶιεναηιιιε
920 5093 1100 5146 nuper.
1136 5075 1210 5132 De
1238 5073 1346 5148 llac
1385 5074 1634 5148 Cypriani
1682 5073 1945 5143 legatione
1980 5074 2048 5148 ad

455 5147 762 5204 Cornelium
792 5162 956 5219 agens
990 5144 1202 5209 Marco,
1236 5146 1331 5202 lib.
1362 5164 1390 5200 v
1416 5144 1479 5201 de
1503 5144 1811 5219 Concordia,
1841 5160 1961 5219 cap.
1989 5146 2047 5212 2,
2076 5152 2081 5159 ’

458 5220 531 5274 ait
577 5216 894 5275 Caliloniu'm
949 5229 1003 5274 ct
1061 5218 1410 5274 Fortunatnln
1457 5219 1661 5288 legatos
1688 5216 1957 5289 Cypriani
1995 5225 2052 5289 ct

458 5288 671 5346 eoncilii
695 5290 1132 5361 Cartllaginensis
1160 5292 1356 5347 missos
1393 5305 1515 5361 esse
1547 5297 1598 5343 ut
1630 5288 1887 5361 quantum
1934 5288 2052 5344 tieri

531 5371 641 5415 sset
683 5359 1016 5417 eniterentur
1067 5361 1141 5417 ad
1180 5359 1605 5430 componendam
1651 5359 1889 5414 consiliis
1942 5361 2054 5414 suis

508 5432 718 5486 cclcsise
740 5435 1017 5499 unitatem,
1042 5449 1162 5502 quze
1181 5432 1406 5488 factione
1433 5431 1708 5502 Novatiaui
1726 5433 1895 5486 scissa
1916 5430 2053 5499 erat,

459 5514 514 5559 et
545 5513 601 5557 ut
627 5502 694 5556 de
714 5503 948 5560 Cornelii
972 5501 1308 5559 ordinatione
1328 5518 1448 5573 qua:
1464 5501 1566 5558 sibi
1584 5513 1765 5558 essent
1780 5514 2053 5571 comperta

459 5574 720 5630 referrent
747 5574 812 5628 ad
841 5574 1137 5630 Africanos.
1168 5575 1367 5630 Bawz.

457 5659 464 5670 '
535 5643 799 5726 Obsti'nata
829 5646 1394 5726 pertinacia._Ho_norii
1431 5648 1568 5726 aug.
1610 5646 1921 5726 constitutio
1959 5644 2057 5698 ad-

459 5730 648 5772 versus
670 5689 939 5785 Pelagium
966 5728 1019 5771 et
1045 5715 1351 5772 leeslinnl
1380 5736 1393 5772 :
1423 5689 1545 5773 Sed,
1554 5720 1673 5783 quia
1694 5717 2061 5772 obstinatorum

463 5788 616 5859 nimis
645 5788 879 5859 pertinax
899 5788 1086 5841 malum
1116 5796 1170 5841 ut
1188 5789 1485 5859 constitutio
1505 5789 1846 5859 geminarctur
1875 5788 2060 5859 exegit.

463 5858 760 5915 Pertinacia
787 5859 1034 5924 sumitur,
1064 5868 1119 5912 ut
1145 5857 1454 5928 plurimum,
1495 5857 1547 5915 in
1583 5859 1777 5915 malam
1831 5857 2060 5930 partem,

2152 2724 2210 2771 ut
2254 2714 2561 2771 monuimus
2610 2715 2663 2770 in
2710 2715 2851 2771 notis
2904 2715 2972 2770 ad
3019 2714 3366 2842 Capitullixtria,
3422 2730 3543 2790 pag.
3597 2719 3759 2777 1110.

3262 2804 3418 2842 Αιυῑ.

3262 2804 3395 2844 Αιυῑ
3405 2829 3418 2842 .

2226 2860 2504 2932 Cliscenle.
2534 2859 2653 2914 Mox
2679 2858 3300 2932 Cypriauns‘respicieus
3328 2860 3394 2915 ad
3418 2859 3545 2916 illud
3580 2859 3755 2929 Pauli,

2151 2932 2350 3004 Ephes.
2380 2947 2434 3004 v,
2453 2931 2542 2986 5‘2:
2567 2930 2952 3004 Sacramentutn
2972 2930 3066 2985 Itoc
3088 2948 3328 3004 maguum
3351 2940 3443 2995 est,
3472 2948 3566 3004 ego
3584 2942 3760 2987 autem

2152 3000 2288 3069 dico,
2325 3005 2376 3056 in
2395 3000 2596 3057 Christo
2628 3004 2742 3057 etin
2768 3001 3020 3069 Ecclesia,
3044 3000 3355 3073 episcopum
3378 3000 3642 3068 ecclesizc,
3667 3004 3759 3060 cui

2154 3075 2389 3144 legitime
2414 3074 2712 3141 ordinatur,
2742 3089 2999 3141 sponsum
3051 3084 3268 3146 censet;
3302 3074 3548 3146 adeoque
3596 3076 3760 3130 adul-

2152 3158 2314 3201 terum
2339 3146 2520 3201 liaberi
2550 3146 2684 3210 vult,
2715 3146 2803 3215 qui
2858 3146 2908 3199 in
2959 3145 3204 3201 eamdem
3235 3145 3520 3202 ecclesiam
3563 3157 3759 3203 contra

2153 3220 2231 3272 fas
2275 3228 2327 3272 et
2358 3226 2751 3273 sacramentum
2796 3216 2992 3271 divina:
3038 3217 3410 3285 dispositionis
3463 3216 3757 3274 inducitur.

2151 3290 2288 3345 Hinc
2310 3300 2361 3343 et
2392 3290 2674 3358 episcopos
2697 3289 3069 3353 ecclesiarum,
3099 3288 3295 3357 quibus
3321 3287 3751 3359 adstringuntur,

2150 3376 2381 3432 sponsos
2400 3359 2653 3416 censendi
2699 3375 2902 3433 morem
2948 3368 3002 3415 et
3047 3360 3326 3430 antiquum
3354 3373 3494 3427 esse,
3538 3370 3594 3415 et
3624 3360 3759 3433 ipsis

2152 3429 2306 3488 Pauli
2333 3433 2510 3487 verbis
2538 3433 2631 3487 ttiti
2661 3441 2827 3501 patet.
2857 3429 3165 3486 Consum.

2227 3504 2538 3574 Episcopum
2625 3504 2738 3557 sibi.
2835 3503 3210 3557 Novatiauum.
3286 3502 3437 3558 Istud
3498 3503 3761 3574 evenisse

2151 3573 2293 3631 anno
2321 3576 2427 3631 254
2448 3575 2662 3644 scripsit
2677 3574 2955 3642 Baronius,
2973 3574 3295 3630 Prarsonius
3317 3589 3462 3630 anno
3483 3573 3609 3630 251.
3623 3574 3756 3631 BAL.

2224 3646 2570 3719 Collegarutn.
2601 3646 2711 3702 lloc
2735 3655 2820 3719 est
2841 3646 3225 3719 episcoporum
3242 3645 3331 3716 qui
3348 3644 3584 3703 Cornelii
3606 3648 3757 3719 urdi-

2155 3716 2747 3775 nationiinterfuerant.
2775 3717 3030 3772 Eiautem
3059 3716 3419 3773 interfuerunt
3440 3717 3751 3785 sexdecim,

2156 3790 2296 3846 inter
2320 3804 2456 3861 quos
2475 3788 2585 3861 duo
2613 3789 2749 3861 Afri,
2772 3788 3065 3861 Caldouius
3087 3788 3291 3861 scilicet
3316 3804 3380 3845 ac
3402 3790 3753 3861 Fortunatus,

2154 3858 2521 3918 recensentur.
2559 3860 2633 3916 Ex
2667 3860 2746 3915 his
2768 3860 2963 3915 littoris
3010 3860 3203 3929 quibus
3226 3860 3569 3917 nuntiabatur
3615 3858 3757 3917 Cor~

2153 3935 2276 3990 nelii
2300 3934 2562 3988 ordinatio
2584 3933 2741 3988 nulla:
2767 3942 2998 3987 exstant.
3028 3931 3331 3989 Consum.

2226 4004 2354 4060 Cum
2369 4005 2564 4059 laetitia.
2582 4004 2657 4060 Ita
2689 4004 2866 4057 omnia
2892 4013 3073 4059 vctcra
3096 4003 3420 4073 exemplaria
3444 4014 3552 4059 tam
3572 4013 3757 4060 nostra

2153 4093 2312 4145 quam
2342 4076 2628 4146 Auglicana
2648 4085 2701 4130 ct
2725 4090 2914 4130 omnes
2940 4075 3203 4130 editiones
3230 4085 3354 4130 ante
3374 4074 3752 4146 Rigallianam.

2152 4149 2332 4217 Quare
2382 4149 2533 4203 valde
2578 4147 2744 4201 luiror
2772 4148 2941 4201 virum
2972 4146 3339 4203 doctissimum
3379 4147 3753 4202 auctoritatem

2153 4220 2355 4275 codicis
2414 4219 2791 4285 Beneventani,
2846 4218 2898 4273 in
2928 4233 3035 4288 quo
3063 4219 3336 4288 scriptum
3377 4232 3499 4273 esse
3538 4219 3615 4273 ait
3641 4235 3758 4272 cum

2155 4292 2384 4351 tristitia,
2417 4290 2715 4360 praetulisse
2738 4289 3024 4344 consensui
3075 4299 3315 4343 veterum
3361 4288 3754 4359 exemplarium

2152 4373 2207 4418 et
2231 4361 2803 4428 editiouulu.Quamvis
2818 4361 2959 4416 enim
2979 4361 3096 4417 hoc
3114 4360 3270 4415 lectio
3295 4362 3595 4428 possitessc
3615 4361 3755 4416 bona

2153 4433 2437 4489 referendo
2452 4449 2572 4488 cam
2594 4432 2658 4485 ad
2684 4431 3027 4500 pertinaciam
3055 4431 3540 4495 scltismaticorunt,
3568 4440 3747 4487 tamen

2153 4508 2275 4576 quia
2315 4505 2516 4560 nullum
2544 4503 2683 4557 aliud
2726 4505 3004 4572 exenlplar
3045 4504 3094 4557 ei
3144 4501 3489 4576 suffragatur,
3547 4502 3754 4576 reliqua

2154 4574 2331 4631 omnia
2388 4584 2704 4646 repugnant,
2770 4590 2874 4629 non
2918 4587 3045 4643 puto
3089 4591 3206 4630 eam
3262 4575 3500 4644 prieferri
3533 4574 3756 4646 debere

2154 4647 2373 4704 lectioni
2394 4663 2512 4715 qua:
2538 4656 2615 4702 tot
2640 4646 3046 4701 auctoritatibus
3070 4647 3274 4707 nititur.
3302 4645 3601 4716 prirsertim
3631 4662 3756 4701 cunt

2152 4735 2214 4776 ea
2241 4734 2398 4789 quam
2421 4734 2520 4789 ego
2546 4735 2665 4773 cum
2699 4717 2992 4773 Reinltarto
3018 4732 3238 4789 revoco
3268 4716 3466 4789 habeat
3478 4717 3751 4789 olltimutn

2150 4787 2394 4847 sensum.
2439 4787 2723 4845 referendo
2772 4790 2916 4844 illam
2966 4788 3033 4843 :td
3092 4787 3400 4852 Maximum,
3448 4787 3747 4858 Urbanum,

2152 4872 2207 4918 et
2232 4874 2460 4917 cancros
2507 4861 2901 4923 scltiematicos.
2949 4875 3084 4923 quos
3129 4858 3269 4915 fama
3320 4868 3457 4925 erat,
3510 4864 3754 4925 quamvis

2152 4948 2258 4988 non
2306 4933 2595 4988 admodum
2644 4943 2814 4997 certa,
2870 4931 3097 4986 rediisse
3153 4934 3217 4984 ad
3279 4929 3593 4986 Ecclesium.
3637 4931 3755 4999 Quo

2152 5005 2339 5059 nuntio
2387 5015 2606 5073 accepto
2653 5019 2744 5070 per
2792 5000 3284 5073 litterasCaldonii
3311 5012 3365 5058 et
3391 5000 3671 5057 Fortunati
3702 5012 3758 5057 et

2154 5090 2249 5146 per
2272 5072 2586 5131 relationem
2638 5076 2873 5144 Pompeii
2919 5084 2969 5128 et
3010 5072 3288 5141 Stephani.
3341 5085 3649 5128 surrexerat
3699 5073 3755 5129 in

2153 5146 2301 5202 clero
2349 5146 2757 5218 Cartllaginensi
2824 5146 3037 5209 Liuilla,
3087 5146 3494 5218 quamvisgnou
3549 5147 3756 5218 integra

2154 5228 2378 5288 propter
2420 5214 2677 5273 incertam
2730 5216 2948 5281 famam,
3006 5226 3062 5272 tit
3102 5227 3248 5287 patet
3300 5216 3462 5271 etiam
3489 5230 3556 5271 es
3625 5214 3756 5288 Epi-

2154 5290 2285 5344 stoto
2308 5305 2450 5353 xcvr,
2472 5304 2588 5359 pag.
2618 5288 2706 5345 60.
2741 5288 2941 5359 Bth.

2236 5356 2560 5415 Provinciam
2578 5370 2822 5414 nostram.
2853 5357 2992 5415 Infra
3017 5357 3189 5430 Epist.
3222 5373 3341 5426 XLV,
3378 5356 3627 5430 p:_tg.g59:
3649 5356 3756 5414 Sed

2155 5435 2395 5505 quoniam
2422 5432 2575 5485 latius
2599 5431 2719 5505 [usa
2750 5441 2830 5505 est
2858 5440 3039 5505 nostra
3064 5428 3075 5505 ί
3091 5431 3373 5505 prouincia.
3405 5428 3572 5505 Habet
3620 5430 3757 5484 enim

2162 5500 2465 5558 Numidiam
2508 5514 2555 5557 et
2588 5500 2953 5557 Mauritaniam
2978 5503 3071 5557 sibi
3103 5503 3429 5556 conteremus.
3464 5500 3600 5557 Hinc
3626 5504 3759 5573 ergo

2162 5576 2490 5646 collegerunt
2512 5575 2666 5644 Angli
2696 5574 3153 5646 periprovinciant
3186 5573 3304 5628 istic
3349 5573 3569 5646 intelligi
3615 5571 3757 5646 Afri—

2163 5643 2324 5701 camf
2360 5643 2661 5701 Numidiam
2692 5656 2746 5701 et
2775 5644 3162 5715 Mauritaniam,
3208 5644 3488 5715 quiescdi
3527 5643 3755 5699 Cartha-

2163 5718 2370 5785 gitteltsi
2421 5717 2677 5787 subjecta:
2740 5726 2913 5771 erant.
2967 5714 3126 5773 Certe
3180 5714 3756 5787 Altrclius‘episcopus

2163 5785 2598 5859 CztrtltagineitSis
2623 5788 2698 5842 ait
2721 5788 2774 5842 in
2813 5788 2999 5844 codice
3030 5803 3295 5842 canonum
3343 5785 3587 5859 ecclesia:
3615 5785 3757 5859 Alri-

2164 5875 2333 5925 canre,
2357 5856 2472 5931 cap.
2508 5875 2593 5930 ιν,
2626 5874 2684 5915 se
2708 5863 3017 5916 cunctarum
3048 5858 3409 5916 Ei-clvsiarum
3437 5856 3756 5915 sollicitudi-
