4038 6308
238 259 341 316 705

1210 258 1547 321 EPISTULA
1590 263 1649 320 ll.
1694 265 1786 322 Al)
1825 261 2225 324 CORNELIUM
2272 262 2523 324 ΡᾹΡΑΜ.

3433 277 3538 337 706

236 384 364 431 tunc
390 374 643 433 fratribus
669 384 725 432 et
772 374 914 445 plebi
945 374 1065 433 istic
1092 378 1354 434 nnivcrsm
1377 387 1405 418 ει
1435 380 1832 437 manifestatum
1861 388 1910 447 Α
1939 393 2077 438 tuum
2107 364 2383 439 abundavit
2421 382 2641 449 nmlitia,
2689 392 2736 440 et
2757 385 2934 458 lingua
2978 395 3068 444 tua
3115 390 3542 462 complectebatur

241 468 448 538 fuiSset,
474 470 691 541 quando
718 470 912 526 litteris
942 486 1112 542 nuper
1158 472 1226 525 ab
1254 482 1478 543 utraque
1521 486 1673 544 parte
1712 489 1835 529 sus-

234 562 425 633 ceptis,
456 571 574 617 tuas
596 563 805 620 litteras
836 564 1085 636 legimus,
1120 574 1173 619 et
1207 565 1551 636 episcopatus
1589 567 1662 621 tui
1684 567 1838 621 ordi-

234 655 505 712 nationem
535 655 866 727 singulorum
915 656 1134 711 auribus
1177 657 1541 713 intimavimtts
1568 679 1580 714 :
1611 658 1836 713 honoris

232 749 393 806 etiam
422 750 721 806 communis
747 764 1039 818 memores,
1069 760 1122 806 et
1165 752 1441 821 gravitatis
1482 752 1834 810 sacerdotalis

232 856 299 900 ac
329 843 628 899 sanctitatis
653 826 956 914 respectum
982 852 1249 910 tenentes,
1278 859 1341 899 ea
1376 860 1498 916 qum
1522 860 1590 900 ex
1615 845 1832 900 diverso

233 936 289 993 in
311 935 500 992 librum
530 936 597 993 ad
625 951 721 993 nos
748 937 1117 995 transmissum
1149 949 1400 1010 congesta
1433 938 1641 994 fuerant
1679 953 1832 995 accr-

232 1028 539 1086 batiouibus
574 1029 900 1096 criminosis,
941 1031 1278 1101 respuitnns;
1303 1029 1711 1087 considerantes
1737 1045 1831 1101 pa-

231 1126 367 1181 riter
398 1133 452 1181 et
478 1123 837 1197 ponderantes
866 1126 1006 1196 quod
1039 1125 1093 1181 in
1123 1134 1270 1180 tanto
1296 1125 1520 1181 fratrum
1553 1125 1828 1196 religioso-

229 1232 335 1290 que
357 1228 623 1276 conventu
644 1217 1045 1276 considentibus
1072 1219 1162 1274 Dei
1192 1218 1561 1275 sacerdotibus
1591 1226 1645 1274 et
1673 1219 1826 1274 altari

227 1312 405 1384 posito
430 1327 531 1369 nec
554 1312 654 1385 legi
682 1311 933 1378 debeant,
950 1326 1050 1367 nec
1069 1310 1262 1366 audiri.
1295 1309 1478 1381 Neque
1500 1311 1643 1366 enim
1673 1309 1825 1366 facile

227 1404 521 1476 promenda
555 1414 699 1469 sunt,
724 1416 780 1463 et
807 1404 1018 1460 incaute
1034 1418 1098 1458 ac
1124 1413 1329 1459 temere
1352 1403 1688 1473 publicanda,
1707 1417 1824 1472 qua:

221 1497 602 1556 discordiosob
632 1500 774 1571 ston
821 1498 1161 1554 audientibus
1196 1497 1504 1553 scandalum
1548 1505 1819 1564 moveant,

219 1601 281 1649 et
307 1591 500 1649 fratres
538 1592 696 1664 longe
721 1592 924 1664 positos
947 1606 1013 1648 ac
1038 1601 1186 1647 trans
1214 1606 1363 1648 mare
1389 1588 1711 1647 constitutos
1741 1589 1821 1643 iu-

217 1699 369 1746 certa
423 1689 674 1761 opinione
724 1687 1074 1746 confundant.
1110 1688 1355 1745 Viderint
1399 1688 1489 1760 qui
1539 1687 1624 1743 vel
1656 1686 1820 1742 furori

1941 475 2176 540 insidias,
2211 476 2387 532 sedens
2432 479 2673 533 aduersus
2699 478 2909 549 fratrem
2954 492 3098 536 tuum
3144 483 3462 554 detrahebas,
3493 496 3543 545 et

1940 568 2177 623 adversus
2199 569 2363 639 [ilium
2383 571 2559 626 aratris
2581 581 2685 627 tua:
2700 574 2920 644 ponebas
2939 575 3211 632 sandalttm
3235 576 3356 652 (Ps.
3388 596 3538 651 xm,

1939 659 2056 733 20);
2073 663 2200 718 item
2218 663 2358 734 quod
2368 667 2402 719 Α
2414 666 2653 735 postolus
2664 666 2813 733 dicit,
2823 666 3002 725 Omnis
3022 685 3186 726 sermo
3202 672 3367 728 malus
3380 674 3444 728 de
3454 690 3543 731 ore

1938 768 2099 812 uestro
2161 775 2262 813 non
2317 760 2557 827 procedat
2582 770 2628 824 θ,
2678 761 2766 816 sed
2806 760 3008 818 bonusf
3041 764 3110 819 ad
3151 765 3543 835 aediﬁcationem

1946 850 2087 918 ﬁdei,
2120 860 2176 904 ut
2206 851 2289 905 det
2317 857 2535 922 gratiam
2561 852 2885 909 audientibus
2920 853 3084 928 (Eph.
3117 856 3326 930 tv,29).
3373 860 3542 916 Porro

1937 941 2053 998 hinc
2097 942 2215 998 ﬁeri
2263 941 2465 1000 debere
2507 944 2862 1013 ostendimus,
2916 948 2961 1002 si
3008 948 3220 1019 quando
3255 951 3379 1007 talia
3409 969 3543 1023 quo-

1941 1035 2185 1089 rmudam
2215 1036 2542 1093 calumniosa
2574 1038 2873 1097 temeritate
2910 1042 3213 1114 conscripta
3258 1054 3406 1113 sunt,
3436 1046 3541 1120 legi

1931 1128 2071 1198 apud
2102 1144 2199 1183 nos
2221 1145 2327 1185 non
2371 1132 2622 1200 patimur.
2658 1131 2725 1188 Et
2749 1133 2968 1200 idcirco,
3003 1135 3170 1193 frater
3195 1137 3538 1209 charissime,

1930 1236 2050 1277 cum
2097 1223 2163 1277 ad
2193 1238 2281 1278 me
2312 1224 2433 1278 talia
2463 1225 2745 1281 adversum
2804 1236 2854 1283 te
2893 1237 2948 1283 et
2995 1232 3420 1305 compresbyteri
3457 1245 3538 1292 te-

1929 1327 2051 1369 cum
2078 1316 2410 1372 considentis
2436 1320 2634 1388 scripta
2668 1320 2976 1390 venissent;
3002 1324 3152 1381 clero
3175 1333 3231 1381 et
3258 1326 3401 1397 plebi
3435 1319 3545 1401 legi

1931 1412 2158 1481 prteccpi
2186 1426 2306 1482 qua:
2353 1412 2658 1483 religiosam
2688 1413 3089 1484 simplicitatem
3120 1420 3406 1489 sonabant,
3438 1438 3540 1480 nec

1932 1505 2055 1561 ullis
2113 1506 2523 1561 maledictorum
2576 1514 2631 1562 et
2681 1509 3051 1566 conviciorum
3098 1512 3382 1572 latratibus
3411 1532 3538 1587 per-

1928 1602 2263 1672 strepebant.

1998 1694 2086 1750 lll.
2118 1694 2465 1763 ριιοιιειιιιθιιι
2492 1696 2689 1766 scripta
2718 1696 3042 1769 collegarum
3070 1711 3403 1771 nostrorum,
3438 1702 3533 1778 qui

215 1801 343 1850 suo.
392 1784 477 1841 \‘cl
505 1784 708 1841 libidini
737 1785 1056 1851 servientes,
1085 1793 1140 1840 et
1164 1783 1359 1839 divina:
1389 1782 1521 1854 legis
1565 1796 1628 1837 ac
1667 1793 1823 1837 sanc-
1854 1791 1904 1853 Β
1937 1786 2043 1842 illic
2070 1787 2394 1842 ordinationi
2435 1799 2540 1844 tuae
2565 1788 2876 1859 adfuerant,
2924 1792 3381 1866 desideravimus,
3415 1816 3524 1855 non

216 1879 392 1935 titatis
421 1879 785 1947 immemores,
819 1878 902 1934 vel
923 1877 1172 1949 iactitare
1200 1875 1414 1932 interim
1440 1875 1678 1945 gestiunt
1703 1886 1824 1945 quae

217 1972 453 2046 prolnre
478 1989 584 2029 non
614 1981 856 2044 possunt,
896 1981 953 2027 et
986 1985 1109 2026 curn
1161 1968 1522 2025 innocentiam
1548 1968 1828 2023 destruere

216 2074 387 2138 atque
406 2081 714 2138 expugnare
736 2080 841 2121 non
865 2064 1099 2127 valeant,
1132 2063 1263 2118 satis
1286 2062 1488 2119 habent
1514 2061 1652 2116 fama
1685 2076 1830 2116 men-

218 2163 345 2219 daci
376 2170 433 2218 et
459 2163 591 2218 falso
612 2176 829 2217 rumore
862 2159 1102 2217 maculas
1128 2158 1436 2230 inspergere
1456 2167 1478 2195 ο
1504 2157 1660 2212 Certe
1685 2154 1830 2226 quod

221 2256 533 2329 prmpositis
560 2266 617 2312 et
636 2255 1010 2312 sacerdotibus
1033 2254 1298 2325 congruit.
1331 2250 1504 2307 danda
1527 2266 1690 2322 opera
1716 2257 1822 2313 est.

219 2361 284 2405 ut
301 2350 447 2414 talia,
469 2365 587 2405 cum
608 2366 638 2405 a
659 2348 973 2422 quibusdam
992 2348 1320 2413 scribuntur,
1342 2362 1434 2417 per
1450 2361 1548 2401 nos
1569 2360 1828 2416 respuan-

222 2452 336 2500 tur.
359 2441 461 2500 Ubi
488 2441 631 2499 enim
656 2444 759 2498 erit
786 2443 926 2514 qttod
975 2442 1231 2497 discimus
1254 2456 1319 2496 ac
1346 2439 1610 2496 docemus
1651 2439 1825 2509 scrip-

223 2546 340 2592 lnm
372 2550 513 2602 esse,
544 2532 757 2616 Contine
788 2532 1017 2607 linguam
1065 2546 1205 2589 tuam
1249 2550 1281 2588 a
1306 2533 1464 2598 malo,
1492 2542 1538 2587 et
1569 2531 1705 2587 labia
1734 2541 1825 2585 tua

222 2644 291 2686 ne
308 2629 585 2700 loquantur
603 2628 845 2683 insidiose
861 2624 887 2664 ιι
907 2626 1079 2698 (Psal.
1101 2642 1261 2683 sitth
1284 2627 1401 2697 15);
1417 2625 1543 2682 item
1560 2625 1685 2707 alibi
1710 2640 1725 2677 :
1753 2624 1825 2680 0s

1933 1890 2152 1937 veteres
2205 1896 2385 1937 mores
2433 1882 2616 1951 obliti,
2670 1898 2865 1939 novum
2908 1886 3107 1958 aliquid
3133 1889 3527 1959 quaerebamus.

1931 1970 2064 2028 Nam
2116 1974 2248 2028 satis
2267 1983 2417 2040 erat,
2467 1983 2524 2029 ut
2550 1984 2604 2031 ttt
2654 1987 2705 2032 te
2754 1964 3065 2049 episcopum
3101 1989 3125 2028 8
3156 1980 3310 2038 factis
3334 1982 3538 2041 litteris

1932 2068 2241 2133 nuntiares;
2299 2067 2399 2122 nisi
2430 2079 2574 2124 esset
2617 2085 2683 2125 ex
2728 2069 2944 2127 diverso
2984 2072 3303 2145 discrepans
3333 2076 3529 2147 factio,

1938 2176 2059 2230 qua:
2081 2160 2388 2216 criminosis
2415 2171 2470 2217 et
2492 2162 2840 2219 calumniosis
2865 2169 3185 2223 commentis
3210 2170 3324 2226 suis
3363 2172 3538 2230 colle-

1931 2266 2118 2323 garum
2186 2254 2388 2323 pariter
2445 2269 2510 2310 ac
2561 2253 2785 2310 fratrum
2858 2257 3214 2328 plurimorum
3285 2265 3532 2323 turbaret

1931 2355 2173 2410 mentes,
2224 2354 2281 2402 et
2331 2345 2492 2401 corda
2538 2347 2893 2406 confunderet
2922 2350 2971 2405 ιι.
3003 2350 3099 2408 Cui
3132 2354 3210 2411 rei
3252 2356 3535 2428 sopienda:

1926 2440 2292 2495 necessarium
2338 2438 2622 2509 duximus,
2680 2449 2738 2496 ut
2792 2442 3145 2502 scribentium
3195 2449 3353 2506 nobis
3408 2451 3535 2510 inde

1926 2532 2255 2603 collegarum
2298 2542 2603 2589 nostrorum
2636 2535 2788 2589 tiruta
2834 2545 2889 2591 et
2916 2537 3087 2594 solida
3115 2543 3406 2600 auctoritas
3439 2560 3533 2616 pa-

1927 2624 2306 2696 rareturzqui
2356 2626 2595 2682 moribus
2645 2640 2710 2682 ac
2761 2626 2885 2684 vita:
2922 2627 2936 2667 ί
2970 2639 3024 2687 et
3075 2630 3375 2706 disciplina:
3433 2648 3539 2696 tua:

1463 2737 1843 2796 LECTIONES
1883 2736 2301 2794 VARIANTES.

293 2867 322 2896 ει
360 2861 669 2914 Manifestum
694 2860 834 2911 Corb.
860 2859 986 2910 Bod.
1012 2858 1061 2908 5.

292 2924 322 2965 lt
357 2926 441 2977 Ita
463 2923 769 2989 vetnscodc;
796 2923 1231 2989 Cotb._.4t_recetns,
1252 2925 1297 2972 et
1311 2919 1616 2989 catinius.
1635 2915 1832 2989 _Dis_eor-

218 2990 379 3043 diosis
395 2996 449 3040 et
463 2987 827 3039 inaudientibus
845 2983 974 3035 Colb.
1001 2981 1143 3035 Corb.
1168 2980 1418 3034 Discordia
1441 2984 1537 3031 sint
1559 2988 1613 3031 et
1634 2980 1834 3029 inobau-

221 3054 501 3111 dientibus,
529 3054 654 3111 forte
677 3061 767 3110 pro
786 3046 1099 3111 discordiosis
1125 3043 1836 3111 etinobaudientibuscenin-

218 3106 595 3169 obedientibus.
623 3106 688 3162 In
722 3107 925 3174 vulgatis
967 3116 1144 3174 autem.
1169 3108 1493 3174 Discordiosq
1518 3106 1633 3174 stilo
1654 3108 1835 3174 scripta

219 3168 1008 3246 ῥιῳῑεεϋδυὲρυω-ἀίώὸςρὶῳο
1016 3172 1148 3246 _s_tyl_o
1163 3170 1440 3223 scandalum
1458 3168 1584 3221 Bod.
1601 3170 1647 3231 t,
1657 3170 1706 3217 2.
1724 3168 1771 3221 Ν
1778 3169 1832 3219 (τ.

222 3238 500 3296 Litt.Ebor.
528 3233 651 3291 Tha.
671 3238 810 3289 Foss.
832 3233 983 3288 Mich.
1016 3233 1144 3288 Vict.

223 3485 355 3529 nem
371 3469 657 3526 sustinere.
676 3467 825 3523 Hanc
841 3478 1002 3537 porro
1022 3461 1315 3537 Anglorum
1333 3457 1832 3537 interpretationem

223 3544 483 3614 adjuvare
508 3555 664 3614 posse
688 3529 899 3614 videtur
924 3529 1326 3614 lectio_'codicis
1349 3530 1630 3614 Remcnsis
1660 3529 1831 3613 sancti

227 3601 574 3687 Dibnysii,'in
602 3605 1245 3687 quo_legitur_provincias
1287 3613 1507 3657 nostras.
1541 3601 1834 3657 Salvianus

227 3628 497 3687 Dtonysn,
523 3629 574 3667 tn
641 3628 709 3665 tto
736 3628 929 3680 legttttr
954 3628 1245 3676 proomcms
1287 3628 1351 3657 na

222 3688 326 3743 lib.
362 3702 434 3748 tv,
456 3628 662 3754 cap.
701 3680 885 3754 Sciunt
911 3680 1120 3754 Africaf.
1155 3676 1355 3731 BALUZ.

311 3745 619 3826 Diriyenaos
644 3745 1007 3826 esse._Supple
1034 3749 1101 3804 ad
1132 3759 1199 3810 te,
1229 3758 1287 3802 ut
1316 3745 1567 3826 nimirum
1594 3758 1835 3826 contmuf

226 3818 450 3887 nionem
480 3827 648 3897 ipsius
676 3818 908 3897 probare
924 3818 996 3876 ac
1029 3833 1210 3897 tenere
1249 3833 1309 3873 se
1345 3818 1744 3886 profiterentur,
1779 3823 1835 3869 ut

223 3900 373 3958 infra
414 3893 572 3967 epist.
605 3893 1018 3964 tv.‘esplicatur.
1043 3893 1348 3967 Consum.

306 3971 367 4027 ll.
389 3956 792 4037 Manifestatnm'.
812 3969 1022 4022 Litterm
1049 3960 1504 4037 tttrittsqttepartis
1531 3974 1609 4037 em
1638 3956 1835 4037 intelli.

225 4042 422 4114 gendte
438 4030 562 4096 sunt
581 4056 723 4114 quas
748 4054 867 4094 cum
895 4036 1153 4114 Cornelii,
1185 4030 1295 4089 tuin
1320 4031 1599 4087 Novatiani
1621 4030 1839 4084 ordina-

228 4109 437 4172 tionem
467 4111 857 4183 significabant.
885 4109 1193 4183 Cousrsnr.

310 4173 936 4241 Librum'transmissnm.
989 4177 1209 4233 Librum
1290 4175 1555 4231 famosum
1613 4173 1834 4227 missum

228 4259 492 4315 adversus
515 4254 846 4312 Cornelium.
874 4252 1005 4307 Vide
1025 4260 1143 4321 qum
1175 4256 1431 4304 notantur
1456 4246 1521 4301 ad
1548 4248 1703 4315 epist.
1740 4258 1833 4311 LII,

227 4331 287 4387 in
317 4343 477 4385 causa
510 4326 765 4383 Cornelii.
798 4325 990 4381 Bsu'z.

308 4400 474 4456 Altari
503 4399 687 4469 posito.
716 4397 989 4469 Notatulus
1021 4408 1138 4469 tnos
1165 4393 1216 4469 in
1269 4400 1411 4469 emttt
1444 4388 1705 4469 fidelium.
1727 4385 1832 4469 ,ιιιιί

228 4474 301 4529 ad
329 4458 536 4544 sacrant
562 4468 830 4544 synaxim.
879 4467 1032 4522 altari
1069 4465 1232 4538 posito
1277 4464 1328 4519 itt
1361 4478 1467 4544 quo
1511 4458 1835 4544 sacrificium

229 4531 802 4601 cssetcelebrandum.
834 4531 1223 4601 convenerant,
1268 4550 1329 4590 ca
1386 4531 1596 4603 legendi
1638 4531 1837 4600 sctipta

228 4633 356 4688 qtae
384 4615 450 4669 ad
480 4613 872 4688 ecclesiasticas
917 4623 1118 4688 causas
1156 4607 1505 4688 pertinerent.
1527 4603 1681 4688 .ldem
1708 4614 1839 4688 usus

229 4672 291 4744 Et
320 4686 578 4743 Romanis
602 4683 941 4754 pontiuribus
971 4697 1075 4736 non
1107 4672 1484 4754 inaciensfnit.
1514 4676 1669 4754 Anno
1707 4672 1832 4737 554,

230 4758 481 4817 Liberius
502 4745 659 4824 epist.
688 4756 841 4817 tv,ad
866 4753 1233 4809 COIIS'attllttttt
1262 4750 1521 4824 scribens,
1553 4762 1605 4800 II.
1634 4745 1688 4805 2.
1709 4759 1834 4824 eum

232 4816 453 4888 Arianis
479 4816 803 4898 expostulat,
833 4828 919 4895 qui
946 4826 1334 4898 conﬁnxerunt,
1370 4819 1559 4898 inquit.
1597 4834 1676 4871 me
1702 4816 1833 4870 litte—

231 4920 322 4958 ras
348 4890 711 4972 suppressisse,
733 4890 798 4952 ne
821 4890 1169 4972 eritnina'ejus
1212 4890 1682 4972 quantalicebantnr
1708 4902 1831 4941 ron-

231 4963 505 5031 detnndsse
548 4970 675 5038 (ltoc
700 4963 807 5025 est
847 4966 1173 5033 Athanasii},
1220 4963 1450 5029 omnibus
1482 4969 1829 5029 puterent.....

237 5048 301 5100 At
339 5044 465 5100 satis
490 5037 721 5099 omnibus
748 5041 945 5095 clarum
971 5050 1064 5103 est,
1097 5053 1187 5091 nec
1214 5037 1478 5107 quisquam
1528 5043 1696 5102 negat,
1744 5046 1835 5107 nos

237 5117 584 5173 Orientalium
609 5114 802 5169 litteras
847 5112 1128 5174 intimasse,
1165 5103 1375 5163 Lusisse
1422 5118 1713 5163 sanusne.
1762 5103 1836 5156 le—

229 5191 372 5263 gisse
395 5186 633 5242 concilio.
680 5183 776 5240 llic
800 5194 980 5263 castus
1023 5183 1074 5236 itt
1106 5180 1372 5251 superiori
1399 5177 1647 5248 epistola,
1688 5192 1743 5228 ιι.
1780 5177 1832 5243 t,

230 5255 391 5317 statio
416 5266 769 5329 nuncupatur.
793 5255 1099 5329 Cousrsnr.

280 5350 285 5355 ’
311 5317 639 5388 υἰεεοτάιοέο
668 5328 817 5400 stylo.
847 5326 1133 5383 Sallustius
1167 5323 1220 5400 in
1252 5320 1509 5400 Jugurtba
1534 5336 1545 5372 :
1567 5317 1707 5400 Nunt
1725 5317 1835 5371 rul-

233 5421 354 5477 gus,
385 5412 440 5459 ut
464 5391 769 5477 plerumqtle‘
788 5401 935 5467 solet,
964 5407 1011 5453 et
1038 5396 1261 5477 maxime
1290 5391 1833 5477 Nttfnldafurf‘ll,.lftgeo

236 5461 352 5531 itio'
375 5461 568 5539 mobili,
619 5461 931 5527 seditiosum,
963 5466 1550 5542 atqneudiscordiosnm.
1585 5461 1837 5542 Sidonius

234 5546 336 5603 lib.
389 5561 463 5605 vr.
518 5533 676 5615 epist.
723 5544 760 5597 ‘2
792 5560 806 5598 :
835 5533 1060 5615 domum,
1095 5538 1578 5615 discordiosam;et
1616 5533 1709 5587 lib.
1752 5548 1833 5598 ιχ,

236 5619 402 5690 epist.
442 5616 478 5672 3
507 5632 522 5671 :
552 5610 641 5686 per
669 5616 980 5690 conditiones
1008 5610 1368 5690 discordiosas.

238 5717 243 5725 ν
276 5676 293 5690 ’
317 5676 640 5760 Ιιιερενῃὲνς.
682 5685 863 5743 Codex
895 5683 1135 5741 Latnonii
1166 5681 1464 5753 impingere.
1502 5678 1676 5745 Quare
1698 5676 1836 5749 quod

244 5758 554 5839 prapositis.
595 5758 793 5814 Bswz.

1861 4780 1913 4842 D

2002 2856 2023 2916 ς
2061 2851 2347 2916 impingere
2371 2854 2480 2905 cod.
2510 2855 2707 2907 Lamon.

2002 2915 2028 2954 d
2065 2913 2345 2978 Loquaittur
2367 2916 2531 2978 dolum
2560 2918 2691 2968 Lam.
2721 2916 2867 2971 Ebor.
2893 2923 3004 2974 ΝΟ.
3034 2924 3077 2974 l.
3105 2925 3232 2978 Bod.
3262 2929 3307 2978 1.

2008 2983 2031 3008 ε’
2066 2976 2171 3027 Non
2199 2986 2352 3029 exeat
2375 2977 2480 3029 Lin.
2508 2980 2620 3031 ΝΟ.

2010 3037 2031 3079 ἲ
2070 3040 2168 3090 Sed
2193 3043 2235 3090 si
2259 3043 2369 3103 quis
2392 3043 2549 3093 bonus
2572 3044 2706 3094 Laus.
2735 3044 2875 3096 Ebur.
2904 3047 3012 3098 NG.
3042 3048 3088 3099 1.
3117 3051 3241 3103 Bod.
3272 3054 3315 3103 ι.

2001 3106 2032 3205 ξ
2066 3103 2509 3218 senatus?
2523 3109 3155 3230 ne:mfsr...”“~
3182 3114 3229 3166 ί·
3256 3116 3403 3169 “W-
3431 3116 3539 3173 “"-

2009 3231 2022 3270 i
2065 3229 2193 3280 Vitae
2216 3236 2315 3281 tua:
2334 3232 2447 3281 sine
2469 3232 2676 3284 crimine
2702 3233 2808 3284 Lin.

1571 3322 1940 3399 natatum
1977 3337 2209 3396 noras.

2010 3454 2313 3536 Advnsunt-
2334 3463 2401 3522 te,
2438 3456 2639 3536 Pantel.
2677 3468 2723 3513 et
2770 3464 3204 3536 cotnpresbyteros
3227 3476 3390 3526 tecum
3418 3486 3540 3530 con-

1938 3529 2178 3608 sidentes.
2210 3524 2417 3608 0E9"?
2450 3528 2515 3608 de
2565 3539 2613 3583 te
2655 3542 2703 3583 et
2756 3524 3176 3608 contpresbjteris
3205 3524 3387 3596 tecum

1939 3597 2432 3674 sidentibus._Magis
2456 3602 2629 3669 placet
2657 3616 2779 3657 cum
2811 3597 3007 3661 nostris
3020 3597 3159 3664 'mss.
3191 3597 3540 3674 adversantia

1937 3681 1984 3725 et
2013 3670 2403 3754 compresbyleri
2427 3681 2591 3754 tecum
2618 3675 2957 3754 considentis,
2990 3677 3090 3743 ltoc
3120 3692 3202 3737 est
3231 3670 3510 3743 Novatiani

1942 3744 2031 3813 qui
2058 3730 2202 3797 sedis
2224 3730 2499 3828 ltilmanm,
2516 3744 2582 3828 in
2605 3761 2707 3828 qua
2736 3730 3215 3828 le‘gitimesedebat

1944 3829 2063 3869 sese
2090 3813 2372 3892 praesulem
2421 3813 2720 3892 iactitabat.
2758 3818 2821 3892 Et
2849 3834 2978 3874 vero
3004 3822 3200 3892 scripta
3232 3825 3343 3890 illa,
3375 3837 3431 3881 ut
3469 3813 3537 3887 es

1940 3887 2219 3955 superiore
2246 3885 2472 3954 cpistola
2501 3886 2663 3957 liquet
2688 3930 2701 3951 ,
2750 3889 3010 3946 adversus
3037 3885 3199 3948 unum
3221 3885 3535 3957 Cornelium

1939 3960 2233 4031 composita
2256 3967 2428 4011 erant.
2454 3958 2756 4014 Consum.
2778 3991 2848 4000 —
2870 3961 2994 4016 Haec
3015 3973 3098 4019 est
3118 3964 3275 4021 lectio
3296 3970 3535 4031 omnium

1940 4030 2373 4107 editiontnnqute
2403 4037 2804 4107 antecesserunt
2839 4033 3214 4107 Rigaltianatn.
3249 4039 3375 4094 Eant
3402 4030 3537 4107 pne?

1945 4100 2120 4180 ferunt
2149 4100 2310 4153 etiam
2340 4114 2526 4180 omnes
2554 4099 2674 4154 libri
2693 4099 2948 4180 __v_eteres.
2983 4106 3072 4161 Est
3105 4119 3283 4165 autem
3310 4099 3534 4180 optima.

1942 4173 2009 4227 Et
2041 4180 2217 4247 tamen
2246 4185 2345 4239 ego
2368 4172 2673 4247 editiottent
2693 4174 2903 4247 Rigaltii
2925 4219 2938 4237 ,
2971 4193 3089 4247 qua:
3137 4180 3295 4237 habet
3330 4172 3392 4239 (le
3420 4195 3468 4241 te
3488 4194 3537 4242 et

1942 4242 2243 4326 presbyteris
2288 4252 2449 4296 tecum
2473 4244 2891 4326 considentibus,
2919 4242 3148 4306 libenter
3186 4254 3532 4326 prtnferrem,

1942 4319 1984 4368 si
2020 4325 2161 4368 tanta
2192 4330 2296 4369 non
2346 4322 2489 4369 esset
2522 4326 2763 4371 veterum
2820 4319 3078 4376 librorum
3124 4319 3199 4378 et'
3232 4319 3532 4385 editionum

1941 4387 2310 4464 repugnantia.
2341 4386 2547 4464 Laudat
2576 4399 2754 4464 autent
2789 4389 2906 4446 istic
2934 4391 3233 4464 Cyprianus
3273 4397 3534 4456 adversa-

1942 4459 2055 4541 rius
2081 4458 2313 4541 Cornelii
2339 4458 2478 4541 quod
2507 4475 2629 4513 eum
2659 4459 2917 4541 adversus
2943 4458 3066 4518 eoin
3092 4465 3158 4521 ad
3197 4481 3257 4523 se
3286 4471 3535 4541 scripsis-

1943 4538 2093 4601 sent.
2147 4529 2389 4601 modeste
2435 4538 2613 4585 tamen
2644 4533 3002 4600 scripserant,
3046 4549 3147 4592 nec
3170 4529 3533 4601 convicidrttm

1942 4599 2257 4677 plattstra‘iu
2287 4601 2879 4677 eum’jcce-rant.‘ﬂunc
2907 4614 3039 4677 puto
3061 4623 3181 4664 esse
3205 4625 3386 4667 verum
3409 4599 3534 4670 seu;

1941 4686 2057 4725 sunt
2087 4672 2372 4743 verborum
2400 4671 2673 4743 Cypriani.
2704 4673 2903 4730 BALUZ.

1941 4743 2103 4814 iam.
2133 4742 2457 4812 Collegarunt
2488 4742 2809 4800 nostrorum.
2833 4747 2947 4802 Non
2975 4756 3178 4805 tantum
3207 4751 3448 4810 Caldunii
3480 4766 3537 4814 et

1940 4813 2219 4897 fortunati
2249 4814 2926 4897 Afrorttutepiscoporum,
2959 4822 3053 4877 sed
3078 4830 3137 4897 et
3159 4823 3408 4897 aliorum,
3437 4829 3532 4897 qui

1937 4884 2178 4970 Cornelii
2200 4884 2957 4970 ordittatiouiinterfuerant};
2970 4894 3271 4949 testimonia
3310 4884 3535 4970 exspec-

1939 4966 2196 5035 tata_ess_e
2222 4974 2288 5035 ex
2317 4960 2575 5035 subnesis
2605 4960 2879 5018 docemur.
2905 4960 3253 5035 Consuant
3411 4960 3424 4970 ’
3518 4994 3523 4999 -

2017 5028 2195 5085 Factis
2233 5030 2435 5086 litteris.
2481 5032 2558 5087 Ita
2584 5046 2796 5089 veteres
2841 5035 2971 5090 edit.
3005 5049 3128 5090 cuto
3166 5028 3370 5094 nostris
3394 5056 3525 5098 mss.

1942 5100 2009 5176 Et
2038 5102 2171 5157 infra
2201 5102 2416 5176 quidem
2453 5104 2611 5176 epist.
2640 5105 2694 5158 5.
2722 5104 3045 5176 Cyprianum
3087 5108 3317 5165 audituri
3346 5128 3532 5170 sumus

1939 5174 2208 5250 (licentem
2251 5188 2311 5250 se
2344 5175 2537 5250 litteras
2576 5174 2757 5250 breues
2772 5174 2942 5246 facere
2964 5195 2983 5243 ;
3010 5182 3253 5250 etiepist.
3293 5182 3347 5237 4.
3395 5201 3449 5239 ιι.
3474 5185 3530 5241 4.

1941 5244 2165 5323 Litteras
2190 5246 2310 5299 inde
2335 5249 2582 5323 fecerunt.
2628 5249 2691 5323 A_t
2721 5244 2897 5323 Oitou.
2927 5260 3046 5323 post
3072 5244 3275 5308 Pamel.
3304 5254 3533 5323 factum:
3587 5257 3591 5261 ’

1942 5317 2086 5387 quod
2125 5331 2297 5389 neque
2335 5314 2385 5389 a
2416 5314 2668 5389 Cypriani
2696 5318 2849 5389 stylo
2897 5314 3191 5378 abhorrere
3221 5314 3363 5379 ultro
3393 5325 3532 5383 fate-

1942 5404 2082 5444 mur.
2142 5388 2218 5443 Ex
2244 5387 2346 5443 hoc
2375 5387 2496 5443 loco
2521 5388 2738 5443 unitatis
2762 5387 2836 5444 ‘et
2862 5392 3257 5450 communionis
3283 5394 3531 5456 fovenda:

1940 5468 2390 5538 quantasemper
2420 5460 2487 5513 ab
2523 5458 2867 5538 incunabulis
2892 5460 3149 5538 Ecclesia:
3174 5480 3302 5522 cura
3349 5468 3533 5538 fuerit,

1939 5530 2273 5604 intelligitur.
2317 5530 2449 5587 Cum
2479 5539 2655 5584 autent
2682 5529 2900 5604 unitatis
2921 5532 3079 5604 hujus
3107 5547 3351 5595 centrum
3378 5529 3536 5600 Cbri;

1939 5603 2008 5682 sti
2038 5601 2304 5669 instituto,
2334 5601 3025 5682 esset_apostoliea_sed_es';
3066 5616 3125 5663 ut
3164 5608 3283 5680 ejus
3329 5615 3531 5682 pratsul

1938 5675 2275 5747 ignoraretur
2302 5689 2330 5727 a
2360 5672 2594 5737 nemine,
2620 5682 2711 5727 aut
2732 5673 2832 5747 ipsi
2856 5672 3129 5747 culta-rere
3154 5672 3214 5736 se
3238 5672 3398 5739 nemo
3422 5701 3529 5743 non

1937 5744 2096 5822 quam
2127 5746 2355 5819 primunt
2385 5751 2690 5811 testaretur,
2733 5744 2949 5817 plurimi
2980 5748 3257 5811 intererat.
3329 5753 3525 5823 Const.
