4068 6324
470 289 576 344 7‘27

1437 279 1873 340 ROMANURUM
1918 277 2332 336 PONTIFICUM
2372 276 2755 336 EPISTOLE.

3658 279 3765 336 728-

469 413 616 468 trem,
662 411 708 457 et
755 413 898 458 erunt
953 402 1054 456 duo
1100 400 1153 455 in
1203 413 1406 454 carnem
1453 414 1645 464 unam;
1699 398 2276 462 sacramentumAest,
2309 395 2539 466 procella
2562 403 2618 452 et
2634 393 2848 452 turbine
2867 394 3177 463 recedente,
3207 410 3273 452 ex
3302 406 3448 468 parte
3475 397 3588 454 illic
3611 399 3760 468 quies

467 497 609 552 istud
659 513 905 568 magnum
955 508 1026 550 est
1083 504 1130 561 τι,
1159 511 1250 565 ego
1277 503 1448 547 autem
1485 492 1620 558 dico,
1653 493 1705 544 in
1742 490 1998 546 Christum
2025 499 2072 544 et

466 592 523 646 in
573 590 855 647 Ecclesium
892 590 916 627 ιι
951 589 1174 660 (Ephes.
1205 604 1255 652 v,
1298 585 1392 659 51)
1426 604 1440 651 ;
1497 601 1618 642 cum
1675 586 1794 651 hoc,
1834 584 2070 654 inquam,

467 683 658 739 beatus
714 683 1005 754 Apostolus
1053 681 1196 736 dicat
1244 687 1302 736 et
1349 677 1546 733 Christi
1600 678 1797 748 pariter
1844 687 1865 714 ο
1912 685 2072 744 atque

467 777 727 835 Ecclesia:
774 778 1030 832 unitatem
1089 774 1375 830 individuis
1441 772 1668 828 nexibus
1711 771 2070 828 cohaerentem

465 880 654 927 sancta
685 886 782 926 sua
813 885 943 924 voce
974 877 1230 933 testetnr;
1273 866 1546 937 quomodo
1595 873 1773 935 potest
1806 879 1927 919 esse
1950 877 2070 918 cum

467 963 705 1031 Christo,
739 965 828 1034 qui
857 979 978 1019 cum
1005 977 1202 1033 sponsa
1228 959 1424 1016 Christi
1471 969 1631 1030 atque
1660 959 1710 1013 in
1743 957 1859 1026 ejus
1891 956 2075 1012 Eccle-

466 1059 545 1114 sia
578 1073 681 1111 non
727 1057 849 1110 est?
875 1066 966 1110 aut
993 1054 1276 1126 quomodo.
1301 1052 1527 1108 assumit
1548 1052 1648 1108 sibi
1703 1049 1950 1122 regenda:
1983 1060 2076 1106 aut

465 1150 827 1223 gubernandze
855 1149 1112 1206 Ecclesiae
1139 1163 1344 1215 curam,
1373 1149 1464 1219 qui
1493 1145 1744 1218 spoliavit
1772 1155 1826 1200 et
1855 1143 2074 1200 frauda.

467 1245 543 1298 vit
567 1243 862 1299 Ecclesium
892 1242 1128 1299 Christi?

541 1337 747 1395 ILNam
776 1337 846 1393 de
866 1337 1074 1394 Novato
1096 1335 1230 1392 nihil
1257 1335 1378 1392 inde
1403 1334 1471 1391 ad
1501 1349 1602 1389 nos
1635 1335 1805 1390 fuerat
1825 1333 2073 1388 nuntian-

464 1429 614 1497 dum,
647 1445 768 1485 cum
799 1433 968 1501 magis
996 1445 1090 1500 per
1121 1445 1220 1485 nos
1240 1429 1393 1485 vobis
1409 1428 1602 1486 debeat
1627 1426 1865 1484 Novatus
1891 1435 2073 1483 osten-

464 1521 552 1584 di;
586 1537 767 1578 rerum
801 1539 1059 1578 novarum
1087 1532 1314 1594 semper
1359 1522 1606 1594 cupidus,
1639 1521 1876 1578 avaritia:
1917 1520 2069 1577 inex-

464 1616 648 1686 plebili
676 1613 702 1653 ά
731 1619 1024 1688 rapacitate
1053 1616 1392 1683 furibundus,
1418 1616 1724 1688 arrogantia
1752 1625 1806 1671 et
1847 1624 2067 1687 stupore

2175 489 2312 545 facta
2329 498 2433 553 est,
2463 499 2518 545 et
2535 489 2754 559 gloriosi
2779 504 2842 545 ac
2874 489 3000 545 boni
3038 492 3396 559 confessores,
3420 493 3513 563 qui
3537 502 3561 538 Β
3579 492 3644 547 de
3671 493 3762 548 Ec-

2174 583 2359 648 clesia,
2395 582 2487 638 illo
2514 582 2790 647 incitante,
2838 581 3218 649 discesserant,
3266 593 3447 654 postea
3491 600 3649 655 quam
3700 587 3763 641 ab

2175 678 2316 735 Urbe
2340 679 2427 733 ille
2446 677 2713 745 discessit,
2736 677 2803 732 ad
2834 678 3127 734 Eeclesiam
3143 688 3504 735 reverterunt.
3522 678 3667 735 Idem
3688 688 3766 735 est

2175 770 2428 836 Novatus,
2447 771 2538 842 qui
2567 770 2707 840 apud
2735 785 2833 826 nos
2860 772 3090 842 primum
3111 771 3407 841 {discordias
3427 781 3482 828 et
3515 771 3765 827 schisma-

2177 866 2245 920 tis
2277 864 2579 920 incendium
2602 864 2906 930 seminavit,
2938 865 3029 936 qui
3057 865 3319 936 quosdam
3356 867 3476 922 istic
3498 881 3567 921 ex
3599 865 3766 920 fratri-

2175 959 2274 1014 bus
2301 959 2367 1014 ab
2389 959 2644 1030 episcopo
2673 959 2996 1030 segregavit,
3024 961 3113 1031 qui
3161 961 3214 1015 in
3263 960 3375 1031 ipsa
3403 961 3768 1030 persecutione

2176 1050 2242 1106 ad
2256 1049 2615 1106 evertendash
2639 1049 2859 1106 fratrum
2888 1059 3098 1107 mentes
3121 1052 3221 1106 alia
3253 1051 3499 1122 quaedam
3529 1065 3770 1122 persecu-

2178 1146 2252 1200 tio
2283 1146 2480 1202 nostris
2527 1145 2643 1200 fuit.
2668 1144 2786 1215 Ipse
2812 1154 2914 1210 est,
2949 1144 3038 1215 qui
3067 1143 3460 1200 Felicissimum
3489 1143 3767 1200 satellitem

2176 1255 2330 1296 suum
2375 1240 2683 1306 diaconum,
2729 1253 2831 1295 nec
2875 1239 3220 1310 permittente
3255 1255 3360 1318 me,
3405 1254 3509 1295 nec
3551 1239 3765 1307 sciente,

2175 1351 2271 1391 sua
2322 1334 2554 1390 factione
2596 1343 2652 1389 et
2703 1333 2998 1389 ambitione
3045 1333 3362 1398 constituit;
3409 1343 3464 1389 et
3508 1349 3631 1388 cum
3681 1346 3771 1388 sua

2176 1434 2491 1499 tempestate
2507 1425 2735 1480 Romam
2759 1440 2972 1496 quoque
3005 1423 3073 1479 ad
3100 1424 3444 1480 evertendam
3481 1424 3769 1480 Ecclesiam

2173 1520 2454 1591 navigans,
2488 1517 2685 1574 similia
2741 1517 2851 1573 illic
2893 1526 2950 1574 et
2977 1517 3126 1588 paria
3156 1517 3375 1573 molitus
3415 1527 3526 1584 est,
3558 1533 3589 1572 a
3635 1518 3772 1573 clero

2171 1613 2476 1685 portionem
2509 1610 2683 1680 plebis
2702 1610 2963 1678 avellens,
3000 1611 3350 1667 fraternitatis
3382 1612 3523 1668 bene
3551 1612 3651 1668 sibi
3688 1627 3773 1668 co-

465 1709 684 1780 snperbi
717 1710 942 1766 tumoris
959 1710 1174 1766 inﬂatus
1191 1721 1238 1776 ε,
1259 1725 1474 1780 semper
1500 1709 1619 1765 istic
1634 1709 1902 1779 episcopis
1924 1707 2065 1764 male
2094 1721 2142 1781 Β
2171 1706 2429 1762 haerentis
2447 1715 2503 1761 et
2521 1718 2581 1760 se
2604 1704 2836 1760 invicem
2850 1704 3126 1775 diligentis
3142 1704 3490 1761 concordiam
3510 1704 3772 1762 scindens.

463 1804 732 1874 cognitus,
759 1805 912 1874 quasi
943 1803 1230 1860 haereticus
1254 1817 1469 1874 semper
1495 1811 1550 1858 et
1576 1802 1812 1874 perfidus
1833 1803 2070 1858 omnium

465 1897 806 1954 sacerdotum
849 1911 980 1952 voce
1048 1895 1366 1962 damnatus;
1440 1895 1687 1952 curiosus
1755 1911 1970 1966 semper
2016 1905 2074 1950 ut

465 1988 683 2058 prodat,
721 1988 786 2044 ad
827 1988 928 2044 hoc
956 1987 1206 2044 adulatur
1254 1997 1313 2044 ut
1351 1988 1516 2054 fallat,
1577 2003 1868 2059 numquam
1901 1987 2072 2044 fldelis

469 2091 532 2137 ut
554 2081 759 2152 diligat,
794 2081 877 2137 fax
900 2091 954 2136 et
972 2082 1109 2153 ignis
1143 2080 1163 2119 τ
1194 2081 1261 2137 ad
1281 2079 1560 2137 conﬂanda
1585 2081 1866 2137 seditionis
1891 2081 2073 2137 incen-

447 2176 580 2242 -dia,
612 2177 768 2234 turbo
796 2186 850 2232 et
875 2185 1167 2247 tempestas
1194 2175 1261 2229 ad
1313 2175 1433 2232 ﬁdei
1481 2175 1720 2231 facienda
1746 2173 2069 2246 :naufragia,

465 2269 644 2324 hostis
701 2269 920 2338 quietis,
957 2267 1356 2339 tranquillitatis
1384 2267 1744 2336 adversarius,
1789 2269 1934 2338 pacis
1974 2267 2076 2322 itti-

468 2361 662 2419 micus.
693 2363 962 2434 Denique,
993 2363 1200 2418 Novato
1249 2363 1397 2419 illinc
1427 2379 1458 2418 a
1489 2363 1641 2419 vobis
1673 2363 1980 2429 recedente,
2026 2362 2080 2419 id

2175 1801 2342 1859 Plane
2370 1799 2624 1871 quoniam
2654 1813 2751 1870 pro
2777 1797 3144 1870 magnitudine
3171 1814 3267 1854 sna
3315 1799 3512 1856 debeat
3559 1797 3775 1855 Cartha-

2176 1895 2353 1967 ginem
2405 1892 2575 1948 Roma
2627 1891 2956 1962 praecedere,
3012 1891 3126 1947 illic
3172 1891 3376 1962 majora
3429 1901 3486 1946 et
3539 1891 3772 1962 graviora

2177 1987 2466 2045 commisit.
2498 1985 2600 2052 Qui
2628 1985 2750 2040 istic
2772 1983 3033 2041 adversus
3061 1985 3360 2041 Ecclesiam
3380 1984 3670 2040 diaconum
3704 1983 3778 2039 fe-

2177 2089 2346 2148 cerat,
2381 2079 2491 2134 illic
2533 2078 2852 2148 episcopum
2907 2078 3050 2134 fecit.
3086 2077 3195 2132 Nec
3239 2077 3342 2132 hoc
3375 2078 3663 2149 quisquam
3687 2076 3779 2132 mi-

2178 2184 2327 2232 retur
2353 2175 2404 2230 in
2430 2173 2645 2230 talibus.
2671 2172 2970 2228 Funusrun
2995 2188 3202 2229 saneea
3248 2172 3374 2228 mali
3405 2187 3508 2228 suo
3554 2171 3728 2227 furore
3759 2171 3772 2209 λ

2183 2268 2481 2334 dementes,
2528 2275 2584 2322 et
2610 2277 2954 2337 posteaquam
2983 2267 3191 2323 scelera
3219 2265 3466 2332 fecerint,
3502 2267 3779 2324 conscien-

2185 2363 2253 2418 tia
2280 2362 2393 2433 ipsa
2421 2360 2695 2418 scelerata
2722 2362 2920 2441 mentis
2937 2363 3225 2434 agitantur.
3265 2360 3376 2418 Nec
3417 2375 3706 2419 remanere
3732 2366 3778 2417 In

1688 2477 2073 2537 LECTIONES
2110 2477 2530 2535 VARIANTES.

535 2595 561 2623 ³³
596 2593 967 2646 Sacramentnm
1000 2595 1112 2654 hoc,
1144 2594 1267 2644 Bod.
1289 2594 1342 2642 5.

529 2654 563 2695 δ
596 2655 722 2707 Dico
745 2661 796 2707 in
830 2658 1023 2710 Christo
1060 2665 1110 2707 et
1128 2659 1179 2707 in
1198 2656 1491 2714 Ecclesiam,
1537 2656 1667 2705 Lam.
1712 2656 1837 2707 Bod.
1865 2655 1911 2705 1.

531 2721 556 2782 ἒ
591 2719 655 2770 Ει
678 2719 925 2772 Christum
945 2722 1149 2782 pariter,
1184 2720 1332 2782 Ebor.
1363 2720 1471 2770 ΝΟ.
1504 2717 1686 2782 ιλιιη.

534 2781 563 2820 (ι
600 2780 957 2844 Ιιιθχιῆθῠὶιιεζ
977 2784 1112 2832 Lam.
1146 2781 1293 2834 Ebor.
1323 2781 1448 2833 Bod.
1477 2782 1524 2841 1,
1548 2780 1597 2843 2,
1619 2782 1667 2832 5.
1696 2782 1803 2831 NC.
1839 2782 1885 2844 1,
1905 2782 1952 2830 2.

535 2847 561 2876 ⁸
595 2846 871 2909 Superbus,
902 2854 1113 2906 tumore,
1141 2847 1353 2904 inﬂatus,
1380 2844 1506 2895 Bod.
1531 2846 1578 2894 5.

2256 2590 2274 2627 τ
2313 2591 2405 2655 Pix
2429 2596 2480 2640 et
2505 2593 2664 2655 ignis,
2683 2593 2821 2655 Pent.
2851 2593 2986 2655 Lam.
3015 2591 3158 2655 Ebor.
3186 2594 3232 2643 Ν
3241 2592 3294 2643 C.
3322 2593 3366 2654 1,
3396 2592 3526 2644 Bod.
3552 2592 3602 2642 2.

2251 2657 2277 2694 8
2314 2653 2408 2712 Qui
2433 2653 2683 2709 hicJBod.
2709 2653 2756 2714 2,
2777 2657 2824 2704 5.
2851 2653 2993 2704 Ebor.
3021 2653 3127 2706 Lin.
3157 2657 3262 2707 ΝΟ.
3289 2656 3342 2705 1.-

2207 2779 2222 2792 ,
2245 2716 2292 2792 Ιι.
2308 2718 2370 2791 In
2393 2717 2561 2767 eodem
2583 2715 2750 2768 codice
2779 2718 2839 2766 ad
2864 2719 3143 2778 vertendas,
3173 2725 3217 2768 et
3244 2717 3374 2786 infra
3397 2719 3456 2767 ad
3500 2716 3783 2770 vertendam

2184 2778 2472 2830 Ecclesiam.

2252 2843 2268 2880 ἱ
2300 2841 2493 2892 Fraude
2516 2850 2568 2892 et
2591 2841 2756 2895 furore
2775 2877 2792 2903 ,
2818 2841 2943 2894 Bod.
2961 2845 3010 2893 5.

1802 2953 2163 3012 VARIORUM
2201 2952 2433 3011 NOTAE.

544 3075 614 3130 Et
657 3075 938 3130 adliwrebit
969 3076 1117 3129 uxori
1143 3091 1271 3148 sum.
1295 3075 1408 3132 Hoc
1431 3085 1767 3148 segmentum
1793 3091 1893 3131 nos
1921 3075 2075 3148 addi-

469 3146 667 3218 dimus,
694 3162 799 3202 non
823 3149 996 3202 solum
1027 3148 1152 3215 quia
1178 3147 1406 3204 habetur
1447 3146 1512 3202 in
1547 3148 1786 3218 Epistula
1818 3147 1969 3203 Pauli
2008 3148 2076 3202 ad

470 3217 760 3287 Ephesios.
791 3234 857 3274 ex
885 3234 984 3288 qua
1027 3229 1272 3287 sumptus
1298 3227 1382 3274 est
1418 3219 1508 3274 hic
1550 3217 1718 3284 lacus,
1753 3219 1848 3274 sed
1881 3221 1932 3274 in
1971 3221 2080 3288 pri-

471 3289 575 3343 tnis
602 3291 723 3359 quia
751 3288 822 3343 ita
861 3289 1117 3356 scriptum
1150 3290 1254 3344 vidi
1290 3292 1340 3345 in
1395 3299 1624 3360 quatuor
1665 3291 1898 3359 antiquis
1928 3291 2080 3346 codi—

471 3361 626 3414 cibns
656 3370 709 3415 et
739 3361 789 3414 in
818 3361 952 3416 libro
981 3360 1147 3417 Flori.
1180 3361 1380 3418 Desunt
1403 3371 1583 3417 tamen
1629 3363 1680 3417 in
1728 3363 1897 3416 tribus
1942 3363 2082 3418 anti-

470 3432 593 3502 quis
620 3431 914 3487 codicibus.

545 3501 738 3574 Christi
753 3505 966 3572 pariter.
990 3504 1216 3572 Quidam
1245 3504 1459 3560 codices
1487 3505 1775 3574 praeferunt
1798 3504 2074 3561 Christum.

2182 3074 2412 3131 Felices.
2445 3074 2578 3131 Vide
2598 3075 2929 3140 Salviannm,
2949 3073 3042 3130 lib.
3073 3089 3164 3140 vtt,
3187 3089 3306 3145 cap.
3342 3074 3427 3130 16.

2257 3146 2570 3215 Episcopum
2595 3149 2731 3217 fecit.
2752 3146 2867 3202 Non
2891 3146 3033 3216 quod
3062 3146 3344 3202 ordinandi
3375 3155 3784 3218 potestaleprteo

2183 3218 2326 3272 ditus
2356 3229 2519 3285 esset,
2545 3219 2640 3276 sed
2669 3219 2809 3289 quod
2857 3233 2953 3289 per
2985 3234 3175 3289 pravas
3220 3218 3533 3273 molitiones
3581 3219 3778 3285 effecit,

2185 3300 2241 3345 ut
2269 3289 2597 3346 Novatianns
2639 3288 2998 3345 ordinaretur.
3028 3288 3078 3344 ls
3121 3291 3340 3360 quippe,
3373 3299 3430 3344 ιιι
3459 3306 3527 3345 ex
3559 3290 3780 3360 epistola

2187 3378 2259 3424 ιιι,
2282 3378 2336 3416 n.
2359 3361 2419 3424 ‘2,
2452 3361 2731 3426 discimus,
2757 3378 2784 3415 a
2808 3363 2978 3416 tribus
3006 3362 3272 3431 episcopis
3298 3361 3566 3431 imperitis
3589 3371 3675 3416 est
3700 3378 3782 3416 or-

2187 3433 2422 3488 dinatus.
2445 3432 2723 3488 Falluntnr
2743 3433 2903 3505 igitur
2919 3433 3271 3504 graviter.qui
3293 3432 3559 3505 Novatum
3578 3435 3781 3503 episco-

2190 3519 2314 3576 pum
2343 3505 2617 3560 exstitisse
2645 3503 2899 3559 binc'sibi
2930 3503 3276 3576 persuadent.
3307 3503 3417 3559 Nec
3434 3506 3672 3576 suspicio
3689 3519 3780 3559 no-

545 3573 612 3652 ll.
652 3573 1202 3652 Hostiaquietisalsta
1260 3593 1382 3652 non
1423 3573 1701 3652 habentur
1744 3579 1794 3631 in
1851 3588 2080 3652 quatuor
2109 3589 2154 3652 ρ
2188 3573 2271 3630 bis
2298 3576 2470 3637 deest,
2515 3575 2580 3630 ad
2631 3575 2890 3652 horumce
2903 3574 3167 3652 Cypriani
3200 3576 3485 3652 verborum
3536 3573 3783 3652 iniitatio-

472 3645 630 3702 libris
659 3647 936 3703 veteribus
982 3657 1038 3702 et
1081 3647 1132 3701 in
1181 3649 1416 3717 antiquis
1461 3649 1811 3704 editionibus.
1852 3647 2084 3704 Exstant

477 3728 660 3790 tamen
697 3719 748 3772 in
781 3719 967 3774 decem
997 3719 1275 3774 codicibus
1303 3719 1563 3790 antiquis.

546 3787 925 3844 Persecutione.
960 3791 1057 3845 Hic
1103 3800 1320 3845 notatur
1371 3787 1607 3846 Novatus
1652 3802 1709 3846 ιιι
1757 3792 1862 3846 dux
1891 3801 1944 3845 et
1982 3807 2081 3848 an-

470 3860 786 3935 tesignanus
833 3863 1080 3918 factioois
1124 3863 1242 3930 ejus
1273 3904 1288 3927 ,
1331 3878 1490 3933 quam
1545 3863 1803 3918 adversus
1857 3863 2083 3935 Cypria-

471 3948 602 3986 num
629 3933 970 4006 concitarent
993 3935 1294 4006 presbyteri
1326 3935 1589 3999 nonunlli,
1618 3935 1687 3990 de
1715 3933 1914 4006 quibus
1937 3934 2077 3991 idem

470 4003 866 4071 praesulEpist.
894 4021 958 4069 x,
1012 4020 1106 4059 seu
1147 4003 1258 4068 ivi,
1320 4006 1390 4058 ita
1442 4003 1743 4075 loquitnra
1777 4005 1906 4061 Cum
1953 4024 2080 4073 quo-

463 4075 718 4149 rumdam
745 4076 1083 4130 immoderata
1103 4086 1148 4130 et
1189 4078 1404 4146 abrupta
1431 4079 1764 4149 praesumptio
1803 4079 2082 4133 temeritate

469 4161 576 4218 sua
601 4154 666 4218 et
691 4146 931 4201 honorem
958 4159 1262 4218 martyrum,
1288 4158 1333 4201 et
1358 4146 1707 4218 confessorum
1736 4149 1998 4217 pudorem,
2031 4160 2080 4204 et

471 4215 637 4290 plebis
661 4219 909 4272 universes
939 4215 1359 4290 tranquillitatem
1403 4215 1608 4272 turbare
1652 4215 1885 4280 conetur,
1916 4231 2080 4274 tacere

472 4287 613 4360 u_ltra
662 4305 764 4342 non
819 4287 1084 4360 Oportet...
1130 4290 1335 4360 quando
1362 4291 1523 4360 aliqui
1548 4291 1611 4345 de
1637 4290 1961 4360 presbyteris,
1988 4309 2078 4346 nec

471 4356 742 4426 Evangelii
774 4356 861 4414 nec
889 4362 985 4415 loci
1015 4363 1093 4414 sui
1119 4356 1580 4417 memores...'cum
1606 4356 1908 4416 contumelia
1937 4379 2078 4430 pra:-

473 4431 629 4505 positi
655 4439 814 4505 totum
837 4433 928 4505 sibi
957 4431 1449 4505 vindicent.Nempe
1471 4432 1548 4486 illi
1572 4433 1821 4505 Cypriani
1853 4435 2073 4488 ordina-

472 4500 610 4556 tioni
660 4502 1060 4558 intercedentes
1115 4514 1169 4558 et
1221 4500 1438 4575 ἰηνίόὶξο
1494 4500 1676 4560 beatos
1734 4506 2078 4575 exponebant

475 4583 771 4644 martyres,
803 4584 857 4628 et
883 4575 1130 4645 gloriosos
1167 4591 1334 4630 servos
1377 4574 1475 4629 Dei
1501 4592 1620 4630 cum
1661 4574 1942 4638 sacerdote,
1972 4576 2076 4632 hoc

473 4653 558 4698 est
575 4659 692 4698 cum
718 4647 966 4713 ipsomet,
985 4647 1463 4710 committebant,ac
1488 4647 1696 4715 plebem
1722 4649 1940 4702 turbare
1966 4664 2072 4704 non

473 4715 828 4789 desistebaut.
867 4717 1226 4789 Presbyteros
1249 4719 1369 4771 illos
1391 4718 1690 4789 Cyprianus
1702 4718 1874 4786 Epist.
1900 4735 1951 4772 vt
1975 4734 2072 4774 seu

471 4800 562 4840 nv
595 4786 834 4860 indicare
862 4788 1073 4842 videtur
1102 4788 1184 4842 his
1223 4790 1401 4844 verbis
1431 4786 1449 4842 Ξ
1476 4786 1564 4842 Ἁιί
1593 4791 1647 4843 id
1691 4791 1824 4859 quod
1851 4792 2069 4860 scripse-

469 4867 592 4930 runt
621 4859 745 4912 milii
774 4861 1164 4930 compresbyteri
1191 4861 1351 4914 nostri
1395 4860 1625 4915 Donatus
1655 4871 1702 4914 et
1735 4859 2064 4930 Fortunatus,

476 4927 708 5000 Novatus
734 4941 780 4984 et
809 4927 1053 4996 Gordius,
1083 4930 1224 4984 solus
1269 4932 1536 4985 rescribere
1587 4933 1716 4986 nihil
1766 4933 1924 5000 potui.
1962 4927 2070 4988 llos

471 4999 620 5074 enim
649 5016 675 5052 τι
706 5002 1032 5074 presbyteris
1062 5017 1123 5056 ac
1145 5001 1388 5074 diaconis
1415 5003 1546 5066 suis,
1573 5003 1636 5056 ad
1659 4999 1794 5072 quos
1821 5005 1918 5058 ista
1950 5004 2064 5059 elo-

471 5070 671 5143 quitur,
706 5070 980 5141 velnt'jam
1004 5083 1283 5143 separatos
1310 5073 1608 5140 distinguit.
1643 5070 1949 5130 COUSTAN'I‘.

497 5210 509 5222 .
548 5139 784 5194 Romam.
811 5139 1300 5222 Plerique—codices
1319 5139 1737 5222 habentliomw.
1764 5147 1933 5214 Quam
1958 5146 2068 5201 lec-

471 5215 705 5284 tionenr
725 5227 822 5284 ego
871 5225 1000 5284 puto
1040 5230 1163 5272 esse
1211 5218 1425 5271 bonam.
1470 5215 1609 5271 Nihil
1639 5227 1814 5272 tamen
1861 5227 2070 5274 mutare

472 5281 641 5334 volui.
673 5281 887 5339 Sufficit
914 5287 1044 5340 mihi
1087 5289 1158 5341 ita
1190 5287 1484 5343 monuisse.

541 5350 908 5434 Carthaginem
953 5358 1142 5434 Roma.
1170 5357 1440 5434 Carthago
1474 5361 1667 5434 utnulla
1701 5359 1886 5434 Romze
1929 5362 2070 5432 apud

472 5421 728 5505 Plinium,
741 5421 1452 5505 velleium,Pat_ercttlttui:et
1473 5431 1868 5505 Flornm,dives
1884 5421 2069 5505 onum,

473 5503 534 5547 ut
559 5495 935 5574 ait.V_irgilius.
955 5498 1310 5574 Herodianus,
1335 5501 1428 5574 lib.
1455 5517 1546 5568 vn,
1567 5503 1642 5557 ait
1671 5495 1814 5557 illam
1842 5495 2066 5572 opibus,

471 5565 657 5640 populi
677 5565 991 5640 frgqnentia.
1026 5572 1106 5624 vel
1131 5572 1493 5640 magnitudine
1513 5565 1714 5629 tantum
1737 5565 1922 5629 Romae
1939 5565 2070 5630 con;

471 5635 1108 5717 cederel'l‘ransmarinis
1137 5635 1309 5697 vicina
1342 5645 1647 5717 regionibus
1673 5646 1814 5714 apud
1848 5650 1910 5700 A.
1940 5647 2069 5702 Gel-

473 5707 604 5792 lium
628 5750 642 5773 ,
673 5709 765 5792 lib:
796 5724 853 5790 κ,
895 5725 1015 5792 cap.
1039 5713 1131 5792 εἶ,
1155 5725 1208 5769 et
1237 5707 1778 5792 apudﬁugnstinum
1813 5718 1864 5792 in
1894 5719 2070 5788 capite

469 5784 630 5835 tertio
685 5784 878 5852 prioris
927 5784 1168 5854 epistol:e
1228 5787 1294 5840 ad
1345 5784 1662 5857 Eleusium,
1717 5784 1974 5845 Clorittm~
2014 5800 2070 5846 et

2189 3663 2311 3702 nem
2345 3661 2599 3716 expressa
2627 3663 2748 3718 esse
2773 3650 2872 3701 Ista
2903 3648 3222 3718 Bueberiani
3244 3647 3472 3718 catalogi
3501 3667 3516 3700 :
3540 3648 3651 3703 Sub
3679 3649 3780 3717 epi-

2185 3728 2397 3788 scopatu
2442 3723 2554 3791 eius
2605 3717 2933 3791 (Cornelii)
2994 3716 3226 3772 Novatus
3296 3716 3779 3791 extrdﬂEccles‘am

2186 3791 2443 3844 ordinavit
2475 3789 2824 3844 Novatianum
2866 3789 2922 3843 in
2967 3791 3089 3845 urbe
3121 3791 3284 3845 Roma
3311 3807 3328 3845 :
3357 3801 3403 3843 et
3430 3789 3484 3844 Ν
3490 3791 3776 3845 icostratum

2185 3863 2238 3916 in
2267 3862 2464 3930 Africa,
2493 3861 2733 3932 adeoque
2763 3861 3112 3916 Nicostratum
3158 3861 3470 3916 Felicissimi
3506 3862 3626 3917 loco
3648 3861 3778 3916 hunc

2184 3933 2237 3986 in
2266 3933 2566 4003 catalogutn
2601 3934 2900 4000 irrepsisse.
2931 3934 3082 4000 Quod
3130 3935 3173 3988 si
3218 3934 3287 3987 ita
3333 3943 3435 3998 est,
3467 3934 3674 3989 nullum
3703 3943 3777 3988 cst

2187 4003 2590 4059 fundamentum
2617 4019 2825 4067 eorum.
2849 4007 2936 4074 qui
2969 4005 3326 4059 Nicostratum
3363 4006 3412 4058 in
3445 4004 3628 4060 Africa
3671 4005 3778 4074 epi-

2183 4089 2405 4143 scopum
2428 4075 2731 4130 ordinatum
2759 4091 2877 4130 esse
2899 4077 3244 4131 arbitranutr.
3265 4075 3777 4131 Cocsrasr.—Dia-

2182 4162 2363 4200 conum
2387 4151 2593 4218 fecerat.
2627 4147 2759 4201 Hinc
2787 4148 3001 4216 collegit
3032 4149 3290 4202 Baronins
3320 4146 3590 4202 Novatum
3623 4148 3774 4202 fuisse

2182 4219 2496 4288 episcopum
2539 4219 2588 4270 iu
2624 4218 2820 4273 Africa.
2850 4220 3022 4288 Quam
3053 4220 3358 4286 opinionem
3390 4220 3672 4287 amplexus
3700 4229 3776 4273 est

2182 4287 2434 4359 Petavius
2463 4289 2529 4344 ad
2559 4287 2937 4359 Epiphaninm.
2965 4293 3026 4344 Et
3050 4301 3227 4346 tamen
3271 4291 3357 4345 illa
3383 4307 3506 4344 vera
3541 4307 3646 4345 non
3677 4301 3770 4344 est.

2185 4358 2374 4432 fuisse
2404 4361 2544 4414 enim
2589 4358 2956 4432 presbyterum
2987 4372 3190 4417 tantum
3225 4363 3390 4431 liquet
3415 4376 3480 4415 ex
3513 4363 3772 4424 Chronico

2182 4429 2421 4503 Eusebii,
2455 4447 2518 4486 ex
2559 4432 2695 4486 libro
2726 4429 3033 4503 Hieronymi
3063 4435 3128 4488 de
3181 4429 3323 4488 Viris
3369 4434 3684 4497 illustribus,
3711 4448 3768 4486 ex

2181 4502 2315 4556 libro
2333 4501 2621 4559 Gestorum
2643 4501 3048 4573 pontilicalium,
3077 4516 3131 4560 et
3147 4517 3212 4559 ex
3235 4505 3456 4573 epistola
3483 4521 3539 4559 ιιι
3565 4504 3770 4558 Paciani

2179 4573 2262 4647 ad!
2285 4573 2796 4647 Sympbroniannm.
2846 4575 3018 4630 lmmo
3047 4592 3113 4631 ex
3154 4576 3252 4630 ista
3284 4591 3499 4646 quoque
3525 4575 3769 4647 Cypriani

2178 4645 2400 4718 epistola
2433 4646 2702 4714 colligitur
2737 4647 2884 4701 illum
2937 4647 3100 4703 fuisse
3129 4645 3334 4702 tantum
3383 4645 3767 4718 presbyterum.

2180 4715 2501 4790 Euitantem
2529 4719 2811 4790 presbyter
2833 4719 3087 4790 Ecclesia:
3109 4718 3393 4774 Africaine.
3416 4715 3568 4784 Quod
3600 4727 3768 4772 autem

2177 4788 2251 4842 ait
2279 4787 2752 4860 Cyprianusjllntn
2781 4805 2874 4842 sua
2905 4789 3131 4845 factione
3181 4799 3234 4843 et
3275 4790 3568 4845 ambitione
3594 4790 3770 4844 diaco-

2178 4874 2304 4913 num
2331 4859 2530 4916 fecisse
2571 4859 2982 4926 Felicissimnm,
3015 4861 3151 4916 istud
3186 4875 3290 4915 non
3319 4872 3400 4914 est
3446 4862 3514 4915 ita
3571 4860 3768 4916 intelli-

2176 4931 2410 5000 gendum
2443 4941 2498 4985 ut
2546 4932 2826 4986 ordinatus
2869 4933 3127 4988 diaconus
3154 4943 3440 4988 censeatur
3472 4947 3502 4986 a
3547 4931 3766 4994 Novato.

2176 5002 2271 5072 sed
2320 5002 2444 5070 quia
2490 5004 2719 5058 factione
2773 5003 3117 5072 perditissimi
3181 5004 3414 5059 hominis
3453 5005 3768 5058 constitutus

2181 5071 2280 5128 fuit
2320 5074 2372 5128 in
2403 5074 2568 5145 gradu
2603 5071 2856 5145 diaconii,
2887 5078 2961 5129 uti
2986 5075 3094 5144 jam
3125 5074 3362 5130 diximus
3386 5076 3451 5129 ad
3491 5074 3765 5145 epistolam

2174 5159 2285 5218 xu,
2312 5141 2439 5218 pag.
2471 5141 3022 5218 4§O.—Hippolytutit
3073 5156 3363 5218 martyrem
3422 5141 3760 5218 invenioad-

2167 5216 2415 5287 jnnxisse
2443 5231 2500 5269 se
2527 5216 2753 5283 Novato,
2795 5216 2888 5272 sed
2923 5226 3104 5287 postea
3134 5216 3226 5271 abi
3255 5217 3444 5272 eodem
3491 5217 3763 5272 transiisse

2173 5286 2241 5343 ad
2271 5287 2592 5344 Ecclesium.
2621 5288 2709 5343 Sic
2734 5289 2874 5343 enim
2905 5286 2973 5344 de
2993 5303 3058 5344 eo
3079 5289 3265 5344 scribit
3293 5289 3614 5344 Prudentius
3646 5309 3659 5344 :

2302 5379 2506 5442 Invenio
2531 5377 2862 5441 Hippolytum,
2889 5380 2974 5442 qui
2997 5378 3238 5441 quondam
3272 5379 3480 5429 schisma
3504 5377 3674 5429 Novati

2365 5441 2631 5505 Presbyter
2655 5441 3097 5502 attigerat,’nostra
3119 5441 3379 5505 sequendo
3405 5453 3611 5504 negans,

2304 5502 2474 5567 lisque
2497 5502 2556 5567 ad
2580 5505 2792 5566 martyrii
2822 5511 3106 5567 provectum
3136 5502 3327 5567 insigne
3349 5502 3520 5555 tulisse

2370 5566 2554 5616 Lucida
2576 5566 2834 5628 sanguinei
2863 5570 3060 5631 praemia
3080 5566 3323 5630 supplicii.
3521 5571 3536 5576 ‘

2173 5649 2252 5705 De
2281 5649 2566 5722 Hippolyto
2612 5650 2734 5722 vide
2751 5650 3051 5722 ,Baronium
3081 5651 3147 5705 ad
3175 5651 3316 5706 diem
3362 5650 3432 5706 50
3455 5650 3679 5722 januarii
3707 5659 3758 5706 et

2171 5723 2224 5776 in
2249 5721 2545 5776 Annalibus
2569 5721 2969 5778 ecclesiasticis.

2242 5793 2564 5850 Conscientia
2589 5794 2720 5866 ipsa.
2735 5792 2960 5861 Seneca,
2983 5793 3155 5866 Epist.
3180 5795 3345 5852 xcvit.
3365 5793 3642 5866 PrOprium
3661 5809 3751 5848 no-
