4068 6324
520 297 619 355 751
1494 290 1930 348 ROMANORUM
1972 284 2391 347 PONTIFICUM
2433 289 2816 349 EPISTOLE.
3699 295 3793 353 73%

519 410 662 467 latus
681 410 905 483 fugiant,
924 421 979 467 ut
996 409 1223 467 lethales
1245 409 1468 480 laqueos
1494 407 1833 465 sollicitantis
1856 407 2106 475 evadant,
2140 408 2190 468 Α
2215 406 2358 477 quod
2389 407 2470 463 sic
2496 406 2735 464 Ecclesia
2766 406 3024 464 divinitus
3049 417 3378 482 protegatur,
3409 416 3469 466 ut
3490 412 3663 467 unitas
3690 413 3793 483 ejus

521 517 580 563 ut
610 506 675 562 de
720 522 821 577 qua
853 505 942 562 ille
983 505 1106 576 pelli
1155 504 1410 559 divinitus
1451 500 1665 561 meruit.
1699 501 1994 557 Eetlcsiam
2025 517 2108 556 re‘

521 606 879 671 petant,quos
901 599 1137 669 quidem,
1158 595 1714 678 Domino‘adjuvantc,
1752 608 1845 665 per
1867 597 1983 663 ejus
2014 593 2115 647 uti.

523 691 874 747 serlcordiam
908 689 1114 761 regredi
1149 705 1306 761 posse
1353 688 1675 743 confidimus
1708 704 1721 740 :
1754 702 1929 757 neque
1973 685 2116 741 enim

521 796 699 857 pOtest
721 786 914 857 perire,
947 785 1046 839 nisi
1081 799 1238 851 quem
1263 789 1470 837 constat
1499 797 1617 836 esse
1647 781 1963 849 periturum,
1993 795 2115 833 cum

525 878 784 933 Dominus
832 877 884 932 in
928 875 1221 946 Evangelio
1251 891 1349 930 suo
1374 874 1560 929 dicat:
1612 874 1792 927 Omnis
1843 872 2117 941 plantatio,

520 986 673 1039 quam
719 985 820 1025 non
853 968 1100 1041 plantavit
1136 966 1296 1023 Pater
1326 985 1467 1022 meus
1503 968 1737 1031 ctzlestis,
1780 968 2121 1020 eradieabitur

522 1063 767 1137 (Matth,
792 1076 880 1130 xv,
912 1063 1028 1133 15).
1056 1060 1159 1130 Qui
1194 1063 1460 1132 plantatus
1502 1078 1608 1115 non
1649 1070 1731 1114 est
1754 1061 1806 1113 iu
1840 1057 2122 1129 praecepiS

523 1157 618 1213 Dei
651 1158 819 1228 patris
849 1167 904 1214 et
952 1157 1191 1224 monitis,
1226 1157 1373 1212 solus
1418 1157 1617 1228 poterit
1662 1155 1730 1210 de.
1762 1154 1999 1210 Ecclesia
2035 1155 2120 1209 illa

422 1308 429 1314 ,
521 1249 824 1317 discedere,
858 1250 1008 1305 solus
1047 1249 1316 1320 episcopis
1344 1248 1619 1304 derelictis
1655 1263 1778 1303 cum
1825 1244 2122 1302 schismatl~

520 1343 601 1401 eis
621 1352 675 1399 et
704 1344 976 1400 han-elicis
996 1342 1049 1397 in
1076 1343 1257 1399 furore
1288 1358 1589 1399 remanere.
1614 1341 1852 1397 Czeteros
1875 1354 2001 1397 vero
2027 1356 2124 1395 no-

521 1435 728 1492 biscum
766 1435 1026 1491 adunabit
1076 1434 1171 1490 Dei
1201 1433 1377 1490 Patris
1406 1432 1792 1497 misericordia,
1822 1441 1876 1488 et
1921 1432 2123 1488 Christi

525 1528 741 1583 Domini
772 1530 939 1583 nostri
972 1528 1324 1600 indulgentia,
1352 1539 1407 1585 et
1445 1537 1629 1584 nostra
1679 1528 1953 1597 patientia.
1983 1527 2124 1598 Opto

524 1629 594 1688 te,
628 1620 794 1678 frater
824 1620 1162 1690 charissime,
1186 1635 1401 1691 semper
1426 1622 1561 1676 bene
1586 1619 1788 1676 valere.

1084 1756 1418 1813 EPISTOLA
1462 1755 1598 1812 VIII.

521 1887 935 1955 (Erasmghlﬁ;
963 1888 1150 1955 Pamel.
1176 1889 1359 1952 Rigalt.
1396 1889 1563 1955 Baluz.
1598 1905 1756 1955 spvit,
1793 1889 1951 1955 Oxon.
1982 1889 2124 1955 ,Lips.

645 1966 706 2002 ιι.
726 1951 884 2003 Paris.
912 1967 1038 2003 XLVI.
1066 1951 1317 2005 Constant.
1344 1968 1378 2014 ι,
1398 1954 1508 2003 145.
1536 1953 1754 2004 Galland.
1780 1960 1851 2013 Ill,
1870 1951 2006 2016 510.)

521 2095 570 2138 8.
615 2095 860 2138 CYPIUANI
914 2098 1369 2147 CARTHAGINENSIS
1416 2098 1649 2141 EPISCOPI
1704 2100 1772 2139 AD
1822 2098 2123 2139 εοιιΝειιωι

1197 2192 1371 2235 ΡΛΡΑΙ
1381 2215 1394 2229 .

520 2309 599 2365 De
613 2308 973 2383 Confessorum
1000 2312 1068 2366 ad
1094 2311 1377 2368 Ecclesium
1404 2314 1569 2376 reditu
1592 2314 1902 2385 gratulatur.
1937 2313 2119 2382 Quan-

694 2413 798 2458 tum
821 2404 864 2458 is
889 2403 1083 2458 reditus
1114 2402 1358 2459 Ecclesiae
1384 2404 1652 2460 catholica:
1682 2406 1934 2476 conferat.

756 2554 1043 2595 CYPRIANUS
1082 2554 1344 2596 CORNELIO
1392 2556 1586 2598 FRATRI
1627 2555 1890 2598 διιυτεκ.

589 2676 633 2730 ἰ.
649 2676 717 2732 Et
740 2677 917 2747 egisse
936 2691 1033 2733 nos
1055 2685 1108 2731 et
1124 2691 1303 2746 agere,
1322 2677 1488 2732 frater
1500 2677 1841 2745 eharissime,
1858 2680 2120 2737 maximas

518 2768 719 2839 gratias
737 2767 853 2824 sine
881 2770 1183 2824 cessatione
1209 2770 1523 2838 profitemur
1557 2771 1665 2825 Deo
1695 2771 1840 2826 Patri
1871 2773 2118 2844 omnipo-

520 2861 652 2921 tenti
675 2870 729 2918 et
752 2860 965 2933 Christo
984 2862 1101 2933 ejus
1121 2862 1346 2920 Domino
1367 2873 1419 2920 et
1444 2860 1555 2920 Deo
1584 2874 1768 2921 nostro
1787 2866 2038 2922 salvatori
2065 2876 2115 2936 ο,

2221 512 2274 556 et
2324 503 2579 556 sanctitas
2612 518 2717 558 non
2758 501 2786 541 ιι
2814 503 3033 575 jugiter,
3068 519 3167 560 nec
3207 505 3261 560 in
3291 512 3463 561 totum
3497 507 3721 577 perfidia:
3750 519 3796 565 et

2222 588 2489 648 haereticus
2541 596 2817 664 pravitatis
2864 597 3224 653 obstinatione
3266 599 3798 671 vitletttrc.Legimus

2222 684 2366 739 enim
2415 685 2621 741 litteras
2665 697 2875 742 vestras
2903 729 2916 753 ,
2951 696 3005 743 et
3043 690 3152 744 voti
3201 691 3506 746 communis
3553 693 3799 763 amplissi-

2222 794 2368 833 mum
2425 779 2676 849 gaudium
2749 781 3082 837 exsultanter
3125 784 3436 854 excepimus
3469 826 3485 852 ,
3534 783 3799 841 Maximum

2224 872 2601 944 presbyterum
2649 881 2701 928 et
2732 873 3007 929 Urbanum
3046 874 3390 932 ‘confessores
3430 892 3553 933 eum
3603 877 3801 935 Sidonio

2224 974 2277 1020 et
2307 965 2536 1021 Macario
2579 965 2646 1021 ad
2682 967 2973 1023 Ecclesium
3000 967 3335 1024 Catholicam
3372 985 3653 1042 regressos
3679 986 3800 1037 esse,

2224 1057 2276 1112 id
2296 1069 2377 1113 est
2414 1074 2600 1113 errore
2624 1059 2893 1130 deposito,
2924 1069 2979 1116 et
2999 1061 3364 1130 scltismatico,
3382 1063 3557 1119 immo
3574 1063 3641 1118 ba
3658 1064 3803 1120 retice

2225 1149 2408 1205 furore
2440 1149 2674 1215 deserto,
2709 1152 2929 1207 unitatis
2968 1168 3031 1209 ac
3053 1155 3294 1209 veritatis
3319 1153 3652 1210 domicilium
3679 1154 3805 1211 fideli

2226 1243 2454 1297 sanitate
2482 1227 2746 1313 repetisse
2777 1260 2791 1310 ;
2824 1255 2879 1298 ut
2907 1243 3047 1301 unde
3077 1245 3141 1301 ad
3173 1246 3397 1317 gloriam
3426 1257 3803 1319 processerant,

2227 1336 2353 1391 illuc
2399 1337 2618 1407 gloriosi
2677 1337 2950 1406 redirent;
3006 1356 3074 1395 ne
3126 1339 3219 1412 qui
3265 1339 3544 1397 Christum
3592 1341 3806 1398 confessi

2227 1438 2452 1495 essent,
2504 1429 2707 1485 Christi
2760 1431 3101 1500 posltuodum
3141 1443 3313 1489 castra
3358 1433 3694 1501 desererent,
3724 1450 3808 1491 nec

2229 1529 2501 1577 tentarent
2532 1520 2810 1577 charitatis
2838 1533 2997 1594 atque
3024 1523 3243 1579 unitatis
3271 1524 3567 1594 fidem,qui
3596 1527 3715 1581 victi
3736 1541 3809 1581 ro—

2229 1612 2360 1668 bore
2391 1623 2444 1671 et
2481 1615 2675 1670 virtute
2716 1631 2821 1669 non
2855 1616 3087 1671 fuerant.
3116 1615 3260 1671 Ecce
3298 1618 3593 1674 incolumis
3629 1626 3683 1673 et
3724 1618 3810 1672 itu-

2234 1705 2502 1761 maculata
2531 1703 2703 1761 laudis
2733 1706 3032 1777 integritas,
3068 1720 3195 1763 ecce
3238 1706 3553 1781 incorrupta
3582 1714 3635 1765 et
3659 1701 3809 1765 solida

2150 1816 2198 1879 Β
2225 1798 2595 1853 conﬁtentium
2623 1798 2874 1868 dignitas,
2897 1814 2927 1853 a
2954 1799 3321 1856 desertoribus
3367 1812 3423 1856 et
3454 1800 3693 1873 profugis
3733 1816 3824 1857 rem

2229 1891 2480 1955 cessisse,
2506 1891 2808 1961 proditores
2835 1891 2958 1947 fidei
2983 1902 3039 1947 et
3064 1892 3321 1948 Ecclesiae
3339 1893 3810 1964 Catholiczeimpu-

2230 1998 2480 2055 gnatores
2508 1985 2810 2056 reliquisse.
2841 1984 3030 2041 Merito
3072 1987 3192 2041 illos
3229 1996 3573 2042 revertentes
3598 2000 3807 2053 summo,

2229 2086 2287 2133 ut
2316 2078 2572 2146 scribitis,
2603 2077 2798 2149 gaudio
2838 2088 2887 2132 et
2917 2078 3093 2134 clerus
3124 2086 3178 2133 et
3204 2078 3354 2149 plebs
3380 2074 3409 2116 ἀ
3439 2089 3496 2135 et
3526 2076 3811 2135 fraternitas

2227 2170 2403 2226 omnis
2417 2170 2657 2241 excepit:
2680 2172 2930 2241 quoniam
2953 2171 3003 2225 in
3021 2170 3424 2227 coufessdribus
3437 2171 3663 2242 gloriam
3677 2185 3810 2226 suam

2224 2261 2700 2327 conservautibus,
2729 2270 2784 2317 et
2827 2261 2892 2315 ad
2935 2262 3192 2317 unitatem
3224 2263 3646 2327 revertentibus,
3672 2276 3812 2317 nemo

2226 2373 2332 2413 non
2365 2359 2568 2413 socium
2596 2373 2651 2415 se
2676 2368 2727 2414 et
2759 2358 3071 2431 participem
3096 2375 3282 2416 eorum
3310 2357 3499 2433 gloriae
3529 2364 3809 2432 computat.

2296 2450 2361 2509 ll.
2386 2450 2554 2521 Hujus
2571 2451 2677 2507 diei
2696 2451 2932 2507 hetitiam
2957 2454 3024 2508 de
3046 2452 3242 2509 nostris
3266 2470 3559 2524 possumus
3584 2457 3811 2513 sensibus

2222 2544 2509 2599 testitnare.
2539 2544 2671 2599 Nam
2693 2559 2814 2599 eum
2838 2545 2957 2600 istie
2980 2545 3046 2600 ad
3082 2546 3291 2603 litteras
3320 2556 3554 2614 vestras,
3583 2563 3713 2620 quas
3742 2548 3803 2605 de

2226 2652 2410 2692 eorum
2439 2636 2780 2693 confessione
2798 2636 3038 2707 misisds,
3066 2638 3274 2696 laetatus
3295 2641 3365 2697 sit
3394 2642 3578 2698 omnis
3599 2643 3803 2698 fratrum

2224 2744 2503 2797 numerus,
2533 2739 2588 2785 et
2636 2746 2842 2785 summa
2872 2730 3151 2788 alacritate
3180 2730 3325 2789 hunc
3381 2736 3633 2793 nuntium
3668 2750 3804 2797 com-

2220 2824 2398 2881 munis
2421 2823 2792 2896 gratulationis
2819 2826 3123 2895 exceperit;
3152 2826 3282 2898 quid
3307 2827 3439 2895 illic,
3472 2830 3564 2887 ubi
3592 2844 3679 2886 res
3710 2829 3809 2900 ipsa

1752 2982 2135 3043 LECTIONES
2175 2983 2581 3045 VARIANTES.

584 3096 609 3164 ξ
632 3094 739 3164 §ic.
766 3098 901 3164 Lam.
929 3098 1040 3149 ΝΟ.
1068 3100 1112 3148 1.
1131 3097 1285 3164 Ebur.
1312 3099 1438 3164 Bird.
1463 3098 1512 3150 2.
1538 3097 1768 3161 Salutari,
1796 3099 1930 3164 Imp.

486 3194 494 3201 .
580 3156 609 3197 δ
632 3159 739 3210 Non
762 3160 1082 3224 disjungatut‘,
1114 3159 1238 3214 Bod.
1267 3164 1311 3212 1.
1340 3159 1447 3214 Litt.

2291 3101 2314 3130 ο
2342 3096 2584 3153 Violetnr,
2613 3099 2754 3148 Pem.
2784 3097 2905 3147 Ben.
2936 3098 3067 3153 Lam.
3096 3094 3244 3151 Ebur.
3272 3097 3379 3151 NG.
3413 3099 3458 3150 1.

2291 3159 2317 3200 d
2343 3133 3046 3223 ῥὶἒὶὺέ“ζ’ἣει⁴ἱὲὗὶἰιέεῗ”ὁο”γῖι’ἱξξ

1857 3289 2219 3350 VARIORUM
2257 3289 2486 3347 NOTAE.

593 3427 775 3485 EPIST.
801 3428 1014 3487 Vill.—
1038 3429 1075 3486 l.
1109 3430 1386 3487 Saluatori.
1413 3431 1488 3485 Ita
1522 3446 1619 3485 nos
1647 3432 2003 3501 reposuimus,
2027 3448 2112 3487 se-
2137 3430 2182 3493 C
2218 3423 2453 3501 indigna.
2478 3428 2585 3485 Nec
2610 3429 2713 3484 dici
2746 3440 2919 3499 potest
2968 3431 3139 3487 bonos
3165 3430 3289 3488 illos
3316 3433 3660 3490 confessores
3686 3433 3808 3488 circa

519 3501 627 3554 cuti
655 3502 1028 3556 auctoritatem
1057 3503 1410 3572 quorumdam
1444 3513 1685 3557 veterum
1724 3503 2110 3572 exemplarium

518 3579 573 3643 et
592 3571 841 3627 editionis
875 3571 1199 3644 Anglicanre.
1222 3576 1273 3628 in
1308 3591 1409 3643 qua
1442 3574 1753 3628 adnotatum
1785 3583 1868 3629 est
1886 3571 2116 3643 quatuor

518 3658 731 3715 quoque
758 3644 975 3699 codices
1008 3647 1329 3715 Anglicanus
1360 3661 1479 3701 eam
1515 3647 1798 3701 lectionem
1826 3646 2108 3714 praeferre.

516 3713 657 3768 Alibi
692 3715 883 3785 legitur
906 3713 1142 3773 salutari.
1176 3717 1375 3772 flawz.

592 3784 713 3839 Non
742 3784 947 3860 iugiter.
970 3789 1082 3842 Duo
1106 3798 1232 3844 mss.
1266 3788 1473 3860 Anglic.
1503 3806 1604 3843 non
1632 3791 1978 3860 disjungutur.
2005 3790 2115 3844 Rc-

514 3857 654 3912 ctius
685 3859 775 3931 alii
826 3860 967 3923 libri,
1009 3876 1107 3914 non
1153 3857 1369 3931 jugiter.
1398 3859 1528 3914 Nam
1557 3857 1820 3916 unitatem
1845 3861 2021 3928 aliqua
2049 3877 2120 3916 ex

516 3941 668 3999 parte
708 3930 1031 3999 tlisjuuclatn
1068 3930 1197 3987 tunc
1220 3932 1382 3986 fuisse
1423 3946 1617 3999 negare
1645 3934 1849 4002 nequit.
1881 3931 1995 3986 Mox
2026 3933 2117 3989 alii

513 4002 749 4071 quinque
782 4017 910 4055 mss.
943 4004 1175 4061 violetur.
1207 4003 1327 4057 loco
1375 4004 1529 4059 verbi
1552 4004 1777 4058 vitietur.
1803 4002 2116 4061 Cousraur.

598 4070 833 4128 Vitiatur.
876 4074 1170 4129 Fatendum
1204 4083 1287 4129 est
1325 4089 1512 4129 omnes
1551 4075 1660 4129 fere
1711 4076 1878 4129 libros
1907 4085 2118 4130 veteres

516 4141 717 4197 habere
746 4145 941 4199 videtur
973 4147 1055 4200 vel
1087 4148 1285 4201 vitetur.
1308 4146 1490 4201 Editio
1515 4146 1759 4211 Morcllii,
1791 4147 1958 4200 codex
1978 4146 2117 4201 Gra-

516 4215 949 4283 tianupolitanus,
986 4226 1041 4270 et
1070 4234 1207 4271 unus
1239 4232 1392 4272 mens
1447 4218 1739 4284 pra-ferunt
1771 4218 2005 4272 violetur.
2044 4218 2117 4272 Ita

515 4285 678 4410 etiam
708 4287 986 4411 stlalegissc
1017 4290 1067 4344 in
1097 4291 1331 4361 quinque
1361 4291 1637 4345 codicibus
1659 4290 1894 4360 antiquis
1920 4298 2120 4344 testanc

517 4366 601 4410 lttr
679 4374 745 4411 ne
773 4377 806 4411 ι.

517 4366 601 4410 lnr
631 4359 806 4423 Angli.

591 4427 762 4501 Fideli
791 4433 1030 4485 sanitate.
1065 4432 1314 4501 Antiqua)
1369 4432 1634 4487 editiones
1661 4440 1717 4486 et
1745 4432 1850 4485 duo
1875 4431 1994 4486 libri
2024 4446 2116 4484 ve-

517 4507 660 4555 teres
688 4500 886 4555 habent
913 4504 1034 4571 ]ide.
1056 4505 1161 4558 Sed
1189 4500 1376 4567 omnes
1401 4506 1486 4558 alii
1519 4506 1715 4558 habent
1736 4503 1894 4566 litlcli.
1919 4502 2119 4570 Quam-

514 4571 596 4624 vis
627 4588 756 4639 ergo
808 4585 1035 4644 utraque
1082 4576 1240 4629 lectio
1270 4578 1559 4631 constituat
1596 4574 1845 4630 eutudcm
1874 4590 2115 4640 sensum,

515 4658 614 4712 ego
649 4654 823 4698 tamen
849 4661 966 4719 eam
1011 4646 1237 4714 praefero
1268 4663 1387 4719 qua:
1413 4648 1646 4718 plurium
1677 4656 1916 4702 veterum
1948 4645 2118 4701 libro-

516 4729 633 4768 rum
667 4718 988 4772 auctoritate
1015 4719 1217 4771 nititur.

589 4787 669 4840 Ad
722 4788 958 4859 gloriam.
1010 4791 1210 4857 Supple
1277 4788 1673 4855 confessionis;
1723 4788 1863 4857 quod
1900 4787 2114 4858 quidem

516 4860 836 4925 exprimitur
868 4862 920 4915 in
978 4860 1059 4914 his
1109 4861 1321 4932 ejudem
1355 4862 1602 4932 Cypriani
1660 4862 1819 4930 epist.
1856 4877 1975 4915 κων
2019 4876 2115 4915 seu

517 4944 638 4982 XLVI
667 4932 732 4983 ad
766 4932 1020 5000 ipsosmet
1043 4931 1382 4987 confessores
1401 4931 1419 4984 ξ
1446 4933 1526 4984 Ad
1555 4942 1764 4987 matrem
1794 4933 2116 4986 revertatnini

517 5000 651 5075 unde
677 5001 960 5069 prodiistis,
984 5004 1116 5055 unde
1137 5003 1203 5055 ad
1230 5004 1566 5072 confessionis
1593 5003 1812 5075 gloriam
1841 5020 1957 5057 cum
1982 5010 2114 5074 ejus-

519 5070 632 5123 dent
660 5074 838 5127 matris
867 5076 1204 5129 exsultatione
1231 5070 1450 5128 uenistis.

598 5140 705 5195 Nec
734 5153 1005 5200 tentarent.
1046 5145 1299 5202 Undecim
1331 5145 1449 5199 libri
1484 5144 1648 5199 nostri
1680 5156 1733 5199 et
1777 5156 1980 5214 septem
2009 5145 2119 5199 Att-

519 5212 710 5280 glicani
747 5216 1055 5284 praeierunt,
1086 5216 1527 5271 Nectctttarcutur
1547 5217 1810 5270 clmrilatis
1839 5212 2118 5283 atquettnic

522 5287 638 5339 tatis
670 5286 791 5354 fide.
825 5287 982 5342 Liber
1015 5304 1166 5342 meus
1200 5298 1371 5353 vetns,
1404 5306 1491 5341 nec
1520 5296 1794 5343 tentaretur
1824 5292 1874 5342 in
1898 5290 1967 5340 eis
1997 5290 2123 5341 cha-

520 5357 689 5480 i'itatis
715 5368 863 5426 atque
895 5361 1101 5415 unitatis
1127 5361 1248 5429 fide.
1279 5359 1410 5429 Qun:
1436 5361 1595 5415 lectio
1625 5361 1835 5415 videtur
1856 5376 1975 5415 esse
2006 5375 2121 5414 tne-

543 5442 644 5480 ιον.
1967 5457 1970 5461 ~

543 5442 644 5480 lOl'.
1967 5457 1970 5461 .

596 5496 896 5575 Cltaritatis.
937 5500 994 5555 in
1044 5501 1217 5557 Ox0n.
1269 5504 1398 5558 edit.
1453 5511 1602 5575 atque
1649 5503 1872 5557 veritatis
1916 5503 2126 5575 ﬁdem:

523 5570 788 5640 simulque
812 5583 1121 5637 annutatur,
1142 5584 1263 5629 octo
1285 5590 1412 5628 mss.
1437 5570 1554 5629 cuiu
1586 5573 2123 5640 Manutioexhibere,

523 5657 616 5715 nec
639 5652 955 5715 tentarcnlur
980 5646 1244 5699 cltaritttlis
1263 5656 1412 5715 atque
1434 5647 1643 5700 unitatis
1669 5646 1786 5713 ﬁde.
1819 5645 1985 5699 llahet
2009 5642 2128 5714 qui-

526 5712 650 5785 dem
680 5714 1113 5784 cotupendiensis
1136 5732 1238 5770 ms.
1258 5712 1589 5780 lentaren'ur,
1609 5712 1700 5770 sed
1722 5718 1915 5771 retinet
1945 5712 2118 5785 ﬁdem.

530 5784 745 5843 Utravis
776 5800 904 5842 mss.
933 5787 1143 5841 illorum
1175 5787 1331 5843 lectio
1360 5789 1583 5845 barbara
1616 5797 1669 5844 et
1696 5784 1953 5860 Cypriani
1980 5787 2123 5859 style

2145 4832 2195 4892 D

2224 3502 2382 3576 fidem
2430 3510 2485 3556 et
2527 3501 2791 3556 unitatem
2854 3504 3025 3558 Solum
3061 3511 3315 3571 tentatos,
3339 3520 3479 3576 quos
3527 3505 3596 3560 ab
3626 3507 3807 3576 unitate

2223 3574 2480 3629 abductos
2508 3583 2667 3644 atque
2716 3576 2922 3629 Iiwresis
2981 3585 3209 3629 auctores
3267 3572 3544 3632 exstitisse
3599 3572 3808 3631 constal.

2225 3645 2395 3714 Quam
2426 3645 2495 3718 ob
2524 3658 2740 3699 causam
2775 3661 2879 3718 non
2928 3647 3125 3718 placet,
3157 3664 3248 3701 nec
3291 3659 3522 3718 tepercnt
3570 3647 3810 3702 chariton":

2221 3717 2606 3789 atqueunitatis
2636 3718 2757 3785 fide.
2789 3715 2941 3789 Quod
2979 3718 3245 3773 Pamelins
3300 3715 3352 3773 in
3399 3735 3507 3774 ms.
3543 3719 3808 3775 Cambrun.

2222 3787 2513 3843 offendisse
2534 3804 2592 3860 se
2618 3799 2818 3843 monet.
2848 3787 3064 3843 Illorum
3091 3791 3287 3860 quippe
3308 3792 3679 3860 confessorutn
3698 3788 3810 3860 fides

2224 3861 2398 3929 potius
2440 3859 2723 3924 exstincta,
2755 3874 2912 3931 quam
2968 3858 3143 3930 tepida
3188 3858 3502 3917 ridi-batur.
3549 3858 3688 3916 idem
3741 3858 3811 3912 vlr

2223 3931 2465 3985 eruditus
2514 3945 2632 3984 cum
2655 4003 2663 4005 _
2683 3939 2914 4005 quatuor
2944 3948 3074 3987 mss.
3103 3941 3157 3986 et
3193 3934 3404 4005 caeteris
3435 3933 3566 3988 edit.
3591 3931 3806 4005 perfert,

2222 4016 2313 4055 nec
2343 4012 2589 4057 tentarent
2617 4003 2880 4057 charitatis
2907 4014 3059 4070 atque
3079 4004 3288 4056 unitatis
3304 4002 3460 4073 'ﬁdem
3480 4021 3501 4067 ;
3523 4002 3694 4074 ibique
3711 4014 3810 4055 ver-

2222 4074 2346 4128 bum
2374 4084 2572 4148 lentare
2606 4090 2700 4141 pro
2730 4074 3001 4148 explorare
3025 4076 3298 4148 autetiam
3327 4092 3423 4145 pro
3453 4077 3638 4148 infesta
3662 4076 3808 4148 animo

2223 4145 2435 4216 aggredi
2463 4145 2693 4216 positum
2724 4145 3035 4200 arbitratur.
3063 4146 3371 4201 Lectionem
3405 4145 3684 4202 servantes
3706 4145 3807 4216 pht-

2224 4212 2361 4270 ritim
2383 4212 2625 4270 codicum
2649 4233 2742 4271 seu
2783 4219 3103 4285 scriptorum
3138 4233 3231 4272 seu
3256 4233 3581 4273 excusorum
3600 4212 3808 4271 auctori-

2226 4297 2336 4341 tate
2362 4287 2571 4350 fultam,
2591 4289 3089 4358 interpretatitmem
3117 4288 3232 4357 ejus
3261 4289 3479 4343 minime
3506 4290 3800 4358 probamus;

2223 4373 2343 4431 cum
2369 4358 2568 4413 idcirco
2600 4354 2779 4428 potius
2825 4369 3071 4413 tentarent
3101 4354 3400 4431 Cyprianus
3432 4354 3649 4426 dixerit,
3680 4354 3803 4428 quod

2226 4429 2348 4484 fidei
2397 4430 2613 4484 unitatis
2641 4431 2921 4485 tentatiuni
2956 4439 3011 4484 et
3040 4429 3366 4486 offendiculo
3392 4440 3599 4497 essent,
3631 4438 3801 4498 quate-

2225 4517 2326 4555 nus
2357 4516 2542 4556 eorum
2590 4503 2839 4572 exemplo
2886 4501 3236 4557 abuterentur
3281 4504 3592 4557 scltismatis
3638 4499 3799 4572 duces,

2225 4581 2282 4625 ut
2309 4572 2493 4627 fideles
2520 4570 2935 4631 abducereutah
2959 4573 3183 4636 unitate,
3214 4589 3278 4627 ac
3302 4574 3558 4630 seductos
3581 4574 3629 4627 in
3652 4570 3803 4626 schis-

2223 4654 2367 4698 mate
2393 4644 2699 4699 detinerent
2735 4663 2749 4700 :
2789 4644 2910 4714 quia
2963 4645 3215 4703 nimirum
3248 4646 3299 4699 in
3332 4648 3641 4707 schismate,
3666 4650 3713 4695 ut
3736 4641 3803 4714 ing

2224 4714 2302 4788 ira
2332 4717 2644 4785 expmtitur,
2661 4715 2757 4768 sibi
2783 4710 3291 4788 communicationem
3317 4719 3667 4788 confessorunt
3682 4710 3801 4780 sequi

2224 4787 2825 4861 uiderentur._Quocirca
2853 4786 3153 4861 Cyprianus
3182 4786 3425 4861 epist.'t.t
3447 4788 3625 4861 εθιιῶ
3646 4794 3802 4861 gratil-

2223 4858 2384 4921 Iatnr,
2416 4859 2556 4927 quod
2583 4874 2672 4912 nec
2700 4858 3011 4927 confesiot'es
3026 4859 3214 4912 Christi
3239 4862 3424 4914 erroris
3445 4860 3598 4914 duces
3624 4858 3798 4926 ﬁerent,

2223 4932 2537 5001 quiiuirtutis
2562 4938 2607 4983 el
2639 4930 2846 4983 honoris
2869 4940 3099 4984 auctores
3120 4929 3404 4985 laudabiles
3423 4933 3736 4985 exstitissent.

2301 4999 2452 5055 Plebs
2506 5012 2552 5054 et
2580 5000 2893 5070 fraternitas.
2950 5001 3053 5070 Ipsi
3093 5002 3437 5057 confessores
3479 5001 3636 5071 epist.
3667 5010 3798 5054 Lsctl

2228 5089 2314 5127 LIII
2343 5072 2478 5145 apud
2504 5072 2760 5145 Cyprian.
2790 5087 2912 5145 cum
2935 5071 3189 5127 Cornelio
3212 5083 3266 5127 et
3289 5074 3542 5145 universo
3563 5074 3794 5145 clerum-

2227 5160 2344 5199 cem
2377 5142 2567 5199 fecisse
2588 5158 2648 5197 se
2676 5143 2982 5215 significant
3008 5161 3119 5196 cum
3165 5144 3352 5215 gaudio
3390 5146 3543 5200 etiam
3574 5144 3795 5198 universi:

2230 5214 2493 5279 Ecclesite,
2512 5232 2675 5285 prona
2691 5216 2913 5268 omnium
2933 5214 3197 5270 clmritate.

2300 5288 2363 5342 ll.
2398 5285 2565 5362 Hujus
2583 5286 2670 5339 rei.
2696 5287 2950 5362 Quamvis
2978 5286 3239 5362 alattutius
3256 5296 3310 5343 et
3329 5285 3600 5362 Morellius
3628 5292 3795 5362 posue-

2227 5361 2335 5414 rint
2357 5359 2478 5416 diei,
2508 5360 2752 5428 quamvis
2780 5357 2969 5412 eadem
3003 5358 3167 5412 lectio
3217 5360 3519 5429 reperiatur
3544 5360 3593 5411 in
3622 5356 3791 5427 pleris-

2229 5446 2332 5501 que
2358 5432 2585 5483 vetustis
2615 5428 3056 5502 exemplaribus,
3081 5444 3183 5499 ego
3217 5428 3664 5502 tatnen'przeferu
3691 5434 3790 5502 ειηῃ

2230 5491 2389 5570 qnzuu
2420 5511 2631 5555 veteres
2652 5491 2925 5554 editiones
2973 5491 3262 5565 eihibenl,
3300 5491 3459 5571 quam
3490 5491 3791 5571 deprehendi

2233 5573 2285 5627 in
2317 5573 2483 5626 tribus
2515 5572 2732 5640 optimis
2760 5571 3033 5643 codicibus
3079 5572 3341 5643 antiquis,
3372 5574 3492 5641 quia
3525 5571 3672 5638 paulo
3692 5570 3795 5643 p05!

2233 5654 2450 5697 sanctus
2477 5643 2681 5715 M'trtyr
2700 5644 2794 5705 ait,
2813 5642 2922 5696 illic
2946 5644 3024 5695 ubi
3048 5660 3126 5696 res
3148 5639 3259 5712 ipsa
3287 5639 3569 5698 sttbﬁoculis
3594 5639 3792 5695 omnium

2235 5717 2518 5780 gerebatur.
2555 5714 2654 5786 Ubi
2715 5729 2811 5783 pro
2855 5714 3121 5786 gerebatur
3148 5715 3385 5786 quinque
3444 5715 3564 5771 libri
3606 5715 3790 5767 veteres

2229 5786 2426 5841 habent
2451 5784 2750 5842 celebratur.
2860 5784 2871 5786 ‘
3168 5784 3171 5819 ;
