4068 6324
300 296 413 355 745

1296 294 1625 354 CORNELII
1664 294 1870 354 ΡΑΡίΕ
1911 288 2125 353 EPIST.
2172 293 2264 351 lX.
2308 293 2403 352 AD
2441 292 2717 352 FABlUM.

3503 298 3612 354 ’ΜΘ

296 415 465 491 χάρις
492 413 578 469 καὶ
617 411 958 489 φιλανθρωπία
997 408 1273 489 διατρέφει.
1303 408 1358 469 ὃν
1383 412 1502 470 οὐδᾶ
1529 419 1749 472 τοσοῦτο
1777 416 1876 475 πλῆ

2008 419 2213 482 gentas.
2241 409 2448 479 Quibus
2478 408 2744 465 universis
2775 406 2989 463 Domini
3017 408 3189 479 gratia
3220 417 3275 465 et
3302 408 3607 480 benignitas

293 513 380 572 θος
401 514 491 567 καὶ
508 510 671 573 οὕτως
699 513 959 585 ἀναγκεῖον
983 511 1035 565 ἄν
1054 518 1118 584 τῇ
1145 510 1406 586 ἐκκλησίᾳ,
1426 508 1511 566 διά
1535 520 1628 572 τῆς
1655 516 1748 566 τοῦ
1772 516 1903 566 θεοῦ

289 610 539 685 προνοίας
567 606 812 669 πλούσιός
847 627 902 662 τε
943 609 1030 661 καὶ
1062 605 1293 665 πληθύων
1334 607 1544 680 ἀριθμὸς
1572 608 1704 678 μετὰ
1725 611 1903 681 μεγὶσε

287 723 384 760 του
427 705 514 758 καὶ
550 705 891 777 ἀναριθμήτου
932 702 1078 769 λαοῦ,
1112 703 1217 759 ἀπὸ
1251 712 1344 766 τῆς
1386 705 1629 766 τοιαύτης
1664 706 1896 778 ἀπογνώο

287 798 425 860 σεώς
448 817 504 853 τε
533 799 619 852 καὶ
647 798 1050 872 ἀπαγορεύσεως
1078 795 1314 873 ἐνέτρεψε
1337 800 1425 856 καὶ
1453 798 1793 855 ἀνεκαλέσατο
1823 799 1896 863 εἰς

284 895 381 951 τήν
410 888 728 951 Ἐκκλησίαν.

345 1152 427 1195 καὶ
444 1145 562 1203 αὖθις,
579 1153 658 1205 μεθ’
680 1153 801 1208 lup,
816 1154 964 1203 τοὺτοις
980 1155 1202 1209 προστίθησι
1217 1158 1353 1198 ταῦτα.

351 1254 425 1308 Δ’.
456 1256 575 1334 Φέρε
602 1252 664 1315 δὴ
688 1254 802 1321 ita;
824 1253 1213 1330 εἴπωμεν,τίσιν
1234 1256 1402 1333 ἔργοις
1427 1256 1457 1319 ἦ
1480 1258 1587 1316 τίσι
1613 1259 1891 1323 πολιτείαις

274 1347 600 1423 τεθαρῥηκὼς
623 1390 640 1416 ,
670 1350 971 1411 ἀντεποιήθη
1010 1361 1100 1415 τῆς
1144 1355 1428 1418 ἐπισκοπῆς
1450 1368 1461 1383 '
1493 1352 1599 1430 ἄρα
1631 1377 1687 1430 ’γε
1717 1354 1803 1412 διὰ
1831 1359 1889 1414 τὸ

270 1443 327 1507 ἐξ
356 1446 533 1516 ἀρχῆς
561 1445 612 1499 ἓν
636 1453 699 1519 τῇ
729 1443 998 1522 Ἐκκλησία
1024 1448 1380 1526 ἀνεστράφθαι,
1411 1450 1497 1503 καὶ
1522 1449 1738 1512 πολλοὺς
1763 1452 1892 1524 ἀγῶ-

267 1558 366 1599 νας
392 1536 526 1611 ὑπὲρ
556 1537 716 1601 αὐτῆς
742 1540 1110 1613 ἀγωνίσασθαι,
1143 1544 1229 1595 καὶ
1255 1542 1304 1596 ἐν
1336 1540 1583 1604 κινδύνοις
1609 1543 1809 1606 πολλοῖς
1834 1565 1887 1600 τε

266 1633 362 1688 καὶ
395 1632 633 1708 μεγάλοις
674 1634 822 1691 ἕνεκα
858 1643 951 1698 τῆς
986 1636 1276 1700 θεοσεϐείας
1309 1639 1605 1712 γεγονέναις
1648 1640 1755 1695 ἀλλ’
1797 1643 1891 1697 οὐκ

266 1720 445 1781 ἔστιν’
472 1722 514 1799 ᾧ
536 1747 593 1800 ’γε
632 1728 834 1801 ἀφορμή
876 1734 970 1783 τοῦ
1000 1735 1284 1786 πιστεῦσαι
1322 1732 1521 1805 ’γέγονεν
1566 1731 1592 1787 ὁ
1635 1740 1885 1803 Σατανᾶς,

2006 505 2259 560 alimenta
2286 503 2615 575 suppeditat.
2644 502 2827 573 Neque
2853 511 3032 558 tamen
3071 512 3214 558 tanta
3255 514 3470 577 tamque
3511 524 3607 564 nc-

2004 598 2239 653 cessaria
2268 598 2323 654 in
2355 597 2598 654 Ecclesia
2632 597 2941 665 multitudo,
2978 606 3085 653 tam
3125 601 3315 671 ingens
3348 616 3606 659 numerus

2000 689 2195 746 divina:
2242 692 2594 762 providentia:
2639 692 2811 762 copiis
2855 692 3142 762 opulentus
3184 702 3241 749 et
3288 695 3604 764 abundans,

1998 800 2120 842 cum
2152 787 2417 843 immenso
2446 796 2606 860 atque
2647 787 3031 844 innumerabili
3065 788 3285 859 populo,
3315 790 3384 845 ab
3414 790 3574 860 hujus

1996 879 2142 938 modi
2190 880 2569 952 desperatione
2598 890 2654 937 et
2704 880 2928 939 audacia
2975 896 3101 938 eum
3130 882 3413 950 deterruit,
3446 891 3502 940 et
3528 883 3595 939 ad

1994 977 2295 1036 Ecclesiam
2341 978 2635 1036 revocavit.

2065 1166 2123 1221 4.
2163 1164 2391 1222 Rursum
2419 1173 2469 1222 et
2493 1165 2612 1221 aliis
2639 1165 2920 1237 interjectis
2951 1165 3059 1220 hac
3100 1166 3264 1221 addit.
3319 1166 3591 1239 Agedum,

1994 1277 2329 1333 exponamus
2356 1262 2631 1335 deinceps,
2659 1262 2855 1335 quibus
2880 1263 3135 1334 operibus
3162 1263 3425 1334 quibusve
3471 1266 3598 1322 vita:

1995 1358 2253 1413 institutis
2288 1358 2659 1429 episcopatum
2703 1357 2911 1412 ambire
2954 1372 3118 1413 ausus
3147 1359 3235 1413 sit.
3268 1358 3405 1414 Num
3439 1376 3601 1432 prop-

1996 1462 2145 1509 terea
2172 1451 2318 1524 quod
2363 1452 2432 1508 ab
2480 1452 2632 1506 initio
2685 1452 2845 1507 vitam
2883 1452 2935 1506 in
2981 1452 3222 1507 Ecclesia
3254 1455 3517 1524 exegerit,
3547 1464 3603 1510 et

1999 1545 2167 1601 multa
2210 1562 2309 1618 pro
2338 1546 2451 1616 ipsa
2484 1544 2777 1601 certamina
2822 1544 3070 1610 subierit,
3124 1554 3285 1615 atque
3317 1546 3369 1600 in
3418 1547 3603 1602 multis

1996 1641 2311 1713 magnisque
2352 1640 2606 1712 periculis
2650 1638 2928 1710 religionis
2965 1654 3124 1695 causa
3152 1641 3348 1695 fuerit?
3375 1640 3597 1697 Minime

1994 1750 2162 1791 vero:
2193 1734 2393 1807 quippe
2438 1734 2524 1790 cui
2579 1732 2703 1789 fidei
2743 1732 3102 1803 suscipiendae
3132 1736 3346 1789 occasio
3377 1733 3476 1789 fuit
3503 1736 3602 1792 Sa-

262 1823 519 1897 φοιτήσας
562 1822 634 1883 εἰς
672 1823 827 1879 αὐτὸν
857 1825 944 1880 καὶ
973 1824 1187 1887 οἰκήσας
1216 1826 1269 1881 ἐν
1295 1827 1439 1903 αὐτῷ
1460 1826 1651 1901 χρόνον
1696 1830 1880 1886 ἱκανὸν.

2001 1840 2155 1887 tanas
2178 1831 2230 1887 in
2262 1831 2411 1888 illum
2442 1831 2736 1903 ingressus,
2766 1843 2830 1885 ac
2856 1827 2947 1883 ditt
2974 1828 3029 1883 in
3060 1828 3177 1898 ipso
3205 1832 3599 1885 commemora-

1624 1966 1984 2029 VARIORUM
2022 1971 2258 2032 ΝΟΤᾸΣ.

338 2100 622 2187 Ἐνέτριψι.
650 2101 805 2175 Apud
839 2101 1127 2175 Georgium
1153 2102 1463 2231 ivncellum
1500 2104 1696 2194 legitur
1720 2110 1875 2165 ἑπέσ-

338 2178 449 2231 ειθε.
494 2190 673 2231 minus
723 2185 891 2231 recte.
941 2176 1125 2231 Codex
1217 2192 1301 2231 uc.
1356 2175 1515 2231 habet
1569 2180 1835 2231 ὰνετοεώε.

260 2175 673 2256 τρεψι,ἰιιίιιιιε
723 2185 891 2233 recte.
941 2176 1125 2233 Codex
1170 2175 1301 2232 Fuc.
1356 2175 1515 2232 habet
1539 2180 1835 2303 vi‘fgg-E‘Pto

1582 2266 1732 2306 ALES.

340 2319 420 2400 A'_._
454 2323 651 2400 Atticae
704 2323 771 2400 ἐξ.
812 2321 989 2400 ἀρχῆς
1043 2323 1094 2377 ἓν
1144 2330 1206 2396 τῇ
1242 2320 1554 2400 ῖιςκκξφσιῖςι,Δ
1585 2333 1707 2400 (εἰς.Δ
1742 2323 1875 2400 ιιιυά

261 2396 325 2450 in
370 2390 609 2448 Ecclesia
662 2390 1022 2463 perindifest
1051 2390 1210 2463 atque
1242 2394 1293 2448 in
1348 2390 1606 2449 Ecclesiae
1638 2396 1879 2451 ministe-

261 2468 373 2523 rio.
402 2464 512 2520 Nec
552 2465 698 2521 aliud
730 2480 924 2520 sonare
971 2465 1101 2537 mihi
1133 2464 1346 2520 videtur
1388 2468 1451 2519 ab
1494 2466 1676 2531 initio,
1720 2479 1881 2537 atque

262 2538 341 2593 ab
369 2539 594 2593 ineunte
634 2546 793 2593 aatate
828 2546 883 2592 et
911 2537 980 2591 ab
1012 2535 1256 2592 infantia.
1304 2537 1369 2591 Et
1394 2552 1455 2593 ea
1502 2539 1719 2607 quidem
1770 2535 1880 2595 tum

261 2609 410 2665 forte
464 2609 746 2665 obtinebat
795 2608 1117 2679 disciplina,
1171 2624 1275 2679 qua
1335 2609 1370 2663 ii
1422 2610 1510 2679 qui
1569 2611 1620 2664 in
1674 2612 1877 2667 clerum

260 2680 606 2737 adsciscendi
635 2690 813 2747 erant,
843 2697 916 2739 se.
952 2692 1009 2735 ut
1051 2682 1286 2748 loquitur
1325 2681 1551 2753 Siricius
1601 2682 1772 2743 Epist.
1826 2699 1880 2753 ι,

260 2770 328 2810 n.
358 2755 445 2811 15.
485 2773 505 2807 ι
541 2754 795 2809 Ecclesiae
822 2767 1020 2809 vovere
1050 2753 1326 2822 obsequiis
1352 2753 1420 2807 ab
1448 2751 1667 2808 infantia
1695 2769 1814 2822 sua,
1857 2751 1876 2809 ι

258 2828 352 2882 vel
399 2835 457 2879 ut
498 2825 731 2896 idipsum
781 2824 1031 2880 Zosimus
1058 2825 1233 2895 Epist.
1270 2841 1320 2879 ix
1344 2868 1359 2889 ,
1394 2843 1447 2879 n.
1484 2825 1556 2891 5,
1600 2829 1879 2895 enuntiat,

268 2917 294 2950 ι
335 2898 404 2953 ab
426 2897 649 2953 infantia
680 2897 1060 2953 ecclesiasticis
1089 2897 1399 2953 ministeriis
1435 2913 1632 2953 nomen
1664 2898 1821 2965 dare,
1855 2918 1874 2952 ι

260 2981 325 3026 et
352 2972 423 3025 ita
455 2985 551 3040 per
580 2984 773 3025 omnes
802 2969 931 3023 clcri
964 2969 1160 3039 gradus
1186 2970 1554 3040 episcopatum
1584 2972 1879 3040 promereri

259 3043 536 3099 solebant.
565 3041 827 3110 Quocirca
852 3040 1167 3114 Cyprianus
1195 3041 1256 3114 in
1278 3040 1515 3112 Epistula
1548 3045 1791 3113 sequenti
1821 3060 1876 3099 n.

261 3084 611 3178 ῗωὲιίέἱῖξιέῗ
651 3084 981 3168 Cornelium?
1010 3084 1791 3170 ecclesiastidis'ministeriis"
1906 3084 1949 3146 Ο

260 3186 416 3242 initio
442 3202 536 3243 seu
559 3188 626 3241 ab
652 3184 875 3240 infantia
897 3201 1092 3240 nomen
1121 3184 1335 3241 dedisse
1363 3201 1469 3240 non
1492 3196 1677 3254 aperte
1702 3186 1873 3255 dicat;

262 3258 398 3315 hinc
426 3270 602 3315 tamen
634 3273 755 3313 cum
784 3256 1158 3330 commendat,
1196 3258 1337 3324 quod
1372 3277 1390 3311 ι
1430 3274 1535 3312 non
1568 3256 1633 3311 ad
1662 3260 1877 3330 episco-

261 3341 453 3403 patum
482 3332 662 3386 subtto
705 3328 978 3403 pervenit,
1018 3329 1114 3403 sed
1161 3330 1469 3403 peremnia
1511 3328 1876 3403 ecclesiastica

261 3400 444 3458 officia
468 3410 824 3470 protnotus,et
845 3403 899 3456 in
921 3400 1117 3457 divinis
1138 3401 1685 3458 administrationibus
1711 3403 1876 3460 Deum

263 3476 630 3546 promeritus,
660 3473 726 3546 ad
756 3472 1044 3530 sacerdmii
1065 3545 1068 3546 ν
1089 3474 1319 3546 sublime
1359 3476 1627 3546 fastigium
1668 3479 1877 3533 cunctis

261 3545 546 3619 religionis
580 3545 837 3618 gradibus
876 3545 1139 3600 ascendit.
1182 3565 1201 3599 ι
1232 3545 1360 3619 llic;
1389 3546 1549 3613 igitur
1595 3549 1874 3617 qua-ritur,

261 3634 337 3674 an
376 3616 648 3674 similibus
687 3619 895 3673 meritis
937 3626 1159 3672 ornatus
1198 3618 1267 3672 sit
1318 3616 1679 3683 Novatianus;
1711 3630 1766 3674 et
1815 3616 1877 3676 ea

259 3691 343 3748 illi
367 3689 604 3746 defuisse
633 3689 1059 3746 demonstratur.
1099 3688 1406 3746 Consum.
1453 3691 1506 3746 Si
1538 3706 1605 3746 ex
1647 3690 1879 3747 ethnicis

262 3762 585 3835 parentibus
615 3775 792 3835 ortum
824 3761 1071 3817 habuerit
1100 3761 1457 3825 Novatianus,
1487 3762 1630 3831 quod
1660 3764 1877 3834 quidem

262 3833 330 3892 ex
340 3833 587 3909 Cornelii
616 3834 817 3909 verbis,
836 3836 1152 3909 éyoppr‘i‘roﬁ
1172 3840 1453 3909 πιστεῦσαι
1468 3833 1690 3909 γέςγονενξ
1711 3837 1879 3904 magis

262 3907 630 3980 colligendum
649 3905 892 3980 _videtnr,
924 3905 1073 3980 illud,
1103 3924 1122 3956 ι
1141 3907 1228 3980 ab
1253 3908 1403 3960 initio
1427 3905 1736 3980 in'E'cclesia
1759 3923 1882 3980 ver-

262 3980 376 4035 sari
395 3978 418 4042 ζ
449 3999 470 4032 ι
496 3978 568 4035 de
596 3978 914 4034 educatione
944 3978 1183 4043 cuiusvis
1203 3993 1233 4031 a
1267 3978 1468 4033 teneris
1500 3994 1672 4038 usque
1700 3980 1753 4032 in
1786 3979 1885 4035 Ec-

262 4050 448 4108 clesiae
475 4052 856 4107 communione
897 4050 1240 4119 interpretari
1290 4050 1493 4106 malim.
1543 4050 1643 4113 Et,
1687 4067 1877 4120 quam-

262 4138 431 4195 quam
460 4122 754 4195 contraria,
772 4133 829 4177 ut
859 4123 1089 4195 videbis,
1113 4122 1183 4178 de
1197 4130 1627 4195 Vﬂcern’tﬂlﬁa’al
1655 4133 1881 4178 annuta-

264 4194 413 4251 verit
434 4194 615 4250 statim
648 4203 773 4266 post
800 4194 1168 4262 Coustantins,
1200 4194 1351 4250 verbi
1380 4204 1559 4251 tamen
1586 4195 1882 4266 simplicior

263 4278 433 4341 atque
468 4268 715 4341 usitatior
741 4282 935 4323 sensus
979 4266 1129 4341 mihi
1162 4267 1390 4341 quidem
1428 4270 1597 4338 magis
1644 4268 1877 4341 arridet,

261 4338 449 4395 ut‘ex
501 4340 703 4395 auxilio
754 4341 823 4395 ab
878 4338 1175 4395 exorcistis
1211 4340 1315 4394 sibi
1362 4338 1486 4393 dato
1532 4340 1875 4395 occasionem

262 4410 395 4469 ﬁdei
444 4410 837 4483 amplectenda
884 4412 1186 4483 sumpsisse
1232 4409 1874 4538 Novatianuslftatuatur.

1358 4526 1365 4532 .
1608 4500 1769 4538 ouru.

1358 4526 1365 4532 -
1561 4500 1769 4540 ἥΟυΤΠ.

336 4552 496 4634 ’Υπὲρ
536 4558 700 4620 αὐτῆς
737 4558 1104 4634 ἀγωνίσασθαι.
1140 4558 1257 4634 Περὶ
1284 4558 1464 4619 αὐτῆς,
1489 4571 1591 4634 ms.
1629 4555 1870 4634 Νονίοιε.

362 4576 700 4686 Imaum:
737 4576 1104 4633 αγωνισασυαι.
1140 4576 1257 4634 Περι
1284 4579 1464 4619 αντης,
1489 4576 1591 4611 ms.
1629 4576 1870 4628 Πονιοιε.

263 4633 426 4705 ἣγῳνί
548 4670 566 4698 ,
625 4643 728 4684 ms.
760 4630 936 4705 _Bodl.
988 4639 1045 4705 et
1086 4634 1373 4704 ἠγωνίσαι,
1407 4628 1688 4705 mendose.
1737 4631 1875 4705 Syn-

269 4702 411 4777 eell.,
446 4705 536 4777 qui
561 4711 623 4777 et
652 4702 811 4769 paulo
839 4711 966 4777 ante
996 4702 1377 4777 ἀνεστραφῆναι
1402 4715 1498 4777 ρςς)
1537 4703 1877 4777 ἀνεστράφθαι

266 4773 458 4854 habet,
485 4774 572 4854 ubi
600 4775 972 4854 ἀνατετράφθαι
992 4771 1403 4854 ειζ.“(ξὲριέυεηεὶε
1427 4771 1873 4854 Μᾳιῃοᾲῌούτᾳ.

340 4844 559 4923 Ἀφορμή
582 4852 677 4903 τοῦ
703 4844 1003 4923 πιᾰτιῦσαι.
1035 4846 1187 4923 Fidei
1200 4844 1569 4923 suscipiendae.
1606 4846 1735 4923 Ejus
1766 4847 1875 4923 sci-

267 4916 563 4990 licet'liilei,
586 4934 707 4990 quae
725 4919 1110 4987 suscipientem
1126 4917 1383 4990 deinceps
1406 4916 1609 4983 ﬁdelem
1630 4918 1878 4974 denomi-

267 4999 385 5047 net.
420 4989 544 5046 llaec
569 4988 747 5045 autem
776 4990 1085 5059 appellatio,
1116 4994 1158 5062 si
1201 4988 1669 5062 Jerosolymitanze
1703 4992 1880 5047 eccle-

268 5062 406 5129 site,
452 5076 519 5118 ac
568 5062 706 5119 forte
748 5077 1041 5133 paucarum
1078 5061 1301 5116 aliarum
1338 5061 1555 5116 'morem
1602 5062 1874 5133 excipias,

270 5134 401 5189 olim
433 5134 563 5189 solis
595 5134 863 5205 baptismo
899 5134 1123 5189 initiatis
1151 5133 1575 5203 impertiebatnr.
1602 5134 1701 5203 Qui
1734 5136 1877 5190 enim

270 5219 431 5261 antea
460 5205 854 5272 eatechumeni,
885 5205 1066 5272 electi,
1094 5215 1465 5275 competentes
1494 5207 1879 5275 nuncupaban-

271 5287 384 5343 tur,
418 5287 529 5333 tum
562 5278 790 5348 primum
821 5278 1030 5346 ﬁdeles,
1061 5292 1183 5332 cum
1221 5278 1372 5333 tincti
1400 5277 1637 5347 fuerant,
1674 5294 1882 5333 nuncu-

271 5353 390 5421 pari
422 5349 687 5406 solebant.
733 5349 868 5405 Hinc
909 5349 962 5405 in
1000 5349 1229 5406 concilio
1277 5348 1607 5405 Eliberitano
1647 5352 1881 5406 catechu-

271 5438 487 5488 memts,
518 5422 685 5479 immo
713 5431 767 5477 et
806 5421 1160 5486 Christianus,
1199 5438 1226 5474 a
1262 5422 1398 5489 ﬁdeli
1427 5422 1790 5494 distinguitur.
1819 5421 1878 5478 In

271 5509 341 5549 eo
371 5496 590 5564 quippe,
631 5502 693 5550 ut
718 5510 782 5549 ex
815 5494 946 5550 Can.
985 5494 1059 5549 45
1088 5504 1142 5550 et
1171 5494 1241 5550 59
1280 5503 1538 5564 apparet,
1582 5509 1703 5549 cum
1736 5503 1884 5550 cate-

270 5566 544 5623 chumeno
572 5567 732 5621 simul
763 5578 818 5621 et
842 5567 1011 5621 tincto
1041 5581 1331 5622 commune
1360 5575 1444 5620 est
1468 5564 1747 5621 Christiani
1782 5582 1882 5622 no-

271 5654 438 5702 men;
468 5643 560 5693 sed
591 5638 881 5766 appellatio
910 5638 1078 5705 ﬁdelis
1106 5637 1209 5693 soli
1249 5640 1415 5693 tincto
1452 5639 1725 5708 competit.
1774 5638 1882 5712 Cy-

271 5710 431 5766 rillus
477 5725 610 5766 vero
697 5726 841 5766 eros.
900 5712 1027 5766 licet
1092 5710 1197 5766 hoc
1249 5710 1414 5766 ﬁdelis
1460 5725 1655 5766 nomen
1722 5713 1882 5766 etiam

271 5710 431 5766 rillus
477 5725 610 5766 vero
662 5710 841 5766 Jeros.
900 5712 1027 5767 licet
1092 5710 1197 5766 hoc
1247 5710 1414 5781 ﬁdelis
1460 5725 1655 5766 nomen
1722 5710 1883 5766 etiam

273 5782 465 5838 electis
495 5783 715 5849 tribuat,
750 5785 872 5852 quia
901 5782 1155 5839 videlicet
1202 5783 1253 5838 lti
1277 5783 1388 5854 jam
1416 5782 1666 5854 baptismi
1696 5784 1889 5840 solem-

275 5854 387 5915 niis
405 5854 605 5913 initiari
627 5855 977 5926 incipiebant,
1003 5855 1134 5913 illud
1152 5863 1330 5915 tamen
1356 5856 1560 5930 pariter
1582 5869 1614 5912 a
1633 5857 1890 5916 catechu-

516 5950 796 6019 ΡΑτιιοι.
841 5951 954 6017 Ill.

1980 2112 2123 2169 meni
2151 2113 2412 2169 vocabulo
2442 2112 2631 2169 sedulo
2660 2111 2956 2182 distinguit.
2989 2110 3145 2168 Unde
3186 2111 3406 2169 Cateeb.
3441 2115 3491 2170 l.
3544 2132 3598 2170 n.

1982 2186 2033 2240 4.
2060 2182 2163 2252 ἐιὶῑ,
2199 2205 2218 2238 ι
2267 2185 2438 2242 Antea
2480 2184 2905 2241 catechumenns
2932 2199 3086 2249 eras,
3131 2200 3273 2239 nunc
3304 2186 3476 2241 tidelis
3505 2203 3603 2241 vo-

1981 2257 2180 2313 cabere
2213 2299 2227 2311 .
2265 2277 2283 2310 »
2307 2268 2372 2330 et
2395 2257 2616 2330 Catecb.
2646 2273 2699 2311 v.
2734 2272 2789 2311 n.
2816 2259 2864 2330 l.
2907 2276 2925 2308 ι
2952 2257 3223 2330 Quantum
3243 2259 3405 2330 vobis
3430 2260 3606 2330 digni-

1986 2338 2149 2383 tatem
2184 2329 2431 2386 conferat
2455 2329 2740 2394 Dominus,
2774 2329 2842 2382 ab
2865 2328 3054 2382 ordine
3085 2328 3599 2386 caleclinmenorum

1984 2400 2050 2455 ad
2080 2401 2321 2457 ordinem
2354 2401 2591 2456 ﬁdelium
2622 2416 2717 2455 vos
2746 2401 3100 2454 transferens.
3141 2420 3160 2452 ι
3197 2400 3457 2468 Quocirca
3493 2417 3602 2459 non

1986 2473 2246 2543 probatur
2272 2475 2650 2543 interpretatio
2680 2471 2898 2534 Valesii,
2929 2474 3104 2527 locum
3136 2470 3275 2526 hunc
3303 2472 3381 2526 sic
3411 2473 3602 2530 Latine

1985 2544 2283 2614 reddentis,
2320 2566 2338 2599 ι
2370 2545 2467 2600 Cui
2495 2559 2708 2599 causam
2736 2552 2898 2611 atque
2928 2544 3134 2598 initium
3174 2543 3430 2600 credendi
3458 2562 3600 2615 pra:-

1987 2615 2101 2671 buit
2127 2617 2375 2679 Satanas,
2412 2617 2514 2671 nisi
2556 2626 2675 2686 post
2700 2616 2920 2670 verbum
2951 2615 3193 2670 credendi
3221 2616 3595 2681 subaudiatur,

1986 2704 2049 2744 ea
2077 2687 2181 2744 fide
2207 2706 2325 2760 qua:
2356 2689 2664 2744 credentem
2706 2686 2919 2742 ﬁdelem
2946 2688 3302 2760 rdenominet.
3348 2686 3598 2744 Forsitan

1987 2762 2132 2816 enim
2203 2759 2531 2817 Novatianus
2592 2760 2703 2829 jam
2775 2771 2884 2813 tum
2941 2759 3083 2814 inter
3135 2759 3594 2830 catechumenos,

1985 2833 2231 2903 adeoque
2261 2850 2367 2888 non
2407 2835 2524 2887 sine
2555 2830 2811 2886 credendi
2862 2831 3050 2898 initio,
3101 2831 3426 2885 constitutus
3458 2844 3597 2888 erat.

1985 2904 2268 2961 Cornelius
2299 2915 2444 2960 certe
2476 2905 2640 2959 verbo
2661 2909 2754 2959 τοῦ
2780 2909 3062 2959 πιστεῦσαι
3085 2903 3408 2973 baptismum
3439 2904 3600 2961 intel-

1988 2976 2121 3053 lexit
2153 2977 2294 3053 {sed
2330 2984 2430 3053 τοῦ
2469 2978 2815 3053 βαπτισθῆναι
2852 2978 3100 3053 consulto
3130 2977 3326 3029 vitasse
3354 2976 3597 3043 videtur,
3630 2990 3639 2995 ’

1985 3049 2108 3125 quia
2153 3046 2480 3125 Novatianus
2528 3065 2627 3125 per
2666 3051 2950 3125 περὶχυσιν
3000 3046 3108 3125 hoc
3146 3054 3230 3101 est
3276 3063 3370 3125 per
3414 3064 3601 3125 asper-

1982 3120 2189 3193 sionem
2222 3137 2316 3175 sen
2343 3119 2987 3193 perfusionemitttraque
3025 3119 3166 3172 enim
3200 3133 3299 3173 vox
3332 3119 3599 3191 Cypriano

1954 3192 2036 3247 ‘in
2086 3193 2325 3261 Epistula
2360 3209 2540 3260 Lxxvr,
2585 3191 2653 3246 ad
2709 3191 2956 3261 Magnum
2990 3205 3287 3262 synonyma
3320 3195 3457 3260 ρει),
3495 3195 3598 3249 huc

1983 3276 2379 3321 sacramentum
2408 3273 2742 3335 susceperat.
2766 3261 3072 3318 COUS'I'ANT.
3095 3261 3442 3335 ~Nicephorus
3465 3279 3595 3319 vero

1983 3337 2143 3417 verba
2167 3338 2236 3391 ita
2260 3332 2605 3417 παραφρᾲζει,
2641 3336 2731 3417 lib.
2759 3350 2831 3400 vi,
2854 3350 2973 3417 cap.
2995 3336 3055 3417 ξε
3146 3339 3231 3390 καὶ
3255 3338 3314 3417 τὸ
3342 3338 3412 3398 εἰς
3440 3348 3600 3417 Χρισ-

1982 3411 2069 3489 τὸν
2092 3405 2374 3467 πιστεῦσαι
2402 3405 2716 3489 πρὀγασιςρ
2745 3414 2971 3469 Σατανᾶς
3000 3405 3058 3465 ἧν
3080 3405 3401 3487 ἐνσξηνὼσας
3432 3405 3595 3489 agro”).

1984 3482 2161 3549 Atque
2199 3485 2393 3551 upponi
2428 3480 2636 3535 videtur
2668 3481 2783 3535 lucc
2809 3494 2926 3532 Sera
2956 3487 3011 3533 et
3039 3481 3188 3548 quasi
3222 3492 3407 3533 coacta
3461 3480 3596 3537 fides

1982 3556 2131 3632 τῷ
2159 3558 2337 3632 ἀρχῆς
2368 3556 2417 3608 ἐν
2446 3563 2508 3626 τῇ
2533 3551 2807 3632 Ἐκκλησία.
2827 3553 3185 3632 ἀνεστράφθαι.
3202 3551 3428 3632 _l_l_o_u'ru.

2055 3621 2585 3694 Chriét'ophorsoims
2633 3628 2747 3678 bare
2775 3621 3077 3694 'latinefita
3124 3621 3397 3677 reddidit:
3437 3643 3456 3675 ι
3494 3625 3596 3694 Qui

1983 3698 2197 3767 quidem
2231 3693 2316 3753 ubi
2360 3697 2745 3752 exorcistarum
2782 3693 3051 3764 prmsidio,
3085 3694 3273 3764 spiritu
3311 3694 3401 3748 illo
3449 3693 3595 3754 malo

1984 3779 2129 3823 esset
2161 3769 2421 3824 liberatus
2444 3810 2458 3833 ,
2487 3778 2544 3823 et
2583 3775 2704 3836 post
2729 3768 2782 3821 in
2826 3776 2930 3820 tam
2973 3782 3191 3836 gravem
3223 3767 3589 3825 morbum.....

1986 3840 2283 3897 incidisset.
2327 3862 2345 3894 ι
2381 3840 2486 3897 Sed
2522 3839 2565 3893 si
2594 3838 2921 3893 Novatianus
2959 3848 3085 3891 ante
3117 3838 3261 3892 hunc
3286 3838 3533 3893 morbum
3561 3855 3591 3895 a

1983 3912 2174 3983 spiritu
2208 3915 2349 3967 malo
2376 3912 2565 3968 fuisset
2594 3912 2897 3983 liberatus,
2920 3982 2925 3983 γ
2951 3924 3286 3983 nequaquam
3332 3910 3592 3968 dicendus

1984 3981 2129 4039 esset
2156 3993 2371 4039 satanas
2395 3984 2443 4038 ei
2466 3981 2712 4049 baptismi
2734 3981 3059 4051 suscipiendi
3086 3997 3301 4036 causam
3335 3983 3591 4051 przebuis-

1984 4072 2063 4112 se.
2101 4055 2304 4113 Eadem
2338 4055 2575 4111 Cornelii
2607 4055 2768 4109 verba
2817 4054 2895 4109 sic
2935 4053 3175 4126 llulinns
3207 4055 3540 4126 γιιεπεηιίιιείι
3571 4073 3584 4110 :

1990 4146 2010 4179 ι
2044 4127 2204 4182 Addit
2233 4138 2413 4182 autem
2455 4129 2615 4182 etiam
2668 4126 2769 4179 hoc
2794 4166 2809 4192 ,
2857 4125 2981 4196 quid
3015 4125 3154 4179 idem
3204 4125 3317 4193 ipse
3354 4125 3591 4184 Novatus

1985 4198 2107 4274 (leg.
2130 4197 2491 4274 _Novatiauus)
2522 4200 2571 4253 in
2602 4198 2881 4274 iuventute
2906 4197 3095 4274 spiritu
3129 4198 3403 4274 immundo
3431 4214 3591 4274 vexa:-

1986 4268 2077 4326 tus
2099 4271 2203 4337 sit;
2225 4280 2281 4327 et
2310 4288 2429 4326 cum
2463 4268 2675 4340 tempus
2722 4268 2938 4340 aliquod
2968 4271 3396 4339 consumpsisset
3444 4271 3588 4340 apud

1987 4344 2323 4409 exorcistas,
2359 4342 2732 4415 aigritudiuem
2790 4342 3079 4415 incurrerit
3132 4356 3350 4415 gravem
3406 4342 3475 4396 ita
3532 4351 3591 4399 ut

1986 4412 2470 4486 desperareturfi
2532 4414 2686 4471 Unde
2736 4412 3090 4486 confirmatur
3132 4413 3280 4486 quod
3338 4416 3588 4482 superius

1903 4490 1958 4550 D
1984 4484 2441 4557 coniectabamus,
2475 4486 2770 4542 Novatiano
2796 4484 3032 4553 scilicet,
3064 4484 3213 4557 prius
3249 4499 3409 4554 quam
3451 4487 3584 4556 bap-

1987 4556 2203 4615 tismum
2240 4560 2569 4630 susciperet.
2597 4557 2812 4630 aliquod
2838 4557 3028 4630 saltem
3058 4556 3178 4610 fidei
3224 4557 3438 4630 initium
3477 4574 3585 4614 non

1978 4631 2237 4687 defuisse.
2269 4628 2407 4695 Quid
2430 4632 2573 4685 enim
2604 4629 2743 4700 apud
2771 4628 3068 4684 exorcistas
3096 4638 3278 4699 ageret
3297 4629 3444 4682 omni
3476 4630 3583 4685 ﬁde

1978 4704 2305 4759 destitutus?
2332 4702 2388 4758 ld
2416 4702 2464 4757 ei
2490 4701 2627 4757 forte
2648 4702 2872 4770 contigit
2893 4742 2908 4766 ,
2933 4700 3074 4770 quod
3103 4701 3398 4770 Cyprianus
3425 4711 3587 4758 aetate

1978 4790 2073 4831 sua
2104 4791 2229 4846 erga
2260 4775 2507 4831 homines
2529 4773 2608 4846 illi
2645 4773 2850 4827 similes
2880 4773 2960 4842 agi
2991 4781 3045 4827 et
3068 4774 3379 4843 contingere
3410 4773 3586 4830 solere

1979 4848 2141 4919 epist.
2171 4863 2337 4902 Lxxvr
2371 4848 2439 4899 ad
2486 4845 2732 4916 Magnum
2757 4851 3055 4919 testatura}
3087 4852 3265 4919 utper
3286 4848 3587 4902 exorcistas

1978 4916 2111 4975 voce
2143 4920 2373 4974 humana
2402 4927 2458 4973 et
2496 4926 2757 4989 potestate
2786 4916 2962 4970 divina
2991 4916 3286 4986 llagelletur
3313 4926 3368 4989 et
3402 4928 3587 4972 uratur

1980 5002 2036 5049 et
2083 5002 2395 5063 torqueatur
2423 4989 2700 5063 diabolus.
2733 4998 2787 5063 et
2833 5004 2953 5043 cum
2985 4989 3138 5063 exire
3150 5003 3217 5063 se
3242 5000 3296 5063 et
3338 4988 3584 5063 boutines

1983 5064 2078 5121 Dei
2105 5058 2377 5119 dimittere
2407 5078 2552 5133 smpe
2572 5061 2737 5129 dicat,
2770 5061 2821 5115 in
2851 5076 2916 5116 eo
2941 5061 3080 5129 quod
3109 5058 3520 5133 dixeritifallat;
3558 5080 3578 5115 ι

1982 5136 2213 5207 ideoque
2239 5135 2353 5189 vult
2380 5134 2471 5188 ille
2492 5132 2713 5207 pra-sul,
2750 5151 2769 5185 ι
2810 5142 2867 5207 ιιι
2898 5133 2939 5186 si
2968 5133 3158 5207 aliquis
3192 5134 3242 5185 in
3277 5132 3366 5187 illo
3398 5149 3583 5207 move-

1984 5216 2091 5276 tur,
2115 5205 2258 5277 qnod
2290 5207 2504 5277 quidam
2530 5206 2599 5260 de
2620 5206 2704 5267 iis,
2735 5206 2823 5276 qui
2852 5205 2979 5274 aegri
3011 5205 3364 5277 baptiz‘antur.
3384 5206 3587 5271 8μὶιίιί-

1982 5280 2081 5336 bus
2122 5275 2627 5335 adlittcimntnndis
2660 5275 2956 5340 testantur;
2999 5278 3131 5348 sciat
3162 5275 3357 5329 diaboli
3394 5278 3587 5348 nequi-

1986 5355 2112 5407 tiam
2137 5352 2467 5424 pertinacem
2491 5365 2662 5419 usque
2687 5349 2754 5404 ad
2780 5363 2973 5424 aquam
2998 5347 3285 5424 salutarem
3308 5347 3505 5424 valere,
3528 5350 3586 5405 in

1985 5421 2253 5495 baptismo
2284 5438 2413 5479 vero
2440 5437 2604 5495 omne
2636 5422 2886 5495 nequitia:
2917 5436 3026 5495 suae
3058 5421 3202 5495 virus
3242 5421 3510 5495 amittere.
3562 5439 3581 5473 ι

1985 5492 2212 5567 Moxque
2240 5495 2388 5550 addit
2417 5512 2429 5551 :
2470 5513 2487 5544 ι
2519 5494 2632 5548 Hoc
2650 5493 2883 5567 denique
2915 5492 3077 5567 rebus
3099 5492 3229 5567 ipsis
3253 5493 3589 5567 experimur,

1986 5581 2046 5623 ut
2098 5564 2422 5625 neeeSsitate
2461 5574 2686 5637 urgente
2736 5566 2787 5619 in
2835 5564 3152 5637 :rgritudine
3202 5564 3487 5633 baptizati,
3540 5574 3596 5619 et

1988 5642 2214 5713 gratiam
2268 5635 2575 5705 consecuti,
2622 5645 2841 5713 careant
2888 5635 3164 5713 immundo
3211 5638 3594 5713 spiritusquo

1989 5708 2150 5770 antea
2178 5712 2553 5769 movebantur.
2589 5727 2608 5761 ι
2648 5708 2799 5764 Unde
2829 5709 3165 5778 perspicuum
3189 5709 3363 5763 esbiis
3390 5709 3551 5764 etiam
3574 5753 3588 5776 ,

1990 5788 2079 5858 qui
2121 5802 2151 5841 a
2204 5784 2480 5858 spiritibus
2523 5780 3225 5858 immundisvexabantur,
3270 5780 3593 5858 baptismum

1992 5851 2161 5918 fuisse
2188 5851 2467 5926 collatum,
2490 5869 2592 5911 nec
2618 5869 2754 5927 opus
2774 5851 2942 5910 fuisse
2965 5862 3021 5908 ιιι
3049 5853 3117 5907 ab
3146 5853 3213 5905 iis
3241 5852 3386 5922 prius
3408 5852 3599 5909 libera-

3127 5943 3206 6008 2h
