4000 6322
480 361 587 418 759

1480 341 1919 403 ROMANORUM
1947 338 2364 399 PONTIFICUM
2400 336 2781 398 EPISTOLIE.

3642 336 3741 396 760

479 490 588 542 rei;
637 477 747 550 ἅμα
787 477 928 548 αὐτῷ
979 473 1339 542 ἀποσχίσασιν
1390 465 1605 525 ἑαυτοὺς
1643 473 1735 525 τῆς
1764 461 2071 522 Ἐκκλησίας.

2188 474 2308 517 cum
2358 459 2596 531 quinque
2640 454 2990 530 presbyteris,
3024 452 3116 527 qui
3171 467 3235 511 se
3280 450 3476 524 pariter
3509 466 3618 510 eum
3653 453 3744 514 ille

539 687 596 722 θ’.
609 682 683 722 Καὶ
696 682 754 720 hi
774 680 870 719 τίλιι
890 674 931 718 δί
953 683 1018 726 τῆς
1036 675 1324 721 lato-reﬁgit“
1338 672 1397 709 hi.
1414 660 1538 721 ῥώμης
1555 672 1847 722 amt-apium
1865 669 2081 713 ὲιισιόιων,

473 782 538 824 τῆς
559 790 600 815 τι
622 779 688 814 ταῦ
712 773 904 813 Nos-niteo
924 772 1195 823 ιατιτνωιιότων
1216 766 1662 819 ἆειλτηρὶαςματάλογῡν
1685 764 2007 813 mulgeat-6906
2028 764 2077 802 τό.

469 886 511 910 τι
534 871 713 920 ὁνὸμτα,
736 870 800 906 καὶ
816 862 857 915 ἧς
881 866 902 904 ὁ
925 866 1048 913 add;
1070 865 1188 903 ad.er
1209 867 1402 913 προηγιῖτο
1424 862 1630 913 παροικίας,
1655 861 1984 910 ἰπισημηνὰμινοςι
2006 864 2077 900 τῶν

469 979 511 1003 τι
534 968 584 1014 μὴ
605 964 898 1015 παραγινομίνων
922 960 984 1009 μὶν
1011 959 1067 997 ἐπὶ
1090 963 1155 1005 τῆς
1181 948 1320 1007 ῥώμης,
1344 952 1684 1003 συνιυδοιησάντων
1708 950 1750 992 δὲ
1772 951 1835 993 διὰ
1858 955 2078 1007 γραμμάτων

468 1061 515 1106 τῇ
535 1062 601 1094 τῶι.
627 1055 910 1107 προσιιςοημενων
932 1053 1050 1104 φήῃ,
1080 1051 1145 1096 τὰς
1166 1050 1409 1100 προσηγορίας
1435 1046 1524 1098 ὁμοῦ
1545 1047 1609 1085 ui.
1630 1047 1697 1095 τὰς
1718 1047 1841 1093 ιόλιις
1864 1045 1945 1085 ὃθιν
1970 1047 2076 1087 hac-

468 1163 533 1199 τος
558 1149 762 1200 antiquum;
789 1146 980 1187 tamn.
1001 1146 1225 1197 memon.
1240 1148 1361 1185 ταῦτα
1382 1144 1443 1194 μὶν
1460 1143 1479 1182 ό
1503 1143 1702 1196 Κορνῆλιῡς
1719 1142 1847 1195 Φαϐίῳ
1868 1132 2078 1194 intorta;

2184 556 2253 612 ab
2281 554 2518 611 Ecclesia
2560 560 2930 625 segregarant.

2254 649 2306 705 9.
2343 649 2419 705 De
2444 649 2644 721 reliqua
2664 647 2885 718 epistola
2914 644 3170 701 Eusebius
3193 644 3333 699 istud
3353 642 3600 698 dumtaxat
3619 661 3735 701 tutn-

2180 744 2359 799 malim
2379 744 2630 798 subnectit
2651 758 2668 796 :
2689 741 2802 797 Sub
2822 739 2983 794 linem
3006 748 3190 794 autem
3214 735 3461 810 epistola:
3477 735 3732 809 catalogutn

2181 839 2350 895 texuit
2424 839 2803 910 episc0porum
2836 878 2850 900 ,
2908 834 2999 906 qui
3072 834 3297 889 Romam
3358 832 3731 903 convenientes,

2180 934 2469 989 amentiam
2523 930 2719 987 Novati
2748 930 2874 1003 (leg.
2902 926 3213 999 Novatiani)
3251 924 3732 996 condemnaveraut,

2180 1028 2402 1082 nomina
2432 1040 2645 1096 quoque
2674 1024 2889 1079 illorum
2914 1031 2969 1078 et
2993 1037 3155 1093 quam
3177 1020 3406 1091 quisque
3432 1021 3630 1091 regebat
3660 1034 3734 1076 ec-

2180 1119 2404 1174 clesiam
2437 1118 2776 1175 adscribcns.
2812 1116 3015 1172 Eorum
3047 1114 3198 1183 item,
3230 1113 3319 1185 qui
3351 1112 3531 1170 Romae
3553 1112 3738 1185 quidem

1810 1306 2163 1366 VARIORUM
2201 1310 2428 1369 NOTAE.

468 1514 550 1561 ter
576 1503 663 1571 jus
696 1501 877 1555 habuit
910 1496 1411 1553 excommunicandi
1450 1496 1795 1571 presbyteros
1833 1496 2067 1571 collegas

467 1568 596 1631 suos
618 1594 628 1628 :
651 1574 897 1642 sedquod
925 1587 1083 1625 unum
1105 1572 1294 1638 potuit,
1320 1586 1378 1624 se
1399 1585 1425 1622 a
1446 1568 1823 1624 communione
1850 1570 2064 1625 illorum

463 1651 737 1718 Separavit
758 1641 915 1700 :emn
941 1646 1144 1699 scilicet
1170 1642 1242 1697 illi
1267 1642 1482 1718 videndi
1503 1641 1619 1718 ejus
1640 1658 1798 1695 causa
1823 1642 2069 1718 venirent

467 1715 848 1775 incarcerem.
874 1718 1065 1772 Solent
1096 1731 1256 1785 porro
1281 1715 1485 1782 antiqui
1511 1716 1799 1783 scriptorcs
1830 1717 1899 1769 ita
1926 1715 2068 1784 loqui

466 1794 535 1847 de
568 1790 943 1847 sacerdotibus
970 1789 1059 1857 qui
1084 1788 1151 1842 ab
1178 1787 1406 1841 aliorum
1430 1787 1919 1841 communicatione
1940 1788 2065 1839 abs-

465 1865 662 1926 tinent,
693 1864 844 1931 quasi
878 1863 978 1928 ipsi
1018 1877 1112 1916 eos
1158 1875 1185 1912 τι
1226 1862 1606 1913 communione
1648 1874 1749 1931 sua
1789 1867 2063 1928 separent.

467 1930 724 1991 Paulinus
750 1934 1029 2003 presbyter
1058 1931 1246 1985 iuVita
1278 1932 1339 1986 Β.
1363 1931 1655 1986 Ambrosii.
1685 1949 1702 1982 ι
1733 1930 1911 2001 Ipsum
1941 1946 2068 2003 vero

466 2007 756 2061 Maximum
783 2022 812 2060 a
838 2004 1234 2061 communionis
1263 2003 1540 2059 consortio
1588 2003 1911 2073 segregavit,
1970 2002 2068 2057 ad-

467 2096 697 2133 monens
722 2090 777 2133 ut
813 2077 963 2132 cll'osi
993 2077 1269 2147 sanguinis
1299 2076 1504 2130 Domini
1558 2076 1640 2129 sui
1671 2085 1854 2147 ageret
1896 2076 2068 2145 paeni-

472 2153 722 2206 tentiam.
759 2171 777 2202 ι
805 2151 904 2219 Qui
938 2146 1139 2204 Paulini
1174 2150 1322 2215 locus
1378 2149 1445 2200 ita
1478 2146 1858 2215 intelligendus
1902 2157 1987 2202 est
2012 2156 2072 2203 ut

468 2224 602 2277 dixi.
622 2223 807 2293 Neque
833 2223 974 2276 enim
1010 2221 1325 2275 Ambrosius~
1350 2220 1638 2293 Maximum
1678 2219 2064 2293 Imperatorem

467 2312 499 2350 a
528 2291 906 2349 eomnniuione
931 2295 1091 2348 totius
1125 2292 1378 2347 Ecclesia:
1407 2291 1673 2361 sejnuxit,
1711 2307 1831 2345 eum
1865 2292 2068 2346 nttllmn

466 2368 553 2437 jus
581 2368 633 2422 in
658 2382 779 2421 eum
810 2366 1033 2421 haberet
1067 2383 1079 2419 :
1113 2365 1206 2419 sed
1238 2375 1442 2419 tantum
1473 2380 1501 2418 a
1538 2364 1752 2418 Maximi
1781 2364 2069 2433 etepiseo-

466 2436 658 2506 porum
691 2440 806 2507 ejus
848 2438 1227 2493 communione
1258 2436 1538 2497 abstinuit.
1588 2447 1644 2490 ut
1677 2437 1791 2504 ipse
1846 2445 2073 2493 testatur

461 2512 521 2566 in
551 2512 812 2567 relatione
841 2526 935 2565 sua
965 2511 1031 2563 ad
1079 2510 1530 2565 Valentinianum.
1572 2508 1701 2561 Vide
1752 2524 1871 2577 qua:
1909 2524 2070 2578 supra

472 2586 650 2638 noravi
681 2585 748 2638 de
773 2584 975 2652 privua
998 2584 1378 2637 communione
1405 2590 1460 2634 et
1485 2581 2064 2636 exeommunicntione.

472 2655 740 2711 Cancrum
760 2655 899 2724 quod
927 2655 1010 2708 hic
1033 2654 1216 2708 scribit
1237 2653 1519 2707 Cornelius
1548 2652 1841 2725 Novatiano
1872 2652 2071 2725 Moysis

469 2728 784 2797 prasjudicio
801 2727 1183 2787 condi-minito,
1209 2726 1260 2779 id
1292 2742 1320 2778 a
1345 2724 1846 2797 Moyscpauloanle
1862 2725 2066 2780 obitum

472 2794 605 2853 inihi
642 2800 836 2854 factum
870 2798 1101 2853 videtur.
1132 2797 1262 2851 Nam
1283 2794 1667 2862 initioquidem
1702 2795 1909 2866 Moyses
1936 2812 2066 2852 con.

472 2872 647 2926 fossor
678 2888 799 2926 cum
830 2870 1127 2925 Novatiano
1166 2868 1621 2923 cmnmttnicabat.
1652 2867 1718 2920 lit
1743 2882 1862 2921 cum
1893 2869 2070 2924 clerus

474 2944 750 2999 Romanus
777 2943 1060 3011 epistolam
1093 2942 1241 2995 illam
1266 2941 1331 2994 ad
1351 2940 1680 3011 Cyprianum
1709 2941 1924 3007 scripsit
1951 2958 2069 3009 qua:

474 3017 617 3070 inter
645 3014 896 3086 Cypriani
937 3013 1195 3083 epistolas
1225 3012 1395 3080 prima
1422 3026 1496 3086 a_c_
1517 3011 1786 3086 tricesima
1816 3028 2071 3086 numera-

478 3099 583 3143 tur.
619 3083 793 3140 adhne
822 3087 1029 3156 Moyses
1072 3100 1259 3155 pacem
1292 3099 1413 3138 cum
1454 3083 1752 3137 Novatiauo
1787 3085 2069 3156 servabat.

2169 1500 2389 1556 abiisse.
2433 1499 2644 1571 Quippe
2695 1499 2981 1556 Cornelius
3017 1496 3405 1571 annoiChristi
3444 1497 3565 1564 9.51,
3603 1497 3741 1571 Decio

2170 1572 2411 1642 Augusto
2473 1576 2508 1629 5
2544 1570 2622 1629 iet
2684 1572 2847 1629 Decio
2895 1571 3109 1627 Cmsare
3159 1570 3314 1626 Coss.
3372 1585 3554 1625 mense
3600 1570 3759 1640 Aprili.

2166 1645 2316 1712 juxta
2391 1645 2605 1701 Baronii
2670 1646 3026 1710 sententiam,
3081 1644 3251 1698 lactus
3300 1650 3384 1697 est
3435 1644 3737 1712 episcOpus:

2171 1717 2383 1787 Moyses
2447 1733 2578 1773 vero
2654 1732 2842 1772 mense
2909 1715 3209 1787 Februario
3268 1714 3509 1783 ejusdem
3566 1713 3677 1768 anni
3716 1728 3744 1769 e

2099 1814 2145 1874 Β
2174 1784 2281 1874 vita
2315 1790 2664 1855 discesserat,
2696 1806 2816 1874 cum
2840 1787 3169 1874 annispatio
3196 1784 3248 1840 in
3277 1801 3500 1868 carcere
3527 1800 3745 1874 permari-

2174 1862 2338 1916 sisset
2379 1874 2435 1917 ut
2490 1878 2655 1931 supra
2707 1855 3038 1918 observavif
3069 1859 3239 1914 Porro
3279 1874 3344 1914 ex
3387 1855 3615 1928 quinque
3658 1855 3744 1913 illis

2175 1932 2511 2004 presbyteris
2537 1936 2627 2005 qui
2655 1950 2775 2005 eum
2805 1932 3105 1989 Novatiano
3130 1932 3205 2005 ab
3226 1931 3466 1986 Ecclesia
3498 1944 3555 1984 se
3586 1944 3744 2005 segre-

2173 2002 2453 2074 gaverant,
2490 2002 2629 2062 unus
2683 2004 2848 2060 fuisse
2898 2005 3107 2060 videtur
3160 2002 3743 2074 Maxitnusﬁprcsbyter,

2174 2071 2405 2133 Maximo
2438 2078 2513 2132 illi
2536 2079 2833 2134 confessori
2853 2076 3220 2146 cognominis;
3249 2091 3410 2145 quem
3442 2071 3740 2146 Novatianus

2174 2150 2406 2219 legatum
2441 2160 2626 2218 postea
2674 2152 2818 2204 misit
2859 2144 3202 2204 in‘Al'ricam.
3227 2144 3518 2219 Χιίιιάῖειιιξἶ
3543 2144 3747 2219 Quisiut

2176 2217 2252 2276 illi
2281 2217 2515 2291 quinque
2560 2221 2859 2293 presbyteri
2905 2219 3155 2293 Romani,
3182 2220 3277 2293 qui
3307 2234 3433 2273 cum
3475 2217 3743 2293 Novatiano

2176 2286 2388 2348 seseab
2421 2286 2660 2349 Ecclesia
2686 2286 3059 2365 segri-garunt,
3094 2290 3196 2345 sibi
3225 2295 3615 2365 incompertum
3655 2286 3747 2365 Ya-

2178 2366 2576 2421 lesinsfatetur.
2609 2360 2899 2421 Maximum
2931 2375 3107 2420 tamen
3138 2360 3749 2435 presbytcrmu,Maximo

2176 2436 2478 2493 Confessori
2528 2439 2927 2508 cognominem,
2968 2453 3128 2508 quem
3150 2434 3500 2508 _Novatianus
3548 2435 3748 2508 legatum

2178 2522 2363 2579 postea
2392 2511 2537 2564 misit
2560 2506 2617 2565 in
2634 2509 2892 2575 Africam,
2912 2506 3111 2579 quique
3136 2506 3467 2578 Carthagine
3494 2506 3751 2579 epismpus

2180 2578 2460 2636 ordinatus
2478 2594 2581 2645 est,
2604 2598 2767 2636 unum
2783 2598 2846 2637 ex
2878 2581 2985 2636 illis
3001 2578 3165 2635 fuisse
3182 2581 3454 2647 opinatur.
3488 2578 3753 2633 Tillemon-

2178 2653 2304 2707 tius.
2341 2653 2473 2707 Hist.
2505 2653 2651 2708 Eccl.
2676 2664 2805 2707 tom.
2836 2669 2916 2717 tu,
2947 2668 3066 2723 pag.
3095 2650 3222 2713 442,
3254 2652 3377 2705 huic
3425 2650 3579 2723 adjici
3620 2663 3754 2718 posse

2174 2736 2329 2796 putat
2371 2725 2740 2797 Hippolytum,
2774 2727 2863 2792 qui
2914 2722 3227 2797 Prudentia
3259 2722 3756 2797 _tcste,7Novatiano

2177 2794 2409 2866 primum
2427 2794 2691 2857 addictus.
2709 2814 2771 2852 ac
2790 2796 3134 2868 postmodum
3155 2795 3392 2850 scbi~ma
3420 2796 3537 2868 ejus
3558 2794 3758 2849 detesta-

2178 2878 2285 2933 tus,
2304 2869 2477 2925 labem
2504 2869 2648 2924 illam
2663 2866 2859 2925 celebri
2880 2870 3138 2940 martyrio
3154 2868 3435 2940 abster-‘it.
3468 2866 3562 2921 llic
3581 2880 3756 2920 caven-

2176 2940 2328 3006 dmn,
2364 2943 2690 3014 neiquinque
2735 2938 3064 3014 presbyteri,
3093 2955 3230 3014 quos
3264 2938 3481 3014 Moyses
3505 2950 3708 3014 martyr
3730 2952 3758 2990 a

2177 3013 2557 3068 communione
2580 3008 2671 3067 sua
2685 3008 2987 3084 segregavit
3004 3008 3125 3067 cum
3140 3012 3204 3084 iis
3219 3008 3618 3084 confundantur
3630 3008 3761 3081 quin-

2180 3101 2285 3154 que
2303 3086 2632 3156 presbyteris
2661 3080 2907 3156 factionis
2932 3083 3145 3144 Novati.
3176 3082 3245 3138 de
3260 3084 3460 3153 quibus
3481 3080 3761 3156 Cyprianus

476 3135 1743 3226 X.h‘o.“.‘.§.‘.‘a}.."int"saetiger“;ascripserant;'
1769 3135 2073 3223 aiataiat
2102 3135 2147 3198 C
2185 3135 2643 3222 ἶιὶιῖιῖιιῗὲίῖἓιῖἰέῐ.
2661 3135 3164 3223 Ῑὲξέιῐὰότῆἐιιιίὶίῐ,
3184 3135 3294 3209 iuni
3319 3135 3757 3227 speciosae

479 3231 807 3284 Novatianus
837 3230 949 3291 ipse
988 3228 1268 3297 epistolam
1314 3244 1431 3283 eam
1485 3238 1887 3296 composuerat,
1941 3230 2082 3285 sicut

481 3311 704 3358 testatur
724 3300 1022 3373 Cyprianus
1049 3301 1099 3354 in
1122 3300 1347 3373 epistola
1375 3300 1438 3352 ad
1463 3299 1847 3373 Antonianmn.
1876 3301 1953 3356 Ex
1976 3318 2081 3372 qua

483 3374 751 3443 ingenium
772 3371 839 3427 iet
884 3373 1241 3444 eloquentiam
1294 3372 1568 3427 Novatiani
1601 3371 1777 3444 obiter
1815 3372 1939 3428 licet
1990 3371 2076 3429 co-

481 3441 764 3517 gutosccre.
814 3445 907 3499 Est
948 3441 1095 3517 enim
1141 3445 1367 3514 cpistola
1406 3446 1516 3509 illa,
1561 3453 1619 3497 ut
1654 3441 1926 3517 fatendum
1975 3456 2076 3510 est,

482 3517 902 3587 elegantissima.
939 3516 1146 3585 Scripta
1180 3526 1263 3572 est
1288 3526 1501 3576 autem,
1540 3532 1661 3569 cum
1718 3516 1821 3583 iam
1869 3516 2079 3587 Moyses

481 3606 681 3644 ammm
725 3591 776 3643 in
806 3604 1021 3643 carcere
1053 3588 1322 3656 exegisset
1365 3587 1506 3659 quod
1549 3604 1618 3643 ex
1661 3587 1913 3657 Cypriani
1955 3587 2081 3658 Epi-

481 3663 636 3717 stolis
675 3661 741 3716 ad
792 3661 1025 3733 Moysem
1064 3662 1212 3731 prius
1243 3661 1383 3716 datis
1409 3670 1594 3731 aperte
1647 3659 1934 3730 colligitur.
1968 3663 2080 3719 VA-

481 3749 682 3790 LESIUS.

553 3811 780 3881 Euuh'roi;
807 3808 953 3881 πέντε
978 3806 1372 3881 πρεσϐυτέρως.
1411 3805 1641 3881 Quinam
1668 3802 1885 3881 fuerint
1924 3808 2082 3877 quiti-

482 3896 587 3950 que
602 3879 674 3932 illi
694 3878 990 3949 presbyteri
1010 3875 1097 3947 qui
1114 3875 1551 3950 cum'Novatiano
1567 3875 1801 3950 schisma
1817 3875 2076 3946 fecerant,

481 3947 1273 4020 mihiquidem’incompertum
1302 3961 1403 4004 est.
1437 3947 1619 4017 Neque
1647 3949 1790 4002 enim
1817 3959 1943 4018 puto
1957 3967 2081 4008 esse

482 4023 772 4077 Maximum
802 4022 1172 4091 presbyterum
1200 4032 1253 4076 et
1286 4022 1676 4083 confessorem,
1706 4020 1941 4088 quicum
1973 4023 2075 4080 Ur-

484 4096 648 4157 bano,
669 4093 893 4149 Sidonio
922 4109 985 4147 ac
1002 4092 1309 4147 Nicostrate
1330 4109 1393 4149 ac
1422 4094 1643 4163 reliquis
1672 4096 2079 4152 confessoribus

485 4183 515 4221 a
545 4167 839 4221 Noratiano
877 4164 1163 4233 deceptus,
1197 4165 1315 4233 ejus
1348 4175 1525 4232 partes
1562 4165 1891 4233 aliquamdiu
1922 4166 2075 4223 fovit.

483 4238 690 4306 Quippe
707 4236 965 4291 Maximus
984 4250 1033 4291 et
1055 4236 1246 4306 reliqui
1260 4237 1620 4298 confessores,
1637 4246 1849 4292 mortuo
1861 4238 2077 4296 demum

482 4310 664 4380 Moyse
681 4308 955 4363 Novatiani
978 4309 1213 4377 partibus
1233 4324 1354 4363 sese
1374 4308 1753 4380 adjunxeruut,
1775 4321 1829 4363 ut
1854 4320 2081 4367 testatur

482 4379 635 4436 vetus
648 4380 912 4452 auctorde
929 4380 1274 4435 Pontilicibus
1287 4380 1443 4435 Rom.
1466 4399 1483 4432 ι
1512 4379 1867 4452 Eotempore,
1885 4384 2074 4452 inquit,

481 4453 792 4523 supervenit
811 4451 1040 4505 Novatus
1066 4467 1128 4506 ex
1159 4452 1355 4516 Africa,
1383 4462 1436 4506 et
1461 4452 1729 4521 separavit
1747 4451 1814 4505 ab
1842 4451 2077 4510 Ecclesia

2186 3229 2308 3284 bem
2338 3245 2488 3283 suam
2513 3230 2661 3298 plura
2678 3230 2939 3285 edisserit.
2967 3228 3030 3285 lli
3046 3229 3244 3298 quippe
3268 3226 3406 3294 Afri,
3430 3226 3506 3282 illi
3524 3226 3734 3283 Romani

2186 3300 2239 3354 hi
2285 3300 2644 3368 Felicissimo,
2675 3303 2747 3357 illi
2774 3301 3074 3357 Novatiano
3100 3299 3298 3355 addicti
3321 3317 3336 3363 ;
3363 3315 3551 3367 pacem
3581 3300 3630 3353 hi
3651 3315 3739 3353 con

2185 3373 2449 3427 cedebant
2476 3373 2638 3443 lapsis
2679 3374 2826 3429 nulla
2871 3384 3058 3429 exacta
3104 3372 3444 3443 ptenitentia,
3505 3372 3579 3427 illi
3620 3369 3763 3427 etiam

2186 3444 2569 3515 paenitentibus
2597 3446 2877 3516 negabant.
2909 3444 3213 3502 Couanr.
3257 3443 3354 3516 Vis
3410 3444 3542 3499 illud
3591 3443 3766 3516 intelli.

2185 3532 2388 3587 gerem,
2444 3533 2547 3586 qua
2605 3514 2813 3573 ratione
2850 3517 2953 3573 dici
3007 3526 3188 3586 posset
3230 3532 3260 3569 a
3303 3514 3525 3571 \‘alcsio
3573 3515 3765 3588 Moyses

2184 3588 2469 3659 presbyter
2488 3589 2739 3644 Cornelio
2759 3588 2899 3643 haud
2924 3589 3120 3644 favisse
3147 3588 3406 3643 adversus
3429 3588 3763 3643 Novatianutu

2183 3674 2326 3727 cum,
2360 3660 2779 3716 utCoustantius
2793 3676 2955 3729 supra
2982 3663 3209 3722 monuit,
3238 3659 3524 3715 Novatiani
3547 3659 3764 3715 scbisuza

2183 3730 2385 3804 Moysis
2423 3745 2597 3804 morte
2635 3734 2783 3804 prius
2821 3734 2979 3789 fuisse
3005 3734 3287 3789 Cornelius
3323 3732 3427 3786 hoc
3465 3733 3584 3804 loco
3616 3742 3765 3788 teste-

2186 3801 2302 3877 tur';
2330 3805 2435 3877 nisi,
2453 3801 2719 3877 Valesius,
2740 3805 2877 3860 sicut
2896 3806 3217 3860 PearsOnius
3246 3807 3297 3859 in
3321 3805 3515 3860 Annal.
3534 3801 3765 3877 Cypriae.

2182 3875 2248 3930 ad
2277 3892 2343 3930 an
2371 3875 2498 3943 251,
2526 3875 2553 3949 §
2588 3879 2636 3933 l.
2669 3878 2946 3949 Noﬁvatiani
2993 3878 3227 3933 schisma
3261 3887 3484 3947 prepter
3514 3875 3767 3948 lapSOruttt

2182 3948 2549 4017 receptionem
2577 3960 2705 4005 ante
2724 3948 3034 4005 Cornelium
3062 3951 3372 4019 episcopum
3400 3949 3601 4005 factum
3651 3964 3765 4003 con-

2186 4020 2369 4092 tigisse
2392 4021 2704 4086 statuisset;
2731 4022 2815 4077 cui
2849 4021 3064 4092 quidem
3106 4021 3343 4091 opinioni
3390 4036 3515 4077 sese
3563 4022 3767 4092 opponit

2183 4090 2561 4147 Tillemonlius
2589 4103 2699 4147 not.
2724 4109 2799 4156 Ill,
2835 4090 2885 4147 in
2916 4090 3230 4157 Cornelium,
3263 4093 3420 4146 Mem.
3463 4094 3572 4148 vol.
3600 4090 3673 4158 in,
3718 4109 3763 4162 p.

2183 4162 2308 4226 547,
2351 4165 2414 4218 ed
2448 4164 2661 4221 Bruxel.
2695 4165 2918 4220 Videtur
2951 4176 3126 4219 tamen
3172 4166 3550 4221 controversia
3593 4166 3763 4220 saltem

2183 4234 2249 4289 de
2305 4235 2490 4292 iisdem
2542 4238 2862 4307 recipiendis
2928 4238 3073 4307 prius
3127 4239 3389 4303 extitisse,
3423 4236 3765 4308 quamfactrs

2181 4318 2325 4361 esset
2362 4309 2645 4363 Cornelius
2672 4310 2975 4380 episcopus.
3011 4309 3118 4365 vid.
3166 4325 3327 4380 supra
3360 4326 3481 4380 pag.
3514 4310 3606 4365 28.
3664 4309 3767 4364 Cas-

2183 4389 2365 4452 ternm,
2388 4381 2540 4434 abest
2569 4398 2668 4435 vox
2700 4385 2847 4438 πέντε
2876 4399 2904 4435 a
2933 4382 3060 4437 Cod.
3094 4380 3334 4452 Norfolc.
3367 4383 3585 4437 llouru.

2254 4451 2329 4507 Θ’.
2357 4450 2466 4527 Ἐπὶ
2488 4452 2699 4527 Ῥώμης.
2725 4454 2834 4527 ’ἰξπί
2870 4464 2961 4516 τῆς
2996 4450 3219 4524 Ῥώμης(
3241 4464 3296 4508 ul
3336 4454 3501 4523 paulo
3532 4452 3683 4520 infra,
3719 4463 3765 4508 Cl

479 4525 836 4605 Novatianum
866 4523 1205 4605 etquosdatu
1234 4524 1593 4605 confessores,
1625 4534 1907 4605 postquam
1934 4527 2078 4599 Moy-
2102 4544 2155 4605 ι)
2180 4526 2267 4580 τὸν
2297 4523 2707 4605 κατάλογονιιιε.
2743 4525 2984 4605 Narrate,
3030 4523 3238 4605 Reum.

480 4614 567 4652 ses
596 4599 645 4651 in
675 4610 891 4650 carcere
913 4596 1193 4649 defunctus
1212 4605 1347 4650 est.»
1376 4594 1704 4651 Novatianus
1721 4596 1935 4665 quidem
1951 4594 2076 4655 ante

475 4669 678 4741 Moysis
706 4668 910 4741 obitum
939 4667 1026 4736 qui
1055 4667 1276 4741 contigit
1304 4682 1488 4741 mense
1515 4666 1825 4735 Februario,
1858 4669 2020 4725 Decio
2040 4673 2075 4726 3

478 4751 534 4796 ct
563 4738 789 4796 Etrusco
818 4738 968 4793 Coss.
990 4754 1050 4793 se
1080 4740 1146 4792 ab
1177 4739 1409 4794 Ecclesia
1440 4741 1747 4805 sejunxerat
1775 4758 1787 4793 :
1817 4740 1912 4795 sed
1942 4757 2075 4797 con-

474 4813 712 4868 fessores
761 4810 972 4883 llOlllllSl
1010 4809 1190 4882 Moyse
1231 4819 1441 4865 mortuo
1467 4811 1533 4865 ad
1566 4810 1846 4866 Novatiani
1894 4824 2072 4883 partes

482 4887 829 4940 transierunt.
855 4882 1024 4936 Tanta
1050 4883 1129 4955 vis
1147 4894 1308 4953 atque
1333 4886 1623 4938 auctoritas
1650 4884 1699 4937 in
1729 4882 1909 4955 Moyse
1930 4896 2068 4940 erat.

476 4955 641 5025 quue
667 4966 812 5011 certe
844 4954 1015 5008 innuit
1043 4951 1341 5024 Cyprianus
1370 4955 1419 5008 in
1449 4956 1604 5023 epist.
1635 4955 1723 5021 5i,
1756 4951 1838 5010 his
1868 4957 2066 5014 verbis.

480 5047 501 5078 ι
528 5028 880 5093 Posteaquam
906 5040 999 5080 vos
1026 5025 1091 5081 de
1108 5040 1325 5082 carcere
1344 5027 1669 5096 prodeuntes
1696 5026 2069 5087 schismaticus

472 5108 528 5153 et
556 5098 840 5153 haereticus
870 5113 1022 5153 error
1050 5099 1278 5167 excepit,
1327 5099 1405 5153 sic
1434 5114 1519 5153 res
1550 5108 1668 5153 erat
1706 5101 1858 5169 quasi
1895 5101 2067 5169 gloria

473 5182 652 5227 vestra
671 5170 722 5224 in
750 5184 967 5225 carcere
996 5170 1399 5225 remansisset.»
1432 5169 1590 5240 Atqui
1618 5181 1828 5226 constat
1856 5172 2069 5228 confes-

469 5257 647 5308 sores,
678 5240 892 5312 nonnisi
937 5255 1147 5296 mortuo
1188 5241 1391 5312 Moyse,
1438 5258 1502 5297 ex
1549 5257 1765 5298 carcere
1816 5243 2088 5301 dimiSsos.

468 5312 657 5369 fuisse.
700 5310 813 5385 Cur
840 5314 982 5368 enim
1028 5313 1127 5383 ipsi
1172 5310 1347 5383 potius
1377 5313 1583 5369 dimissi
1628 5315 1853 5371 fuissent
1900 5331 2062 5385 quam

464 5384 715 5459 Moyses?
748 5384 875 5459 lfost
918 5395 1143 5440 mortem
1174 5385 1333 5459 igitur
1358 5384 1934 5459 MoysisNovatianum
1978 5403 2066 5444 se-

467 5455 574 5512 euti
593 5464 736 5529 sunt.
757 5455 933 5523 Quare
959 5472 1064 5511 non
1090 5455 1357 5529 assentior
1382 5455 1632 5524 Ba‘ronio,
1661 5459 1755 5529 qui
1778 5459 1842 5512 ad
1860 5476 2058 5515 annum

464 5529 665 5585 Christi
697 5528 825 5593 254,
859 5544 1084 5584 numero
1108 5527 1645 5595 66,aitconfessores
1676 5527 1851 5585 adhuc
1877 5532 2062 5587 incar-

462 5616 589 5656 cere
632 5601 852 5670 positos,
882 5600 1177 5655 Novatiano
1207 5601 1465 5657 adversus
1503 5599 1809 5658 Cornelium
1840 5603 2055 5659 favisse.

462 5672 571 5729 Sed
601 5688 775 5741 neque
804 5672 932 5727 illud
966 5672 1135 5727 libens
1162 5673 1390 5726 Baronio
1411 5676 1767 5729 concesserim
1792 5675 1932 5743 quod
1961 5675 2060 5729 ibi-

457 5744 583 5801 dem
625 5744 810 5799 scribit
852 5743 1089 5815 Moysem
1142 5743 1346 5798 scil.cet
1388 5748 1757 5815 presbyterum
1808 5746 2058 5803 Cornelio

451 5815 650 5872 favisse
711 5815 972 5871 adversus
1019 5814 1399 5870 Novatianum.
1448 5816 1574 5871 Mihi
1638 5818 1780 5872 enim
1845 5820 2057 5876 videtur

443 5885 657 5960 Moyses
711 5887 892 5964 paulo"
924 5896 1050 5945 ante
1101 5885 1495 5946 ordinationem
1547 5885 1783 5949 Cornelii
1829 5906 1861 5947 e
1913 5892 2052 5950 vivis

2251 4597 2576 4670 Μνημονεύει.
2622 4597 2724 4653 Ista
2764 4599 2979 4654 Eusebii
3026 4599 3188 4653 verba
3222 4599 3464 4653 ttouuulli
3495 4598 3760 4655 confercn-

2181 4677 2261 4742 [οξ
2286 4684 2407 4742 e_um
2436 4670 2519 4735 iis,
2545 4670 2737 4742 quibus
2779 4671 3135 4742 Hieronymus
3174 4671 3243 4726 de
3285 4671 3487 4741 Script.
3532 4673 3672 4729 Eccl.
3715 4686 3760 4725 c.

2178 4738 2268 4817 Q6.
2297 4740 2602 4817 Cornelium
2632 4741 2696 4796 ad
2726 4742 2948 4817 Fabium
2980 4738 3272 4812 scripsisse
3300 4738 3461 4817 tradit
3495 4744 3561 4799 de
3581 4745 3762 4817 synodo

2179 4810 2435 4886 fiamque,
2459 4812 2645 4886 Italica
2674 4824 2720 4868 et
2744 4815 3009 4886 Africana,
3042 4810 3286 4869 sanctum
3312 4815 3459 4870 illum
3493 4810 3759 4872 doctorem

2176 4882 2247 4955 ibi
2273 4884 2339 4939 ad
2373 4886 2509 4939 lianc
2534 4885 2767 4941 Cornelii
2790 4882 3094 4955 ’epistolam
3126 4888 3396 4954 respicere
3419 4888 3757 4945 arbitrantur.

2174 4953 2279 5010 Sed
2306 4957 2437 5031 alias
2469 4953 3115 5031 potius_commetnorare
3162 4953 3371 5014 videtur
3394 4960 3638 5030 ejusdem
3675 4973 3763 5031 pa‘

2174 5040 2255 5101 pa)
2280 5028 2346 5082 ad
2368 5029 2618 5101 eumdem
2643 5029 2865 5085 Fabium
2890 5032 3126 5095 litteras,
3159 5031 3211 5085 in
3237 5028 3437 5101 quibus
3476 5042 3613 5089 teste
3662 5028 3759 5087 Eu-

2172 5099 2324 5174 sebio
2351 5116 2466 5174 pag.
2494 5099 2602 5157 242
2631 5121 2647 5152 ι
2675 5111 2727 5157 et
2748 5101 3005 5158 Romana:
3025 5104 3215 5174 synodi
3244 5099 3411 5173 gesta,
3444 5113 3502 5159 et
3527 5104 3753 5159 omnium

2173 5185 2272 5246 per
2298 5172 2503 5246 italiam
2529 5183 2583 5227 et
2601 5174 2834 5246 Africam
2859 5172 3099 5246 aliasque
3123 5172 3365 5230 locorum
3394 5176 3609 5232 illorum
3640 5192 3756 5246 pro-

2172 5244 2372 5298 vincias
2397 5246 2676 5300 sententia).
2720 5244 3113 5301 declarantur.»
3145 5247 3411 5315 Quorsum
3454 5265 3587 5304 vero
3630 5244 3755 5304 Cor-

2171 5315 2344 5390 nelius
2371 5315 2437 5371 ad
2493 5316 2714 5371 Fabium
2770 5317 3032 5390 scribens,
3081 5319 3200 5375 sive
3248 5320 3624 5390 episcoporum
3671 5320 3751 5388 qui

2168 5386 2415 5463 Romano
2456 5390 2685 5444 concilio
2713 5388 3014 5463 adfuerant,
3048 5391 3162 5446 sive
3183 5386 3372 5446 eorum
3400 5386 3492 5463 qui
3520 5386 3750 5463 ejusdem

2166 5458 2598 5534 synodidecreta
2620 5477 2715 5533 per
2743 5460 2949 5518 litteras
2985 5458 3496 5534 comprobaveraiit,
3536 5458 3749 5521 nomine

2166 5533 2518 5607 etilicclesias
2549 5542 2655 5587 tam
2683 5547 2931 5607 accurate
2961 5533 3251 5602 annotarit,
3298 5552 3331 5591 e
3381 5537 3622 5607 subjecta
3651 5538 3750 5606 Cy-

2165 5605 2591 5678 prianiepistola
2618 5621 2712 5660 xu.
2747 5622 2801 5659 n.
2828 5605 2882 5661 8.
2910 5608 3163 5678 colligere
3188 5608 3332 5673 licet,
3361 5609 3447 5663 ubi
3470 5605 3593 5664 eum
3617 5605 3746 5663 idem

2165 5676 2359 5746 pra-sul
2418 5678 2482 5732 ad
2537 5677 2840 5732 Cornelium
2890 5676 3131 5747 proxime
3183 5680 3393 5735 misisse
3429 5696 3489 5736 se
3538 5682 3748 5735 dixisset

2168 5772 2188 5801 ι
2227 5750 2439 5823 nomina
2461 5751 2859 5823 episcoporum,
2879 5752 2968 5821 qui
2991 5753 3105 5805 sani
3133 5760 3188 5806 et
3214 5751 3404 5823 integri
3435 5753 3489 5807 in
3513 5749 3744 5823 Ecclesia

2160 5820 2423 5896 catholica
2470 5821 2721 5880 fratribus
2756 5820 3014 5895 praestitit,
3057 5823 3236 5878 statim
3288 5820 3528 5896 adjungit
3561 5844 3575 5879 :
3603 5822 3744 5891 Quod

2159 5894 2343 5964 utique
2372 5892 2441 5950 de
2469 5897 2707 5953 omnium
2756 5892 3086 5964 nostrorum,
3129 5892 3369 5956 consilio
3406 5892 3640 5968 placuit.
3689 5903 3741 5950 ut
