4068 6324
500 289 610 348 767

1516 287 1960 347 ROMANORUM
1985 285 2402 346 PONTIFICUM
2444 288 2826 349 EPISTOLIE.

3698 295 3805 358 768’

573 405 664 462 VI.
694 405 1001 464 Secundum
1021 405 1163 477 quod
1186 378 1368 463 tamen
1396 416 1520 463 ante
1550 406 1724 464 fuerat
1749 408 2100 476 destinatum,
2132 412 2183 471 Α
2208 408 2390 465 cordia
2437 420 2492 465 et
2528 410 2846 483 colligenda:
2893 411 3243 471 fraternitatis
3286 430 3349 473 ac
3395 415 3650 473 medendi
3690 418 3802 475 γυι-

503 503 885 574 persecutione
931 502 1136 573 sopita,
1184 517 1306 557 cum
1338 501 1457 555 data
1483 511 1629 558 esset
1656 501 1879 557 facultas
1908 517 2107 557 conve-

505 598 721 664 niendi,
750 596 1002 669 copiosus
1030 596 1406 669 episeotiorum
1436 612 1693 651 numerus
1717 637 1732 661 ,
1782 610 1916 664 quos
1966 596 2106 649 inte-

507 706 635 764 gros
663 701 717 747 et
742 692 1040 747 incolumes
1091 689 1224 744 fides
1270 706 1363 745 sua
1411 700 1465 745 et
1515 689 1726 744 Domini
1771 691 1936 744 tutela
1986 704 2110 759 pro-

504 784 641 843 texit
668 793 718 850 ⁸,
746 784 800 840 in
831 799 995 839 unum
1025 782 1397 849 convenimus,
1437 793 1491 837 et
1525 783 1820 854 Scripturis
1854 781 1882 821 ι)
1919 782 2010 837 diu
2043 798 2108 837 ex

504 887 733 948 utraque
765 886 915 946 parte
943 874 1184 947 prolatis,
1220 884 1703 947 temperamentum
1739 875 1940 930 salubri
1989 889 2108 930 mo-

505 969 785 1029 deratione
810 981 832 1009 ε
859 969 1196 1037 libravimus,
1239 978 1299 1024 ut
1339 985 1440 1025 nec
1470 969 1525 1023 in
1575 979 1745 1025 totum
1795 985 1921 1040 spes
1964 984 2112 1025 com-

508 1067 890 1125 municationis
930 1076 984 1122 et
1028 1066 1177 1137 pacis
1231 1065 1397 1138 lapsis
1445 1064 1831 1137 denegaretur;
1881 1080 1948 1120 ne
1992 1065 2111 1135 plus

506 1161 883 1233 desperatione
917 1158 945 1199 ἀ
986 1160 1314 1228 deficerent,
1363 1168 1419 1216 et
1464 1175 1530 1216 eo
1578 1160 1720 1231 quod
1770 1160 1870 1215 sibi
1924 1158 2112 1214 Eccle-

505 1256 586 1312 sia
630 1254 938 1312 cluderetur
991 1264 1039 1323 θ,
1101 1254 1275 1310 secuti
1332 1253 1589 1309 saeculum
1639 1252 1910 1325 gentiliter
1963 1253 2110 1307 vive-

505 1358 661 1416 rent;
732 1363 831 1404 uec
877 1357 1056 1405 tamen
1106 1363 1292 1403 rursus
1329 1361 1557 1404 censura
1599 1346 1904 1416 evangeliea
1932 1346 2114 1401 solve-

506 1456 676 1512 retur,
720 1455 779 1501 ut
825 1445 892 1500 ad
921 1444 1460 1501 communicationem
1516 1450 1720 1498 temere
1770 1440 2111 1512 prosilireut;

508 1537 607 1595 sed
659 1539 963 1594 traheretur
1025 1538 1116 1593 diu
1171 1535 1517 1608 ptenitentia,
1571 1546 1626 1591 et
1674 1544 1955 1605 rogaretur
2011 1533 2111 1589 do-

508 1633 682 1689 lenter
735 1642 955 1702 paterna
1002 1632 1321 1698 clementia,
1358 1638 1413 1686 et
1458 1629 1895 1685 examinareutur
1936 1641 2114 1684 causae

509 1742 564 1791 ct
606 1732 911 1788 voluntates
937 1740 991 1786 et
1046 1730 1397 1786 necessitates
1425 1728 1754 1801 singulorum
1774 1769 1789 1794 ,
1818 1726 2112 1782 secundum

2211 502 2356 556 neris
2401 503 2599 558 utilitas
2641 505 2889 576 exigebat
2912 547 2927 570 ,
2961 508 3265 571 necessitati
3294 518 3603 583 temporum
3624 528 3804 570 succu-

2212 593 2412 659 buisse,
2447 606 2498 651 et
2528 596 2688 652 saluti
2712 599 3003 655 multorum
3035 601 3427 670 providendum
3462 614 3711 674 putasse;
3753 614 3807 664 et

2212 701 2354 741 nunc
2379 688 2446 744 ab
2483 688 2567 745 bis
2594 702 2699 746 non
2730 690 3018 752 recedere.
3075 709 3197 765 qua:
3251 696 3425 752 semel
3481 697 3537 753 in
3590 699 3805 756 concilio

2212 789 2397 834 nostro
2425 780 2493 836 de
2518 783 2791 838 communi
2839 784 3130 842 collatione
3182 787 3527 858 placuerunt,
3568 792 3801 863 quamvis

2214 874 2382 927 multa
2436 875 2725 932 multorum
2777 879 2998 936 vocibus
3028 881 3377 951 ventilentur,
3433 894 3491 941 et
3543 885 3806 946 mendacia

2213 967 2469 1024 adversus
2500 971 2811 1029 sacerdotes
2839 974 2930 1029 Dei
2961 975 3030 1031 de
3054 976 3254 1034 diaboli
3304 994 3401 1036 ore
3457 981 3700 1051 prolata,
3745 980 3807 1038 ad

2214 1062 2567 1132 rumpeudam
2615 1066 2898 1123 catholica:
2952 1070 3171 1126 unitatis
3218 1072 3574 1129 concordiam
3622 1074 3808 1147 ubique

2208 1153 2498 1224 jactentur.
2536 1157 2643 1214 Sed
2674 1170 2724 1216 te
2748 1169 2983 1230 oportet,
3014 1174 3072 1219 ut
3123 1165 3321 1221 bonum
3377 1160 3629 1225 fratrem
3660 1182 3811 1244 atque

2217 1250 2522 1307 unanimem
2573 1257 3048 1325 eonsacerdotem,
3099 1275 3208 1316 non
3236 1262 3365 1333 quid
3413 1263 3634 1335 maligni
3660 1273 3811 1336 atque

2215 1356 2473 1417 apostatat
2515 1348 2698 1405 dicant
2751 1350 2907 1409 facile
2956 1356 3266 1426 suscipere;
3300 1357 3399 1413 sed
3443 1358 3574 1429 quid
3601 1359 3809 1431 collega:

2220 1438 2292 1492 tui
2326 1440 2555 1496 modesti
2582 1450 2639 1498 et
2665 1458 2857 1514 graves
2882 1446 2980 1501 viri
3037 1446 3232 1503 faciant
3280 1448 3348 1504 de
3377 1450 3510 1506 vita:
3553 1458 3611 1507 et
3656 1449 3808 1507 disci-

2216 1536 2375 1606 plina:
2409 1549 2607 1595 nostra:
2633 1541 3001 1608 exploratione
3030 1542 3423 1614 perpendere‘.

2292 1631 2421 1689 VIII.
2457 1633 2627 1689 Venio
2667 1635 2775 1705 jam
2823 1652 2986 1705 nunc,
3018 1636 3185 1693 frater
3213 1638 3576 1709 charissime,
3608 1640 3675 1698 ad
3701 1651 3809 1713 per-

2216 1740 2407 1781 sonam
2435 1737 2459 1773 Β
2500 1728 2739 1784 Cornelii
2783 1730 3007 1802 collega:
3038 1733 3207 1788 nostri
3238 1750 3252 1787 :
3284 1746 3345 1789 ut
3371 1733 3693 1791 Cornelium
3718 1751 3809 1791 no-

511 1822 654 1895 quod
682 1823 866 1879 libello
904 1823 1230 1888 continetur,
1276 1838 1434 1892 quem
1466 1820 1532 1877 ad
1565 1832 1615 1877 te
1643 1820 1951 1891 pervenisse
1980 1835 2111 1873 con-
2144 1829 2191 1890 Β
2222 1820 2425 1875 hiscum
2455 1822 2631 1877 verius
2662 1824 2894 1887 noveris,
2938 1841 3044 1879 non
3093 1825 3161 1881 de
3209 1827 3575 1898 malignorum
3621 1836 3675 1884 et
3722 1828 3810 1885 de-

510 1917 639 1983 lido,
673 1917 763 1973 ubi
789 1916 997 1988 singula
1044 1917 1361 1988 placitorum
1401 1918 1574 1985 capita
1618 1914 1922 1983 conscripta
1959 1922 2107 1968 sunt.

510 2012 589 2066 Ac
609 2010 653 2066 si
690 2009 868 2066 minus
898 2010 1173 2065 sufficiens
1195 2008 1570 2079 episcoporum
1604 2008 1656 2063 iu
1699 2007 1881 2063 Africa
1925 2022 2114 2062 nume-

510 2121 605 2162 rus
628 2104 928 2175 videbatur,
956 2107 1116 2163 etiam
1146 2106 1369 2162 Romam
1392 2121 1557 2176 super
1588 2106 1688 2163 bac
1720 2123 1775 2160 re
1797 2106 2113 2177 scripsimus

511 2196 579 2253 ad
608 2195 916 2254 Cornelium
962 2199 1223 2271 collegam
1264 2211 1548 2255 nostrum:
1582 2199 1671 2269 qui
1726 2209 1778 2254 et
1830 2201 1943 2271 ipse
1991 2214 2112 2255 cum

511 2290 757 2363 plurimis
804 2292 1139 2364 coepiscopis
1191 2293 1374 2350 habito
1443 2294 1710 2359 concilio,
1761 2294 1812 2347 in
1870 2294 2114 2349 eamdem

512 2385 792 2442 nobiscum
825 2388 1147 2443 sententiam
1183 2387 1297 2459 pari
1342 2388 1600 2460 gravitate
1642 2399 1696 2445 et
1747 2388 1945 2445 salubri
1995 2404 2114 2444 mo-

511 2476 790 2536 deratioue
817 2481 1110 2538 consensit.

583 2572 698 2631 VII.
756 2574 833 2632 De
889 2591 997 2647 quo
1048 2575 1142 2631 tibi
1190 2591 1414 2633 necesse
1443 2592 1585 2633 nunc
1626 2576 1724 2633 fuit
1752 2578 1987 2633 srribere
2016 2594 2029 2631 :
2061 2586 2119 2632 ut

510 2670 652 2725 scias
702 2686 789 2726 me
835 2671 967 2727 nihil
1021 2671 1214 2727 leviter
1261 2673 1466 2744 egisse;
1518 2672 1613 2729 sed
1647 2672 1942 2728 secundum
1973 2672 2115 2744 quod

510 2763 702 2821 litteris
727 2767 861 2822 meis
893 2766 1099 2824 fueram
1129 2776 1252 2823 ante
1278 2768 1626 2838 complexus,
1663 2768 1841 2823 omnia
1871 2767 1938 2821 ad
1969 2783 2116 2821 com-

512 2875 674 2915 mune
714 2860 926 2916 coueilii
974 2862 1139 2917 nostri
1195 2862 1476 2918 consilium
1517 2862 1809 2927 distulisse,
1835 2870 1888 2916 et
1919 2862 2114 2919 nemini

511 2955 728 3024 quidem
759 2970 789 3010 e
814 2955 981 3026 lapsis
1004 2956 1149 3025 prius
1180 2957 1607 3012 connuunicasse
1629 2999 1644 3025 ,
1696 2956 1913 3027 quando
1942 2956 2116 3012 adhuc

513 3056 633 3103 erat
662 3047 805 3103 unde
831 3064 936 3102 non
963 3057 1163 3104 tantum
1191 3048 1596 3121 indulgentiam,
1630 3049 1726 3105 sed
1763 3061 1816 3106 et
1856 3065 2110 3105 coronam

516 3138 700 3210 lapsus
732 3138 1035 3211 acciperet:
1065 3150 1249 3212 postea
1279 3151 1459 3198 tamen
1480 3185 1496 3211 ,
1547 3143 1686 3199 sicut
1726 3142 1937 3213 collegii
1986 3156 2117 3196 con-

2218 1913 2545 1968 trahentinm
2602 1915 2918 1985 mendacio,
2972 1917 3067 1974 sed
3116 1918 3185 1974 de
3238 1920 3332 1975 Dei
3373 1921 3586 1991 judicio
3649 1918 3679 1959 ¹ι
3731 1920 3819 1993 qui

2221 2007 2537 2078 episcopum
2562 2008 2722 2073 fecit;
2753 2023 2806 2067 et
2829 2013 3277 2084 coepisc0porum
3307 2016 3626 2072 testimonio
3645 2058 3660 2084 ,
3688 2032 3809 2088 quos

2219 2119 2336 2158 rum
2360 2118 2618 2159 numerus
2642 2106 2925 2162 universus
2956 2123 3055 2179 per
3084 2118 3251 2164 totum
3277 2110 3544 2166 mundum
3572 2109 3810 2167 concordi

2219 2197 2568 2254 unanimitate
2602 2201 2895 2255 consensit.
2920 2200 3053 2255 Nam
3085 2201 3230 2273 quod
3271 2202 3589 2260 Cornelium
3621 2204 3813 2260 charisa

2222 2288 2416 2344 simum
2462 2300 2703 2347 nostrum
2736 2292 2845 2346 Deo
2891 2302 2945 2348 et
2992 2292 3207 2348 Christo
3258 2304 3313 2351 et
3359 2296 3623 2352 Ecclesia:
3671 2296 3805 2367 ejus,

2224 2384 2350 2440 item
2387 2386 2862 2443 consacerdotibus
2889 2390 3097 2444 cunctis
3146 2388 3399 2446 laudabili
3444 2390 3811 2466 prasdieatione

2224 2480 2586 2545 commendat,
2634 2496 2739 2535 non
2788 2482 2888 2537 iste
2939 2481 3005 2537 ad
3059 2486 3432 2554 episcopatum
3479 2486 3658 2541 subito
3700 2499 3811 2555 per-

2224 2572 2400 2635 venit;
2433 2571 2528 2631 sed
2559 2588 2653 2642 per
2683 2573 2863 2628 omnia
2905 2573 3270 2631 ecclesiastica
3317 2574 3501 2632 officia
3526 2586 3808 2648 promotus,

2224 2675 2280 2722 et
2309 2667 2359 2720 iu
2389 2666 2584 2721 divinis
2621 2666 3179 2724 administrationibus
3222 2668 3391 2725 Deum
3434 2686 3581 2741 saepe
3611 2684 3807 2740 prome-

2223 2761 2374 2827 ritus,
2430 2760 2494 2814 ad
2528 2760 2811 2815 sacerdotii
2846 2761 3073 2817 sublime
3124 2762 3393 2834 fastigium
3440 2764 3650 2819 cunctis
3700 2761 3809 2817 reli~

2222 2857 2393 2927 gionis
2423 2856 2676 2927 gradibus
2708 2856 2971 2911 ascendit.
3030 2854 3166 2911 Tum
3218 2856 3416 2912 deinde
3461 2858 3807 2929 episcOpatum

2223 2952 2400 3019 ipsum
2434 2964 2533 3003 nec
2564 2948 2854 3019 postulavit
2891 2948 2935 3012 ί,
2970 2964 3071 3003 nec
3116 2948 3318 3017 voluit,
3373 2965 3512 3017 nec,
3547 2959 3605 3005 ut
3647 2946 3809 3005 cmteri

2221 3059 2357 3114 quos
2419 3043 2743 3111 arrogantiae
2798 3050 2854 3097 et
2900 3041 3168 3110 superbire
3224 3056 3337 3096 suae
3395 3051 3578 3097 tumor
3641 3040 3807 3106 inflat,

2223 3138 2421 3194 invasit
2454 3156 2466 3192 :
2501 3137 2596 3193 sed
2625 3137 2838 3209 quietus
2889 3137 3021 3192 alias
3079 3148 3133 3193 et
3182 3137 3490 3207 modestus,
3545 3148 3599 3195 et
3643 3135 3811 3210 quales

1749 3252 2041 3311 LECTION
2049 3254 2130 3312 ES
2170 3251 2587 3310 VARIANTES.

580 3345 606 3375 °
631 3345 810 3396 Tutela
831 3349 1050 3398 servavit
1074 3348 1200 3399 Bod.
1225 3348 1275 3398 5.

573 3405 605 3445 δ
624 3409 894 3472 Scripturis
915 3411 1096 3461 divinis
1116 3413 1249 3462 Lam.
1277 3409 1423 3461 Ebor.
1453 3412 1575 3461 Ben.
1613 3411 1737 3463 Bod.
1764 3412 1811 3460 2.
1842 3411 1949 3463 ΝΟ.
1978 3412 2021 3462 1.

575 3476 600 3503 °
628 3471 824 3522 Salubri
843 3476 1036 3524 ratione
1062 3474 1188 3526 Bod.
1215 3475 1264 3524 5.

579 3534 608 3575 ιι
629 3534 741 3599 Nec
762 3537 927 3597 potius
943 3536 1295 3599 desperatione
1316 3536 1590 3589 deﬁcerent
1616 3550 1680 3588 ex
1708 3552 1770 3587 eo
1801 3538 1923 3588 Bod.
1950 3540 2000 3587 5.

578 3601 604 3630 ο
628 3596 944 3663 Cluderetur,
969 3608 1021 3652 et
1037 3596 1208 3652 seculo
1233 3600 1359 3652 Bod.
1386 3602 1432 3651 ’5.
1457 3599 1778 3652 Clauderetur
1794 3600 1927 3653 Colb.
1956 3600 2123 3651 Addu-

514 3667 719 3712 ceretur
737 3660 883 3714 Corb.

2291 3343 2311 3381 τ
2343 3345 2581 3407 Exemplo
2598 3346 2790 3395 ratione
2816 3344 3133 3407 perpendere
3163 3343 3305 3396 Corb.
3326 3345 3670 3396 exhortatione
3695 3341 3808 3396 Colb.

2292 3411 2318 3450 Β
2346 3408 2419 3457 Ad
2445 3422 2705 3471 personam
2728 3408 2938 3467 collega:
2960 3408 3117 3456 nostri
3144 3410 3287 3471 Lam.
3306 3408 3434 3459 Bod.
3463 3410 3511 3458 ‘2.
3683 3420 3697 3433 '

2287 3471 2317 3509 h
2343 3470 2664 3522 Sed’Domiui
2689 3472 2782 3520 Dei
2804 3471 2988 3531 judicio
3007 3471 3164 3523 Oxon.
3196 3470 3368 3523 Baluz.

2233 3536 2435 3651 AYiCNfe
2452 3538 2561 3600 ipse
2588 3535 2852 3600 postulavit
2869 3536 3025 3587 Oxon.
3051 3534 3218 3600 Ipsum
3242 3548 3339 3586 nec
3358 3534 3517 3588 voluit
3533 3536 3662 3587 Lam.
3684 3532 3809 3585 Ebor.

1866 3751 2226 3808 VAIlIORUM
2280 3750 2514 3807 NOTAE.

486 3940 494 3947 _
522 3942 550 3947 _
586 3870 678 3929 Vl.
693 3869 1010 3947 Placitorum
1026 3873 1217 3947 capita.
1233 3872 1364 3947 Qnte
1382 3872 1752 3947 mandatorum
1772 3873 1948 3943 capita
1967 3880 2122 3927 vocat

513 3942 741 4012 Optatos
777 3945 827 3998 itt
862 3945 996 4000 libro
1034 3946 1208 4014 primo
1245 3945 1506 4000 adversus
1550 3945 1984 3999 Parutenianutn.
2037 3946 2117 3998 Au

514 4008 647 4071 vero
675 4015 790 4071 lucc
815 4018 884 4071 sit
905 4008 1057 4086 origo
1092 4008 1358 4072 ca'nouum
1392 4017 1862 4083 pmttitetuialium.
1892 4024 1952 4070 ut
1992 4031 2117 4071 cen~

516 4086 939 4159 suit_Barottius,
968 4089 1089 4143 aliis
1118 4088 1495 4144 excutiendum
1530 4089 1797 4159 relinquo.
1826 4088 2029 4143 Btth.

601 4157 877 4212 Videbitur.
947 4160 1025 4215 Ita
1092 4162 1289 4216 habent
1344 4163 1525 4229 plures
1572 4157 1786 4215 codices
1832 4160 2017 4228 optimi
2068 4169 2123 4215 et

516 4237 737 4286 veteres
786 4230 1072 4287 editiones.
1137 4234 1269 4299 Quae
1328 4234 1489 4288 lectio
1552 4234 1680 4287 mibi
1742 4232 1953 4286 videtur
2000 4246 2122 4287 esse

518 4301 724 4376 meliori
752 4319 913 4374 quam
959 4303 1264 4360 Manutiana
1285 4348 1300 4373 ,
1346 4306 1397 4360 in
1429 4320 1533 4376 qua
1577 4306 1835 4375 scriptum
1867 4314 1949 4359 est
1978 4304 2122 4358 vitle-

520 4373 687 4429 batur.
710 4373 905 4430 Btth.

596 4444 788 4500 Habito
827 4446 1066 4501 concilio.
1108 4449 1264 4503 Anno
1301 4448 1431 4515 251,
1480 4457 1537 4501 nt
1583 4448 1658 4502 ait
1703 4445 2028 4502 Pearsonius
2073 4448 2124 4501 in

2225 3887 2254 3925 a
2285 3870 2547 3926 Morellio.
2578 3868 2945 3925 Confirmabat
2978 3868 3115 3923 hanc
3154 3882 3328 3922 meam
3360 3868 3667 3939 opinionem
3695 3877 3807 3939 auc-

2227 3946 2415 3999 toritas
2463 3943 2654 3997 borqu
2684 3944 2918 4012 quinque
2950 3951 3195 3995 veterum
3228 3936 3517 4006 librorum,
3563 3941 3614 4007 in
3637 3936 3807 4012 quibus

2226 4018 2485 4083 scriptum
2527 4024 2639 4075 est,
2675 4007 2739 4068 de
2772 4007 2885 4067 vit-te
2941 4021 2988 4066 et
3019 4012 3309 4085 disciplina?
3362 4023 3553 4067 nostra:
3606 4007 3808 4085 exempla

2226 4081 2424 4142 ratione
2462 4086 2789 4156 perpendere.
2836 4085 3109 4156 Opinabar
3151 4081 3328 4138 autem
3372 4099 3559 4139 vocem
3592 4081 3803 4150 explora-

2227 4162 2383 4222 tione,
2416 4174 2575 4232 qnatu
2620 4158 2883 4213 Manutius
2923 4158 3160 4232 protulit,
3192 4166 3362 4232 ortam
3405 4172 3529 4232 esse
3556 4171 3620 4210 ex
3643 4166 3799 4232 cuicu-

2230 4224 2448 4287 datione
2473 4231 2752 4301 enjuStl‘am
2782 4224 2982 4284 veteris
3030 4230 3266 4289 librarii;
3326 4230 3414 4298 qui
3469 4243 3590 4301 cum
3646 4224 3807 4301 existi-

2233 4311 2406 4358 maret
2457 4297 2553 4358 has
2594 4318 2755 4357 voces
2802 4318 2905 4356 non
2935 4304 3244 4375 coluerere,
3278 4297 3800 4375 a_d_eoque_lectionc_tu

2232 4377 2375 4430 illam
2408 4383 2647 4430 veterem
2677 4390 2797 4429 esse
2822 4374 3157 4438 mendosam,
3188 4387 3253 4426 ex
3300 4371 3385 4427 bis
3429 4372 3632 4427 duabus
3673 4371 3794 4421 voci-

2232 4448 2330 4502 bus
2375 4447 2536 4503 simul
2579 4446 2779 4515 junctis
2823 4446 3038 4500 ft-risset
3083 4443 3469 4513 exploratione,
3518 4449 3799 4515 eapungens

519 4499 1256 4590 AnnalibusCvprianieis,
1306 4499 1431 4575 ubi,
1458 4499 1727 4575 refecturi
1750 4499 1828 4573 ex—
1890 4499 2127 4573 Eusebio
2152 4499 2205 4559 D
2234 4499 2491 4589 priorem,
2525 4499 2776 4573 retinens
2822 4499 3005 4590 aliam.
3041 4519 3107 4570 At
3147 4499 3480 4590 itunc,_cutn
3524 4499 3716 4568 videam
3755 4508 3797 4562 iu

521 4590 800 4662 sexaginta
856 4591 1141 4660 episctipos
1204 4592 1270 4647 ad
1334 4595 1435 4647 hoc
1482 4591 1782 4646 Romanum
1841 4590 2126 4645 concilium

521 4663 864 4719 convenisse.
899 4662 1146 4718 Habitum
1190 4673 1368 4718 autem
1409 4663 1573 4719 fuisse
1607 4677 1791 4717 mense
1819 4663 2123 4729 Septembri

521 4734 697 4808 tradit,
733 4734 873 4789 idem
919 4745 1106 4791 auctor
1150 4747 1202 4790 et
1250 4736 1443 4808 Pagius
1492 4744 1610 4805 post
1652 4750 1795 4808 eum.
1828 4736 2026 4790 Btth.
2057 4765 2130 4775 -—

520 4804 702 4862 Nostri
728 4821 858 4860 mss.
890 4808 1120 4879 consilio.
1148 4804 1576 4879 Carthagineuse
1598 4807 1883 4861 concilium
1912 4808 1978 4860 de
2009 4807 2126 4875 lap-

523 4891 708 4933 sorum
736 4893 921 4942 causa,
960 4878 1222 4942 Romano,
1249 4880 1391 4947 quod
1427 4880 1616 4934 eadem
1644 4878 1712 4933 de
1740 4893 1897 4933 causa
1920 4879 2127 4932 Corne-

524 4948 629 5003 lius
654 4950 859 5018 babuit,
883 4952 1122 5007 anterius
1153 4951 1317 5007 fuisse
1348 4951 1433 5005 hic
1455 4951 1654 5006 dist-rte
1682 4951 1955 5005 docemur.
1988 4949 2132 5017 Quo-

525 5020 670 5092 circa
705 5036 829 5077 emn
870 5022 1010 5092 apud
1038 5024 1324 5078 Eusebium
1370 5023 1463 5079 lib.
1508 5038 1581 5081 vu.
1621 5038 1672 5077 c.
1699 5022 1792 5087 45,
1845 5022 2131 5076 Cernelius

531 5090 789 5165 Romanis
844 5090 1037 5165 synodi
1098 5103 1245 5165 gesta
1295 5109 1417 5150 cum
1487 5093 1741 5165 Afrorum
1794 5094 2131 5163 aliorumque

526 5164 815 5217 sententiis
846 5165 931 5223 ad,
966 5164 1191 5221 Fabium
1241 5167 1455 5221 misisse
1498 5164 1715 5223 dicitur.
1765 5165 1832 5219 de
1884 5165 2130 5219 Afrorum

529 5235 817 5289 sententiis
859 5237 1052 5304 quibus
1091 5239 1205 5292 Afri
1248 5237 1506 5293 Romana:
1536 5236 1745 5305 synodo
1800 5236 2129 5305 prmiverint,

531 5320 644 5387 non
670 5294 1082 5387 quibus'eidetu
1112 5310 1320 5387 synodo
1375 5294 1814 5378 subscripserit“,
1869 5294 2133 5363 Eusebius

530 5376 603 5431 ibi
634 5377 776 5446 loqui
801 5379 1103 5434 censendus
1132 5376 1233 5437 est.
1266 5381 1570 5437 Consum.

603 5446 894 5502 Consensit.
925 5449 1085 5506 Deest
1115 5452 1233 5507 bric
1260 5454 1483 5520 aliquid,
1524 5461 1647 5522 puta
1682 5453 1781 5507 rite
1824 5451 1888 5505 ad
1917 5452 2132 5522 episco-

530 5528 715 5590 patum
744 5522 1086 5597 perveuisse,
1135 5536 1226 5579 aut
1267 5524 1466 5597 aliquid
1507 5525 1704 5580 simile.
1758 5524 1959 5579 Sensus
1987 5523 2133 5579 enim

532 5604 641 5661 non
656 5602 745 5661 est
760 5591 1005 5661 integer.
1031 5593 1233 5652 Btth.

607 5660 724 5741 VII.
753 5659 1139 5741 Egrploratt'one.
1160 5668 1241 5741 In
1270 5670 1505 5741 quinque
1537 5669 1688 5724 libris
1722 5668 1956 5732 antiquis
1996 5674 2050 5741 et
2080 5668 2134 5721 in

532 5734 915 5811 vetustioribus
928 5735 1257 5811 editiouibus
1287 5734 1480 5805 legitur
1500 5742 1992 5811 rxemplo,camque
2022 5738 2133 5793 lec-

534 5806 737 5889 tionem
773 5820 873 5873 ego
920 5810 1088 5889 prima
1117 5808 1293 5889 fronte
1322 5806 1655 5889 probaliatn_.'
1684 5806 1945 5868 Videbam
1979 5811 2135 5889 enim

535 5878 703 5948 illaut,
723 5878 1124 5949 insuperbabita
1147 5878 1385 5943 editione
1409 5884 1648 5956 Manutii,
1678 5893 1943 5944 retentam
1971 5883 2139 5942 fuisse

2231 4588 2458 4661 epistola
2484 4607 2670 4650 Limn.
2690 4590 2741 4643 in
2764 4590 2948 4644 codice
2966 4589 3225 4661 Fuxeusi,
3241 4588 3500 4655 scriptum
3523 4600 3638 4642 esse
3656 4596 3797 4661 egeat;

2235 4651 2320 4734 pIo
2349 4673 2395 4717 et
2426 4664 2644 4725 ratione,
2684 4672 2741 4716 ut
2782 4662 2891 4735 illic
2923 4660 3286 4735 annotabitur.
3335 4651 3433 4729 pro
3464 4662 3541 4716 eo'
3569 4651 3796 4735 quodalii

2236 4727 2353 4789 libri
2392 4746 2454 4808 et
2484 4735 2748 4808 editiones
2792 4732 2987 4808 habent
3017 4727 3388 4808 exploratione,
3441 4748 3544 4808 non
3592 4727 3794 4808 dubitavi

2233 4807 2359 4876 quin
2389 4806 2504 4861 IIIBC
2552 4807 2709 4861 lectio
2739 4808 2803 4859 sit
2843 4805 3053 4859 melior.
3081 4793 3264 4873 'Supra
3302 4804 3500 4873 quippe
3520 4802 3575 4876 in
3602 4793 3795 4871 epistula

2234 4875 2479 4947 Septima,
2513 4880 2705 4949 legitur
2735 4896 2747 4932 :
2782 4877 3077 4931 Persectttio
3105 4878 3200 4930 ista
3251 4875 3558 4931 examinatio
3583 4880 3649 4927 est
3672 4877 3793 4939 atque

2235 4950 2521 5019 exploratio
2554 4951 2786 5017 pectoris.
2822 4949 3022 5003 Barea.
3199 4972 3202 4977 -

2314 5022 2443 5076 VIII.
2464 5021 2829 5088 Qttt’etttsttlias.
2853 5024 2922 5075 liv
2944 5031 3066 5074 octo
3082 5036 3214 5075 mss.
3237 5021 3286 5076 in
3305 5020 3479 5077 Oxon.
3496 5018 3617 5076 edit.
3638 5024 3792 5088 recell-

2236 5093 2353 5147 sitis
2379 5082 2567 5150 vocem
2594 5096 2723 5148 alius
2744 5108 3076 5160 rcvoratttus,
3097 5093 3402 5147 faventibus
3417 5091 3567 5147 Colb.
3581 5082 3790 5164 etCQrbg

2237 5181 2464 5235 quorum
2500 5167 2549 5220 iu
2583 5182 2690 5220 ttuo
2713 5167 2863 5231 alios,
2904 5164 2955 5219 iu
2990 5155 3157 5221 altero
3188 5166 3305 5218 aliis
3334 5166 3542 5235 legitur.
3580 5155 3793 5235 Pluribus

2238 5233 2371 5308 opus
2395 5256 2498 5291 non
2526 5250 2626 5297 est.
2662 5248 2720 5292 ut
2747 5238 3072 5307 Cyprianum
3124 5239 3174 5292 in
3220 5238 3285 5291 iis
3316 5233 3582 5300 omnibus,
3624 5233 3667 5308 in
3692 5240 3789 5308 qut-

2239 5303 2338 5384 bits
2377 5310 2617 5384 Cornelii
2669 5303 2983 5384 elei-tienetu
3016 5309 3392 5384 co_t_u_nteu_dat,
3420 5303 3788 5384 ordinationem

2237 5380 2517 5436 Novatiani
2579 5393 2635 5435 ut
2707 5378 2894 5436 iisdem
2951 5380 3353 5435 conditionibus
3401 5380 3687 5435 destitutam
3737 5378 3787 5420 cI

2238 5453 2457 5522 obliquo
2486 5454 2695 5521 pulsare
2726 5469 2788 5507 ac
2829 5452 3123 5523 reprobare
3175 5452 3604 5520 persuadeamus.
3643 5444 3787 5523 Immo

2238 5536 2293 5580 et
2343 5513 2561 5580 nomine
2605 5524 2815 5595 quidam
2855 5513 2960 5578 non
2990 5513 3219 5578 obscure
3272 5513 3786 5595 desigttatttr._NOYil‘

2242 5598 2436 5654 tiauus.
2468 5597 2593 5653 lude
2619 5591 2781 5652 etiam
2810 5598 3002 5666 cuique
3050 5591 3527 5662 ertpluratum'est,
3578 5591 3623 5644 id
3654 5591 3783 5666 pf“):

2241 5669 2391 5724 ribus
2417 5670 2631 5724 saeculis
2661 5668 2805 5723 circa
2843 5656 3137 5723 electimtes
3188 5668 3476 5737 praesulum
3516 5656 3606 5720 usu
3651 5656 3785 5737 illis“?

2242 5751 2553 5812 receptum,
2603 5740 2746 5812 quod
2778 5749 2962 5813 postea
3011 5728 3226 5813 scriptis
3274 5741 3478 5811 legibus
3521 5728 3782 5794 mandatu!"

2241 5823 2343 5870 est.
2378 5813 2683 5871 Cous'rtuv'r.
