4000 6322
299 295 409 354 775

1132 293 1488 358 EPISTOLA.
1520 294 1589 355 Χ.
1634 298 1694 357 8.
1724 290 2052 356 CYPRUM
2102 297 2192 358 AD
2232 300 2709 367 ANTONIANUM.

3501 310 3606 374 774

299 414 503 475 thedrae
553 424 582 457 ι
626 412 974 477 sacerdotalis
1020 428 1258 473 vacaret.
1330 416 1449 487 Quo
1505 426 1766 487 occupato
1824 416 1892 473 de
1920 419 1967 480 Α
1999 427 2130 487 tum,
2152 439 2254 480 nec
2281 427 2617 494 extortnmb,
2644 430 2739 505 sed
2763 429 2828 487 de
2857 429 2973 505 Dei,
2999 431 3088 505 qui
3113 434 3427 492 sacerdotes
3456 435 3604 502 facit,

299 513 393 569 Dei
416 514 720 581 voluntate,
770 525 929 587 atque
956 517 1199 572 omnium
1248 526 1490 572 nostrum
1532 518 1896 574 consensione

300 609 539 677 lirmato,
590 610 829 682 quisquis
874 611 983 682 jam
1038 612 1322 683 episcopus
1373 610 1490 667 ﬁeri
1535 611 1788 676 voluerit,
1819 612 1897 667 l'o-

297 703 372 759 ris
413 704 507 759 ﬁat
546 718 770 761 necesse
812 713 917 769 est.
963 720 1062 762 nec
1109 706 1306 762 habeat
1352 689 1787 763 ecclesiasticam
1808 723 1900 763 or-

296 796 653 865 dinationem,
700 799 791 870 qui
821 799 1079 855 Ecclesia:
1110 816 1216 856 non
1242 810 1389 857 tenet
1424 801 1705 858 unitatem.
1739 801 1899 871 Quis-

294 891 417 964 quis
455 890 546 948 ille
568 891 760 959 fuerit,
810 892 1036 949 multum
1072 893 1140 949 de
1168 909 1229 949 se
1253 894 1376 949 licet
1406 893 1648 965 iactans,
1691 902 1746 949 et
1789 892 1892 949 sibi

298 988 591 1061 plurimum
618 989 898 1047 vindicans
917 1035 933 1059 ,
963 989 1220 1062 profanus
1240 999 1353 1059 est,
1376 989 1581 1045 alienus
1607 997 1691 1045 est
1713 1030 1727 1057 ,
1757 988 1887 1045 loris

294 1091 393 1139 est.
420 1082 632 1140 Etcum
666 1094 789 1159 post
827 1086 1061 1157 primum
1088 1084 1355 1142 secundus
1391 1100 1514 1141 esse
1550 1099 1658 1139 non
1683 1082 1885 1155 possit,

293 1179 534 1251 quisquis
556 1188 679 1250 post
704 1197 867 1236 unum
895 1180 989 1254 qui
1021 1181 1170 1238 solus
1193 1196 1314 1237 esse
1347 1180 1541 1237 debeat
1567 1179 1735 1235 iactus
1764 1186 1883 1247 cst,

292 1288 398 1329 non
425 1258 534 1343 iam
559 1274 828 1331 secundus
858 1274 971 1343 ille,
1003 1275 1097 1332 sed
1128 1275 1306 1331 nullus
1326 1284 1431 1330 est.

363 1366 458 1424 IX.
489 1366 626 1425 Tum
671 1368 867 1426 deinde
903 1378 1025 1441 post
1070 1369 1445 1443 episcopatum
1485 1382 1594 1425 non
1635 1366 1886 1425 exambi-

2010 515 2284 573 volnntate
2313 532 2643 593 susceptum,
2669 536 2867 597 quanta
2899 527 2949 582 in
2979 527 3095 599 ipso
3117 539 3370 602 suscepto
3395 532 3609 601 episco-

2002 619 2128 679 patu
2163 626 2262 667 suo
2294 614 2486 681 virtus,
2518 629 2779 689 quantum
2813 608 3200 693 robur'animi,
3235 625 3411 697 qualis
3438 624 3609 691 ﬁrmi-

2003 711 2084 759 tas
2103 715 2123 743 ο
2142 705 2289 771 ﬁdei,
2307 708 2450 778 quod
2476 724 2575 765 nos
2591 711 2825 791 simplici
2856 714 3021 771 corde
3048 724 3102 772 et
3131 718 3440 788 perspicere
3463 717 3611 790 peni-

2003 803 2088 851 tus
2116 807 2171 852 et
2201 799 2426 857 laudare
2459 801 2740 873 debemus,
2784 806 2993 881 sedisse
3037 800 3366 881 intrepidum
3420 811 3609 869 Roma:

2004 888 2059 944 in
2109 893 2432 951 sacerdotali
2455 897 2711 954 cathedra
2743 915 2809 956 eo
2839 910 3105 974 tempore,
3138 886 3263 979 cum
3299 912 3558 977 tyrannus
3579 905 3608 945 ά

2006 984 2233 1042 infestus
2271 989 2641 1046 sacerdotibus
2672 990 2766 1047 Dei
2799 986 2966 1049 l'anda'
2991 1005 3152 1069 atque
3186 995 3399 1054 infanda
3452 1014 3607 1055 com-

2005 1081 2336 1148 minaretur;
2379 1098 2503 1138 cum
2533 1084 2701 1140 multo
2748 1088 3040 1163 patientius
3068 1076 3127 1146 et
3159 1092 3495 1151 tolerabilius
3521 1109 3611 1149 au-

1998 1174 2159 1241 diret,
2192 1175 2360 1230 levari
2392 1176 2655 1234 adversus
2684 1193 2743 1234 se
2782 1181 3037 1238 {annulum
3072 1184 3394 1263 principem,
3446 1204 3606 1259 quam

1994 1270 2249 1326 constitui
2282 1269 2469 1327 Roma:
2514 1272 2609 1327 Dei
2641 1274 2980 1332 sacerdotem
3015 1276 3082 1332 οἳ
3119 1268 3312 1337 Nonne
3346 1281 3457 1346 hic,
3492 1280 3610 1338 fra-

1993 1373 2076 1421 ter
2128 1362 2468 1430 charissime,
2500 1380 2714 1422 summo
2758 1368 2971 1427 virtutis
3021 1378 3077 1426 et
3121 1371 3247 1428 lidei
3299 1373 3610 1431 testimonio

1546 1486 1928 1559 LECTIDNES
1966 1483 2388 1555 VABIANTES.

357 1602 383 1632 α
418 1600 481 1653 Et
502 1600 739 1653 cathedra
771 1602 890 1654 Ver.

293 1658 400 1780 “rb
417 1666 617 1716 Ambitu
634 1665 716 1716 vel
736 1672 951 1730 extorta,
964 1665 1055 1716 sed
1075 1664 1140 1716 de
1155 1664 1272 1730 Dei,
1291 1665 1421 1717 Lam.
1444 1662 1623 1718 sane.
1642 1665 1716 1718 Ex
1738 1670 1891 1728 sorte,

359 1795 382 1825 ο
420 1792 609 1854 Quanta
634 1792 836 1844 ﬁrmitas
859 1791 974 1844 ﬁdei
1003 1794 1128 1845 Bod.
1153 1794 1202 1843 5.

2786 1604 3200 1743 ε.
3240 1673 3287 1741 1.
3325 1673 3464 1743 Spir.
3500 1678 3607 1727 Yet.

1923 1743 1974 1806 Β
2002 1726 2031 1776 Ι
2034 1738 2195 1778 unum.
2226 1728 2367 1777 Erus.
2394 1729 2581 1779 Manut.
2609 1727 2774 1781 Itonia:
2794 1726 3191 1786 aemuluni‘Pa'm.

1640 1903 1999 1963 VARIOBUM
2034 1902 2258 1971 NOTAE.
2449 1913 2467 1945 ⁴

295 2027 531 2083 notatio:
556 2026 813 2098 Rigaltius
833 2024 926 2094 ait,
952 2023 1200 2098 (Igujiciet
1217 2023 1402 2098 aliquis
1422 2023 1897 2098 umuutttrCypriaui

298 2110 497 2173 tantum
524 2095 806 2173 scripsisse,
825 2098 951 2165 Cum
984 2095 1202 2173 Fabiani
1227 2095 1366 2173 logus
1392 2107 1437 2150 et
1463 2096 1706 2173 cathedra
1731 2112 1899 2159 sacer-

299 2171 491 2229 dotalis
520 2168 757 2239 vacaret;
788 2187 877 2227 uec
897 2186 1020 2243 sane
1045 2168 1191 2225 aliud
1210 2169 1495 2243 quidquam
1511 2171 1703 2243 patitur
1720 2185 1897 2225 sensus

298 2246 561 2298 auctoris:
589 2243 829 2312 nihilque
873 2242 1178 2311 adiungitur
1224 2238 1519 2312 undenvel'
1545 2240 1931 2295 conﬁrmetur‘

298 2314 518 2386 Rigaltii
546 2311 880 2386 conjectura,
908 2314 989 2369 vel
1020 2313 1340 2386 infirmatur.
1361 2311 1511 2367 Hanc
1535 2327 1668 2386 sane
1691 2314 1898 2386 respuit

301 2383 509 2461 summa
542 2384 942 2461 (111111111111111811ἶ
972 2383 1281 2461 consensio,
1312 2400 1413 2461 qua
1455 2384 1821 2461 quillomana
1842 2384 1894 2438 in

301 2459 559 2514 cathedra
590 2459 760 2522 sedet,
784 2456 1035 2530 Cypriani
1058 2453 1281 2530 judicio,
1322 2453 1498 2511 locum
1532 2455 1673 2530 Petri
1715 2470 1897 2511 tenere

303 2531 625 2587 ostenditur.
664 2532 773 2585 lloc
804 2524 977 2598 ipsum
1007 2524 1074 2583 ρι’
1105 2524 1154 2582 111
1189 2530 1427 2596 subjecta
1458 2527 1680 2596 epistola
1713 2544 1805 2589 xu.
1839 2545 1895 2581 n.

304 2604 395 2667 15,
425 2605 565 2661 idem
598 2604 788 2669 praesul
816 2603 969 2672 plane
1000 2603 1214 2672 asserit.
1244 2600 1550 2657 Consum.
1593 2599 1668 2656 lta
1709 2614 1899 2656 omnes

304 2675 572 2735 editiones
592 2686 647 2731 et
680 2676 798 2732 libri
818 2670 1038 2731 veteres
1065 2715 1078 2733 .
1102 2670 1422 2730 Carnutensi
1444 2684 1692 2743 excepto,
1721 2676 1771 2727 in
1792 2685 1900 2742 quo

303 2750 562 2815 scriptum
591 2756 676 2805 est
703 2747 915 2817 gradus.
965 2748 1213 2817 Attamen
1263 2744 1523 2814 Higaltius
1566 2744 1900 2817 existimavit

306 2819 447 2881 istud
480 2836 586 2877 non
614 2815 735 2874 esse
760 2817 1015 2890 Cypriani
1040 2857 1054 2878 .
1088 2815 1268 2890 itaque
1314 2831 1433 2890 esse
1449 2831 1528 2890 ex
1554 2816 1894 2890 glossemate.

303 2890 498 2949 Nescio
522 2909 589 2947 an
617 2891 733 2949 tunc
761 2888 878 2958 ej'ns
908 2889 1091 2960 opinio
1113 2888 1311 2945 multos
1339 2888 1584 2943 habitura
1626 2888 1696 2943 sit
1722 2898 1898 2944 secta-

305 2974 477 3021 tores.
525 2963 752 3033 Optatus
793 2959 1152 3025 Milevitanus,
1196 2960 1292 3016 lib.
1340 2975 1377 3026 ι,
1426 2960 1559 3017 dixit
1589 2959 1899 3033 cathedram

307 3035 450 3093 Petri
479 3031 867 3107 vel'Cypriani,
890 3045 951 3107 et
980 3033 1071 3107 lib.
1105 3046 1166 3097 tt,
1203 3033 1516 3107 cathedram
1535 3031 1897 3102 episcopalem

304 3122 426 3166 ossa
455 3104 705 3169 collatam
737 3108 793 3163 111
823 3106 954 3162 urbe
982 3104 1171 3159 Roma.
1203 3105 1405 3161 BALUZ.

2005 2033 2107 2081 test
2158 2022 2528 2101 interpretatio
2578 2020 2852 2101 Francisci
2928 2023 3221 2101 Turrensis
3275 2037 3334 2101 et
3376 2030 3608 2089 aliorum

2002 2098 2355 2164 quorunnlam
2382 2095 2471 2173 qui
2518 2095 2639 2173 istic
2687 2112 2852 2154 unum
2894 2107 2948 2153 et
2974 2099 3149 2155 solum
3179 2095 3492 2173 episcopum
3523 2105 3608 2161 in-

2004 2176 2364 2236 terpretantur
2407 2166 2476 2223 de
2521 2167 2781 2233 Romano,
2841 2180 3113 2241 tamquam
3149 2173 3194 2228 si
3218 2166 3327 2229 'ille
3368 2166 3525 2233 solus
3556 2185 3612 2232 et

2003 2256 2141 2295 unus
2191 2242 2474 2312 episcopus
2504 2250 2648 2295 esset
2688 2241 2740 2295 in
2788 2240 3049 2305 Ecclesia,
3109 2247 3290 2301 cznteri
3332 2262 3461 2302 vero
3503 2264 3609 2305 non

2002 2313 2317 2386 essentveri
2349 2312 2588 2386 episcopi
2616 2327 2789 2386 neque
2818 2328 3167 2372 successores
3190 2316 3605 2386 Apostolorum,

2002 2384 2096 2442 sed
2125 2384 2278 2441 istius
2311 2383 2467 2440 unius
2500 2383 2704 2443 vicarii.
2736 2386 2891 2453 Quod
2916 2394 2999 2441 cst
3028 2399 3211 2444 contra
3241 2383 3419 2446 omnia
3450 2383 3614 2448 testi;

2004 2455 2562 2535 moniaantiqnitatis.
2592 2455 2775 2512 Exstat
2810 2458 2860 2513 in
2902 2455 3016 2512 Vita
3057 2460 3220 2515 sancti
3242 2461 3474 2535 Auselmi
3498 2465 3613 2535 epi-

2006 2529 2154 2602 scopi
2186 2526 2444 2602 Lucensis
2473 2528 2541 2583 ab
2573 2540 2792 2602 auctore
2812 2540 3090 2593 Cttmlaltﬂo
3123 2542 3177 2587 et
3205 2526 3609 2602 pmnitentiario

2004 2598 2123 2673 ejus
2158 2601 2366 2673 scripta
2410 2600 2563 2673 lorus
2602 2601 2796 2673 citatus
2833 2617 2896 2657 ex
2936 2598 3225 2673 Cypriano'.
3283 2605 3374 2663 Sic
3430 2608 3641 2663 antcm'

2004 2672 2191 2731 scribit
2220 2680 2407 2729 auctor
2435 2672 2523 2727 ille
2565 2671 2808 2729 scribens
2839 2671 3104 2731 adversus
3133 2675 3439 2739 Willet-tum
3471 2678 3615 2734 anti-

2004 2758 2196 2820 papam
2230 2759 2243 2795 :
2282 2742 2491 2820 Itaque,
2523 2752 2582 2820 ut
2605 2745 2915 2820 sanctissimi
2939 2749 3194 2820 martyris
3225 2745 3477 2820 Cypriani
3502 2767 3613 2806 ver-

2005 2814 2081 2870 bis
2112 2824 2251 2881 utar,
2284 2815 2460 2871 nullus
2506 2815 2582 2898 uel
2611 2817 2706 2903 iste
2736 2815 2815 2871 vel
2856 2816 3050 2903 nullus,
3083 2814 3205 2903 uuia
3235 2814 3327 2903 nec
3354 2839 3614 2903 successor

2005 2904 2097 2945 uec
2123 2900 2412 2942 autrcessor
2440 2887 2713 2955 cujusdam
2735 2900 2822 2943 aut
2852 2889 2938 2947 ille
2965 2902 3053 2947 aut
3079 2887 3191 2958 i'ste,
3223 2892 3373 2949 ambo
3396 2896 3615 2959 parrici-

2006 2959 2106 3023 dae,
2141 2960 2287 3013 ambo
2312 2975 2379 3014 sc.
2399 2960 2691 3015 [ει-(1118111111
2721 2960 2990 3019 violatores
3018 2979 3127 3020 sua:
3148 2967 3325 3020 matris
3344 2963 3611 3023 Ecclesia.

2006 3030 2234 3089 Videtur
2258 3040 2435 3088 autem
2481 3032 2632 3087 locus
2674 3032 2776 3089 iste
2805 3034 3072 3091 conﬂatus
3098 3051 3164 3091 ex
3195 3038 3406 3094 duobus
3454 3039 3610 3104 locis,

2007 3118 2073 3182 et;
2106 3105 2222 3182 isto
2253 3104 2503 3182 nimirum
2533 3113 2587 3159 et
2622 3120 2685 3161 ex
2729 3106 2837 3182 alio
2876 3105 3131 3182 Epistula:
3181 3107 3270 3175 76,
3312 3124 3435 3182 pag.
3484 3111 3609 3168 152.

379 3165 794 3243 Ecclesiasticam
833 3176 1225 3235 ordinationem.
1268 3176 1430 3234 Corb.
1483 3191 1614 3234 mss.
1658 3175 1903 3233 Ecclesia
1928 3165 1973 3228 C
2009 3172 2222 3233 Nemini
2247 3176 2555 3240 succedens,
2588 3192 2619 3229 a
2649 3193 2703 3235 se
2730 3178 2842 3243 ipso
2871 3165 3031 3234 artus.
3064 3165 3262 3237 Bth.‘

304 3252 697 3311 ordinationem.
741 3251 859 3309 Mox
886 3248 1191 3322 Cyprianus
1230 3249 1315 3307 bis
1365 3249 1563 3312 verbis.
1594 3250 1810 3305 multum
1838 3249 1902 3304 de

302 3341 359 3383 se
386 3326 500 3381 licet
518 3326 745 3396 jactaus,
762 3333 871 3380 etc.
893 3322 1246 3396 Novatianum
1270 3331 1437 3396 notat,
1470 3337 1701 3396 eumque
1728 3322 1902 3396 innuit

304 3394 578 3453 nonnullis
610 3396 889 3467 pra-diluat
917 3395 1153 3467 dotibus,
1185 3410 1317 3466 quas
1347 3394 1543 3467 illevel
1574 3411 1669 3467 per
1693 3412 1773 3460 se,
1808 3395 1895 3450 vel

304 3484 404 3539 per
424 3484 551 3523 suos
580 3466 868 3536 plurimum
898 3466 1220 3523 venditaret.
1254 3467 1329 3521 De
1357 3466 1547 3522 eodem
1575 3466 1629 3522 iu
1661 3467 1900 3523 secunda

302 3539 546 3611 epistola:
577 3540 732 3609 hujus
765 3550 915 3608 parte
958 3540 1196 3605 apertius
1224 3541 1292 3594 ita
1323 3540 1560 3610 loquitur
1587 3556 1600 3592 :
1630 3539 1800 3593 Jactet
1850 3554 1904 3592 se

306 3610 424 3671 licet
452 3622 500 3668 et
519 3612 897 3683 pltilosOpItiam
926 3611 1004 3666 vel
1024 3612 1364 3679 eloquentiam
1387 3628 1531 3666 suam
1554 3612 1789 3679 superbis
1816 3627 1904 3665 uo-

302 3683 445 3743 cibus
474 3686 710 3756 pradicet
739 3700 757 3738 :
783 3700 866 3754 aut
894 3700 984 3739 nec
1015 3683 1605 3753 fratcruamcltaritatem
1624 3700 1713 3738 nec
1742 3684 1905 3756 eccle-

301 3757 561 3815 siasticam
592 3758 840 3812 unitatem
865 3757 1044 3823 tenuit,
1069 3756 1375 3828 etiamquod
1406 3755 1547 3825 prius
1575 3762 1743 3827 [uerat
1769 3755 1903 3812 auti-

302 3830 390 3885 sit.
432 3828 736 3886 Consum.

378 3925 587 3980 Alienus
610 3934 701 3982 est.
734 3924 1058 3996 —-Optatus
1098 3923 1193 3987 lib.
1243 3940 1299 3987 11.
1353 3923 1609 3998 Quicquid
1655 3924 1783 3997 {oris
1832 3930 1906 3977 est

302 3998 528 4052 alienum
555 4008 646 4051 est.
678 3998 871 4053 BALUZ.
1362 3998 1369 4003 ’

385 4090 534 4146 Foris
582 4099 673 4153 est.
728 4120 809 4163 -ν
842 4089 1207 4163 Hieronymus,
1249 4090 1300 4157 in
1334 4090 1593 4161 analogia
1638 4089 1907 4163 adversus

303 4161 558 4219 Rufinum
600 4180 614 4217 :
673 4162 812 4231 Quid
861 4160 1057 4285 lauant"
1088 4162 1151 4221 de
1187 4160 1456 4232 ltwt'eticis,
1505 4160 1592 4239 qui
1625 4160 1743 4223 licet
1778 4161 1907 4234 foris

303 4235 427 4285 sint.
472 4252 524 4285 se
569 4235 833 4285 nominant
875 4235 1233 4285 (ιιι-13111111οεῖ
1278 4234 1419 4285 Idem
1466 4236 1517 4285 111
1564 4235 1793 4285 epistola
1838 4231 1905 4285 ad

302 4235 428 4306 sint,
472 4252 524 4291 se
569 4235 833 4306 nominant
875 4231 1233 4306 christianos?
1278 4234 1419 4305 Idem
1466 4231 1793 4306 in‘iepistqla
1838 4231 1905 4287 ad

303 4305 577 4362 Oceanum
612 4326 623 4361 :
659 4305 825 4364 Alieni
853 4319 898 4365 et
914 4317 1058 4367 extra
1078 4304 1361 4374 Ecclesium
1386 4304 1502 4377 sunt
1526 4304 1719 4371 Judaei,
1750 4306 1910 4363 iuvre-

304 4379 414 4443 tici,
444 4390 594 4451 atque
622 4380 855 4450 gentiles.
908 4378 985 4451 Ea
1040 4388 1123 4451 est
1168 4380 1477 4451 cotttntunis
1500 4377 1905 4451 Catholieoruu)

304 4448 517 4520 opinio.
561 4448 639 4506 Et
681 4460 857 4515 tamen
891 4448 1119 4507 Didaeus
1151 4450 1369 4513 Stunica
1411 4449 1502 4520 lib.
1540 4467 1577 4510 ι.
1604 4466 1725 4519 cap.
1758 4451 1812 4516 7,
1843 4449 1909 4513 dc

306 4518 433 4581 vera
458 4523 714 4593 religione
732 4520 1011 4593 disputans
1029 4522 1291 4593 adversus
1311 4518 1656 4585 ilcleltiorem
1676 4522 1904 4593 Canum,

305 4595 423 4666 qui,
453 4582 668 4666 libftv,
702 4582 835 4663 cap."
866 4594 917 4666 2,
971 4582 1179 4653 dixerat
1221 4582 1506 4651 haereticos
1552 4582 1908 4666 hominesad
1936 4582 1988 4641 D

307 4665 602 4733 Ecclesium
644 4683 749 4741 non
780 4665 1045 4737 pertinere
1074 4682 1247 4741 neque
1295 4665 1650 4741 inﬂeclcsiui
1669 4665 1910 4741 partibus

307 4754 431 4795 esse
458 4736 839 4804 numerandos,
872 4736 1471 4809 contendit'tpereticos
1520 4736 1587 4803 ad
1610 4736 1908 4809 Ecclesium

348 4811 602 4867 ertincre.
638 4808 691 4883 In
723 4826 828 4867 uno
855 4808 1021 4867 veteri
1053 4807 1212 4883 libro,
1236 4826 1333 4883 pro
1358 4825 1425 4869 eo
1445 4813 1589 4883 quod
1619 4811 1739 4883 istic
1767 4807 1911 4881 apud

336 4883 635 4954 iyprianum
662 4881 855 4953 legitur
882 4883 1009 4955 {oris
1046 4892 1135 4948 cst,
1169 4881 1364 4957 legitur
1392 4881 1550 4943 beatis
1575 4893 1668 4940 est.
1701 4881 1907 4943 Batuz.

384 4976 652 5033 Secundus
691 4993 797 5035 esse
832 4993 935 5033 non
984 4978 1161 5046 possit.
1191 5006 1261 5016 —
1294 4976 1420 5032 lianc
1447 4978 1605 5032 verba
1647 4977 1911 5033 adversus

308 5048 626 5110 Guibertum
667 5048 1039 5105 Ravennatem
1072 5049 1346 5116 ursurpavit
1386 5047 1633 5105 Gemitus
1661 5048 1911 5104 Reicher-

306 5123 619 5190 spargensis
654 5123 705 5177 in
734 5121 873 5176 libro
902 5122 965 5177 de
994 5120 1148 5179 Statu
1179 5118 1423 5177 Ecclesia:
1451 5122 1550 5183 sub
1576 5120 1809 5177 Henrico
1840 5119 1909 5177 Ν

311 5191 662 5263 ltnperatore,
691 5209 809 5263 cap.
860 5194 950 5255 14,
988 5193 1083 5249 sed
1138 5193 1406 5264 Cypriane
1455 5207 1559 5248 non
1608 5194 1910 5253 nominato.

309 5265 564 5337 Cypriani
590 5266 734 5322 enim
762 5265 925 5321 verba
938 5280 1042 5337 sua
1072 5263 1217 5319 fecit.
1251 5263 1395 5320 lstttd
1424 5279 1454 5319 a
1475 5265 1745 5337 Cypriano
1773 5264 1911 5321 scri-

311 5335 463 5408 ptum
499 5348 583 5394 est
627 5337 886 5393 adversus
933 5335 1306 5400 Novatianum,
1337 5339 1426 5407 qui
1481 5335 1542 5392 se
1591 5353 1620 5391 a
1672 5336 1910 5392 factiosis

312 5408 635 5481 quibusdam
674 5410 795 5479 eligi
830 5409 1135 5480 procuravit
1159 5408 1419 5481 adversus
1438 5408 1747 5463 Cornelium
1770 5450 1784 5475 ,
1818 5409 1910 5479 qui

314 5479 460 5551 prior
487 5481 587 5535 fuit
609 5479 836 5537 electus.
864 5482 997 5538 Cum
1028 5497 1157 5551 ergo
1182 5479 1461 5535 Cornelius
1489 5480 1701 5535 sederet
1733 5481 1784 5534 itt
1813 5497 1910 5536 ea-

314 5551 503 5609 thedra
533 5553 699 5620 Petri,
758 5554 848 5623 qui
897 5552 1141 5610 eamdem
1193 5552 1503 5607 cathedram
1555 5562 1911 5622 occupaverat

311 5623 640 5683 Novatianus
684 5640 791 5683 non
839 5635 1051 5696 poterat
1076 5640 1197 5680 esse
1229 5624 1487 5679 Romamn
1521 5625 1666 5680 urbis
1695 5626 1908 5695 episco-

310 5704 435 5768 pus.
467 5713 591 5753 cum
621 5698 713 5769 qui
742 5709 864 5770 post
892 5696 1188 5770 unum,qui
1215 5696 1365 5770 solus
1391 5712 1515 5754 esse
1536 5697 1715 5764 debet,
1739 5698 1910 5770 lactus

311 5779 417 5836 est,
442 5784 552 5827 non
575 5768 686 5841 jain
715 5768 981 5831 secundus
1009 5769 1104 5829 sed
1136 5769 1315 5829 nullus
1357 5770 1460 5837 sit,
1497 5786 1620 5827 cum
1650 5768 1909 5827 cathedra

312 5857 418 5905 una
448 5842 585 5900 duos
615 5858 811 5914 capere
854 5857 961 5898 non
987 5842 1178 5914 possit.
1217 5841 1319 5902 llic
1343 5851 1428 5900 est
1449 5857 1614 5914 verus
1637 5850 1693 5901 et
1719 5842 1911 5913 genui-

315 5930 417 5971 nus
438 5929 629 5972 sensus
660 5912 943 5972 verborum
972 5913 1247 5984 Cypriani.
1274 5915 1453 5982 Quare
1482 5912 1611 5972 ferri
1657 5931 1762 5972 non
1813 5928 1908 5985 po-

2077 3245 2170 3303 IX.
2190 3247 2463 3327 malum
2489 3248 2789 3327 principem.
2811 3250 2940 3307 Scil.
2969 3250 3168 3327 Juliutn
3196 3253 3496 3327 Valentem,
3522 3256 3614 3327 qui

2006 3335 2149 3375 anno
2186 3319 2288 3374 25l
2340 3319 2525 3375 Ruina:
2569 3321 2854 3389 imperium
2898 3326 3206 3391 usurpavit,
3247 3325 3346 3382 sed
3384 3342 3491 3383 non
3522 3319 3615 3383 diu

2008 3394 2302 3471 tenuit,‘ut‘
2325 3392 2574 3471 Aurelius
2608 3392 2789 3451 Victor
2815 3392 3148 3471 doceri)!“
3178 3398 3447 3455 Pamelius
3467 3441 3484 3466 ,
3514 3414 3615 3471 pro

2006 3465 2186 3539 verbis
2210 3463 2303 3519 Dei
2322 3465 2748 3539 sacerdotem,“
2771 3481 2874 3521 ms.
2904 3464 3154 3537 Aﬂligen.
3183 3463 3477 3539 perperam
3490 3463 3617 3528 sub-

2008 3538 2181 3593 stituit
2218 3538 2463 3593 tcmulum
2488 3538 2803 3595 sacerdotem
2822 3554 2841 3592 :
2866 3539 2962 3594 sed
2995 3555 3170 3606 neque
3195 3538 3430 3599 mentem
3464 3559 3616 3601 asse-

2008 3618 2273 3685 cutus_est
2305 3606 2587 3685 Cypriani.
2609 3609 2736 3685 dum
2770 3608 2914 3685 hunc
2960 3612 3134 3667 locum
3180 3612 3251 3667 ita
3286 3613 3614 3685 interpreta-

2012 3691 2097 3736 tur
2121 3699 2135 3735 :
2164 3678 2457 3755 Gorttelium
2483 3682 2754 3746 patientius
2777 3682 3021 3739 tolerasse
3040 3685 3283 3740 armatum
3305 3678 3614 3755 principem,

2009 3769 2162 3823 quant
2192 3751 2540 3806 Noratiauum
2569 3756 2809 3808 tumulum
2834 3756 3163 3810 sacerdotem.
3196 3756 3272 3811 1111
3305 3751 3459 3812 enim
3478 3751 3614 3814 ’νει-ὲ

2011 3824 2135 3899 bum
2166 3824 2367 3899 audiret
2389 3826 2456 3878 de
2488 3823 2645 3878 Decio
2674 3834 2921 3899 tyranno,
2955 3842 3059 3899 non
3090 3828 3158 3883 de
3188 3826 3443 3884 Cornelio
3472 3846 3614 3899 pm-

2008 3895 2241 3950 dicatur.
2281 3894 2589 3952 Cousnu'r.
2615 3894 2925 3953 —Lucifer
2942 3898 3285 3955 Calaritanus
3304 3902 3358 3955 in
3384 3894 3522 3957 libro
3547 3902 3615 3958 ad

2010 3967 2387 4042 Cttnstatttiutn
2417 3970 2485 4022 de
2516 3967 2803 4042 bloriendo
2830 3984 2928 4042 pro
2951 3971 3043 4027 Dei
3072 3964 3226 4027 tilio':
3258 3974 3538 4031 Adversum
3560 3990 3615 4030 se

2011 4040 2223 4115 annulo:
2252 4053 2456 4115 surgere
2482 4040 2762 4115 principes.
2786 4040 2903 4115 Non
2931 4044 3005 4098 ait
3033 4042 3336 4115 Cyprianus
3356 4046 3615 4103 aemulum

2013 4113 2309 4182 principem
2339 4114 2502 4166 fuisse
2534 4112 2769 4168 levatum
2801 4114 3062 4170 adversus
3082 4112 3334 4179 Decium.
3368 4119 3465 4174 sed
3500 4119 3613 4175 De-

2012 4186 2153 4238 cimn
2204 4184 2490 4253 patientius
2532 4182 2703 4240 fuisse
2750 4184 2983 4242 laturum
3035 4187 3199 4243 levari
3227 4190 3512 4245 adversum
3553 4207 3617 4249 se

2014 4255 2272 4311 tumulum
2302 4256 2596 4326 principem
2621 4272 2781 4327 quant
2811 4260 3066 4315 constitui
3095 4259 3282 4316 Romae
3312 4261 3408 4317 Dei
3436 4279 3616 4319 sarcr-

2012 4329 2214 4403 dotem,
2252 4328 2303 4403 in
2333 4343 2438 4403 quo
2469 4329 2682 4403 quidem
2722 4327 2959 4386 Cornelii
2993 4332 3235 4387 miranda
3265 4338 3569 4389 constantia
3595 4377 3612 4403 ,

2013 4403 2101 4472 qui
2120 4400 2339 4457 sedebat
2360 4401 2663 4469 intrepidus,
2682 4413 2981 4471 exspectans
2997 4406 3227 4470 corporis
3243 4407 3323 4461 sui
3345 4400 3616 4472 carnifices

2014 4481 2062 4526 et
2094 4473 2301 4550 tyranni
2330 4472 2617 4550 [crocientis
2646 4472 2856 4550 ultores,
2888 4484 2945 4530 ut
2969 4476 3044 4530 ait
3070 4475 3377 4550 Cyprianus
3403 4480 3453 4533 in
3488 4479 3617 4550 Epi-

2014 4541 2150 4622 stula
2184 4561 2254 4600 ut
2282 4546 2349 4599 ad
2379 4546 2767 4622 Antonianunt.
2802 4541 2871 4601 Et
2906 4556 3082 4622 tamen
3118 4541 3340 4606 inventi
3370 4566 3492 4606 sunt
3525 4541 3613 4622 qui

2015 4615 2259 4691 divinare
2284 4631 2611 4673 conarentur
2638 4619 2758 4689 quis
2781 4628 2894 4674 tum
2924 4620 3174 4691 princeps
3198 4623 3407 4678 levatus
3438 4615 3618 4678 sita'd-

2016 4704 2203 4743 versus
2233 4689 2492 4754 Decium;
2525 4692 2857 4758 scripserunt
2900 4689 3080 4748 autem
3114 4689 3337 4750 Lucium
3368 4693 3615 4750 Priscum

2016 4760 2183 4837 fuisse
2217 4760 2666 4837 _qui‘levat_us_est
2692 4766 2956 4837 adversus
3008 4781 3153 4826 eum.
3187 4767 3310 4837 quia
3360 4767 3617 4823 Aurelius

2018 4833 2198 4890 Victor
2217 4833 2268 4888 in
2284 4832 2422 4888 libro
2456 4834 2519 4888 de
2543 4833 2829 4891 Caesaribus
2852 4837 3037 4893 scribit
3057 4832 3294 4894 delatum
3311 4840 3612 4895 1111801110-

2016 4921 2134 4981 rum
2155 4920 2442 4981 concursu
2453 4906 2812 4981 dominatum,
2851 4923 3156 4981 postquam,
3190 4912 3418 4981 direptis
3453 4910 3621 4969 Thra-

2014 4977 2112 5032 ciis
2142 4977 2383 5047 plerique
2432 4978 2523 5032 illo
2560 4977 2953 5049 pervenerant;
2985 4977 3147 5049 quam
3178 4984 3250 5047 ob
3277 4977 3495 5040 causam
3541 4983 3618 5039 ait

2016 5049 2236 5128 Decium
2262 5049 2370 5103 cito
2390 5054 2742 5128 quampotuit
2766 5049 3079 5128 maturrime
3104 5053 3271 5110 Roma
3290 5057 3614 5128 digressum.

2015 5120 2122 5177 Sed
2152 5136 2260 5197 nun
2291 5135 2511 5197 possum
2542 5120 2822 5197 discedere
2846 5127 2914 5180 ab
2942 5127 3043 5182 hoc
3063 5127 3182 5182 loco
3203 5128 3332 5197 quin
3346 5120 3617 5184 'annotem

2015 5195 2372 5268 temeritatem
2392 5193 2659 5261 Salmasii,
2687 5198 2777 5268 qui
2802 5199 2977 5268 capite
2992 5208 3145 5253 sexto
3166 5193 3232 5254 de
3254 5198 3490 5256 Rrimatu
3512 5200 3620 5256 Pa-

2015 5281 2114 5335 pae.
2136 5280 2255 5335 pag.
2285 5265 2378 5328 86,
2404 5277 2594 5321 contra
2617 5265 2854 5323 omnium
2871 5265 3121 5335 veterum
3139 5271 3390 5327 codicum
3414 5283 3470 5329 et
3496 5272 3617 5329 edi-

2016 5338 2223 5416 tionum
2257 5336 2414 5392 tidem
2443 5340 2723 5416 conteudit
2749 5342 2869 5396 iStic
2895 5341 3000 5414 legi
3031 5343 3228 5399 debere
3253 5347 3447 5407 titulum
3471 5347 3618 5416 prin-

2013 5410 2176 5486 cipem
2194 5425 2294 5481 pro
2310 5410 2590 5486 tumulum,-
2614 5409 2856 5482 hancque
2875 5409 3027 5469 suam
3046 5416 3413 5486 conjecturam
3431 5409 3619 5474 nititur

2013 5483 2244 5565 probare
2292 5483 2618 5565 testimoniis
2658 5495 3126 5565 eurum-veterum
3148 5483 3483 5565 scriptorum
3525 5489 3618 5561 qui

2016 5556 2306 5623 loquuntur
2338 5554 2407 5611 de
2439 5557 2595 5610 malis
2627 5556 2980 5627 principibus.
3015 5554 3286 5626 Quantuni
3315 5576 3393 5617 ea:
3423 5554 3618 5618 obser-

2014 5628 2261 5682 vationes
2286 5630 2396 5682 sint
2444 5628 2665 5687 inutiles
2694 5630 2746 5684 in
2785 5628 2889 5684 hoc
2932 5632 3071 5695 loco,
3105 5648 3263 5695 nemo
3291 5648 3398 5689 non
3450 5634 3614 5691 videt.

2013 5696 2148 5776 flant
2182 5708 2441 5776 ιιι-1111111811
2463 5715 2662 5776 sensus
2690 5698 2944 5759 constare
2969 5718 3074 5759 non
3103 5714 3282 5776 potest
3323 5722 3445 5776 cum
3485 5720 3619 5763 con-

2009 5769 2223 5840 jectura
2244 5770 2519 5827 Salmasii.
2554 5773 2755 5830 Bswz.
3104 5769 3116 5776 ’
3418 5774 3421 5779 ’

2089 5841 2184 5898 Dei
2204 5844 2536 5900 sacerdotem.
2575 5847 2725 5903 Ilanc
2751 5847 3040 5906 lectionem
3062 5849 3245 5906 inveni
3274 5850 3325 5906 in
3349 5866 3437 5906 six
3463 5850 3620 5908 codi-

2015 5913 2164 5975 cibus
2191 5916 2412 5985 nostris,
2444 5916 2497 5973 in
2526 5933 2623 5976 sex
2653 5922 2986 5993 Anglicanus,
3016 5922 3156 5993 apud
3179 5922 3440 5980 Thomam
3462 5923 3612 5982 Wal-
