4068 6324
383 276 493 336 775

1374 273 1812 339 ROMANORUM
1849 274 2268 341 PONTIFICUM
2305 280 2718 343 EPISTOLIE.‘

3586 287 3695 347 776

386 391 763 467 praedicandus
789 392 907 451 est?
939 391 1133 449 Nonne
1166 391 1308 452 inter
1331 394 1601 467 gloriosos
1632 396 1981 456 conl'essores
2008 400 2063 464 Α
2090 402 2328 472 pertinet
2363 412 2413 457 et
2444 403 2717 472 timorem,
2748 412 2940 472 passus
2967 405 3056 459 est
3081 399 3341 474 quidquid
3368 400 3476 474 pati
3500 404 3693 474 potuit,

383 496 441 545 et
487 495 752 560 martyres
780 486 1141 558 deputandus,
1175 490 1267 559 qui
1317 497 1521 544 tantum
1554 492 1813 561 temporis
1842 493 1986 547 sedit

383 593 708 655 exspectans
764 584 1008 655 corporis
1059 581 1143 638 sui
1182 584 1465 640 carnifices
1514 596 1564 640 et
1600 587 1812 658 tyranni
1846 586 1990 643 fero-

382 676 578 735 cientis
606 678 832 745 ultores,
860 677 951 747 qui
975 675 1289 732 Cornelium
1314 678 1576 734 adversus
1600 678 1774 734 edicta
1803 680 1989 736 feralia

384 774 732 830 resistentem
761 782 818 827 et
846 772 1020 827 minas
1062 780 1118 826 et
1146 772 1421 828 cruciatus
1473 782 1527 829 et
1554 783 1821 829 tormenta
1860 774 2016 842 fidei,

382 868 570 939 vigore
599 867 922 934 calcantem,
956 865 1044 922 vel
1093 864 1275 938 gladio
1306 866 1650 931 invaderent,
1684 868 1768 922 vel
1810 868 1988 923 cruci-

385 963 632 1035 figerent,
656 960 742 1017 vel
766 962 887 1032 igne
912 968 1210 1027 torrerent,
1244 960 1331 1015 vel
1354 960 1596 1031 quolibet
1625 960 1872 1016 inaudito
1896 977 1994 1032 ge-

382 1072 514 1113 nere
542 1070 821 1126 pmnarum
852 1056 1060 1111 viscera
1092 1054 1209 1126 ejus
1248 1063 1304 1110 et
1341 1056 1585 1111 membra
1618 1055 1889 1112 laniarent
1917 1058 1989 1112 αἱ)

385 1148 614 1207 Etiamsi
643 1148 901 1219 majestas
942 1148 1153 1203 Domini
1199 1149 1531 1219 protegentis
1572 1157 1626 1205 et
1653 1148 1867 1206 bonitas
1893 1166 1986 1207 sa-

383 1242 684 1310 cerdotem,
714 1259 873 1315 quem
905 1243 1019 1298 fieri
1049 1240 1286 1306 voluitb,
1322 1241 1522 1297 factum
1566 1258 1778 1315 quoque
1810 1254 1994 1316 prote-

382 1339 500 1397 xit:
530 1348 707 1397 tamen
736 1337 1044 1407 Cornelius,
1075 1347 1338 1411 quantum
1365 1338 1433 1393 ad
1475 1338 1596 1409 ejus
1644 1338 1990 1396 devotionem

2094 503 2148 548 et
2204 505 2509 568 tyranuum,
2559 496 2729 552 armis
2777 506 2834 551 et
2874 494 3021 552 bello
3063 493 3409 567 postmodum
3455 496 3693 565 victum,

2095 588 2245 658 prior
2272 590 2576 645 sacerdotio
2604 605 2705 645 suo
2750 589 2895 645 vicit.

2168 682 2237 737 X.
2278 683 2432 750 Quod
2459 694 2637 740 autem
2669 684 2917 757 quzedam
2944 684 3014 741 de
3044 683 3139 742 illo
3164 683 3451 741 inhonesta
3479 692 3535 741 et
3572 698 3689 740 ma-

2095 777 2237 850 ligna
2276 778 2569 848 jactantur,
2628 781 2754 836 nolo
2782 780 3035 839 mireris:
3063 795 3186 837 cum
3232 780 3372 835 scias
3414 780 3520 836 hoc
3569 794 3693 836 esse

2095 887 2232 943 opus
2260 888 2476 944 semper
2496 874 2721 939 diaboli,
2757 885 2814 932 ut
2834 890 3022 932 servos
3044 874 3141 931 Dei
3165 874 3447 933 mendacio
3471 875 3693 940 laceret,

2096 978 2150 1024 et
2175 969 2522 1039 opinionibus
2569 968 2719 1025 falsis
2763 970 3060 1042 gloriosum
3109 984 3307 1026 nomen
3354 967 3610 1033 infamet;
3640 974 3700 1023 ut

2099 1062 2192 1133 qui
2217 1063 2566 1120 conscientia:
2595 1079 2708 1120 sua:
2740 1064 2859 1119 luce
2882 1064 3211 1131 clarescunt,
3244 1062 3437 1119 alienis
3464 1061 3699 1116 rumori-

2100 1156 2202 1213 bus
2230 1158 2597 1216 sordidentur.
2645 1158 2974 1229 Explorasse
3004 1168 3186 1216 autem
3218 1156 3453 1229 collegas
3480 1164 3701 1212 nostros

2096 1251 2261 1313 scias.
2299 1261 2353 1309 et
2385 1252 2666 1308 verissime
2695 1253 3050 1323 comperisse,
3082 1251 3228 1308 nulla
3272 1250 3423 1306 illum
3455 1262 3475 1289 ε
3507 1248 3698 1315 libelli,

2099 1353 2161 1401 ut
2186 1345 2407 1417 quidam
2433 1347 2705 1417 jactitant,
2731 1346 2849 1403 labe
2867 1347 3195 1403 maculatum
3215 1360 3336 1403 esse
3367 1364 3381 1401 :
3408 1344 3503 1401 sed
3528 1359 3703 1417 neque

1567 1499 1948 1560 LECTIONES
1990 1503 2403 1565 VARIANTES.

442 1624 474 1728 ἒ
507 1621 979 1740 ἓξὲξέἳὲιῖιιξὲίηὼ
993 1620 1123 1673 Bod.
1147 1618 1197 1671 2.
1220 1618 1369 1672 Ebor.
1396 1620 1446 1673 Ν
1453 1618 1506 1671 C.
1534 1618 1579 1669 1.

757 1704 769 1738 ι
984 1720 996 1735 ο

757 1704 793 1738 ιι
818 1704 996 1737 neuev.

2017 1625 2066 1684 B
2157 1627 2182 1658 ο
2218 1626 2365 1679 Nulla
2381 1629 2482 1693 jam
2505 1629 2642 1681 illum
2678 1632 2815 1683 Lam.
2844 1631 2973 1709 Ded.
2998 1630 3048 1683 2.

1695 1811 2059 1871 VARIORUM
2097 1814 2328 1874 NOTAE.

382 1961 604 2019 densem
634 1957 717 2014 tit.
752 1956 840 2020 14,
872 1955 942 2011 de
984 1950 1477 2013 Saerameutalibus
1524 1958 1579 2007 et
1604 1965 1721 2021 cap.
1759 1951 1882 2019 125,
1930 1953 1984 2009 in

382 2032 634 2091 omnibus
660 2029 989 2087 editionibus
1015 2042 1134 2097 qua:
1158 2025 1517 2081 Pamelianam
1550 2035 1981 2097 antecesserunt.

382 2106 561 2163 Aliam
601 2117 753 2165 vero,
796 2117 915 2171 qua?
949 2096 1111 2153 habet
1155 2098 1398 2171 tumulum
1439 2096 1783 2171 sacerdotem,
1814 2113 1981 2171 quam

382 2176 658 2233 Pamelius
678 2168 1041 2237 verissimam,
1074 2170 1333 2240 Rigaltius
1356 2184 1484 2222 vvro
1511 2168 1862 2240 proculdubio
1881 2168 1980 2223 fal-

382 2264 498 2305 sam
545 2261 665 2303 esse
690 2244 904 2307 asserit,
935 2245 985 2296 in
1016 2258 1122 2297 uno
1145 2238 1354 2295 tantum
1382 2242 1567 2295 codice
1614 2238 1983 2308 Affligetncnsi

382 2321 726 2392 rcperisscse
756 2325 982 2392 testatur
1004 2315 1145 2392 idem
1161 2313 1453 2392 Pamelius,
1483 2312 1742 2392 sicutch
1767 2328 1981 2392 quoque

383 2382 503 2449 ea'm
532 2407 637 2447 non
667 2390 840 2459 reperi
869 2388 972 2442 nisi
1006 2388 1057 2439 in
1091 2401 1196 2439 uno
1226 2384 1413 2441 codice
1452 2384 1540 2459 (illi
1577 2383 1674 2459 ίὲἔίι
1694 2382 1977 2459 ἕδνωιοίεοῖ

383 2464 600 2521 Ρίιιιωί.
636 2462 705 2518 Ει
728 2455 906 2515 tamen
936 2459 1329 2513 illustrissimus
1373 2455 1663 2512 cardinalis
1694 2455 1982 2513 Perronins

383 2538 438 2591 in
483 2534 759 2604 republica
791 2531 1056 2604 adversus
1082 2546 1263 2604 regem
1298 2544 1504 2604 magna:
1532 2527 1828 2604 Britannias
1853 2544 1974 2604 pag.

383 2608 475 2672 99,
508 2600 582 2663 ait
608 2606 754 2661 illam
787 2603 1012 2659 inveniri
1045 2602 1098 2656 in
1131 2600 1525 2671 antiquioribus
1557 2611 1610 2653 ct
1637 2600 1975 2672 emendatio-

380 2671 531 2736 ribus
559 2676 977 2747 exemplaribus.
1010 2673 1277 2747 Adqnam
1295 2688 1408 2727 rem
1440 2671 1767 2747 probandam
1795 2673 1976 2747 laudat

383 2753 437 2808 in
470 2751 709 2820 margine
725 2742 978 2820 codicem
1012 2744 1451 2820 Afﬂigemensem
1478 2742 1837 2820 eteditimteiu
1867 2745 1971 2820 Pa-

381 2824 555 2889 melii,
585 2814 745 2876 nullis
771 2819 889 2874 aliis
919 2817 1258 2873 testimoniis.
1296 2815 1457 2869 Miror
1478 2826 1657 2889 autem
1686 2814 1971 2889 Rigaltium

383 2886 671 2952 retinuisse
696 2893 747 2947 in
772 2890 1008 2946 editione
1032 2905 1127 2944 sua
1149 2888 1432 2943 lectionem
1451 2903 1610 2954 quam
1636 2886 1749 2954 ipse
1769 2888 1841 2940 ait
1861 2903 1976 2957 pro-

383 2967 637 3023 culdubio
682 2964 870 3019 falsam
902 2978 1046 3025 esse,
1096 2964 1168 3015 nti
1202 2976 1262 3014 re
1294 2974 1416 3013 vera
1447 2969 1547 3013 est.
1599 2957 1803 3013 Sensus
1829 2961 1972 3014 enim

385 3038 549 3111 hujus
566 3036 767 3111 lociAest
793 3033 1266 3111 Decium._liost_em
1294 3031 1542 3111 videlicet
1569 3044 1729 3086 seetie
1752 3041 1968 3111 nostra),

2092 1960 2343 2031 martyrio
2382 1977 2495 2033 qum
2514 1970 2663 2037 sunt;
2689 1963 2798 2019 sine
2824 1963 3071 2037 sanguine
3096 1968 3234 2037 fuso.
3263 1964 3491 2024 Sanctus
3520 1966 3705 2025 Pauli-

2091 2046 2194 2086 nus
2226 2044 2473 2102 poemate
2503 2035 2601 2101 “,
2632 2035 2701 2091 de
2727 2034 3158 2093 sancto’Felice:

2244 2127 2509 2196 Qtelestem
2532 2135 2706 2196 nactus
2728 2132 2837 2181 sine
2862 2130 3109 2194 sanguine
3132 2137 3313 2196 martyr
3334 2132 3593 2196 honorem.

2243 2191 2365 2242 Nam
2389 2192 2641 2244 confessor
2663 2194 2785 2252 obit,
2807 2191 2976 2258 poenas
2999 2207 3098 2244 non
3136 2191 3311 2258 sponte
3333 2194 3571 2257 lucratus,

2060 2248 2065 2257 ’
2087 2274 2156 2330 Et
2185 2275 2347 2346 paulo
2380 2288 2501 2345 post
2522 2296 2535 2330 :

2245 2366 2527 2431 Martyrium
2552 2368 2664 2419 sine
2687 2367 2825 2431 caede
2852 2366 3034 2430 placet,
3059 2369 3103 2419 si
3124 2374 3350 2431 prompta
3373 2368 3572 2421 ferendi

2240 2428 2480 2492 Mensque
2504 2429 2730 2492 ﬁdesque
2752 2428 2862 2481 Deo
2884 2431 3063 2482 caleat.
3101 2428 3317 2482 Passura
3341 2434 3570 2484 voluntas

2240 2492 2430 2544 Suﬂicit
2452 2500 2505 2544 et
2526 2507 2716 2544 summa
2741 2501 2820 2545 est
2839 2495 3003 2544 meriti
3028 2496 3230 2545 testatio
3255 2496 3405 2547 vocis.

2080 2598 2341 2669 Snlpitius
2381 2600 2616 2655 Severus
2648 2601 2699 2655 in
2731 2600 2956 2670 epistola
2985 2600 3053 2655 ad
3089 2602 3368 2658 Aurelium
3401 2603 3470 2660 de
3509 2616 3702 2663 sancto

2078 2671 2333 2727 Martino:
2364 2671 2503 2748 Nam
2531 2673 2643 2748 licet
2668 2674 2713 2748 ei
2746 2674 2879 2728 ratio
2904 2672 3172 2748 temporis
3194 2690 3295 2728 non
3319 2678 3540 2745 potuerit
3567 2694 3704 2748 prte-

2079 2753 2188 2798 tare
2211 2746 2512 2818 martyrium
2528 2788 2540 2802 .
2553 2816 2561 2818 _
2572 2744 2737 2818 gloria
2763 2755 2931 2800 tamen
2958 2744 3201 2815 martyris
3221 2744 3327 2801 non
3342 2749 3553 2806 carebit.
3567 2744 3702 2818 quia

2081 2824 2192 2870 voto
2217 2803 2368 2886 atque
2392 2803 2656 2871 uirtutibus
2686 2828 2731 2872 et
2756 2818 2919 2889 potuit
2946 2834 3053 2871 esse
3074 2803 3269 2889 martyr
3293 2828 3341 2873 et
3366 2803 3552 2875 uoluit.
3573 2803 3703 2878 llic:

2084 2904 2358 2961 rnnymus
2383 2890 2433 2942 in
2471 2888 2695 2955 epistola
2736 2890 2802 2944 ad
2848 2888 3123 2961 Rufinum,
3164 2888 3284 2957 quie
3324 2890 3702 2961 incipit:Pltts

2079 2959 2244 3033 Deum
2276 2960 2515 3026 tribuere,
2545 2972 2931 3016 commemorat
2973 2959 3254 3031 /Egyptios
3293 2959 3612 3033 confessor-es
3652 2975 3702 3021 et

2080 3032 2337 3087 voluntate
2378 3033 2491 3103 jam
2543 3046 2816 3104 martyres.
2870 3033 3181 3093 Arnulnhus
3231 3032 3586 3091 LexoViensis
3642 3040 3695 3093 in

384 3093 542 3180 quam
573 3108 860 3180 excindere
881 3106 1148 3180 cupiebat,
1175 3105 1243 3180 ita
1264 3101 1614 3180 exhorruisse
1639 3093 1974 3180 sacerdotem
2002 3093 2048 3155 C
2082 3105 2305 3180 epistola
2353 3093 2552 3180 scripta
2599 3093 2959 3160 advsanclum
2993 3104 3274 3180 Thomam
3325 3106 3700 3179 archiepisco-

388 3174 481 3237 Dei
513 3182 563 3235 in
597 3182 731 3234 urbe
759 3179 926 3233 Roma
956 3178 1197 3247 principe
1230 3174 1437 3247 imperii
1470 3185 1529 3228 ιιι
1575 3175 1743 3229 tnulto
1772 3180 1972 3245 patien-

387 3255 496 3308 tius
519 3262 575 3309 et
604 3251 936 3306 tolerabilius
953 3250 1161 3303 audiret
1178 3248 1343 3302 levari
1366 3246 1626 3301 adversus
1641 3262 1701 3301 se
1721 3247 1975 3302 tumulum

386 3324 684 3394 principen
717 3338 875 3390 quam
903 3321 1153 3394 constitui
1186 3319 1373 3374 Romae
1407 3319 1497 3373 Dei
1527 3318 1884 3394 sacerdotem,
1922 3330 1979 3375 ut

387 3390 490 3452 ista
517 3390 664 3451 recte
684 3393 1232 3463 esplicatRigaltius;
1279 3408 1384 3446 non
1433 3390 1574 3461 quod
1630 3391 1873 3457 timeret,
1924 3402 1978 3446 ιιι

385 3467 606 3539 quidam
625 3467 990 3526 crediderunt.
1005 3467 1314 3539 episcopum
1332 3463 1655 3539 Romanum,
1680 3463 1974 3539 hominem,

386 3535 645 3610 quantum
673 3539 927 3610 attinebat
962 3539 1027 3592 ad
1054 3536 1461 3610 rempublicam,
1500 3535 1977 3610 minimeprincipi

386 3607 741 3668 metuendum
765 3620 856 3665 aut
882 3609 1313 3672 formidolosum,
1342 3607 1436 3662 sed
1457 3609 1580 3677 quia
1594 3617 1709 3661 erat
1733 3608 1981 3663 inimicus

387 3686 565 3740 crucis
589 3682 808 3744 Christi,
844 3681 1039 3737 ardens
1068 3680 1337 3737 desiderio
1390 3680 1757 3750 uppritncntla:
1788 3678 1979 3734 Chris-

387 3756 667 3816 tianitatis,
699 3766 755 3809 ut
783 3756 857 3810 ait
885 3754 966 3809 vir
993 3753 1325 3808 clarissimus
1357 3750 1616 3806 Henricus
1647 3750 1977 3817 Dodwellus,

384 3828 541 3883 valde
582 3827 830 3896 cupiebat
877 3841 944 3882 ne
976 3824 1409 3896 Fabianopapzc
1462 3822 1982 3896 defonctodaretur

385 3895 695 3964 successor,
732 3900 1046 3954 existimans
1092 3895 1403 3964 religionem
1446 3910 1681 3949 noStram
1733 3895 1980 3949 interitu-

386 3986 502 4028 ram
521 4013 537 4036 ,
570 3971 617 4027 si
647 3970 959 4041 episeopum
988 3984 1093 4023 non
1124 3968 1368 4035 haberet,
1402 3968 1595 4041 timens
1618 3979 1905 4041 praeterea,
1926 3977 1982 4022 ut

384 4046 599 4114 Opinor,
634 4059 701 4097 ne
744 4043 797 4097 in
828 4039 962 4097 urbe
1003 4056 1186 4096 rerum
1220 4054 1478 4114 novarum
1512 4039 1660 4114 avida
1694 4050 1981 4114 augeretur

388 4111 645 4171 numerus
666 4114 1116 4179 Christianorum,
1137 4127 1366 4183 quorum
1397 4111 1595 4165 nimius
1620 4119 1676 4167 et
1703 4112 1977 4181 copiosus,

387 4196 446 4242 ut
463 4188 545 4259 ait
570 4184 891 4259 Cyprianus,
924 4186 1312 4259 eratpopulus.
1344 4183 1547 4259 Bawiz.

459 4255 682 4313 Tantum
719 4258 978 4329 temporis.
1027 4256 1181 4329 Hanc,
1213 4271 1344 4311 sane
1385 4257 1666 4329 lectionem
1709 4255 1886 4324 reperi
1927 4255 1980 4310 in

387 4341 513 4387 octo
545 4330 765 4385 vetustis
794 4328 1091 4385 codicibus.
1123 4328 1332 4394 Altam,
1354 4343 1473 4397 quae
1497 4328 1656 4381 habet
1679 4329 1834 4381 tantis
1858 4338 1983 4380 tent-

388 4402 625 4474 poribus,
653 4402 910 4457 exhibent
937 4410 1148 4455 Veteres
1171 4400 1439 4456 editiones
1466 4408 1591 4455 ante
1620 4398 1979 4453 Manntianam

386 4486 442 4531 et
472 4490 564 4531 ses
600 4474 718 4529 libri
749 4482 977 4529 veteres.
1009 4474 1206 4528 Bawz.

463 4545 878 4609 Exspectans....
907 4547 1191 4611 carniﬁces.
1211 4542 1441 4613 Quippe,
1462 4542 1696 4598 Paciano
1716 4549 1868 4613 ,testcﬁ
1892 4556 1980 4610 ep.

387 4619 445 4685 '5,
470 4619 672 4673 crebras
702 4618 1068 4687 persecutiones
1092 4618 1212 4671 irati
1238 4612 1483 4684 principis
1503 4614 1800 4668 sustinebat.
1831 4612 1984 4687 Unde

387 4690 671 4747 calumniat
703 4685 1099 4745 convincuntur
1126 4690 1241 4755 ejus
1271 4688 1470 4749 aemuli,
1524 4687 1612 4755 qui
1645 4700 1769 4740 eum
1821 4685 1985 4741 libelli

388 4762 511 4819 labe
553 4763 973 4818 contaminatum
1002 4760 1334 4815 dictitabant.
1379 4760 1687 4813 Consum.

461 4832 531 4889 Et
560 4834 809 4889 timorem.
846 4833 981 4888 Vide
1018 4832 1372 4902 appendicem
1414 4833 1855 4902 observationum
1892 4829 1987 4884 lli-

387 4905 537 4978 galtii
581 4907 646 4961 ad
677 4900 1063 4978 Cyprianum,’
1089 4900 1178 4957 ubi
1222 4914 1367 4958 recte
1409 4902 1796 4972 interpretatur
1843 4900 1988 4956 hunc

391 4976 643 5051 timorem
676 4978 949 5051 Cypriani.
983 4976 1181 5051 BAEUZ.

464 5048 659 5105 Passus
696 5044 789 5104 est.
836 5048 1007 5118 Supra
1055 5048 1223 5113 Epist.
1266 5060 1485 5107 xxxvn,
1518 5059 1637 5115 pag.
1669 5044 1772 5118 507:
1810 5044 1990 5118 Neque

390 5122 528 5176 enim
553 5123 711 5177 uirtus
736 5117 1025 5176 eorumaut
1066 5119 1228 5173 honor
1267 5121 1433 5172 minor
1464 5127 1534 5171 est
1565 5133 1664 5181 quo
1695 5117 1860 5171 minus
1890 5117 1991 5186 ipsi

392 5208 591 5264 quoque
615 5193 744 5246 inter
770 5194 939 5249 beatos
967 5204 1213 5263 martyres
1241 5199 1595 5264 aggregentur.
1627 5188 1779 5264 Quod
1808 5190 1861 5242 in
1887 5189 1991 5264 illis

393 5261 516 5337 est,
549 5264 886 5321 toleraverunt
932 5261 1173 5337 quicquid
1211 5262 1429 5337 tolerare
1467 5261 1641 5337 parati
1652 5271 1742 5337 iet‘
1772 5261 1992 5337 prompti

395 5336 623 5406 fuerunt.
659 5337 758 5404 Qui
786 5355 839 5391 se
865 5331 1127 5393 tormentis
1153 5344 1200 5389 et
1231 5336 1378 5388 morti
1404 5333 1496 5387 sub
1526 5332 1686 5406 oculis
1722 5332 1809 5406 ltei
1841 5331 1991 5386 obtu-

396 5403 489 5473 lit,
522 5403 703 5477 passus
727 5420 799 5462 est
826 5410 1067 5479 quicquid
1108 5409 1213 5475 puti
1253 5406 1428 5479 voluit.
1465 5405 1543 5460 Ad
1586 5403 1704 5459 haec
1744 5404 1857 5459 loca
1891 5406 1995 5476 Cy-

438 5479 567 5533 riani
610 5481 928 5550 respiciebat
970 5480 1111 5534 haud
1152 5479 1316 5534 dubie
1346 5478 1603 5532 Erasmus
1632 5479 1993 5550 interpretans

438 5495 567 5533 riam
610 5495 928 5550 τθςιριυιθυηι
970 5495 1111 5534 naua
1152 5495 1316 5534 (1111)Ιὸ
1347 5495 1603 5532 erasmus
1632 5495 1991 5545 interpretans

397 5495 587 5620 Pecuni
603 5551 722 5604 libri
750 5550 972 5619 Jusephi
996 5553 1065 5606 de
1092 5552 1318 5620 imperio
1344 5551 1599 5609 rationis,
1633 5549 1721 5602 ubi
1753 5553 1831 5603 sic
1861 5548 1991 5616 legi-

398 5629 515 5676 tur:
540 5618 609 5674 Et
635 5621 679 5676 si
710 5623 815 5688 fors
842 5618 1152 5694 percipiendi
1172 5618 1392 5693 denegat
1432 5620 1755 5693 facultatem,
1790 5621 1996 5689 pertulit

399 5701 769 5766 tamenqcuncta
787 5710 903 5764 qum
921 5695 1075 5748 voluit
1102 5695 1228 5766 pati.
1255 5694 1468 5751 Etenim
1495 5707 1755 5766 martyres
1783 5708 1997 5766 quoque

400 5763 758 5836 censebantur
784 5763 873 5835 qui
919 5763 1186 5836 tormenta
1232 5768 1404 5836 passi,
1453 5763 1648 5821 tamen'
1677 5764 1843 5819 occisi
1888 5763 1996 5820 non

399 5833 641 5896 fuerant.
681 5833 1099 5894 Commodianus
1139 5833 1491 5896 instructione
1529 5840 1632 5895 lt8:
1664 5836 1833 5893 Multa
1875 5846 1995 5893 sunt

308 6066 403 6127 Ἃ

2010 4502 2062 4563 D

2083 3192 2209 3248 puni
2254 3177 2732 3249 Cantuarienscm,
2780 3192 2900 3245 quae
2936 3175 3083 3249 edita
3124 3188 3205 3231 est
3247 3178 3298 3231 in
3343 3175 3536 3249 pagina
3568 3181 3700 3247 487,

2083 3250 2213 3303 ιοιιιί
2244 3249 2464 3304 secundi
2497 3248 2765 3319 Spicilegii
2797 3248 3140 3320 Dracheriani
3169 3258 3223 3304 ct
3255 3250 3398 3305 inter
3420 3248 3700 3320 epistolas

2084 3321 2257 3375 sancti
2284 3321 2506 3375 Thomzc
2550 3321 2642 3376 lib.
2676 3337 2722 3377 ι.
2756 3319 2925 3387 Epist.
2958 3320 3064 3375 85:
3098 3321 3241 3375 Licet
3281 3321 3418 3374 enim
3464 3319 3700 3380 nondum

2083 3410 2241 3469 usque
2268 3393 2335 3446 ad
2365 3393 2630 3469 sanguinis
2670 3390 2968 3469 effusionem
3008 3409 3165 3469 causa
3204 3394 3521 3469 pervenerit,
3566 3414 3700 3469 sup-

2085 3464 2186 3535 plet
2216 3474 2383 3519 tamen
2410 3462 2607 3520 devotio
2638 3464 2870 3535 meritum
2898 3464 3167 3534 passionis.
3204 3462 3411 3518 Btth.

2156 3535 2457 3607 Tyrannum
2486 3537 2689 3591 uictum.
2725 3533 2943 3589 Rufinus
2973 3534 3024 3589 in
3058 3535 3194 3606 psal.
3233 3550 3325 3588 XL:
3359 3535 3511 3590 Unde
3535 3540 3710 3595 sancti

2085 3606 2334 3680 martyres
2380 3610 2530 3664 etiam
2555 3609 2608 3661 in
2633 3608 2737 3661 suis
2766 3606 3081 3680 passionibus
3113 3610 3324 3680 uictores
3352 3609 3708 3669 exstiterunt?

2090 3679 2230 3748 Quia
2253 3681 2345 3735 etsi
2381 3689 2651 3745 potuerunt
2678 3679 3010 3748 corporaliter
3038 3679 3223 3746 occidi,
3242 3694 3505 3746 nunquam
3535 3692 3708 3740 tamen

2085 3752 2559 3825 animoipotuerunt
2598 3752 2793 3825 frangi.
2842 3748 2931 3805 Illi
2975 3767 3090 3805 uero
3117 3753 3205 3822 qui
3246 3752 3542 3807 occiderunt
3584 3756 3707 3811 victi

2084 3833 2221 3878 sunt.
2254 3824 2454 3881 BALoz.

2161 3895 2497 3968 Ppstnwdum
2526 3897 2731 3951 uictum.
2768 3894 2984 3952 Decium
3018 3895 3437 3968 imperatorem,
3468 3898 3561 3968 qui
3593 3916 3700 3956 an-

2087 3982 2157 4022 no
2186 3966 2285 4022 251
2320 3968 2519 4024 interiit
2547 3983 2668 4024 cum
2702 3967 2811 4022 filio
2839 3967 2891 4022 in
2924 3967 3065 4024 bello
3095 3966 3237 4038 quod
3276 3966 3538 4025 adversus
3571 3971 3703 4027 Per-

2086 4054 2175 4094 sas
2202 4041 2454 4110 gerebat,
2488 4051 2543 4095 ut
2571 4039 2756 4095 scribit
2784 4040 3008 4109 Pagios,
3039 4041 3129 4111 qui
3170 4039 3459 4096 Baronium
3509 4042 3702 4099 redar-

2098 4111 2199 4179 nit
2238 4111 2559 4166 scribentem
2601 4111 2653 4165 id
2695 4111 2944 4167 evenisse
2971 4127 3090 4167 cum
3120 4121 3384 4183 pugnaret
3413 4113 3703 4172 adversum

2085 4126 2296 4238 Eothos
2323 4183 2561 4238 Moesiam
2591 4191 2645 4236 et
2674 4181 2959 4237 Thraciam
2991 4182 3334 4238 infestantes.
3355 4184 3553 4238 BALUZ.

2138 4182 2296 4237 otltos
2323 4183 2561 4238 Moesiam
2591 4191 2645 4236 et
2674 4181 2959 4237 Thraciam
2991 4181 3334 4238 infestantes.
3355 4184 3553 4241 BALUZ.

2087 4266 2125 4326 τι
2160 4253 2230 4310 Χ.
2249 4252 2793 4326 Communicationem.
2813 4253 2948 4311 Tres
2963 4269 3093 4308 mss.
3107 4254 3251 4326 angl.
3269 4259 3698 4316 communionem.

2086 4324 2370 4398 Cypriane,
2409 4325 2727 4398 familiarius
2781 4334 2863 4381 est
2919 4324 3400 4383 communicationis
3445 4332 3698 4386 verbum.

2087 4396 2219 4466 Quin
2245 4398 2312 4452 de
2340 4397 2593 4470 Cornelio
2618 4396 2887 4470 inhonesta
2903 4408 2958 4470 et
2982 4399 3208 4470 maligna
3244 4399 3436 4468 jactari
3467 4416 3592 4456 mox
3621 4404 3702 4457 di-

2087 4471 2389 4544 cel)a_utur,_
2406 4470 2456 4523 in
2480 4469 2577 4522 hac
2600 4467 2799 4544 duplici
2828 4468 3080 4544 videntur
3105 4467 3455 4528 accusatione
3498 4474 3697 4544 posita,

2088 4540 2230 4610 quod
2266 4541 2515 4594 nimirum
2540 4550 2592 4593 et
2620 4538 2790 4595 libelli
2827 4540 2945 4596 labe
2973 4544 3272 4598 maculatus
3299 4555 3466 4610 esset,
3498 4538 3700 4602 etcum

2088 4612 2153 4667 iis
2183 4611 2272 4682 qui
2304 4612 2736 4666 sacrificaverant
2762 4613 3239 4670 contmnnicasset.
3273 4614 3571 4673 Postrema:
3600 4635 3701 4673 au-

2091 4694 2196 4737 tem
2242 4683 2573 4759 accusationi
2614 4683 2737 4759 hinc
2771 4683 2904 4759 data
2952 4684 3051 4740 fuit
3097 4687 3330 4753 occasio,
3382 4689 3524 4759 quod
3575 4706 3699 4746 cum

2092 4754 2366 4811 nonnullis
2393 4770 2580 4811 eorum
2608 4756 2700 4825 qui
2732 4754 3068 4813 sacriﬁcasse
3108 4754 3426 4814 dieebantui'
3452 4776 3702 4817 commu-

2090 4828 2308 4904 nicaret.
2344 4826 2450 4882 Sed
2482 4831 2550 4880 ab
2579 4826 2681 4881 hoc
2716 4842 2842 4904 eum
2878 4829 3103 4884 crimine
3149 4840 3336 4904 purgat
3365 4829 3698 4904 Cyprianus,

2091 4899 2218 4955 dum
2249 4914 2372 4954 eum
2418 4915 2524 4953 non
2573 4900 2975 4956 communicare
3019 4899 3275 4969 ostendit,
3324 4899 3591 4961 nisi-cum
3633 4899 3702 4963 eo

2092 4974 2181 5038 qui
2227 4971 2406 5025 audita
2450 4987 2611 5026 causa
2641 4972 2899 5027 innocens
2928 4971 3118 5029 fuisset
3160 4978 3544 5043 comprobatus
3564 5021 3578 5042 ,
3609 4989 3705 5036 aut

2093 5043 2349 5098 Ecclesiae
2368 5043 2572 5110 judicio
2595 5043 2662 5098 ad
2687 5045 3124 5101 communionem
3145 5046 3413 5101 admissus
3430 5059 3598 5106 esset.
3620 5048 3701 5107 Ita

2093 5124 2149 5170 et
2176 5113 2433 5185 quidquid
2484 5130 2581 5185 pro
2609 5114 2731 5171 tidei
2756 5118 3101 5173 confessione
3144 5133 3335 5187 passus
3369 5130 3472 5187 est,
3504 5137 3627 5176 cum
3667 5138 3700 5178 a

2096 5187 2259 5255 priori
2300 5187 2525 5241 crimine
2567 5188 2804 5244 alienum
2834 5190 3115 5246 evidenter
3141 5191 3494 5247 demonstrat.
3529 5193 3701 5250 Cous-

2093 5275 2251 5333 :raar.
2280 5290 2353 5299 —
2387 5259 2641 5333 Quamvis
2681 5266 2845 5315 sciant
2901 5261 3186 5317 lectionem
3235 5278 3377 5317 nunc
3427 5276 3698 5333 receptam

2094 5330 2843 5405 haberecommunicationem
2870 5348 3100 5405 eamque
3140 5334 3421 5390 lectionem
3452 5330 3575 5392 esse
3605 5338 3702 5391 bo-

2098 5403 2537 5479 nam,_i_l|amque
2563 5405 2855 5475 repererim
2901 5407 2952 5460 in
2996 5403 3091 5461 sex
3118 5407 3396 5479 codicibus
3436 5411 3697 5479 antiquis,

2097 5475 2306 5546 praetuli
2337 5485 2517 5531 tamen
2548 5493 2666 5531 eam
2693 5493 2852 5547 quam
2883 5492 3073 5534 omnes
3100 5477 3366 5533 editiones
3396 5475 3700 5537 Mannt'iatta

2095 5549 2427 5619 antiquiores
2457 5558 2514 5605 et
2537 5548 2817 5605 duodecim
2847 5560 3026 5604 vetera
3059 5551 3384 5617 exemplaria
3417 5553 3699 5609 exhibeat.

3194 5622 3482 5679 BALUZIUS.

2137 5691 2537 5767 Χτέ-ρυαξάαηι
2550 5693 2613 5748 de
2625 5692 2714 5749 illo
2730 5693 3016 5767 inhonesta.
3034 5694 3121 5749 Sic
3134 5697 3292 5766 vulgo
3306 5699 3443 5750 solet
3461 5715 3474 5753 :
3491 5712 3706 5767 semper

2097 5765 2151 5820 in
2173 5766 2439 5823 discordia
2458 5783 2561 5821 una
2587 5781 2707 5836 pars
2728 5766 2956 5837 imputat
2974 5765 3260 5824 inhonesta
3284 5767 3419 5838 parti
3435 5765 3699 5834 adversm,

2101 5847 2160 5893 ut
2177 5839 2495 5911 patetetiam
2518 5854 2585 5896 ex
2610 5839 2852 5911 epistolis
2869 5854 3032 5897 XLVIII
3059 5850 3111 5897 et
3128 5854 3252 5896 χιιι
3270 5839 3706 5919 sanctiCypriani
