4000 6322
246 270 349 334 781

1104 270 1450 337 EPISTOLA
1488 274 1560 335 Χ.
1600 275 1660 336 S.
1702 273 2029 338 CYPRIANI
2068 275 2161 337 AD
2201 268 2677 339 ANTONIANUM.

3458 278 3566 342 782

252 388 507 465 protexit,
526 388 617 449 ille
636 386 1030 464 quiinquilinos
1048 402 1076 433 ι
1096 392 1396 449 velamicos
1420 407 1548 449 suos
1568 392 1632 450 ad
1655 392 1859 450 facinus
1884 397 1937 457 Α
1961 408 2203 461 curasse,
2231 404 2286 451 et
2308 403 2527 466 propter
2544 408 2702 449 unam
2727 392 2963 449 sauciam
2989 391 3434 467 multasintegras
3451 414 3568 470 per-

251 487 534 558 contpulit,
568 497 621 542 et
662 489 750 559 qui
797 488 1067 555 inquilinis
1107 499 1162 545 et
1204 489 1407 544 colonis
1449 490 1706 561 pepercit,
1751 486 1857 544 fra-

252 591 362 637 tres
383 578 412 619 ὶι
440 582 599 638 etiam
646 583 932 655 plurimos,
960 583 1052 654 qui
1081 595 1327 641 extorres
1373 592 1427 640 et
1471 583 1681 655 profugi
1712 600 1859 640 rece-

252 673 469 739 debaut,
500 673 554 729 in
583 689 680 730 sua
706 683 845 730 tecta
872 684 927 729 et
956 673 1187 745 hOSpilia
1219 675 1423 745 recepit
1472 685 1518 747 ε’,
1565 674 1860 731 ostendens

252 777 308 825 et
334 768 573 825 oﬂ’ereus
600 768 829 824 Domino
878 769 1075 824 multas
1121 769 1331 824 animas
1362 770 1603 826 viventes
1626 766 1653 806 ἀ
1680 780 1734 825 et
1782 769 1862 825 iu—

252 862 495 919 colnmes
526 877 646 933 quae
671 877 773 935 pro
798 878 906 919 una
934 862 1115 917 saucia
1147 861 1521 932 deprecentur.

324 953 465 1011 XIV.
489 955 622 1010 Cum
646 955 935 1026 ergointer
964 955 1109 1026 ipsos
1139 953 1232 1025 qui
1258 955 1695 1011 sacriﬁcaverunt
1725 955 1864 1011 mul-

253 1050 395 1107 tasit
414 1049 722 1117 diversitas,
749 1065 869 1122 qua:
891 1049 1237 1105 inclementia
1263 1061 1346 1105 est
1382 1059 1435 1105 et
1470 1066 1629 1123 quam
1670 1050 1865 1106 acerba

257 1143 454 1199 duritia
480 1142 801 1199 linellaticos
818 1146 941 1199 cum
962 1142 1027 1198 iis
1048 1143 1138 1215 qui
1163 1142 1597 1199 sacriﬁcaverunt
1616 1143 1862 1214 iungere,

256 1236 474 1308 quando
500 1235 547 1290 is
572 1236 657 1291 cui
691 1235 903 1291 libellus
929 1247 1184 1307 acceptus
1219 1246 1302 1293 est
1343 1235 1486 1291 dicat
1521 1252 1535 1289 :
1570 1234 1684 1308 Ego
1722 1236 1869 1306 prius

254 1331 849 1403 legeram,ett-piscopo
872 1340 1153 1397 tractante,
1177 1346 1537 1403 cognoveram
1567 1346 1673 1385 non
1702 1329 1869 1386 sacri-

259 1427 529 1482 ficandum
561 1427 739 1493 idolis,
770 1442 871 1482 nec
910 1425 1234 1481 simulachra
1272 1440 1488 1482 servum
1520 1423 1615 1479 Dci
1642 1422 1871 1489 adorare

256 1520 492 1587 debere;
523 1530 577 1577 et
606 1520 830 1586 idcirco,
860 1535 928 1575 ne
957 1521 1059 1576 hoc
1085 1518 1317 1575 facerem
1341 1518 1482 1591 quod
1514 1533 1621 1573 non
1653 1516 1869 1585 licebat,

259 1631 381 1671 cum
413 1615 628 1672 occasio
671 1614 837 1671 libelli
877 1614 1065 1670 fuisset
1107 1613 1305 1678 oblata,
1343 1628 1501 1683 quem
1554 1626 1654 1667 nec
1698 1611 1872 1682 ipsum

260 1708 566 1778 acciperem
587 1707 689 1763 nisi
710 1715 925 1763 ostensa
950 1706 1137 1764 fuisset
1156 1705 1389 1772 occasio,
1412 1706 1479 1761 ad
1503 1705 1872 1781 magistratum

1963 489 2182 556 didisse,
2213 499 2407 545 etcum
2439 489 2934 556 Dominus,relictis
2953 491 3242 561 nonaginta
3261 506 3452 547 novem
3476 509 3568 550 sa-

1963 584 2068 649 nis,
2100 602 2258 640 unam
2287 594 2555 641 errantem
2588 593 2642 640 et
2673 585 2865 640 lassmu
2897 586 3188 657 qnmsierit,
3218 597 3271 642 et
3296 587 3571 643 iuventam

1966 676 2205 733 humeris
2235 678 2346 734 suis
2394 678 2509 748 ipse
2534 677 2997 752 portaverit(Luc.
3032 693 3136 745 sv;
3171 678 3362 733 Matth.
3388 681 3566 751 svnt),

1967 786 2066 826 nos
2105 787 2210 827 non
2240 780 2445 827 tantum
2495 788 2601 831 non
2650 788 2957 844 qumramus
2993 775 3174 843 lapsos
3201 783 3250 839 tt,
3282 774 3375 830 sed
3401 782 3456 830 et
3481 789 3575 830 ve-

1966 864 2181 922 nientes
2222 882 2527 934 arceamus,
2564 876 2621 923 et
2661 881 2782 925 cum
2829 868 3311 941 pseudoproiilieta:
3355 882 3577 938 gregem

1969 956 2170 1013 Christi
2210 975 2353 1015 nunc
2379 969 2591 1017 vastare
2625 970 2679 1016 et
2707 962 2947 1017 lacerare
2977 978 3082 1017 non
3122 960 3389 1028 desinant,
3422 976 3580 1016 occa-

1969 1052 2175 1109 sionem
2204 1054 2428 1111 canibus
2457 1050 2527 1109 et'
2562 1054 2706 1126 lupis
2758 1054 2948 1109 demus
2971 1054 2999 1089 ιι
3027 1064 3082 1107 ιιι
3110 1069 3244 1124 quos
3279 1052 3580 1123 persecutio

1972 1143 2170 1201 infesta
2202 1162 2307 1201 non
2343 1145 2596 1216 perdidit,
2628 1161 2724 1201 eos
2750 1161 2851 1201 nos
2884 1146 3078 1200 duritia
3124 1157 3303 1200 nostra
3336 1156 3389 1200 et
3425 1145 3583 1202 inhu-

1973 1238 2230 1294 manitatc
2276 1239 2581 1309 perdamus.
2629 1238 2699 1294 Et
2741 1240 2829 1294 ubi
2871 1239 2996 1304 erit,
3043 1238 3207 1294 frater
3242 1238 3579 1306 charissime,

1973 1334 2116 1405 quod
2145 1334 2436 1404 Apostolus
2461 1334 2590 1388 dicit
2621 1352 2633 1388 :
2666 1332 2915 1391 Omnibus
2938 1350 3027 1405 per
3052 1334 3223 1389 omnia
3255 1334 3450 1405 placeo,
3481 1349 3586 1387 non

1974 1443 2207 1500 quarens
2229 1427 2366 1501 quod
2395 1428 2520 1482 mihi
2543 1426 2667 1482 utile
2691 1439 2785 1495 est,
2812 1428 2901 1485 sed
2926 1428 3062 1500 quod
3084 1429 3277 1494 multis,
3310 1437 3365 1482 ut
3387 1426 3589 1483 salven-

1976 1531 2078 1576 tur.
2109 1521 2405 1576 lmitatores
2439 1522 2537 1577 mei
2571 1531 2744 1588 estote,
2772 1524 2900 1577 sicut
2939 1532 2985 1577 et
3023 1538 3117 1593 ego
3157 1519 3347 1576 Christi
3386 1520 3428 1593 (ι
3463 1518 3587 1575 Cor.

1978 1631 2030 1680 x,
2062 1614 2152 1681 35,
2197 1630 2273 1675 ιι,
2304 1612 2379 1684 1).
2426 1614 2490 1669 Ει
2528 1614 2721 1670 iterum
2755 1632 2769 1669 :
2811 1613 2999 1670 Factus
3029 1630 3141 1668 sum
3172 1615 3408 1679 inﬁmus
3442 1613 3594 1682 ἰηβτο

1982 1709 2100 1775 mis,
2134 1716 2190 1762 ut
2236 1707 2469 1777 inﬁrmos
2501 1706 2731 1764 lucrarer
2760 1708 2804 1779 (l
2834 1707 2955 1764 Cor.
2991 1724 3067 1771 ts,
3102 1706 3217 1778 22).
3252 1706 3320 1763 Et
3347 1708 3538 1763 iterum
3574 1727 3593 1764 :

260 1800 349 1856 vel
378 1800 525 1865 veni,
560 1800 646 1854 vel
684 1799 792 1855 alio
842 1811 1004 1855 eunte
1049 1798 1341 1864 mandavi,
1383 1797 1745 1854 Christianum
1789 1814 1876 1853 me
1906 1810 1954 1873 Β
1986 1802 2050 1859 Si
2100 1804 2295 1873 patitur
2337 1824 2364 1855 u
2390 1803 2614 1859 embrum
2655 1820 2812 1858 unum
2841 1845 2857 1873 ,
2903 1803 3283 1876 compatiuntur
3328 1809 3375 1856 et
3412 1811 3597 1857 caetera

260 1906 407 1959 esse,
439 1890 746 1947 sacriﬁeare
794 1891 925 1947 mihi
963 1905 1068 1946 non
1112 1889 1277 1946 licere
1310 1899 1357 1955 ο,
1396 1889 1462 1951 ad
1514 1906 1636 1947 aras
1680 1889 1879 1946 diaboli
1912 1878 1917 1883 ’

263 2004 354 2046 me
380 1989 567 2046 venire
608 2003 716 2044 non
746 2002 926 2058 posse,
960 1986 1089 2043 dare
1123 2001 1211 2042 me
1248 1985 1317 2041 ob
1349 1984 1451 2040 hoc
1481 1985 1779 2054 prmmium,
1813 2000 1881 2040 ne

271 2082 416 2155 quod
465 2098 573 2138 non
622 2082 744 2138 licet
782 2081 994 2137 faciam.
1044 2078 1200 2136 Nunc
1242 2088 1420 2133 tamen
1456 2078 1618 2134 etiam
1662 2078 1762 2132 iste
1791 2078 1883 2149 qui

272 2175 458 2232 libello
486 2175 781 2231 maculatus
809 2180 912 2240 est,
946 2180 1129 2246 postea
1156 2187 1315 2243 quam
1356 2170 1510 2225 nobis
1540 2168 1881 2225 admonenti-

270 2270 371 2326 hus
410 2268 593 2325 didicit
624 2283 724 2324 nec
764 2267 867 2324 hoc
911 2282 970 2323 se
1012 2267 1187 2321 facere
1228 2264 1501 2331 debuisse,
1544 2263 1644 2319 etsi
1691 2278 1883 2319 manus

272 2382 406 2440 pura
431 2366 521 2428 sit,
551 2371 606 2420 et
639 2380 701 2420 os
738 2363 856 2435 ejus
886 2361 1068 2418 feralis
1098 2360 1200 2416 cibi
1232 2357 1475 2430 contagia
1510 2357 1651 2412 nulla
1680 2357 1887 2427 pollue-

272 2459 402 2524 rint,
432 2458 816 2514 conscientiam
849 2467 1025 2511 tamen
1057 2454 1174 2525 ejus
1203 2469 1323 2509 esse
1351 2453 1627 2523 pollutam,
1664 2449 1758 2506 ﬂet
1796 2467 1889 2506 au-

273 2550 401 2607 ditis
427 2550 586 2607 nobis
611 2557 666 2606 et
699 2549 1040 2614 lamentatur,
1065 2556 1119 2602 et
1146 2545 1286 2618 quod
1318 2543 1606 2614 deliquerit
1635 2559 1777 2599 nunc
1798 2542 1892 2599 ad-

272 2652 549 2710 monetur,
582 2650 637 2698 et
664 2658 770 2697 non
803 2652 913 2698 tam
942 2640 1170 2697 crimine
1194 2654 1353 2707 quam
1384 2653 1571 2693 errore
1610 2637 1888 2707 deceptus,

273 2739 414 2813 quod
429 2739 450 2810 j
471 2755 540 2794 tm
558 2738 624 2794 de
640 2751 836 2793 ca'tero
852 2737 1143 2791 instructus
1159 2742 1211 2789 et
1227 2742 1443 2806 paratus
1454 2733 1520 2789 sit
1537 2741 1890 2789 contestatur.

358 2829 477 2889 XV.
508 2831 750 2901 Quorum
774 2830 819 2886 si
851 2828 1216 2903 ptPnitentiam
1241 2842 1557 2898 respuarnus
1584 2824 1894 2882 habentium

276 2924 513 2998 aliquam
559 2924 808 2981 fiduciam
841 2922 1137 2980 tolerabilis
1166 2920 1529 2987 Conscientiae,
1562 2920 1742 2975 statim
1769 2936 1892 2976 cum

278 3033 470 3085 uxore,
505 3035 628 3074 cum
658 3016 860 3086 liberis,
891 3031 1029 3089 quos
1060 3015 1356 3072 incolumes
1383 3024 1811 3083 reservaverant,
1841 3014 1893 3069 in

1992 1893 2254 1960 membra;
2281 1904 2327 1949 et
2366 1895 2410 1950 si
2448 1896 2649 1951 ltetotur
2678 1912 2835 1951 unum
2866 1895 3166 1963 membrum,
3197 1894 3520 1949 callwtantur
3548 1901 3598 1948 et

1991 1996 2174 2042 caetera
2201 1987 2426 2042 ntembru
2456 1986 2619 2057 (Ibid.
2652 2003 2748 2055 ιιι,
2778 1986 2892 2060 26).

2067 2077 2208 2135 XVI.
2262 2079 2374 2134 Alia
2417 2090 2499 2135 est
2539 2079 2982 2153 philosophorum
3022 2089 3077 2137 et
3101 2079 3405 2137 Stoicorum
3437 2079 3597 2147 ratio,

1996 2171 2161 2228 frater
2182 2171 2520 2240 charissime,
2540 2174 2631 2246 qui
2650 2174 2835 2230 dicunt
2862 2174 3040 2230 omnia
3064 2185 3279 2247 peccata
3305 2175 3450 2246 paria
3480 2188 3604 2232 esse

1996 2274 2051 2321 et
2088 2266 2261 2321 virum
2305 2281 2522 2337 gravem
2580 2282 2686 2323 non
2737 2266 2893 2324 facile
2940 2267 3083 2324 ﬂecti
3136 2280 3405 2339 oportere.
3460 2269 3605 2326 Inter

1992 2358 2327 2415 Christianos
2374 2369 2553 2416 autem
2600 2369 2655 2416 et.
2698 2360 3051 2432 philosophos
3090 2362 3375 2433 plurimum
3417 2362 3603 2420 distat.

1995 2452 2213 2507 Etcum
2254 2452 2546 2523 Aposmlus
2573 2453 2736 2519 dicat,
2776 2453 2952 2509 Videte
2977 2471 3040 2510 ne
3067 2456 3179 2528 quis
3217 2473 3305 2511 vos
3342 2458 3607 2527 deprende-

1994 2553 2079 2597 tur
2117 2561 2205 2617 per
2248 2544 2631 2619 philosOpltiam
2670 2556 2714 2600 et
2754 2546 2958 2602 inanem
2994 2547 3258 2621 fallaciam
3290 2548 3513 2624 (Coloss.
3543 2564 3606 2616 tt,

1992 2638 2047 2708 8,
2074 2639 2287 2694 vitanda
2319 2649 2446 2695 sunt
2493 2657 2523 2695 a
2551 2640 2704 2696 nobis
2752 2656 2871 2711 qua:
2898 2656 3004 2697 non
3035 2640 3050 2679 ί
3078 2641 3146 2697 de
3178 2641 3269 2697 Dei
3320 2642 3610 2699 clementia

2001 2730 2242 2795 veniunt,
2293 2730 2386 2786 sed
2424 2730 2494 2786 de
2527 2731 2878 2805 philosophia:
2911 2731 3149 2793 durioris
3189 2734 3612 2805 praesumptione

2001 2824 2357 2880 descendunt.
2403 2824 2479 2880 De
2527 2824 2712 2897 Moyse
2737 2835 2914 2881 autem
2951 2827 3179 2898 legimus
3230 2829 3283 2883 in
3321 2826 3612 2898 Scripturis

2000 2918 2202 2974 dictum
2228 2938 2242 2973 :
2266 2917 2437 2988 Etfuit
2458 2917 2662 2989 Moyses
2679 2917 2830 2972 hante
2847 2920 2973 2974 leuis
2996 2919 3178 2975 nimisi
3201 2919 3391 2989 (Nunt.
3414 2936 3511 2988 xu,
3529 2920 3608 2992 ὅ).

2001 3012 2069 3068 Et
2098 3012 2354 3068 Dominus
2387 3012 2440 3068 in
2465 3011 2759 3084 Evangelio
2796 3026 2897 3068 suo
2926 3013 3056 3070 dicit
3086 3033 3099 3069 :
3127 3013 3303 3072 Estote
3325 3016 3615 3071 misericor-

279 3110 534 3169 hazresim
556 3112 638 3167 vel
669 3110 899 3167 schisma
947 3107 992 3176 ί,
1032 3109 1244 3164 diabolo
1272 3109 1550 3174 invitante,
1580 3106 1891 3178 rapiuntur;
2000 3108 2087 3161 des
2140 3104 2188 3170 ιι,
2232 3106 2362 3160 sicut
2430 3116 2475 3160 et
2527 3104 2686 3162 Pater
2756 3115 2919 3162 vester
2983 3108 3218 3164 misertus
3280 3119 3353 3166 est
3394 3106 3412 3147 ι
3459 3107 3614 3164 uestri

280 3217 337 3266 et
355 3208 693 3265 adscribetur
723 3205 878 3263 nobis
911 3205 965 3261 in
992 3204 1080 3262 die
1104 3204 1291 3277 judicii
1329 3218 1430 3260 nec
1461 3218 1616 3259 ovem
1654 3200 1891 3256 sauciam
1920 3187 1966 3253 C
2004 3197 2155 3273 (Luc.
2184 3214 2261 3265 vt,
2294 3198 2409 3271 36).
2439 3199 2505 3255 Et
2530 3198 2725 3256 iterum
2751 3217 2766 3255 :
2795 3198 2919 3256 Non
2944 3209 3021 3259 est
3048 3218 3177 3273 opus
3202 3208 3343 3259 sanis
3366 3202 3614 3269 medicus,

1535 3313 1932 3383 LECTIONES
1970 3312 2062 3369 VA
2075 3311 2389 3369 lilANTES.

2072 3425 2105 3493 ξι
2138 3427 2290 3493 Lupis
2311 3429 2539 3493 dabimus
2565 3427 2696 3493 Bod.
2719 3430 2769 3479 5.

2078 3490 2096 3531 ί
2135 3487 2231 3544 εἰς’
2249 3494 2383 3544 Lam.
2411 3490 2535 3542 Bod.
2564 3495 2614 3543 5.
2638 3490 2785 3544 Ebor.
2814 3487 2923 3545 Liu.
2949 3493 3059 3546 NG.
3083 3494 3130 3546 1.
3156 3492 3362 3546 Vitanda
3384 3507 3497 3560 qua:
3517 3508 3619 3549 non

2014 3556 2444 3670 Οξοηίεηὶεδίηιυε
2468 3618 2605 3669 Lam.
2629 3617 2775 3671 Ebor.
2806 3618 2913 3671 Bod
2951 3619 2996 3669 2.
3026 3621 3074 3671 Ν
3082 3619 3135 3672 C.
3160 3620 3205 3669 1.

2016 3682 2117 3797 In;
2136 3682 2307 3733 Estote
2349 3694 2471 3746 ergo
2510 3683 2859 3735 misericordes
2880 3683 3007 3735 Bod.
3033 3687 3081 3736 5.
3108 3684 3361 3743 Quomodo
3384 3692 3436 3737 et
3457 3684 3612 3737 Pater

2081 3808 2101 3848 l
2140 3807 2424 3858 Misericors
2450 3813 2527 3859 est
2550 3806 2677 3859 Bod.
2700 3809 2749 3858 3.

1656 3917 2019 3979 VARIORUM
2058 3915 2287 3973 NOTAE.

375 4040 573 4097 Multas
609 4041 846 4097 viventes.
877 4039 950 4096 Ita
991 4038 1117 4094 libri
1152 4037 1341 4095 decem
1381 4045 1617 4093 veteres.
1656 4035 1759 4090 Alii
1796 4034 1904 4091 duo

295 4124 358 4173 et
384 4113 1012 4184 editionesantiquiores
1044 4110 1244 4168 habent
1266 4111 1513 4184 salvatus.
1548 4105 1731 4164 Codex
1763 4102 1904 4164 Cor-

299 4185 559 4249 beiensis,
584 4180 853 4247 solventes,
883 4184 1165 4239 manifesto
1188 4198 1392 4238 errore.
1423 4180 1620 4236 Bawz.

376 4257 518 4314 XIV.
539 4256 877 4331 —Episcopo
905 4265 1172 4310 tractante.
1199 4255 1423 4331 Optatos
1449 4254 1633 4331 lili._v:
1661 4250 1836 4306 Restat
1857 4257 1911 4304 ut

351 3438 382 3506 ξ
414 3439 507 3506 ille
529 3439 617 3504 qui
641 3438 841 3506 intimos
867 3435 1067 3506 Bod._i.
1161 3496 1191 3506 _
1261 3495 1290 3506 Α

350 3500 380 3540 δ
415 3496 636 3569 fratres,
662 3502 751 3569 sed
778 3502 938 3569 etiam
961 3498 1131 3569 plures
1153 3496 1433 3563 Gratianop.

352 3569 377 3599 ο
415 3563 705 3627 Hospitatus
727 3565 868 3627 cepit
1050 3561 1101 3611 5.

357 3628 385 3668 ἃ
422 3625 573 3679 Multa
597 3625 853 3679 solventes
878 3625 1020 3678 Corb.

360 3695 386 3725 ο
422 3688 537 3741 Mihi
561 3690 762 3740 omnino
784 3702 881 3738 non
914 3690 1025 3739 ναι.

363 3752 386 3793 ί
424 3754 479 3804 In
501 3753 721 3803 haeresiu
744 3758 801 3801 ut
823 3756 872 3800 iu
894 3751 1105 3802 schisma
1130 3751 1245 3801 HR.

361 3820 389 3861 8
421 3816 600 3868 Lassos
618 3816 753 3867 Lam.
777 3814 906 3866 Bod.
932 3814 981 3865 2.
1023 3813 1169 3865 Ebor.
1195 3812 1303 3865 ΝΟ.
1333 3814 1377 3864 1.
1410 3815 1530 3863 Ver.

2007 4032 2223 4104 gistrozg
2261 4028 2399 4085 Nam
2438 4030 2577 4100 quod
2616 4030 2742 4104 dicit
2768 4031 2934 4104 paria
2973 4046 3080 4087 esse
3118 4039 3335 4104 peccata
3355 4046 3420 4087 επ
3446 4032 3626 4089 eadem

2009 4102 2330 4159 immunitate
2368 4112 2441 4156 est
2470 4119 2571 4171 qua
2603 4103 3006 4158 misericordia»:
3041 4104 3177 4158 velut
3205 4102 3435 4158 morbum
3480 4106 3625 4161 inse-

2010 4187 2197 4232 ctatur.
2228 4173 2552 4230 Plutarchus
2585 4176 2635 4227 in
2662 4174 2801 4229 libro
2829 4175 2891 4232 de
2922 4173 3213 4231 Stoicorum
3246 4173 3624 4248 Repugnuntiis

2013 4249 2203 4303 scribit
2251 4261 2425 4321 neque
2474 4255 2751 4315 peccatum
2802 4256 3027 4321 peccato
3076 4250 3249 4321 majus
3289 4264 3411 4304 esse
3451 4266 3628 4321 neque

303 4330 476 4387 dicitis
500 4317 752 4401 cumcum
782 4317 973 4401 p'aputo
1002 4317 1421 4401 communicasse.
1445 4323 1519 4401 AEt
1546 4325 1774 4401 locutum
1800 4338 1913 4401 cum
2014 4322 2270 4401 virtutem
2302 4319 2483 4372 virtuti
2519 4328 2801 4401 praestare.
2832 4317 3143 4401 Cassianus,
3166 4318 3259 4373 lib.
3292 4335 3345 4383 v,
3382 4317 3626 4401 (τηρ..ᾷῂ

304 4419 416 4459 esse
444 4390 639 4471 aliquid
665 4403 721 4457 in
752 4390 943 4472 populo
971 4410 1202 4458 constat.
1234 4399 1323 4454 sed
1357 4396 1654 4472 insinuandi
1694 4396 1913 4465 alicujus
2018 4392 2333 4472 Cunctorum
2360 4405 2597 4472 memque
2638 4390 2879 4472 uirtutum
2917 4400 2962 4444 et
2988 4406 3115 4472 nunc
3157 4402 3342 4472 natura
3372 4390 3480 4472 est}
3513 4392 3630 4448 licet

306 4476 384 4529 rei
410 4460 594 4536 causa.
630 4490 732 4528 non
752 4460 927 4526 'tm'uen
950 4472 1206 4526 tractandi
1224 4514 1239 4533 ,
1269 4470 1407 4547 qu_ud
1435 4460 1909 4547 estepiscoporum.
1939 4486 1993 4547 D
2019 4466 2070 4547 in
2106 4460 2727 4547 .multasmdivirdispecies
2767 4473 2832 4547 et.
2856 4460 3101 4547 uocabula
3137 4463 3399 4547 φξαιέιιιιιινἕ
3421 4461 3630 4547 Su-uega

307 4544 451 4600 Vide
491 4532 646 4599 notas
689 4554 900 4601 nostras
945 4544 1014 4598 ad
1062 4532 1743 4615 Lupuin'Ferrarie'nseui,
1791 4553 1911 4610 pag.
1939 4532 1989 4547 ⁶’
2021 4536 2191 4615 Epist.
2242 4534 2375 4588 120:
2427 4532 2562 4615 Sunt
2605 4535 2742 4615 enim
2785 4533 3055 4615 virtutibus
3101 4533 3221 4615 vitia
3252 4536 3508 4615 conﬁnia.
3543 4535 3631 4615 _Iv_3t

308 4618 442 4675 479,
473 4616 679 4671 ΒΑωι,
1145 4603 1160 4615 ’
1731 4603 1738 4607 ’
1791 4603 1806 4610 ’
1862 4603 1885 4609 ⁷
2023 4603 2680 4678 Hieronymusadversus
2711 4603 3331 4678 Lttcil'eriauos_:_Vicina
3363 4607 3630 4678 suntquitia

387 4689 589 4744 Auditis
628 4688 795 4743 nobis.
827 4685 1156 4741 ’Emendatio
1191 4701 1354 4756 supra
1399 4685 1596 4739 lineam
1640 4684 1691 4757 in
1732 4681 1921 4757 codi_ce
2023 4676 2315 4757 uirtutibus.
2358 4677 2447 4731 hic
2485 4677 2649 4757 etiam
2688 4676 3049 4757 Quintilianus
3214 4693 3302 4757 ut,
3336 4693 3454 4748 cap.
3491 4677 3544 4757 _7,
3578 4687 3637 4734 et

313 4760 768 4825 Monasterieusi,
826 4758 1015 4812 auditis
1072 4748 1274 4813 nostris'
1318 4755 1785 4812 lamentationibus.
1842 4751 1921 4808 Ex
2024 4750 2119 4806 lib.
2164 4765 2258 4825 vni
2285 4790 2299 4812 ,
2342 4763 2461 4816 cap.
2508 4749 2560 4803 5.
2594 4749 2822 4825 Cicero_.
2865 4749 2959 4802 lib.
2992 4748 3429 4825 tn_0fliciorum:
3460 4751 3636 4825 _A_me

313 4834 643 4906 glos~emate
680 4820 961 4906 nimirum:
1006 4831 1204 4887 Bswz.
1617 4898 1631 4906 _
1910 4896 1922 4906 ι
2027 4826 2141 4906 ipso
2194 4822 2519 4906 dissertatum
2573 4830 2677 4906 est',
2720 4820 2806 4906 qui
2846 4836 3011 4906 unam.
3038 4820 3202 4906 .It'ltbtz’l
3239 4836 3411 4902 omnes
3449 4821 3636 4874 habere

394 4902 513 4959 XV.
538 4931 611 4943 —-
636 4902 874 4959 Lassam.
924 4899 1147 4958 Veteres
1184 4900 1453 4957 editiones
1491 4908 1546 4953 et
1583 4898 1763 4966 plures
1803 4896 1925 4952 libri
2029 4891 2258 4950 virtutes.
2292 4891 2421 4947 Vide
2447 4892 2605 4966 etiam
2628 4891 3049 4966 Paradosatuhi
3079 4891 3246 4966 fusius
3275 4893 3371 4945 ista
3403 4901 3649 4966 tractam.

317 4984 533 5033 veli-res
573 4972 773 5030 habent
810 4974 1030 5045 lapsam.
1064 4975 1195 5042 Qua:
1224 4975 1387 5029 lectio
1414 4961 1722 5045 conﬁrmari
1754 4976 1931 5045 potest
2033 4977 2139 5045 tur.
2160 4966 2227 5019 Et
2253 4974 2431 5018 tamen
2453 4964 2593 5045 idem
2626 4964 2677 5017 in
2711 4962 2848 5045 libro
2880 4961 3056 5033 priuto
3083 4964 3146 5015 de
3175 4961 3392 5017 Oratore
3414 4963 3638 5045 scripsit

318 5065 389 5106 ex
420 5047 709 5118 Evangelii)
740 5035 1035 5103 secundum
1073 5035 1380 5118 flanimeum
1413 5044 1482 5099 ad
1521 5044 1681 5118 quod
1706 5035 1932 5118 respicit.
2034 5041 2323 5118 spinosam
2345 5046 2398 5090 et
2424 5035 2621 5118 exilem
2642 5035 2955 5118 orationem
2979 5049 3164 5118 eorum
3192 5035 3426 5118 esse‘qui
3454 5036 3641 5090 tlicuut

321 5121 413 5176 hic
442 5105 622 5190 locus,
653 5136 717 5174 ex
748 5135 853 5190 quo
882 5130 1091 5175 constat
1116 5133 1270 5190 ovem
1300 5116 1446 5172 illam
1473 5105 1580 5169 nuit
1610 5114 1777 5190 luisse
1804 5105 1933 5190 sint-
2037 5105 2128 5190 qui
2170 5109 2418 5190 virtutem
2463 5108 2656 5161 habeat
2684 5123 2812 5190 euut
2834 5122 3029 5190 omnes
3055 5105 3637 5190 Italiere._§enteuuain

324 5191 537 5264 pliciter
563 5177 793 5259 lassaut',
820 5191 914 5246 sed
946 5192 1168 5260 lapsam.
1196 5189 1306 5258 Ego
1329 5184 1764 5264 tametrprzefero
1794 5184 1937 5253 prio-
2040 5177 2186 5264 illam
2229 5181 2586 5264 videt_ttrnnon
2626 5178 2959 5264 approbasse
2997 5177 3226 5264 Seneca.
3269 5178 3361 5234 Ait
3399 5180 3542 5264 enim
3585 5180 3640 5233 in

322 5250 439 5322 i'etu
474 5250 790 5319 lecuonelm.’
814 5262 946 5317 Nam
977 5250 1093 5316 ovis
1124 5262 1215 5316 illa
1240 5250 1391 5316 reete
1420 5250 1616 5315 diciiur
1646 5250 1938 5324 latssa'qute
2042 5252 2281 5322 Epistula
2312 5252 2413 5307 66:
2449 5250 2718 5317 Quomodo
2749 5260 2959 5324 possunt
2978 5251 3138 5324 paria
3167 5250 3297 5324 bona
3326 5251 3471 5305 esse?
3500 5251 3639 5324 [‘2'ng

329 5338 563 5392 multum
603 5335 835 5391 errando
874 5333 1240 5397 laboraverat,
1278 5343 1337 5387 ut
1381 5330 1561 5386 verbis
1598 5338 1717 5383 utar
1755 5326 1941 5381 lliero-

326 5407 475 5480 nytui
510 5407 568 5480 in
609 5407 836 5476 epistola
878 5405 942 5460 de
972 5404 1113 5461 Filio
1145 5406 1359 5477 prodigo
1400 5403 1467 5458 ad
1503 5403 1700 5471 Papam
1745 5399 1942 5453 Dama-

330 5476 474 5537 sum.
508 5476 706 5534 BALUZ.

406 5544 543 5606 XVI.
574 5580 645 5624 -τ-
672 5547 903 5624 Peccata_
925 5549 1089 5624 paria.
1131 5548 1489 5624 Hieronymus
1521 5545 1583 5624 in
1606 5541 1851 5624 epistola
1878 5539 1945 5595 ad

336 5621 745 5696 Pauntiaeltjum
773 5623 834 5677 de
869 5617 1188 5696 Dormitioue
1219 5617 1489 5696 Paulinae,
1517 5618 1573 5696 _iu
1604 5617 1743 5696 libro
1776 5617 1949 5696 primo

409 5709 580 5766 versus
603 5690 907 5766 Pelagium,
937 5704 992 5753 et
1018 5693 1112 5747 lib.
1138 5707 1177 5748 tt
1215 5691 1458 5746 adversus
1498 5687 1849 5766 J_ouin_ianum,
1870 5687 1953 5766 ait

339 5764 557 5837 Stoicos
599 5758 947 5837 conténd'tsSe
990 5775 1211 5837 peccata
1250 5778 1381 5837 esse
1426 5758 1954 5837 pariu._Laclautius

341 5854 464 5913 cap.
493 5836 564 5894 58
588 5836 889 5912 Epitomes,
912 5832 1142 5905 loquens
1160 5834 1231 5894 de
1249 5834 1490 5903 Zenone,
1515 5832 1820 5890 Stoicorum
1841 5843 1956 5887 ma-

2042 5320 2251 5379 virtutcs
2280 5325 2412 5379 inter
2449 5339 2503 5376 se
2540 5338 2687 5391 pares
2720 5332 2856 5375 sunt.
2894 5320 3025 5375 Vide
3067 5322 3136 5375 ibi
3177 5320 3464 5376 Murettuu.
3512 5320 3645 5376 Vtile

2045 5399 2205 5451 etiam
2247 5395 2419 5452 sancti
2461 5394 2741 5464 Augustini
2797 5394 3202 5462 responsionem
3249 5393 3315 5448 ad
3362 5394 3646 5464 epistolam

2047 5468 2281 5523 Nectarii
2332 5468 2400 5523 de
2444 5470 2661 5536 negotio
2694 5465 3020 5521 tlalameusi.
3057 5465 3253 5520 ΒΑιυΖ.

2122 5538 2275 5594 Lenis
2301 5539 2466 5593 nimis.
2495 5535 2553 5592 lu
2578 5552 2668 5590 sex
2702 5536 2855 5590 libris
2883 5538 3083 5591 nostris
3109 5536 3344 5606 antiquis
3368 5547 3422 5591 et
3445 5537 3496 5593 in
3523 5550 3652 5608 qua-

2052 5620 2175 5667 tuor
2198 5610 2507 5681 Anglicanis
2530 5610 2789 5681 scriptum
2815 5618 2898 5662 est
2918 5608 3223 5681 lenissimus.
3252 5608 3406 5675 Quod
3433 5611 3655 5679 prOpins

2052 5684 2258 5739 accisdil
2286 5677 2349 5737 an
2376 5680 2666 5752 editionem
2691 5679 2957 5750 vulgatam
2984 5680 3108 5736 libri
3134 5677 3502 5748 Numerorum,
3528 5677 3651 5752 qua:

2057 5756 2217 5812 habet
2247 5754 2566 5808 mitissimus.
2597 5750 2794 5806 Bawz.

2133 5826 2377 5882 Misenus
2408 5833 2502 5881 est.
2546 5822 2621 5879 Ita
2662 5823 2867 5895 primus
2914 5823 3131 5898 scripsit
3177 5822 3449 5882 Erasmus.
3505 5820 3659 5887 Hanc
