4000 6322
384 268 489 331 785

1384 258 1818 324 ROMANORUM
1856 252 2102 322 PONTIF
2107 252 2273 323 ICUM
2316 252 2695 322 EPISTOLAZ.

3580 266 3676 325 781

379 392 471 448 sed
515 391 648 446 male
690 388 985 445 habentibus
1030 387 1244 463 (Matth.
1297 403 1373 454 ix,
1426 387 1539 461 i2).
1585 388 1753 457 Quam
1809 397 1987 458 potest
2016 394 2067 454 A
2094 402 2213 442 rum
2269 402 2487 442 suorum
2545 385 2867 442 sententiam
2914 383 3175 440 Dominus
3221 383 3519 450 emendet;
3562 385 3682 442 dum

382 498 643 541 exercere
665 484 983 539 medicinam
1006 483 1095 552 qui
1122 481 1251 536 dicit
1280 500 1293 535 :
1325 482 1435 552 Ego
1463 484 1608 536 solos
1635 496 1796 537 sanos
1833 496 1986 548 cura,

377 580 573 652 quibus
621 577 857 633 medicus
906 574 1245 632 necessarius
1306 590 1412 629 non
1466 584 1568 630 est.
1635 573 1801 645 Opem
1869 589 1993 628 nos-

381 685 522 728 tram
554 680 603 738 δ,
636 670 900 727 medelam
942 682 1179 725 nostram
1235 668 1527 725 vulneratis
1594 668 1855 724 exhibere
1896 668 1990 725 dc—

376 766 594 823 bemus.
626 764 735 821 Nec
756 774 1006 835 putemus
1038 773 1279 818 mortuos
1310 777 1452 827 esse.
1479 762 1572 818 sed
1598 762 1768 833 magis
1794 765 1988 818 seruia-

378 858 554 915 nimes
595 860 776 929 jacere
817 871 912 913 eos
951 872 1088 927 quos
1127 855 1501 927 persecutione
1533 853 1742 910 funesta
1782 856 1989 911 saucia-

383 964 471 1008 tos
498 951 527 991 δ
560 951 802 1013 videmus
828 967 840 1005 :
865 950 955 1021 qui
985 950 1029 1004 si
1063 950 1117 1004 in
1164 958 1333 1003 totum
1382 948 1578 1003 mortui
1609 956 1812 1013 essent,
1840 964 1989 1005 num-

383 1063 545 1118 quam
602 1045 670 1101 de
735 1044 939 1101 eisdem
979 1056 1001 1083 ο
1047 1043 1390 1116 postmodum
1457 1053 1512 1099 et
1554 1042 1893 1100 confessurus
1936 1053 1990 1101 et

373 1149 644 1210 martyres
674 1137 886 1194 ﬁerent.

448 1231 614 1289 XVII.
648 1232 755 1289 Sed
780 1232 1032 1304 quoniam
1066 1233 1219 1288 estin
1253 1232 1358 1287 illis
1379 1230 1522 1303 quod
1554 1231 1870 1303 poenitentia
1893 1245 1984 1287 se-

366 1336 569 1397 quente
618 1322 646 1362 ἀ
702 1326 1005 1381 revalescat
1052 1325 1120 1379 ad
1179 1325 1363 1391 ﬁdem,
1393 1334 1447 1379 et
1475 1324 1544 1379 ad
1600 1325 1857 1379 virtutem
1918 1324 1986 1380 de

365 1417 687 1489 paenitentia
745 1419 909 1472 robur
960 1426 984 1453 θ
1036 1425 1311 1483 armatur,
1393 1415 1536 1488 quod
1611 1416 1809 1471 armari
1875 1432 1983 1470 non

371 1511 593 1583 poterit,
636 1511 680 1565 si
731 1510 852 1581 quis
896 1509 1275 1580 desperatione
1305 1508 1541 1575 deﬁciat,
1574 1509 1618 1563 si
1643 1510 1711 1564 ab
1741 1508 1980 1563 Ecclesia

370 1606 506 1660 dure
554 1611 609 1659 et
654 1603 949 1658 crudeliter
998 1611 1309 1672 segregatus
1355 1602 1423 1657 ad
1474 1603 1705 1675 gentiles
1759 1618 1819 1659 se
1868 1603 1985 1658 vias

371 1706 429 1753 et
483 1696 761 1752 saecularia
817 1712 979 1767 Opera
1029 1705 1327 1761 convertat,
1373 1697 1456 1751 vel
1486 1696 1553 1750 ad
1600 1697 1884 1751 haereticos
1931 1704 1986 1751 et

2101 488 2277 533 tamen
2323 493 2421 534 nos
2470 479 2799 545 meminisse,
2831 475 3002 533 frater
3027 476 3363 545 charissime,
3403 475 3684 534 debeamus

2100 572 2358 643 scriptum
2410 588 2553 638 eSs‘e,
2598 570 2788 627 Frater
2821 575 3031 644 fratrem
3074 573 3325 642 adjuvaus
3369 570 3682 640 excitabitur,

2098 667 2280 740 (Prov.
2302 683 2430 723 xvrn
2457 666 2546 740 19)
2570 666 2955 738 etApostolnm
2976 682 3189 739 quoque
3213 664 3417 722 dixisse
3447 682 3461 719 :
3494 664 3561 720 1η
3575 682 3686 721 cott-

2096 762 2426 833 templatiune
2451 762 2690 817 habentes
2721 764 3087 834 unusquisque,
3122 778 3185 816 ne
3210 770 3259 816 et
3299 780 3385 818 vus
3413 762 3682 827 tentemini,

2094 854 2396 911 alterutrum
2435 872 2590 909 onera
2643 852 2670 891 ¹ί
2720 855 2995 922 sustinete,
3040 865 3090 910 et
3141 856 3214 910 sic
3256 854 3598 926 adimplebitis
3623 854 3689 910 le-

2092 966 2205 1022 gem
2251 949 2440 1005 Christi
2482 947 2628 1021 (Gal.
2672 965 2745 1013 vr,
2779 950 2832 1014 1,
2882 948 2960 1021 2),
3023 949 3151 1004 item
3191 948 3334 1021 quod
3378 947 3683 1020 superbos1

2095 1043 2429 1115 redargueus
2458 1051 2513 1098 et
2538 1030 2903 1114 arrogantiam
2955 1040 3231 1114 frangens,
3263 1043 3317 1098 in
3345 1042 3571 1113 epistola
3600 1057 3689 1098 sua

2092 1146 2291 1208 ponat;
2342 1137 2411 1191 Et
2444 1137 2534 1208 qui
2559 1153 2611 1191 se
2644 1146 2790 1209 putat
2842 1147 2999 1203 stare,
3030 1138 3196 1191 videat
3223 1153 3286 1192 ne
3313 1137 3465 1191 cadat
3492 1135 3549 1212 (Ι
3575 1135 3689 1192 Cur.

2091 1248 2148 1299 x,
2182 1231 2274 1304 12)
2300 1249 2316 1299 ;
2345 1241 2399 1288 et
2444 1232 2555 1287 alio
2582 1232 2780 1288 inloco
2822 1232 2965 1288 dicat
2997 1251 3011 1286 :
3059 1231 3141 1286 Tu
3168 1233 3358 1303 quises
3382 1232 3469 1303 qui
3495 1231 3688 1297 iudicas

2090 1325 2318 1380 alienun:
2365 1325 2613 1379 servum?
2668 1323 2891 1379 Domino
2920 1342 3012 1379 suo
3037 1333 3135 1379 stat
3182 1334 3275 1393 aut
3314 1324 3471 1379 cadit.
3528 1322 3689 1379 Stabit

2087 1427 2276 1473 autem.
2296 1416 2490 1472 Potens
2502 1428 2573 1473 est
2601 1418 2734 1472 enim
2761 1416 2902 1473 Deus
2925 1426 3201 1473 statuereIn
3230 1434 3347 1472 eum
3377 1417 3556 1490 (Rom.
3587 1431 3690 1487 xiv,

2091 1510 2173 1581 ὁ).
2206 1509 2445 1566 Joannes
2473 1525 2687 1581 quoque
2716 1509 2900 1566 Jesum
2930 1508 3207 1565 Christum
3249 1507 3542 1564 Dominum
3573 1523 3690 1563 nos-

2091 1612 2234 1659 trum
2285 1603 2605 1659 advocatum
2657 1612 2713 1659 et
2740 1603 3147 1673 deprecatorem
3177 1618 3274 1673 pro
3306 1602 3546 1674 peccatis
3573 1616 3690 1657 nos-

2092 1694 2189 1750 tris
2220 1695 2409 1765 probat
2436 1696 2623 1752 dicens
2651 1713 2665 1751 :
2719 1694 2902 1751 Filioli
2944 1697 3062 1763 ntei,
3118 1697 3220 1751 ista
3274 1696 3443 1750 scribo
3469 1694 3608 1751 vobis
3636 1713 3693 1750 ne
3726 1680 3730 1689 ’

369 1789 752 1844 schismaticus
795 1790 1032 1859 rejectus
1102 1788 1169 1843 ab
1232 1786 1475 1844 Ecclesia
1530 1796 1815 1851 transeat;
1871 1789 1981 1856 ubi,
2014 1801 2063 1861 Β
2091 1788 2402 1859 delinquatis
2428 1804 2446 1853 ;
2476 1798 2525 1842 et
2552 1789 2597 1842 si
2623 1789 2735 1857 quis
2774 1790 3066 1858 deliquerit,
3118 1789 3427 1843 advocatum
3454 1790 3692 1844 habemus

367 1884 470 1939 etsi
494 1885 706 1938 occisus
733 1890 955 1953 propter
977 1898 1174 1938 nomen
1213 1880 1230 1919 ῖ
1268 1880 1615 1952 postmodum
1647 1880 1807 1936 fuerit
1831 1889 1984 1936 extra

370 1976 672 2033 Ecclesiatu
702 1976 1024 2032 constitutus
1054 1985 1109 2032 et
1137 1976 1205 2032 ab
1232 1977 1439 2031 unitate
1467 1984 1630 2047 atque
1657 1995 1684 2029 ει
1713 1975 1982 2032 charitate

372 2070 602 2137 divisus,
630 2070 881 2125 coronari
930 2071 980 2124 in
1015 2079 1190 2124 morte
1226 2087 1332 2124 non
1367 2069 1582 2140 pulerit.
1616 2068 1685 2123 Et
1713 2069 1835 2124 ideo
1865 2070 1979 2138 pla-

369 2164 504 2229 cuit,
559 2163 724 2219 frater
767 2163 1106 2230 cltarissime,
1158 2163 1480 2218 ettantiuatis
1531 2163 1711 2217 causis
1740 2161 1980 2231 singulo-

361 2272 529 2325 rum,
586 2257 910 2314 libellaticos
970 2258 1185 2312 interim
1239 2257 1490 2322 admitti,
1548 2258 1869 2313 sacriticatis
1925 2259 1978 2313 in

370 2353 519 2408 exitu
573 2352 847 2408 subveniri
898 2371 912 2407 :
970 2352 1092 2423 quia
1143 2350 1555 2423 Exomologesis
1583 2351 1724 2422 apud
1778 2351 1978 2407 inferos

367 2461 479 2502 non
509 2457 612 2515 est,
666 2462 767 2502 nec
794 2445 861 2500 ad
889 2446 1264 2516 paenitentiam
1315 2447 1436 2517 quis
1475 2462 1505 2503 a
1535 2446 1692 2502 nobis
1722 2447 1977 2518 compelli

359 2547 563 2610 potest,
614 2539 657 2593 si
705 2538 912 2594 fructus
963 2539 1294 2610 paenitentiae
1347 2539 1716 2595 subtrahatur.
1748 2541 1805 2595 Si
1833 2556 1975 2611 pra:-

362 2631 495 2687 lium
529 2633 554 2673 8
584 2632 731 2701 prius
758 2633 987 2697 venerit,
1021 2633 1407 2688 corroboratus
1460 2647 1491 2686 a
1547 2632 1706 2687 nobis
1737 2632 1978 2687 invenie-

365 2734 453 2780 tur
504 2732 748 2779 armatus
778 2721 807 2760 ιι
853 2723 921 2778 ad
973 2724 1239 2794 praelium.
1274 2723 1332 2779 Si
1381 2739 1512 2779 vero
1569 2733 1696 2779 ante
1731 2724 1976 2794 prseliom

365 2815 656 2872 inlirmitas
715 2815 916 2871 urserit
950 2814 995 2882 ί,
1039 2829 1162 2870 cum
1192 2814 1389 2871 solatio
1413 2815 1561 2886 pacis
1589 2825 1641 2871 et
1676 2817 1979 2872 communi-

367 2891 601 2964 cationis
640 2904 900 2963 abscedit.

440 3004 635 3060 XVIII.
662 3003 850 3074 Neque
875 3002 1020 3059 enim
1047 3002 1465 3074 praejudicamus
1493 3004 1722 3059 [Iutnino
1751 3004 1964 3075 judica-

366 3108 495 3154 turo
548 3113 655 3169 quo
704 3098 884 3151 minus
932 3097 979 3152 si
1033 3096 1402 3167 paenitentiam
1436 3096 1646 3167 plenam
1692 3097 1971 3168 etjustam

2086 1882 2228 1951 apud
2271 1879 2485 1936 Patrem
2532 1880 2718 1937 Iesum
2739 1881 2999 1937 Christum
3046 1882 3465 1956 suffragatorem,
3512 1898 3556 1939 et
3590 1885 3693 1955 ipse

2084 1986 2155 2032 est
2170 1977 2503 2045 tieprecatio‘l
2520 1995 2614 2049 pro
2639 1979 2838 2033 delictis
2864 1979 3051 2034 nostris
3073 1978 3131 2050 (Ι
3154 1978 3314 2034 Juaa.
3339 1995 3400 2048 ιι,
3437 1979 3493 2046 1,
3520 1979 3603 2051 2).
3629 1978 3694 2034 Et

2084 2070 2283 2126 Paulus
2326 2087 2541 2143 quoque
2568 2073 2863 2143 Apostolus
2901 2075 2954 2128 iu
2977 2072 3218 2145 Epistula
3242 2089 3338 2129 sua
3371 2074 3555 2144 posuit
3583 2090 3598 2129 :
3632 2073 3692 2129 Si

2083 2181 2200 2219 cum
2236 2164 2405 2219 adhuc
2442 2175 2729 2235 peccatores
2755 2183 2994 2234 essemus,
3022 2165 3256 2221 Christus
3278 2183 3372 2239 pro
3400 2166 3549 2222 nobis
3569 2183 3692 2221 mor-

2088 2267 2206 2313 tuus
2235 2267 2329 2324 est,
2353 2259 2511 2315 multo
2539 2261 2703 2331 magis
2731 2277 2865 2315 nunc
2884 2260 3160 2330 justi/irati
3186 2261 3241 2315 in
3276 2261 3532 2331 sanguine
3558 2261 3691 2316 illius

2083 2350 2416 2405 liberabimur
2439 2359 2464 2387 ο
2489 2367 2578 2421 per
2601 2352 2746 2406 illuni
2774 2352 2838 2405 ab
2874 2352 2954 2407 ira
2989 2351 3169 2425 (Rom.
3199 2368 3251 2418 ν,
3278 2352 3334 2417 8,
3358 2350 3442 2423 9).

2159 2442 2300 2499 XIX.
2354 2444 2519 2515 Cujus
2578 2446 2831 2516 pietatem
2876 2454 2931 2501 et
2979 2446 3324 2502 clementiam
3361 2446 3688 2518 cogitantes,

2084 2551 2193 2591 non
2240 2537 2422 2593 acerbi
2476 2536 2613 2593 adeo
2661 2554 2762 2594 nec
2807 2538 2962 2606 duri,
3004 2555 3104 2596 nec
3144 2538 3196 2594 in
3229 2539 3484 2596 fovendis
3514 2539 3691 2596 fratri-

2079 2626 2185 2684 bus
2240 2639 2268 2678 ι)
2324 2628 2602 2685 inhumani
2654 2646 2776 2687 esse
2823 2631 3122 2701 debemus,
3168 2632 3263 2689 sed
3317 2633 3514 2690 dolere
3574 2650 3692 2690 cum

2082 2721 2391 2778 dolentibus
2444 2733 2501 2779 et
2544 2722 2678 2781 ﬂere
2732 2741 2853 2781 cum
2904 2725 3266 2795 tleutibus,et
3293 2744 3390 2785 eos
3439 2739 3693 2801 quantum

2085 2829 2374 2886 possumus
2394 2816 2596 2873 auxilio
2614 2824 2668 2874 et
2689 2819 2884 2876 solatio
2908 2829 3108 2877 nostrae
3128 2820 3443 2879 dilectionis
3464 2824 3690 2896 erigere,

2079 2922 2182 2964 nec
2221 2908 2359 2963 adeo
2400 2909 2637 2967 immites
2699 2921 2755 2968 et
2801 2914 3102 2984 pertinaces
3141 2924 3170 2966 (ι
3209 2915 3278 2972 ad
3308 2930 3503 2972 eorum
3530 2916 3696 2989 pinni-

2078 3003 2299 3057 tentiam
2350 3004 2744 3063 retundendam
2786 3017 2835 3076 τ,
2870 3024 2975 3066 nec
2995 3009 3192 3067 iterum
3241 3010 3406 3067 soluti
3435 3023 3491 3068 et
3517 3012 3694 3069 faciles

2078 3093 2146 3149 ad
2211 3098 2761 3157 communicationem
2822 3109 3030 3159 temere
3082 3103 3373 3160 laxandam
3422 3115 3471 3160 ⁸.
3543 3105 3693 3163 Jacet

367 3192 673 3266 peccatoris
705 3190 991 3257 invenerit,
1023 3199 1149 3246 tunc
1177 3198 1350 3245 ratum
1377 3190 1539 3246 faciat
1566 3191 1710 3262 quod
1751 3206 1780 3245 a
1815 3192 1972 3247 nobis
2009 3205 2055 3267 ρ
2088 3201 2218 3243 ecce
2242 3190 2459 3246 saucius
2491 3190 2661 3249 frater
2688 3195 2758 3249 ab
2784 3195 3101 3253 adversario
3128 3198 3182 3252 in
3212 3198 3330 3254 acie
3356 3199 3687 3256 vulneratus.

368 3284 537 3342 fuerit
598 3283 686 3338 hic
714 3290 972 3337 statutum
1030 3281 1077 3333 i.
1133 3281 1189 3337 Si
1222 3297 1352 3338 vero
1380 3297 1479 3337 nos
1499 3282 1697 3353 aliquis
1721 3284 1990 3352 paeniten-

372 3376 467 3433 tia:
513 3376 858 3432 simulatione
903 3374 1186 3443 deluserit,
1223 3375 1385 3439 Deus,
1431 3376 1518 3446 qui
1550 3393 1657 3430 non
1689 3377 1990 3445 deridetur,

374 3468 538 3544 (Cal.
580 3466 667 3540 vr)
695 3479 748 3524 et
795 3467 883 3538 qui
935 3481 1031 3521 cor
1070 3464 1304 3521 hominis
1355 3465 1594 3522 intuetur
1631 3464 1677 3538 (Ι
1701 3467 1828 3537 Reg.
1856 3468 1991 3540 xvi),

336 3602 340 3606 .
377 3562 451 3623 de
490 3561 575 3617 bis
606 3576 727 3632 quae
756 3573 853 3616 nos
879 3559 1058 3614 minus
1089 3558 1457 3629 perspeximus
1478 3558 1685 3629 judicet
1710 3571 1765 3614 et
1794 3574 1981 3615 servo~

2090 3278 2221 3336 lude
2269 3282 2516 3341 diabolus
2567 3295 2794 3344 conatur
2838 3289 3090 3346 occidere
3139 3306 3301 3361 quem
3362 3292 3683 3361 vulneravit,

2092 3371 2218 3429 hinc
2237 3372 2487 3433 Christus
2516 3378 2761 3435 hortatur
2787 3398 2857 3438 ne
2899 3383 2953 3437 iu
2981 3392 3152 3439 totum
3185 3392 3372 3455 pereat
3418 3400 3583 3457 quem
3614 3400 3692 3442 τε·

2092 3466 2261 3523 demit
2292 3470 2336 3522 ί.
2369 3471 2464 3554 th'
2505 3473 2574 3529 de
2614 3473 2826 3532 duobus
2874 3476 3194 3546 assistitnus,
3242 3477 3296 3532 in
3350 3478 3511 3550 cujus
3561 3495 3686 3550 pare

2095 3561 2236 3641 tibus
2293 3572 2322 3600 ιι
2365 3568 2614 3624 stamus?
2684 3568 2945 3627 Utrumne
2994 3570 3212 3628 diabolo
3256 3581 3282 3609 ν
3333 3570 3581 3629 favemus
3641 3580 3693 3629 ut

1598 3696 1778 3753 LECT
1786 3696 1897 3752 1οΝ
1906 3695 1989 3753 ES
2035 3695 2450 3763 VARIANTES.

437 3817 465 3880 9
501 3816 656 3880 Opem
679 3818 897 3880 nostram
920 3815 975 3880 et
999 3807 1246 3880 medelam
1271 3807 1544 3880 vulneratis
1564 3808 1688 3862 Bod.
1720 3810 1765 3859 1.

437 3876 470 3916 δ
502 3871 704 3929 Sanetus
743 3877 880 3925 Lam.
910 3871 1039 3923 Bod.
1066 3872 1115 3922 2.
1139 3873 1288 3924 Ebur.
1314 3872 1423 3923 NC.
1454 3874 1500 3923 1.

443 3944 467 4004 9
505 3942 769 4004 Nunquam
791 3938 944 4004 iidem
970 3934 1096 3985 Bod.
1122 3937 1169 4004 ὅζ

440 4003 471 4043 ιι
504 3995 804 4054 Pcenitentia
824 4000 1119 4062 frequenter
1142 3999 1277 4047 Lam.
1305 3996 1452 4062 Ebur.
1481 3995 1717 4062 ιλιιΝσ.
1744 3999 1788 4062 1.
1815 3997 1939 4049 Bod.
1961 3997 1993 4048 2

446 4073 471 4099 υ
506 4067 585 4116 De
624 4060 930 4126 paenitentiae
966 4061 1143 4126 robore
1176 4061 1325 4111 Ebur.
1352 4062 1398 4110 Ν
1407 4061 1462 4111 C.
1491 4061 1539 4110 1.
1574 4060 1698 4111 Bud.
1739 4060 1786 4111 2.
1823 4062 1990 4111 Poeni-

512 4208 698 4240 l‘OHIBlI
725 4208 901 4238 blll'lSll
927 4208 1053 4235 υυα.
1080 4208 1127 4233 Ζ.

447 4258 473 4297 s
508 4254 560 4304 Si
584 4263 705 4311 ergo
730 4248 949 4311 puellum
976 4250 1107 4297 Laut.
1134 4245 1276 4297 Ebur.
1303 4248 1349 4296 Ν
1357 4247 1412 4311 C.
1439 4248 1479 4296 1.
1538 4240 1567 4311 ς

442 4317 479 4357 h
513 4309 802 4366 Invenietur
828 4319 882 4359 et
907 4318 1128 4359 armatus
1149 4311 1282 4359 Laut.
1317 4310 1459 4359 Ebur.
1494 4309 1598 4362 Litt.
1626 4313 1669 4362 Ν
1679 4314 1734 4362 C.
1763 4313 1807 4361 l.

446 4383 469 4420 i
510 4376 769 4428 lnllrmitas
794 4373 992 4424 venerit
1024 4374 1158 4421 Lam.
1191 4372 1338 4421 Ebur.
1365 4375 1411 4422 Ν
1420 4373 1472 4422 C.
1504 4375 1548 4425 1.
1577 4374 1701 4426 Bod.
1726 4375 1774 4423 2.

450 4444 466 4494 i
514 4439 688 4491 Fuerit.
708 4444 941 4486 statutum
969 4436 1105 4484 Lam.
1135 4433 1280 4486 Ebur.
1306 4436 1415 4486 ΝΟ.
1446 4437 1488 4485 1.

444 4508 475 4547 k
509 4504 675 4554 Onera
698 4509 862 4551 vestra
887 4499 1020 4548 Laut.
1048 4496 1191 4548 Ebur.
1222 4500 1271 4549 Ν
1279 4496 1314 4545 C
1324 4534 1334 4544 .
1363 4498 1410 4546 1.

445 4570 473 4612 1
511 4566 637 4617 Item
661 4563 903 4626 superbos
930 4562 1065 4611 Lam.
1095 4560 1240 4610 Ponit
1263 4561 1399 4609 Lam.

2019 4546 2068 4608 D

2155 3812 2194 3887 ξ’
2224 3814 2462 3887 §tabilire
2486 3821 2619 3887 Lam.
2645 3821 2750 3874 Litt.
2776 3822 2921 3875 Ebur.
2949 3825 3078 3877 Bod.
3106 3827 3152 3887 1,
3176 3828 3225 3885 2,
3251 3830 3301 3878 3.
3329 3829 3445 3881 NG.
3474 3831 3522 3882 1.

2094 3876 2440 3993 ωᾷΐῐιῗιῗηῗδι
2462 3883 2753 3948 suffragator
2776 3894 2829 3936 et
2849 3876 3151 3952 deprecator
3161 3876 3276 3943 136d
3280 3876 3300 3942 ξ
3311 3876 3364 3943 ἐξ
3386 3876 3693 3957 Ipse'depre-

2162 4003 2187 4031 °
2223 4004 2586 4058 Eliberabimur
2618 4013 2735 4063 Ver.
2758 4015 2894 4063 Man.

2160 4067 2189 4107 P
2222 4069 2307 4119 Sic
2330 4070 2456 4120 Bod.
2482 4072 2526 4130 t,
2551 4071 2599 4122 2.
2621 4073 2921 4126 Sacerdotes
2941 4077 3097 4128 Oxon.
3122 4079 3255 4131 Lam.
3278 4080 3426 4134 Ebur.
3453 4081 3563 4135 Litt.
3588 4084 3689 4136 NC.

2094 4129 2141 4177 1.
2167 4129 2230 4181 Et
2251 4133 2360 4181 duri
2387 4131 2514 4184 Bod.
2539 4138 2590 4187 3.
3664 4176 3665 4179 η

2160 4195 2190 4286 ξ
2224 4194 2511 4286 ςᾳνιξὶηθξρῗ
2534 4208 2684 4286 θὲᾳιιθ
2707 4208 3020 4252 contumaces
3041 4202 3160 4255 Cod.
3190 4205 3478 4275 Gratianap.

2266 4271 2311 4286 an
2379 4271 2407 4286 Λ
2642 4263 2749 4286 In...
2801 4263 2921 4286 πι.--
2972 4268 3059 4286 lln
3108 4267 3140 4286 l1
3157 4267 3258 4286 ΔΒΑ,
3273 4271 3295 4286 ,ι
3309 4283 3322 4286 Α
3385 4272 3395 4286 ι

2224 4259 2460 4336 siquae.
2483 4260 2531 4320 ι,
2556 4259 2615 4309 2:
2791 4263 3077 4336 Ebur._MR.
3106 4259 3487 4336 ueruuqenaah
3512 4272 3641 4336 Imp.

2167 4324 2189 4385 ξ
2226 4319 2650 4385 Laxandumesse
2674 4326 2919 4377 debemus
2941 4328 3075 4379 Lam.
3102 4331 3244 4382 Ebur.
3274 4319 3475 4385 Batti:

2169 4381 2184 4416 ι
2229 4384 2412 4448 Eereat
2435 4387 2563 4448 quod
2593 4387 2717 4437 Bod.
2743 4388 2790 4438 3.

2162 4449 2193 4517 ξ
2225 4445 2373 4517 Cujus
2389 4445 2540 4517 parte
2561 4448 2763 4517 Bod.}.
2793 4454 2951 4517 Neap.

2164 4513 2193 4541 ν
2226 4508 2435 4561 Diaboio
2450 4511 2654 4563 facimus
2676 4514 2811 4564 Lam.

1740 4646 2098 4709 VARIORUM
2132 4645 2358 4704 NOTAE.

381 4781 563 4831 autem
586 4765 872 4824 lectionem
895 4761 1098 4833 deprclt
1140 4761 1229 4817 udi
1253 4764 1304 4817 in
1330 4777 1521 4818 novem
1546 4762 1835 4820 codicibus
1855 4768 2000 4822 anti-

384 4841 628 4922 quis._In
662 4836 986 4922 triltusnaliis
1015 4845 1069 4922 et
1093 4835 1150 4922 Iin
1181 4835 1781 4922 antiquis-ediﬁﬂnibqs
1813 4839 2004 4922 Issum,

384 4906 674 4970 misericors
703 4921 795 4965 est.
823 4908 954 4976 Qua:
982 4917 1065 4961 est
1093 4906 1253 4959 lectio
1282 4907 1508 4976 vulgata:
1533 4906 1786 4965 editionis
1815 4906 1995 4967 Evan-

386 4987 513 5059 gelii
543 4983 840 5038 secundum
864 4981 1086 5033 Lucam.
1114 4976 1312 5033 BALUZ.

460 5075 623 5133 XVII.
655 5102 724 5114 —-
753 5070 883 5128 Cum
914 5070 1117 5124 solatio.
1166 5068 1239 5123 lta
1274 5081 1481 5137 septem
1524 5070 1644 5126 libri
1689 5083 1902 5130 veteres
1940 5086 1994 5133 et

387 5149 554 5207 editio
585 5142 1167 5218 lllauutiana._Vetercs
1191 5144 1372 5218 itaque
1393 5142 1736 5218 editiones-et
1756 5147 1843 5199 alii
1870 5163 1995 5218 sep-

388 5234 500 5278 tem
536 5218 654 5271 libri
688 5226 898 5269 veteres
930 5213 1133 5268 habent
1162 5215 1463 5267 consolatio.
1497 5212 1723 5284 Negatio
1754 5218 1909 5272 deest
1936 5212 1993 5274 in

388 5300 619 5365 quatuor
648 5286 904 5365 antiquis.
938 5284 992 5338 In
1025 5301 1131 5337 uno
1173 5299 1295 5365 tneo
1335 5286 1754 5365 scripturire“;
1786 5289 1837 5341 in
1867 5306 1993 5345 cuu-

387 5357 643 5420 solutiune
672 5361 810 5429 pacis
849 5366 892 5409 et
933 5357 1408 5411 conuuuuicatiunis
1438 5358 1682 5412 abscedit.
1718 5358 1918 5417 Bawz.

455 5450 644 5511 XVIII.
671 5480 741 5489 —
768 5448 1046 5503 Sustinete.
1072 5446 1254 5503 Codex
1275 5449 1629 5511 Sorbonicus,
1654 5453 1981 5509 sustinentes.
2032 5490 2037 5495 ι

384 5524 687 5587 Fuxensis.
734 5531 960 5592 portate.
984 5519 1052 5573 Et
1082 5518 1199 5592 hoc
1229 5534 1313 5575 est
1343 5522 1507 5577 lectio
1539 5523 1769 5592 vulgatae
1799 5526 1993 5581 editio-

381 5603 468 5658 nis
498 5588 742 5667 epistola:
768 5591 835 5644 ad
865 5588 1099 5645 Galatas.
1134 5590 1335 5647 Bawz.

461 5689 895 5762 suffragatorem.
938 5685 1125 5762 Lectio
1155 5687 1366 5762 vulgata
1388 5730 1405 5762 ,
1436 5705 1599 5759 quam
1633 5689 1878 5762 plerique
1904 5708 1995 5749 co-

388 5757 783 5834 diccsan'tiqui
824 5757 1148 5830 praeferunt,
1192 5757 1346 5817 habet
1380 5757 1600 5833 justum.
1636 5757 1709 5819 'ln
1759 5757 1997 5839 quinque

2109 4775 2289 4849 tamen
2321 4781 2474 4849 atque
2499 4767 2735 4849 antiquis
2763 4769 3018 4849 scriptum
3041 4783 3123 4849 est
3147 4774 3562 4849 suiragatorem.
3583 4777 3690 4848 Quo

2106 4839 2268 4913 etiam
2309 4839 2470 4893 modo
2515 4840 2619 4913 legi
2663 4841 2714 4894 in
2752 4839 3120 4913 Afﬂigemeusi
3154 4839 3379 4904 testatur
3408 4839 3686 4906 Panielnts.

2105 4910 2222 4980 Ego
2263 4926 2406 4985 vero
2436 4922 2562 4980 puto
2607 4911 2745 4967 hanc
2776 4910 3060 4971 lectiunem
3091 4932 3211 4974 eSSe
3237 4921 3515 4977 meliorem
3539 4965 3554 4985 ,
3586 4932 3687 4976 tum

2099 4997 2223 5064 quia
2252 4980 2410 5051 Angli
2439 4992 2703 5064 testantur
2729 4986 2780 5039 in
2809 4988 2996 5043 codice
3024 4989 3315 5064 Bodleiano
3343 4993 3444 5064 legi
3479 4980 3600 5064 Ipse
3623 5000 3690 5047 est

2099 5052 2413 5130 suffragatur
2440 5065 2487 5107 et
2514 5057 2833 5130 deprecatur,
2865 5071 2979 5130 tum
3013 5062 3134 5130 quia
3165 5077 3225 5115 ea
3258 5052 3461 5120 recedit
3485 5052 3554 5119 δί)
3579 5066 3688 5119 edi-

2103 5125 2249 5179 tione
2298 5126 2510 5196 vulgata
2561 5128 2807 5196 epistola:
2851 5125 3097 5205 Joannis.
3144 5133 3470 5205 Cyprianum
3518 5148 3686 5190 autem

2099 5205 2321 5274 constet
2351 5214 2505 5274 usum
2548 5214 2653 5274 non
2695 5201 3095 5274 essegeditiune
3135 5201 3241 5274 qua
3282 5221 3380 5261 nos
3410 5207 3568 5262 hodie
3595 5206 3687 5261 uti-

2100 5267 2240 5348 mur.
2274 5267 2394 5347 Mox
2423 5273 2565 5324 enim
2599 5271 2711 5348 ipse
2741 5272 2935 5348 scribit
2956 5267 3185 5343 delictis',
3221 5286 3277 5330 ut
3304 5278 3473 5342 solet,
3508 5294 3603 5348 pro
3627 5290 3687 5331 eo

2100 5338 2243 5410 quod
2273 5344 2323 5419 in
2366 5353 2547 5419 nostra
2590 5338 2803 5419 vulgata
2842 5345 3035 5419 legitur
3078 5338 3317 5414 peccatis.
3360 5338 3684 5419 Quamquam

2099 5411 2319 5490 peccatis
2361 5412 2467 5490 vidi
2499 5411 2757 5490 scriptum
2791 5414 2843 5469 in
2873 5411 3088 5471 duobus
3111 5420 3348 5490 antiquis
3371 5411 3685 5489 {exemplari-

2099 5483 2344 5562 bus:per
2367 5483 2677 5562 audaciam,
2706 5496 2763 5539 ut
2793 5500 2949 5562 puto1
2969 5504 3154 5543 eorum
3181 5483 3269 5562 qui
3298 5483 3551 5561 putabant
3575 5492 3683 5562 loca

2098 5569 2268 5607 sacrae
2288 5554 2584 5630 Scriptura:
2610 5557 2835 5627 allegata
2856 5574 2885 5612 a
2910 5558 3177 5630 Cypriane
3199 5554 3398 5619 debere
3421 5561 3681 5619 emendari

2099 5625 2397 5680 secundum
2415 5625 2738 5701 editionem
2762 5625 3004 5685 nostrain
3032 5634 3320 5701 vulgatam.
3354 5636 3519 5691 Porro
3546 5631 3676 5688 arbi-

2101 5706 2217 5775 tro_t_'
2262 5712 2382 5753 eum
2425 5699 2516 5775 qui
2560 5700 2779 5770 scripsit
2821 5702 3064 5775 codicem
3110 5699 3455 5761 Bodleiauum
3496 5704 3677 5775 legisse

2101 5766 2417 5841 suffragator
2438 5766 2491 5825 in
2518 5785 2617 5827 suo
2643 5766 2939 5846 eiemplari
2965 5783 3021 5831 et
3044 5775 3188 5834 istud
3214 5777 3482 5850 explicare
3506 5766 3676 5833 volen-
