4068 6324
396 281 507 346 785

1348 293 1687 354 EPISTOLA
1727 298 1795 356 Χ.
1837 299 1896 357 S.
1936 299 2256 360 CYPRIANI
2286 302 2761 366 ANTONIANUM.

3615 316 3718 375 786

389 406 643 503 perimat,
686 416 741 464 et
783 409 1157 468 semianimem
1186 410 1405 470 fratrem
1436 414 1741 486 iacentem,
1775 418 1919 474 sicut
1944 419 1998 474 in
2027 422 2075 483 Α
2104 420 2211 483 cit,
2263 427 2354 475 aut
2400 421 2745 478 continentia:
2800 425 3134 496 propositum
3196 437 3219 466 θ
3274 429 3571 500 gloriosum
3627 447 3726 503 per

386 498 686 573 Evangelia
712 502 966 561 sacerdos
998 514 1022 541 α
1054 514 1109 561 et
1136 506 1342 574 levites,
1398 509 1738 579 praeterimus
1764 510 1787 565 ἲ
1846 510 2002 579 (Luc.

383 593 473 669 κ.)
506 597 586 650 Αη
613 611 743 653 vero
769 606 827 652 ut
855 598 1167 655 sacerdotes
1193 600 1283 655 Dei
1307 609 1364 656 et
1386 600 1610 670 Christi,
1643 603 1783 674 quod
1809 604 1998 661 Chris-

386 696 474 743 tus
492 700 546 743 et
573 689 776 758 docuit,
821 700 876 747 et
918 691 1043 748 fecit
1078 693 1373 762 imitantes,
1418 697 1754 752 vulneratum
1805 698 1872 755 de
1900 700 1999 755 ad—

384 785 609 840 versarii
640 784 888 843 faucibus
930 787 1190 860 rapimus,
1235 799 1292 846 ut
1322 802 1563 848 curatum
1614 791 1641 831 ι)
1689 793 1802 849 Deo
1829 794 1999 865 judici

384 890 730 933 reservemus
761 890 782 918 ο
794 918 807 933 .

456 970 578 1027 XX.
596 971 704 1028 Nec
730 982 905 1042 putes,
937 973 1104 1030 frater
1119 975 1452 1044 cbarissime,
1479 976 1603 1034 hinc
1617 988 1709 1035 aut
1731 980 1989 1037 virtutem

380 1064 608 1121 fratrum
641 1066 807 1122 minui
834 1076 926 1123 aut
969 1070 1223 1143 martyria
1257 1071 1492 1129 deficere
1519 1075 1667 1144 quod
1700 1075 1864 1146 lapsis
1907 1078 1985 1133 la-

382 1168 507 1239 xata
534 1160 602 1215 sit
631 1162 967 1230 poenitentia,
1001 1174 1054 1220 et
1101 1165 1244 1234 quod
1281 1167 1664 1237 paenitentibus
1685 1185 1809 1240 spes
1842 1172 1988 1242 pacis

380 1250 583 1310 oblata.
644 1253 820 1310 Manet
869 1271 996 1311 vere
1040 1256 1319 1314 fidentium
1377 1261 1541 1317 robur
1586 1262 1880 1331 immobile,
1933 1273 1989 1321 et

378 1348 522 1419 apud
566 1348 817 1406 timentes
864 1365 928 1405 ac
986 1351 1273 1425 diligentes
1327 1356 1492 1412 corde
1548 1369 1662 1413 toto
1734 1355 1763 1396 ἀ
1822 1360 1991 1416 Deum

377 1441 588 1497 stabilis
619 1454 671 1498 et
703 1444 858 1500 fortis
887 1458 1203 1517 perseverat
1246 1449 1544 1520 integritas.
1587 1452 1718 1508 Nam
1768 1463 1823 1511 et
1850 1470 1988 1511 mte-

376 1533 552 1590 chisa
604 1537 758 1593 nobis
806 1540 1137 1609 ptenitentirc
1189 1551 1402 1614 tempus
1429 1545 1742 1602 conceditur
1769 1557 1825 1603 et
1873 1564 1977 1619 pax

2113 512 2286 567 aliena
2320 526 2537 585 peccata
2560 514 2878 586 languescit.
2903 517 3088 575 Floret
3117 519 3356 578 Ecclesia
3387 533 3466 580 tot
3493 525 3718 596 virgini-

2102 605 2203 661 bus
2232 616 2512 674 coronata,
2544 617 2599 664 et
2623 610 2841 665 castitas
2867 626 2930 666 ac
2961 613 3211 682 pudicitia
3236 624 3482 672 tenorem
3522 618 3720 689 gloria:

2104 716 2214 757 sure
2272 710 2473 767 servat,
2517 717 2615 758 nec
2664 704 2787 774 quia
2835 704 3080 761 adultero
3111 709 3422 777 poenitentia
3465 719 3521 766 et
3547 712 3707 767 venia

2100 792 2331 860 laxatur,
2360 797 2706 853 continentia:
2728 797 2876 868 vigor
2903 798 3182 871 frangitur.
3211 802 3366 859 Aliud
3396 813 3479 859 est
3505 804 3572 859 ad
3605 820 3704 861 ve-

2098 890 2243 945 niam
2287 900 2452 959 stare,
2505 892 2651 947 aliud
2706 894 2772 949 ad
2800 895 3027 965 gloriam
3061 899 3366 968 pervenire,
3397 899 3543 955 aliud
3575 900 3710 955 mis-

2095 998 2212 1039 smn
2242 986 2590 1042 incarcerem
2622 1004 2726 1043 non
2769 990 2918 1045 exire
2958 990 3084 1048 inde
3115 992 3290 1049 donec
3314 995 3489 1050 solvat
3520 996 3703 1051 novis-

2092 1079 2285 1134 simum
2332 1080 2684 1150 quadrantem
2724 1081 2901 1154 (illutt.
2935 1085 3023 1157 v),
3063 1085 3206 1141 aliud
3257 1088 3435 1143 statim
3480 1087 3602 1144 fidei
3634 1099 3692 1144 et

2095 1173 2307 1228 virtutis
2354 1174 2599 1245 accipere
2649 1176 2954 1232 mercedem
3012 1176 3069 1251 (Ι
3101 1176 3220 1233 Cor.
3252 1196 3309 1234 ιιι
3331 1179 3370 1251 ),
3419 1181 3563 1237 aliud
3600 1196 3696 1251 pro

2092 1269 2326 1338 peccatis
2375 1269 2537 1340 longo
2583 1269 2773 1325 dolore
2801 1272 3098 1327 cruciatum
3135 1271 3153 1311 ί
3184 1274 3466 1329 emundari
3482 1285 3537 1330 et
3564 1292 3697 1346 pur-

2091 1362 2206 1434 gari
2233 1361 2322 1418 diu
2348 1362 2472 1432 igne
2514 1372 2563 1429 κ,
2618 1364 2761 1419 aliud
2808 1376 3025 1437 peccata
3055 1368 3234 1422 omnia
3288 1370 3540 1438 passione
3569 1384 3700 1439 pur.

2095 1470 2277 1527 gasse,
2331 1456 2478 1512 aliud
2533 1456 2767 1528 denique
2817 1459 3054 1529 pendere
3099 1461 3151 1514 in
3211 1460 3353 1515 diem
3404 1461 3584 1530 iudicii
3638 1460 3708 1516 ad

2093 1550 2420 1606 sententiam
2470 1551 2703 1620 Domini,
2750 1551 2892 1608 aliud
2946 1554 3124 1612 statim
3184 1570 3214 1610 ει
3268 1555 3496 1611 Domino
3549 1569 3713 1610 coro-

375 1629 555 1688 datur.
584 1631 701 1689 Non
732 1642 910 1690 tamen
942 1634 1143 1693 idcirco
1174 1636 1449 1708 virginitas
1489 1640 1544 1694 in
1574 1639 1816 1696 Ecclesia
1843 1641 1981 1698 deli-
2012 1629 2060 1689 Β
2089 1644 2225 1700 nari.

1622 1756 2009 1817 LECTIONES
2046 1756 2461 1815 VARIANTES.

440 1871 468 1933 ξι
506 1869 590 1921 Sic
612 1870 746 1921 Lam.
773 1869 920 1923 Ebor.
949 1872 1060 1925 ΝΟ.
1088 1873 1136 1923 1.
1164 1870 1292 1923 Bod.
1324 1871 1371 1933 1,
1400 1873 1447 1922 9..

440 1932 469 1969 ι)
502 1932 646 1983 Nunc
666 1943 889 1984 curatum
916 1936 1043 1986 Bod.
1071 1936 1118 1986 1.
1144 1937 1192 1987 3.

440 1998 465 2027 ο
501 1994 838 2047 Reservamus
870 1997 998 2049 Bod.
1027 1999 1075 2049 1.

441 2058 468 2099 ιι
503 2057 661 2111 Corde
684 2059 789 2111 solo
813 2061 863 2111 in
888 2060 1052 2113 Deum
1078 2058 1202 2111 Bod.
1229 2062 1273 2111 1.

2166 1876 2191 1939 ξ
2227 1873 2558 1939 ςοιιῐίηθηιὶει,
2585 1888 2643 1925 ac
2665 1877 2969 1939 prepositum
2989 1881 3041 1928 Μ
3045 1886 3099 1932 lt.

2164 1933 2187 1973 ί
2225 1936 2421 1987 Doloris
2443 1933 2678 1988 cruciatu'
2692 1933 2828 1989 Lam.

2164 2000 2190 2040 ε
2227 1998 2434 2065 Purgari
2455 2001 2622 2052 divine
2649 2001 2772 2053 Berl.
2801 2001 2849 2063 2,
2869 2005 2915 2055 5.
2947 2005 3080 2056 Lam.
3106 2003 3247 2058 liber.

1703 2196 2066 2257 VARIORUM
2105 2200 2335 2259 NOT/E.

379 2314 489 2378 tem
532 2306 801 2362 addidisse
828 2317 874 2363 et
902 2307 1221 2378 deprecator.
1254 2306 1469 2365 Certant
1500 2311 1646 2367 enim
1678 2320 1762 2367 est
1801 2327 1967 2367 unum

380 2377 572 2433 horum
605 2377 990 2434 vocabulorum
1020 2378 1292 2435 sufficere.
1328 2381 1525 2437 BALUZ.

456 2448 575 2525 XX.
607 2481 681 2492 ——
700 2450 850 2525 ANam
877 2451 1189 2525 etiame/tis.
1212 2452 1266 2506 ln
1294 2452 1505 2509 duobus
1534 2455 1766 2525 antiquis
1795 2470 1982 2510 exem-

2088 2316 2299 2371 ratione
2340 2315 2535 2370 anima:
2581 2325 2704 2386 post
2746 2327 3008 2383 mortem,
3050 2328 3105 2374 et
3129 2320 3442 2377 Gennadius
3476 2323 3699 2380 schola,

2087 2388 2197 2443 rius
2239 2388 2332 2442 lib‘.
2376 2387 2445 2442 de
2488 2387 2803 2458 Purgatorio
2842 2399 3032 2445 contra
3073 2390 3330 2448 Gr.rcos:
3367 2393 3456 2448 ubi
3498 2396 3704 2452 multas

2088 2471 2335 2533 veterum
2366 2458 2678 2533 Griecornm
2711 2461 3005 2533 sententias
3033 2462 3248 2533 allegat.
3285 2463 3504 2520 ΡΑιιΕι.

380 2522 621 2598 pluribus
650 2522 866 2598 additur
884 2523 940 2577 id
969 2524 1333 2598 esgadulteris.
1360 2525 1465 2580 Sed
1494 2526 1634 2581 istud
1663 2522 1746 2581 est
1772 2526 1982 2598 glosse-
2066 2535 2078 2545 ‘

381 2609 491 2669 ma.
526 2594 1314 2669 DecretumPapaLZephyrini
1343 2598 1483 2668 apud
1507 2594 1898 2654 Tertullianum
1930 2598 1983 2653 in

381 2665 525 2741 libro
554 2666 622 2723 de
644 2666 939 2741 Pudicitia:
976 2666 1084 2738 Ego
1112 2665 1483 2741 elﬁntzcltit'gel
1510 2669 1864 2741 fornicationis
1892 2669 1984 2724 de-

383 2738 506 2810 licta
552 2739 855 2810 paenitentia
888 2740 1076 2810 functis
1118 2738 1337 2794 dimitto.
1380 2739 1479 2797 Ubi
1508 2738 1684 2796 obiter
1722 2741 1992 2797 admoneo

384 2809 677 2865 Baronium
732 2820 786 2865 et
829 2809 1120 2879 Rigaltium
1170 2811 1308 2865 male
1362 2814 1706 2868 existimasse
1754 2813 1989 2868 edictum

387 2880 689 2953 Zephyrini
718 2883 789 2955 ιρι
821 2891 1153 2955 conceptum
1176 2881 1374 2938 fuisse:
1409 2883 1696 2955 Epismpus
1727 2885 1992 2954 episcopo-

375 2970 491 3008 rum
513 2952 692 3028 edicit.
731 2952 841 3026 Ego
888 2964 935 3010 et
958 2952 1235 3028 inuecltiw,
1269 2966 1377 3028 etc.
1409 2952 1659 3028 Episcopi
1688 2952 1853 3028 enim
1876 2952 1981 3009 lio-

379 3027 522 3080 niani
566 3042 857 3095 numquam
888 3027 967 3081 usi
1006 3035 1132 3080 sunt
1178 3026 1472 3081 ambitioso
1505 3026 1683 3083 illo‘ct
1715 3027 1980 3083 invidioso

378 3097 635 3167 loquendi
680 3097 875 3161 modo,
923 3098 1223 3169 praesertim
1267 3099 1316 3151 in
1362 3099 1452 3153 illa
1494 3100 1834 3169 antiquitate.
1880 3098 1990 3155 Sua

381 3178 588 3224 tantum
626 3170 849 3224 nomina
890 3168 1286 3239 praeferebant,
1322 3180 1378 3225 ut
1408 3170 1592 3226 videre
1632 3180 1716 3225 est
1744 3173 1904 3226 etiam
1938 3171 1988 3225 in

378 3241 624 3314 epistolis
652 3257 803 3311 papae
830 3241 1065 3314 Cornelii
1098 3240 1165 3295 ad
1196 3241 1548 3313 Cyprianum.
1574 3242 1773 3298 Btth.

450 3313 606 3367 Aliud
631 3314 837 3368 nussum
858 3313 910 3368 in
935 3328 1190 3368 carcerem
1207 3330 1307 3367 non
1337 3314 1475 3369 exire
1492 3315 1632 3381 inde,
1654 3325 1761 3369 etc.
1789 3313 1989 3369 Eadem

378 3394 507 3440 sunt
535 3384 807 3459 Cypriane
833 3384 949 3459 :Aad
975 3386 1177 3459 veniam
1209 3395 1347 3440 stare
1368 3429 1382 3451 ,
1416 3386 1628 3459 niissum
1657 3386 1713 3440 in
1741 3402 1994 3440 carcerem

376 3472 483 3511 non
513 3457 650 3512 exire
675 3457 800 3511 inde
837 3457 998 3512 donec
1036 3457 1201 3529 solvat
1241 3458 1575 3511 novissimum
1616 3459 1989 3529 quadrantem,

377 3539 426 3583 et
471 3546 562 3598 pro
609 3529 829 3600 peccatis
874 3529 1028 3600 longe
1075 3528 1253 3583 dolore
1302 3530 1588 3583 cruciatum
1615 3530 1915 3597 emundari,
1945 3538 1993 3583 et

381 3602 596 3673 purgari
612 3599 712 3656 diu
739 3602 876 3673 igne.
915 3599 1114 3673 Eadem
1137 3601 1300 3655 etiam
1324 3616 1354 3654 e
1379 3602 1655 3656 contrario
1676 3600 1742 3655 ad
1764 3602 1990 3673 gloriam

377 3671 686 3743 pervenire,
716 3671 898 3727 statim
929 3671 1050 3727 fidei
1079 3682 1133 3725 et
1159 3673 1372 3726 virtutis
1401 3674 1649 3739 accipere
1679 3672 1986 3728 mercedem

376 3753 433 3800 et
463 3754 682 3813 peccata
712 3744 895 3798 omnia
924 3746 1177 3814 passione
1208 3759 1489 3812 purgasse.
1524 3744 1626 3798 Per
1654 3760 1771 3813 quae
1799 3743 1990 3798 distin-

376 3818 490 3886 guit
535 3816 675 3871 haud
718 3815 884 3870 dubie
928 3825 1124 3869 statum
1172 3816 1444 3885 lapsorum
1493 3824 1613 3884 post
1646 3815 1785 3869 ltanc
1820 3815 1984 3869 vitam

376 3889 467 3958 qui
498 3888 738 3945 nondum
768 3888 1143 3957 pmnitentiam
1171 3888 1605 3958 compleverant,
1633 3902 1660 3939 a
1690 3895 1830 3958 statu
1852 3886 1992 3939 illar-

377 3957 580 4032 tyrum.
628 3960 804 4027 Atque
838 3959 976 4014 adeo
1015 3960 1155 4032 mire
1194 3957 1318 4012 facit
1360 3959 1639 4032 bic_|ocus
1678 3957 1742 4032 ad
1787 3959 1988 4032 conlirj

379 4028 634 4086 mandant
682 4032 943 4087 Ecclesia:
976 4028 1322 4085 traditionem
1356 4028 1424 4084 de
1453 4029 1809 4099 Purgatorio,
1847 4028 1990 4097 quod

377 4104 541 4159 etiam
569 4114 696 4160 ante
721 4118 808 4158 me
833 4101 1219 4157 animadvertit
1248 4102 1610 4156 reverendiss.
1639 4099 1991 4169 guidixiensis

376 4176 668 4244 episcopus
696 4174 959 4231 Martinus
988 4173 1240 4229 Peresius
1265 4174 1453 4244 Ayala.
1480 4171 1686 4227 Alludit
1712 4185 1891 4227 autem
1922 4172 1990 4244 ad

377 4242 706 4315 Scripturas,
735 4246 920 4300 Matth.
947 4262 1002 4312 v,
1028 4254 1082 4299 et
1107 4244 1130 4299 Ι
1154 4244 1280 4299 Cor.
1308 4242 1385 4299 in.
1418 4243 1568 4300 lllam
1602 4243 1792 4299 eodem
1827 4242 1992 4299 modo

378 4318 804 4387 interpretantur
847 4318 911 4372 D.
939 4317 1254 4389 Hieronym.
1299 4318 1350 4370 in
1392 4316 1581 4389 Matt/1.
1623 4315 1894 4389 etAmbr.
1936 4316 1990 4389 in

379 4386 607 4454 Lucam,
641 4405 689 4444 c.
731 4391 821 4445 12.
854 4389 1002 4444 Hanc
1034 4386 1165 4443 vero
1195 4388 1456 4458 Origenes
1484 4387 1631 4442 hom.
1661 4387 1694 4442 6
1730 4387 1783 4440 in
1819 4386 1986 4442 Exod.

378 4472 435 4517 et
484 4463 516 4518 8
556 4464 605 4515 in
637 4461 797 4516 Levit.
843 4460 1029 4515 Amlir.
1076 4459 1350 4515 Theudor.
1395 4469 1449 4513 et
1488 4459 1717 4516 (Eoum.
1751 4459 1803 4512 in
1834 4458 1986 4513 Cont-

2164 2530 2399 2607 Rendere
2438 2532 2502 2607 in_
2534 2532 2687 2607 diem.
2732 2532 2807 2607 Ita
2854 2531 3035 2607 iuveni
3077 2530 3337 2607 scriptum
3381 2537 3435 2591 in
3467 2538 3711 2607 quinque

2088 2602 2366 2658 codicibus
2394 2602 2631 2671 antiquis
2654 2611 2714 2656 et
2745 2604 2798 2658 in
2844 2603 3081 2659 editione
3125 2606 3367 2662 Manutii.
3413 2602 3503 2665 sui
3543 2602 3713 2664 etiam

2093 2689 2152 2729 sc
2201 2675 2460 2743 scriptum
2517 2674 2719 2749 vidisse
2771 2674 2825 2749 in
2878 2675 3068 2731 codice
3094 2676 3466 2749 _Germanensi
3510 2680 3717 2749 optime

2098 2755 2240 2800 nota:
2292 2755 2517 2801 testatur
2558 2745 2640 2799 vir
2682 2748 2921 2817 optimus
2971 2756 3025 2801 et
3077 2747 3424 2804 doctissimus
3475 2745 3716 2806 Do'tnnns

2096 2817 2290 2894 [ft-tros
2331 2816 2612 2894 Collegium
2637 2818 2687 2870 in
2726 2816 3053 2894 praefatione
3094 2836 3195 2894 sua
3232 2821 3298 2875 ad
3341 2837 3507 2894 opera
3539 2825 3716 2879 sancti

2095 2887 2280 2960 llilarii
2301 2930 2313 2951 ,
2350 2887 2378 2960 §
2404 2887 2533 2943 2:29.
2580 2887 2851 2960 Pamelius
2879 2890 2932 2947 in
2960 2893 3309 2947 annotatione
3335 2887 3428 2945 sua
3461 2895 3525 2947 ad
3562 2895 3710 2949 hunc

2095 2959 2274 3033 locum
2305 2958 2599 3033 existimat
2628 2958 2748 3033 heic
2780 2975 2875 3029 per
2903 2960 3045 3033 (limit
3084 2962 3272 3030 judicii
3306 2964 3533 3033 intelligi
3565 2966 3712 3022 diem
3749 3012 3761 3022 .

2132 3032 2443 3086 articularis
2483 3031 2674 3103 judicii
2721 3031 3167 3103 uniuscujusque.
3215 3035 3409 3089 Contra
3452 3031 3715 3092 Nicolaus

2145 3103 2275 3158 aber
2302 3103 2353 3156 in
2384 3117 2481 3175 suo
2508 3102 2785 3175 Cypriane
2809 3102 3104 3172 impresso,
3132 3107 3221 3175 qui
3254 3123 3395 3161 nunc
3424 3124 3575 3163 meus
3601 3118 3709 3175 est,

2018 3207 2062 3270 Ο
2096 3184 2251 3246 putat
2277 3174 2502 3270 intelligi
2530 3175 2732 3270 debere
2759 3174 2828 3229 de
2854 3182 3098 3229 extremo
3123 3174 3328 3244 judicio
3349 3194 3419 3261 ex
3450 3181 3712 3249 opinione

2098 3262 2161 3317 ea
2207 3262 2327 3312 qua:
2372 3247 2468 3300 fuit
2514 3252 2804 3300 multorum
2848 3259 2902 3302 et
2947 3262 3266 3317 magnorum
3313 3247 3551 3306 tirorum
3600 3261 3711 3306 tam

2098 3316 2413 3393 Gra‘corum
2465 3332 2626 3385 quam
2671 3317 2992 3393 Latinorum
3030 3320 3080 3393 in
3113 3320 3353 3393 Ecclesia
3399 3324 3709 3393 primitiva,

2096 3390 2186 3459 qui
2232 3390 2375 3444 solos
2418 3397 2689 3461 martyres
2729 3389 2899 3460 gloria
2942 3389 3120 3447 divina
3164 3391 3365 3461 perfrui
3404 3389 3535 3450 ante
3576 3394 3709 3448 illml

2097 3472 2401 3516 extremum
2444 3460 2739 3529 judicium,
2783 3469 3013 3515 etrteros
3055 3460 3186 3517 vero
3230 3463 3281 3518 in
3327 3464 3459 3520 illud
3501 3465 3713 3521 differri

2095 3534 2411 3596 voluerunt,
2458 3541 2511 3585 et
2555 3531 2693 3585 hanc
2734 3532 2895 3587 etiam
2936 3530 3105 3587 fuisse
3130 3533 3445 3590 Tertulliani
3490 3547 3711 3593 senten-

2096 3605 2265 3678 tiam._
2289 3605 2460 3678 Quem
2495 3601 2697 3678 Nicolai
2728 3602 2890 3678 Fabri
2919 3603 3094 3658 locum
3123 3604 3411 3676 descripsit
3442 3607 3707 3678 Rigaltius

2097 3676 2149 3751 in
2201 3675 2465 3731 addendis
2509 3674 2575 3728 ad
2617 3674 3203 3751 observationessuas
3256 3674 3319 3751 ini
3352 3674 3707 3751 Cyprianum.

2094 3747 2229 3802 Nota
2281 3758 2364 3822 est
2414 3746 2782 3822 controversia
2825 3762 2945 3822 quae
2987 3745 3087 3801 fttit
3127 3764 3243 3822 θυι-ο
3284 3745 3709 3822 ιοειιῖὴὶείρτψω

2096 3835 2216 3874 xxn
2237 3861 2252 3885 ,
2283 3820 2426 3872 circa
2460 3818 2722 3871 visionem
2758 3816 3084 3872 beatificam.
3117 3818 3231 3886 Qua
3263 3821 3332 3875 de
3362 3836 3422 3876 re
3451 3816 3576 3875 vide
3607 3816 3706 3877 an-

2096 3893 2404 3963 notationes
2437 3886 2661 3963 Erasmig
2681 3889 2743 3963 in_
2766 3897 2926 3963 caput
2956 3892 3246 3963 septimum
3290 3892 3552 3958 Epistola:
3581 3895 3706 3963 pri-

2097 3978 2199 4017 ma:
2239 3961 2391 4016 Pauli
2433 3961 2499 4014 ad
2538 3959 2852 4015 Corinthios
2891 3969 2947 4015 et
2985 3959 3153 4015 Notas
3208 3973 3421 4017 nostras
3459 3964 3526 4017 ad
3567 3959 3709 4020 vitas

2097 4048 2356 4107 paparum
2388 4032 3027 4107 Avenionensium,_pag.
3054 4033 3268 4107 788,7et
3295 4034 3397 4090 798
3417 4077 3432 4101 ,
3465 4035 3707 4107 itemque

2098 4102 2469 4173 praefationem
2505 4118 2747 4158 noSIram
2779 4103 2844 4157 ad
2878 4102 3158 4158 historiam
3193 4105 3562 4162 ’l‘utelensetn.
3599 4102 3709 4164 Alii

2097 4176 2242 4249 hunc
2267 4175 2522 4249 Cypriani
2558 4175 2736 4228 locum
2770 4173 3180 4249 intelligunt_de
3212 4178 3334 4247 igne
3368 4179 3705 4249 purgatorio.

2094 4247 2225 4303 illos
2256 4264 2386 4301 vero
2421 4247 2774 4301 vehementer
2804 4249 3043 4317 exagitat
3069 4246 3306 4304 Joannes
3340 4246 3571 4305 Dallaeus
3603 4250 3704 4307 lib.

2094 4336 2170 4383 tv,
2202 4318 2271 4373 de
2305 4320 2478 4392 ptenis
2525 4328 2590 4392 et?
2625 4316 3087 4392 satisfactionihm
3137 4318 3395 4392 humanis
3443 4338 3565 4392 cap.
3612 4322 3702 4378 10.

2096 4390 2662 4459 llawz.-—Rigaltius
2686 4390 2793 4443 ait:
2817 4389 2899 4443 Ad
2926 4399 3097 4444 notam
3123 4389 3376 4456 Pamelii,
3409 4392 3491 4447 ubi
3515 4389 3709 4447 dicitur

2095 4464 2262 4518 larum
2277 4480 2383 4517 esse
2396 4462 2783 4532 intelligendum
2798 4460 2861 4514 de
2871 4461 2955 4515 die
2967 4462 3299 4532 particttlaris
3311 4464 3503 4531 judicii
3523 4465 3705 4519 unius-

378 4544 536 4606 ment.
564 4537 786 4606 August.
813 4532 1040 4606 Enr/lyr.
1072 4548 1121 4606 c_.
1153 4532 1243 4606 69,
1276 4535 1326 4585 itt
1355 4530 1553 4606 Psalm.
1587 4547 1754 4585 xxxvt
1776 4573 1789 4594 .
1818 4538 1874 4606 et
1900 4546 1989 4606 xxt
2016 4532 2068 4592 D
2094 4538 2339 4605 cujusque
2358 4578 2371 4599 ,
2410 4533 2530 4588 Nic.
2567 4530 2749 4606 Faber
2786 4542 2925 4585 notat
2944 4530 3013 4606 .51
3022 4550 3156 4587 mmo
3179 4530 3349 4606 ροιὶιιδ
3379 4540 3441 4590 de
3471 4546 3703 4592 extremo

381 4606 444 4658 de
473 4601 686 4660 Cit'ilate
726 4603 820 4657 Dei
861 4619 908 4659 c.
952 4601 1045 4658 ‘26.
1094 4604 1351 4658 Paulinus
1391 4601 1628 4657 Nolanus
1671 4603 1986 4672 paraphrasi

380 4676 584 4731 Psalm.
617 4695 666 4737 t,
698 4688 746 4731 et
784 4676 1026 4739 Epistula
1058 4676 1123 4730 ad
1152 4676 1517 4740 Severum,ac
1546 4674 1862 4744 Gregorius,
1890 4674 1984 4729 lib.

383 4748 526 4804 Dial.
551 4764 619 4812 tv,
651 4763 703 4803 c.
726 4750 775 4801 7.
809 4747 878 4803 Ut
904 4759 1084 4803 autem
1108 4748 1174 4802 de
1197 4746 1416 4801 nomine
1441 4762 1546 4800 non
1573 4746 1985 4813 contendamus,

383 4820 636 4891 sullragia
671 4819 1046 4875 defunctorum
1080 4819 1285 4891 qutein
1318 4818 1599 4891 sacrificiis
1642 4826 1697 4873 et
1739 4818 1988 4891 precibus

383 4889 772 4947 ecclesiasticis
800 4892 967 4952 fiunt,
992 4891 1103 4960 jam
1135 4889 1257 4944 inde
1285 4890 1351 4945 ab
1379 4899 1539 4945 aetate
1568 4890 1986 4957 Apostolorum,

379 4965 628 5020 imlicant
669 4978 790 5018 esse
832 4965 1008 5019 locum
1051 4962 1392 5032 quempiam,
1437 4962 1490 5015 in
1534 4977 1640 5031 quo
1673 4960 1983 5031 puniantur.

384 5036 600 5106 Alioqui
629 5036 772 5090 enim
803 5034 997 5089 frustra
1020 5033 1194 5088 oratio
1222 5036 1370 5088 tieret
1390 5073 1402 5092 ,
1434 5042 1490 5086 ut
1518 5049 1545 5084 a
1577 5036 1751 5102 ptenis
1777 5034 1990 5106 solvan-

385 5118 492 5162 tttr.
526 5105 638 5161 Non
668 5115 847 5163 tamen
875 5118 980 5160 tam
1008 5121 1201 5160 recens
1223 5115 1304 5160 est
1336 5106 1628 5172 purgatorii
1658 5120 1851 5159 nomen
1875 5105 1991 5159 sive

426 5180 816 5247 urgatoriarum
849 5193 1161 5248 pmnarmn,
1191 5186 1248 5248 ut
1276 5176 1638 5248 meminerunt
1663 5176 1729 5248 D.
1758 5179 1988 5247 August.

426 5193 816 5247 urgatortarmn
849 5193 1161 5248 pmnarmn,
1191 5193 1248 5230 ut
1276 5193 1638 5231 meminerunt
1669 5193 1729 5230 υ.
1758 5193 1986 5247 Αυευει.

383 5193 609 5305 ΕΣιιεΙιὶν.
637 5266 685 5305 c.
711 5250 830 5315 cit.,
855 5250 918 5304 de
939 5247 1152 5303 Civitate
1179 5247 1277 5303 Dei
1308 5246 1402 5302 lib.
1436 5263 1513 5301 xx
1534 5289 1549 5309 ,
1574 5263 1621 5301 c.
1651 5246 1755 5313 25',
1789 5257 1844 5302 et
1875 5263 1986 5310 χχι.

384 5336 434 5376 c.
472 5324 555 5377 15.
588 5321 881 5391 Gregorius
928 5324 1046 5375 loco
1075 5322 1239 5374 citato
1260 5360 1283 5391 ε
1324 5320 1377 5372 in
1419 5335 1473 5373 ut
1503 5318 1702 5374 Psalm.
1733 5320 1907 5389 posuit.
1938 5326 1993 5373 ct

384 5393 511 5448 alibi
545 5389 875 5459 frequenter,
910 5401 964 5446 ct
994 5391 1134 5446 Beda
1164 5393 1215 5445 iu
1252 5389 1450 5444 Psabn.
1488 5406 1704 5450 xxxv”,
1738 5399 1793 5444 et
1822 5406 1987 5445 scrm.

384 5464 619 5529 quodam
652 5482 752 5518 ms.
784 5465 835 5518 in
865 5463 996 5519 illud
1033 5463 1259 5519 lenonis
1292 5478 1336 5516 ιε
1372 5462 1602 5517 Joannes
1629 5462 1855 5533 perhibet
1889 5473 1989 5533 tes-

387 5538 656 5591 iimoniuut
688 5537 751 5589 de
780 5539 914 5606 ipso.
950 5534 1094 5603 Ignis
1125 5536 1289 5590 etiam
1321 5536 1628 5603 purgantis,
1662 5544 1856 5603 praeter
1884 5532 1989 5605 Cy-

389 5610 636 5679 prianum
670 5612 770 5663 hoc
800 5609 918 5679 loco
948 5618 1003 5661 et
1031 5608 1169 5679 alios
1198 5606 1358 5679 supra
1405 5607 1691 5674 allegatos,
1728 5606 1991 5679 memine-

390 5675 516 5736 runt
555 5683 716 5735 etiam
768 5679 828 5734 D.
878 5678 1100 5734 llieron.
1148 5678 1200 5732 in
1243 5676 1339 5733 fin.
1382 5686 1678 5733 cmmncnt.
1724 5680 1778 5730 in
1824 5675 1988 5733 Isaia.

390 5754 578 5807 Anthr.
617 5754 669 5806 in
693 5751 894 5806 Psalm.
930 5765 1137 5818 cxvut,
1170 5766 1334 5805 serm.
1368 5750 1454 5805 10.
1490 5748 1754 5804 Maximus
1786 5748 1839 5812 in
1873 5748 1993 5802 Dia-

392 5821 625 5879 docbmn
645 5866 661 5890 ,
687 5823 753 5877 de
783 5822 1118 5878 Pert’ectione
1148 5822 1321 5893 spirit.
1352 5836 1401 5876 c.
1427 5821 1553 5877 100.
1587 5822 1798 5875 Damas.
1830 5819 1899 5893 de
1929 5820 1993 5876 iis

401 5896 492 5972 qui
521 5896 881 5953 dormierunt.
909 5891 1218 5953 Eustratius
1243 5893 1618 5964 Constantino,
1646 5893 1737 5950 lib.
1763 5892 1830 5950 de
1855 5891 1995 5969 Ope-

2090 4606 2291 4678 )udicio
2317 4621 2381 4660 ea:
2408 4623 2466 4659 ea
2494 4605 2737 4678 opinione
2756 4620 2871 4672 qum
2896 4605 2992 4674 fuit
3021 4609 3299 4678 multorum
3325 4617 3370 4661 et
3400 4624 3706 4678 magnorum

2092 4675 2322 4731 uirorum
2357 4688 2462 4731 tam
2503 4675 2801 4730 ercorum
2840 4692 2993 4743 quam
3034 4675 3342 4732 Latinorum
3376 4680 3426 4732 in
3471 4675 3705 4734 Ecclesia

2093 4748 2385 4821 primitiva,
2409 4749 2495 4817 qui
2522 4747 2669 4821 solos
2686 4757 2942 4821 martyras
2969 4748 3135 4818 gloria
3156 4750 3331 4805 divina
3360 4751 3554 4821 perfrui
3581 4762 3704 4806 ante

2091 4820 2224 4875 illud
2253 4835 2530 4875 extremum
2558 4820 2807 4887 iudicium
2825 4861 2840 4883 ,
2867 4827 3097 4874 Caeteros
3124 4837 3275 4886 vero,
3310 4820 3367 4876 iur
3391 4820 3700 4878 extremum

2089 4890 2349 4961 judicium
2381 4891 2580 4958 di/Terri
2611 4889 2903 4944 voluerunt.
2927 4890 3062 4956 Quae
3078 4892 3357 4947 fuitetiam
3382 4892 3704 4949 Tertulliani

2094 4965 2384 5019 sententia.
2411 4963 2518 5019 Sed
2550 4962 2638 5016 illa
2664 4978 2772 5015 non
2799 4962 3198 5033 eratCypriani
3229 4969 3431 5020 nostri:
3456 4965 3545 5033 qui
3579 4980 3702 5033 pas-

2095 5036 2195 5090 sim
2229 5036 2279 5089 in
2314 5036 2449 5090 libro
2477 5036 2543 5090 de
2565 5032 3087 5104 MortalitatedOCet,
3120 5038 3230 5104 ejus
3255 5051 3362 5089 esse
3390 5032 3602 5089 mortem
3625 5037 3700 5089 ti-

2094 5122 2232 5160 mere
2258 5107 2342 5177 qui
2370 5110 2437 5159 ad
2463 5105 2722 5161 Christum
2753 5104 2881 5159 nolit
2912 5105 3005 5159 ire.
3040 5103 3109 5160 Et
3138 5103 3257 5161 tunc
3286 5123 3393 5161 esse
3417 5108 3575 5162 servis
3603 5106 3708 5161 Dei

2095 5195 2303 5249 pacem,
2337 5189 2455 5234 tunc
2482 5178 2723 5240 liberam,
2756 5187 2875 5249 tunc
2914 5178 3246 5249 tranquillam
3285 5183 3536 5248 quietem,
3573 5194 3705 5245 quo-

2094 5247 2236 5303 niam
2266 5250 2328 5303 de
2356 5250 2465 5303 istis
2529 5249 2708 5302 mundi
2739 5247 3023 5301 turbinibus
3051 5251 3296 5315 extracti,
3325 5251 3460 5304 sedis
3486 5260 3531 5303 et
3556 5264 3705 5304 teter-

2095 5337 2176 5376 me
2201 5321 2583 5385 tranquillitatis
2607 5330 2810 5389 portum
2835 5319 3071 5390 petimus,
3097 5322 3302 5387 quando
3324 5331 3576 5391 expuucta
3604 5321 3701 5375 hac

2096 5403 2256 5447 morte
2279 5393 2344 5446 ad
2365 5393 2798 5464 immortalitatem
2817 5392 3064 5464 venimus.
3091 5391 3260 5459 Tunc,
3285 5393 3353 5445 ad
3374 5393 3700 5464 refrigerium

2087 5466 2215 5535 justi
2248 5474 2511 5529 vocantur,
2543 5462 2611 5517 ad
2649 5462 2954 5535 supplicium
2992 5464 3265 5535 rapiuntur
3291 5462 3471 5535 injuin
3489 5462 3518 5530 ξ
3545 5464 3703 5517 datur

2096 5536 2313 5591 velocius
2359 5537 2516 5589 tutela
2559 5534 2857 5602 ﬁdentibus,
2900 5532 3113 5602 perﬁdis
3152 5532 3705 5605 pwna._'lndeamplc-

2097 5620 2294 5664 ctamur
2334 5608 2468 5661 diem
2508 5608 2592 5677 qui
2629 5606 2855 5675 assignat
2895 5606 3122 5675 singulos
3161 5607 3420 5670 domicilio
3462 5624 3577 5673 suo,
3608 5607 3703 5676 qui

2098 5696 2188 5734 nos
2215 5679 2325 5732 istic
2353 5689 2572 5748 ereptos,
2597 5687 2641 5729 et
2669 5677 2860 5747 laqueis
2885 5678 3212 5748 swcularibus
3238 5680 3516 5743 eisolutos,
3546 5695 3702 5748 para-

2097 5752 2209 5806 diso
2236 5746 2455 5805 restituit
2486 5762 2531 5803 et
2562 5765 2716 5814 regno
2744 5749 2950 5820 ccelesti.
2996 5746 3215 5805 Interim
3256 5746 3695 5820 agnoscendum,

2097 5831 2310 5879 veteres
2348 5836 2539 5876 omnes
2577 5821 2814 5875 sensisse
2850 5818 2992 5875 diem
3019 5821 3206 5889 judicii
3239 5818 3505 5885 terrores,
3537 5821 3703 5876 etiam

2098 5894 2302 5956 sanctis
2334 5891 2736 5965 formidandos,
2775 5905 2959 5953 secum
3001 5894 3327 5953 allaturum:
3377 5892 3520 5952 unde
3560 5892 3707 5954 forte.
3774 5948 3779 5953 .
