4068 6324
442 298 547 357 787

1434 296 1871 366 ROMANORUM
1911 296 2325 371 PONTIFICUM
2363 310 2748 378 EPISTOLIE.

3690 324 3798 384 788

517 416 662 514 XXI.
689 416 1005 514 Siquidem
1033 420 1173 490 apud
1192 426 1568 514 antecessores
1596 432 1812 481 nostros
1826 425 2043 498 quidam
2069 432 2126 496 Α
2156 426 2352 497 Habeo,
2405 432 2600 505 inquit,
2631 436 2875 493 adversus
2905 447 2953 494 te
2979 440 3163 509 multa,
3194 443 3333 514 quod
3361 456 3615 500 uxorem
3648 450 3797 498 tuam

442 511 515 568 de
543 510 811 583 episcopis
832 512 951 567 istic
982 512 1036 568 in
1066 513 1337 583 provincia
1369 524 1556 571 nostra
1585 515 1817 574 dandam
1858 534 2046 589 pacem

440 603 674 660 moechis
701 618 808 659 non
843 614 1165 675 putaverunt
1191 615 1246 662 et
1274 606 1326 662 in
1358 615 1527 663 tntum
1579 611 1912 681 paenitentiae
1966 614 2046 671 lo-

439 710 564 752 cum
609 707 798 752 contra
850 695 1119 753 adulteria
1174 698 1509 757 clauserunt.
1584 701 1702 757 Non
1773 713 1951 761 tamen
2014 722 2044 763 a

440 788 887 860 coepiscoporum
954 806 1175 846 suorum
1239 794 1468 865 collegio
1534 806 1893 864 recesserunt,
1956 810 2048 855 aut

439 883 716 939 catholica:
745 885 1001 942 Ecclesiae
1022 888 1287 944 unitatem
1330 893 1410 945 vel
1438 891 1653 948 duritia:
1678 892 1764 949 vel
1796 910 2043 951 censura:

440 993 554 1035 sua:
576 979 937 1037 obstinatione
966 994 1260 1054 ruperunt;
1309 994 1367 1042 ut
1412 989 1535 1059 quia
1562 988 1701 1062 apud
1732 990 1867 1047 alios
1894 991 2043 1047 adul-

443 1070 574 1127 teris
596 1087 695 1142 pax
715 1071 961 1145 dabatur,
988 1078 1076 1148 qui
1092 1093 1198 1134 non
1214 1079 1375 1136 dabat
1404 1082 1471 1137 de
1489 1082 1728 1139 Ecclesia
1757 1101 2039 1155 separare-

441 1176 548 1222 tur.
611 1167 863 1226 Manente
920 1174 1224 1229 concordiae
1281 1176 1496 1233 vinculo
1554 1187 1610 1234 et
1654 1193 2043 1252 perseverante

439 1259 718 1316 catholica-
739 1262 1001 1321 Ecclesizc
1024 1265 1299 1323 individuo
1313 1280 1673 1341 sacramento,
1693 1286 1869 1330 actum
1886 1292 2041 1334 suum

437 1352 680 1426 disponit
719 1365 775 1411 et
823 1358 1006 1430 dirigit
1044 1365 1414 1435 unusquisque
1439 1366 1728 1437 episcopus
1773 1370 2039 1426 rationem

435 1452 702 1520 prapositi
735 1454 817 1507 sui
848 1454 1078 1509 Domino
1104 1455 1432 1514 redditurus.

510 1541 681 1599 XXII.
707 1544 870 1600 Miror
909 1558 1086 1602 autem
1119 1551 1381 1619 quosdam
1411 1553 1490 1608 sic
1515 1553 1815 1610 obstinatos
1840 1570 1962 1612 esse
1986 1560 2045 1613 ut

435 1637 670 1695 dandam
694 1657 798 1696 non
821 1652 1010 1712 putent
1035 1643 1199 1713 lapsis
1224 1647 1619 1717 penitentiam,
1657 1660 1748 1705 aut
1778 1652 2044 1721 pteniten-

438 1733 584 1790 tibus
613 1736 923 1791 existiment
952 1738 1160 1793 veniam
1192 1739 1589 1812 denegandam,
1628 1759 1750 1799 cum
1782 1748 2041 1817 scriptum

2148 521 2375 595 Iezabel,
2407 544 2521 598 qua:
2560 546 2615 585 se
2651 531 2776 586 dicit
2805 538 3083 605 propheten
3109 533 3158 604 ι),
3192 538 3319 592 sinis
3368 540 3583 593 docere
3636 549 3687 592 et
3715 555 3799 594 se-

2150 617 2334 675 ducere
2369 637 2539 677 servos
2564 641 2722 689 meos,
2755 627 3003 698 fornicari
3032 639 3079 684 et
3128 631 3447 686 manducare
3476 631 3555 686 de
3583 629 3802 700 sacri/i-

2148 716 2240 771 ciis
2273 727 2319 783 ο,
2377 724 2425 772 et
2472 717 2589 773 dedi
2631 719 2710 774 illi
2758 730 2959 792 tempus
3000 732 3055 777 ut
3085 726 3439 796 paenitentiam
3506 734 3728 798 ageret,
3755 736 3802 780 et

2151 810 2392 879 paenitere
2422 828 2525 866 non
2563 813 2668 867 vult
2699 831 2729 868 a
2782 816 3124 887 fornicatione
3163 834 3275 873 sua.
3311 818 3453 873 Ecce
3485 818 3657 873 mitto
3685 834 3801 871 eam

2148 903 2201 956 in
2229 904 2436 964 lectum,
2481 914 2527 959 et
2565 909 2651 978 qui
2687 924 2802 962 cum
2855 926 2913 962 ea
2940 910 3180 980 fornicati
3227 921 3344 965 sunt
3390 914 3452 966 in
3492 913 3801 966 maximam

2149 993 2549 1062 tribulationem,
2584 999 2686 1052 nisi
2727 1000 3075 1071 paenitentiam
3098 1004 3343 1074 gesserint
3373 997 3400 1040 ἀ
3431 1003 3511 1058 ab
3538 1003 3800 1073 operibus

2146 1091 2252 1145 suis
2274 1089 2460 1163 (Apoc.
2491 1107 2548 1157 tt,
2574 1093 2663 1161 ΞΟ,
2694 1094 2809 1166 2'2).
2867 1094 3013 1165 Quos
3067 1098 3253 1166 utique
3281 1097 3347 1152 ad
3380 1098 3797 1168 paenitentiam

2148 1183 2407 1239 Dominus
2435 1201 2543 1240 non
2596 1185 2927 1256 hortaretur,
2965 1188 3065 1243 nisi
3114 1190 3233 1260 quia
3266 1190 3689 1261 paenitentibus
3718 1190 3799 1245 itt-

2147 1276 2479 1350 dulgentiam
2522 1279 2823 1351 pollicetur.
2871 1280 2936 1336 Et
2990 1281 3041 1337 in
3100 1280 3445 1353 Evangelio:
3479 1281 3658 1349 Dico,
3712 1284 3797 1340 itt-

2147 1373 2284 1445 quit,
2314 1373 2473 1439 uobis,
2497 1373 2569 1427 sic
2596 1376 2690 1428 erit
2720 1374 2967 1446 gaudium
3009 1375 3063 1428 in
3111 1378 3236 1430 creto
3265 1393 3418 1446 super
3445 1392 3571 1431 uno
3596 1392 3797 1448 pecca-

2147 1477 2255 1522 tore
2303 1468 2651 1537 poenitentiam
2687 1477 2864 1539 agente
2902 1484 3053 1539 quam
3080 1485 3235 1539 super
3260 1469 3566 1541 nonaginta
3597 1484 3789 1524 novem

2134 1560 2313 1633 justis,
2344 1559 2527 1630 quibus
2559 1577 2661 1614 non
2692 1568 2763 1616 est
2803 1576 2933 1628 opus
2964 1562 3254 1632 paenitentia
3302 1559 3462 1631 (Luc.
3517 1576 3636 1627 xv,
3705 1560 3793 1634 7).

2146 1653 2281 1709 Nam
2307 1670 2429 1709 cum
2460 1655 2718 1726 scriptum
2766 1654 2837 1708 sit
2872 1661 2919 1720 ε,
2954 1652 3092 1710 Deus
3132 1664 3341 1709 mortem
3368 1671 3478 1709 non
3513 1655 3674 1724 fecit,
3700 1671 3794 1709 nec

2146 1749 2429 1805 delectatur
2456 1751 2511 1804 in
2556 1750 2839 1820 perditione
2894 1749 3121 1803 vivorum
3149 1750 3305 1821 (Sap.
3337 1766 3374 1816 ι,
3409 1747 3542 1822 15),
3598 1751 3796 1819 utique

435 1829 508 1883 sit
535 1846 549 1881 :
576 1826 835 1884 Memento
856 1832 993 1885 unde
1011 1833 1273 1903 cecideris,
1301 1845 1349 1889 et
1370 1853 1464 1907 age
1491 1838 1858 1906 ptenitentiam,
1884 1851 1929 1894 et
1950 1845 2035 1912 {ac
2063 1848 2112 1909 Β
2140 1844 2231 1915 qui
2274 1842 2545 1898 neminem
2597 1843 2712 1897 vult
2749 1843 2928 1912 perire
2954 1842 3100 1912 ‘cupit
3148 1846 3467 1913 peccatures
3502 1842 3792 1911 pmulten—

436 1921 617 1993 priora
666 1938 842 1992 apera.
897 1925 1083 1996 (Apoc.
1136 1942 1194 1992 ιι,
1225 1927 1307 1999 5.)
1344 1928 1499 1997 Quod
1532 1928 1713 2002 utique
1753 1933 1801 1987 ei
1845 1933 2043 1989 dicitur

439 2030 604 2087 quem
649 2025 864 2072 constat
917 2018 1181 2075 cecidisse
1231 2031 1287 2077 et
1311 2039 1469 2093 quem
1508 2023 1764 2081 Dominus
1796 2022 2043 2085 hortatur

435 2121 535 2177 per
563 2122 727 2177 opera
758 2123 945 2164 rursus
972 2126 1257 2182 exurgere,
1288 2113 1411 2184 quia
1441 2116 1699 2185 scriptum
1743 2127 1827 2174 est
1852 2137 1866 2173 :
1896 2118 2044 2176 Elec-

438 2214 654 2270 mosgna
677 2214 710 2253 a
737 2209 894 2254 morte
923 2200 1101 2255 liberat
1132 2202 1286 2270 (Tob.
1314 2220 1389 2273 ιι,
1434 2205 1559 2278 10);
1613 2219 1667 2263 et
1712 2225 1817 2264 non
1859 2212 2043 2283 utique

436 2293 508 2350 ab
535 2292 627 2348 illa
654 2305 828 2350 morte
859 2312 1017 2366 quam
1041 2298 1208 2353 semel
1238 2297 1442 2355 Christi
1470 2304 1688 2373 sanguis
1712 2304 1959 2373 extinxit,
1991 2316 2047 2363 et

435 2401 469 2443 a
499 2403 604 2460 qua
649 2402 749 2444 nos
792 2390 1045 2445 salutaris
1076 2390 1335 2462 Baptismi
1367 2402 1421 2448 et
1460 2390 1843 2467 Redemptoris
1873 2402 2044 2456 nostri

434 2485 610 2557 gratia
637 2484 908 2552 liberavit,
940 2485 1034 2543 sed
1064 2486 1208 2543 etab
1234 2503 1296 2544 ea
1320 2504 1441 2560 qum
1464 2506 1561 2561 per
1581 2491 1776 2547 delicta
1806 2504 2043 2565 postmo-

437 2577 566 2635 dum
589 2579 779 2650 serpit.
808 2580 932 2636 Aiio
958 2582 1082 2635 item
1115 2580 1236 2636 loco
1266 2584 1594 2652 ptenitentire
1624 2595 1835 2657 tempus
1860 2587 2039 2655 datur,

439 2679 498 2728 et
523 2671 899 2743 penitentiam
927 2686 1037 2728 non
1071 2673 1252 2745 agenti
1287 2682 1314 2711 ιι
1338 2673 1602 2732 Dominus
1641 2681 2041 2737 comminatur.-

2150 1938 2276 1991 tiam
2301 1951 2463 2006 agere
2487 1944 2541 1989 et
2563 1950 2658 2004 per
2680 1934 3050 2005 ptenitentiam
3073 1934 3251 1989 denuo
3277 1930 3343 1989 ad
3373 1934 3554 1989 vitam
3574 1932 3790 1992 redire.

2147 2029 2276 2086 Ideo
2306 2038 2360 2083 et
2392 2043 2485 2098 per
2511 2026 2665 2083 Joliel
2695 2026 3012 2098 prophetam
3052 2028 3249 2083 clamat
3280 2036 3336 2083 et
3385 2028 3531 2083 dicit
3602 2026 3793 2101 (Joltel

2150 2138 2210 2188 tt,
2243 2120 2330 2192 I2)
2364 2138 2378 2176 :
2412 2118 2482 2174 Et
2510 2136 2645 2175 nunc
2674 2119 2783 2175 liccc
2808 2119 2932 2173 dicit
2971 2118 3223 2175 Dominus
3252 2118 3391 2174 Deus
3436 2130 3622 2175 vester
3643 2136 3664 2174 :
3685 2119 3792 2175 Re-

2150 2216 2403 2270 vertimini
2453 2212 2571 2269 fad
2618 2231 2696 2270 me
2753 2231 2815 2269 ea:
2870 2223 2975 2268 toto
3022 2214 3174 2269 corde
3199 2224 3385 2276 uestro,
3428 2214 3714 2283 simulque
3741 2222 3789 2269 et

2141 2307 2346 2379 jejunio
2388 2317 2435 2363 et
2488 2306 2613 2378 ﬂetu
2643 2316 2690 2361 et
2722 2306 2951 2378 planctu,
2982 2314 3027 2361 et
3071 2306 3344 2362 discindite
3378 2312 3404 2354 8
3434 2302 3619 2361 corda
3674 2321 3790 2362 ves-

2150 2418 2248 2474 tra,
2278 2416 2324 2461 et
2347 2422 2447 2459 non
2468 2404 2762 2458 vestimenta
2774 2412 2939 2456 vestra
2967 2411 3012 2455 et
3033 2401 3341 2456 revertimini
3372 2400 3443 2455 ad
3478 2398 3781 2455 Dominum

2152 2500 2317 2555 Deum
2347 2509 2589 2563 uestrum,
2624 2498 2746 2567 quia
2793 2496 3080 2550 misericors
3108 2505 3153 2550 et
3184 2496 3299 2567 pius
3320 2503 3391 2550 est
3413 2504 3461 2549 et
3490 2496 3714 2566 patiens
3735 2503 3784 2549 et

2150 2594 2326 2649 multte
2346 2590 2704 2653 miserationis,
2735 2598 2781 2645 et
2807 2590 2893 2661 qui
2921 2588 3222 2644 sententiam
3268 2588 3442 2659 ﬂectat
3488 2584 3546 2653 δ,
3585 2589 3782 2643 adver-

2148 2700 2236 2740 sus
2263 2682 2514 2738 malitiam
2553 2681 2835 2752 irrogatam
2868 2678 2911 2735 ⁸.
2955 2675 3117 2751 (Joel.
3148 2677 3323 2749 11,12,
3367 2678 3488 2753 15.)
3520 2678 3584 2736 lu
3630 2677 3785 2735 Psal-

1640 2812 2026 2877 LECTIONES
2067 2812 2482 2877 VARIAN'I‘ES.

490 2952 527 3015 ξ
559 2949 670 3015 Non
691 2950 957 3015 agentibus
1145 2950 1272 3015 B04.
1298 2949 1345 3001 3.
1366 2948 1518 3015 ,Ebor.

439 3011 926 3130 B:di’t"ol;hetissa1n
966 3011 1092 3063 Bod.
1134 3017 1184 3072 5,
1226 3013 1504 3078 Prophetin
1553 3013 1701 3083 Vulg.
1742 3017 2035 3084 PrOpheten

500 3108 646 3190 17b};
664 3108 902 3190 sacriﬁcio
927 3140 1061 3189 Lam.
1090 3137 1236 3190 Ebor.
1265 3140 1375 3191 ΝΟ.
1403 3140 1447 3190 1.
1473 3144 1662 3193 Manut.

499 3199 528 3266 (1
562 3202 907 3266 Ρωιιὶιειιιίειιιι
934 3204 1187 3264 gesserint
1230 3190 1354 3254 Bait.
1385 3204 1429 3266 1,
1454 3190 1735 3266 Ξέὲιίῖὰηι.
1764 3204 1911 3259 Ebor.
1936 3204 2040 3259 Lin.
2070 3190 2116 3255 C

432 3268 487 3319 Ν
494 3265 531 3316 C
540 3305 549 3316 .
576 3265 623 3316 1.
650 3260 886 3316 Fecerint
907 3260 1066 3318 O'aton.

2206 2963 2232 3021 εξ
2266 2957 2511 3021 Scriptum
2536 2959 2620 3019 sit,
2642 2955 2881 3007 Dominus
2901 2956 3042 3006 Deus
3068 2957 3199 3009 Lam.

2212 3019 2234 3059 ι
2274 3018 2509 3072 Dominus
2550 3021 2707 3079 Dens,
2736 3022 2902 3071 venite
2927 3022 3271 3072 convertimini
3298 3018 3404 3074 Litt.

2214 3086 2241 3126 ε
2278 3085 2500 3135 Sciudite
2526 3084 2653 3135 Bod.
2678 3083 2724 3135 2.

2212 3145 2245 3186 ιι
2277 3148 2587 3197 Sententiam
2613 3152 2775 3199 vertat
2802 3148 2982 3197 Beneu.

2155 3208 2362 3326 ongis
2403 3212 2530 3262 Bod.
2559 3212 2583 3261 t
2612 3248 2624 3260 .
2667 3211 2802 3262 Lam.
2848 3209 2992 3262 Ebor.
3036 3210 3148 3265 ΝΟ.
3186 3210 3233 3262 1.
3265 3210 3482 3264 Halitias
3523 3215 3780 3278 irrogatas

2198 3287 2314 3327 ποθι.

1792 3462 2157 3524 νΑιιιοιιυιι
2194 3464 2426 3524 NOTAE.

429 3619 623 3677 preces
666 3606 832 3661 etiam
889 3618 986 3677 pro
1032 3603 1371 3677 martyribus
1419 3614 1719 3675 conceptas.
1769 3606 2045 3677 Sacrificia

430 3674 529 3748 pro
558 3680 630 3731 eis
657 3686 857 3745 semper
887 3674 1204 3749 olfcrimus,
1242 3677 1413 3743 inquit
1443 3674 1779 3749 Cyprianus,
1815 3674 2039 3746 Ep.'59,

428 3751 626 3821 quoties
651 3760 936 3821 martyrum
964 3748 1226 3821 passiones
1248 3756 1294 3800 et
1319 3748 1803 3821 diesganniversnria
1824 3766 2038 3804 comme-

429 3817 717 3877 moratione
743 3817 1076 3875 celebramus.
1109 3817 1233 3874 Vid.
1263 3835 1383 3890 qua:
1410 3819 1557 3947 dicti;
1578 3820 1642 3874 ad
1674 3820 1771 3892 Ep.
1801 3837 1835 3877 ιι
1864 3831 1920 3878 et
1945 3837 2043 3877 xu.

1564 3906 1683 3947 ειι..

1564 3906 1683 3949 ΕΜ..

502 3964 647 4021 XXI.
676 3993 750 4005 —-
781 3964 1132 4018 Antecessores
1163 3973 1382 4018 nostros.
1421 3962 1476 4019 Id
1506 3973 1589 4019 est
1627 3964 1913 4033 episcopos
1955 3967 2045 4033 qui

429 4037 714 4095 ecclesiam
755 4036 1063 4111 Altjcanam
1109 4045 1361 4111 rexerant
1391 4048 1789 4111 antetcmpora
1822 4036 2047 4111 Cypria-

436 4113 512 4165 ni.
549 4112 637 4164 Ait
666 4123 795 4177 ergo
823 4107 1125 4179 Cyprianus
1157 4105 1420 4176 quosdam
1452 4105 1738 4179 episcopos
1769 4105 1927 4165 Afros
1956 4125 2051 4178 pu-

431 4191 579 4238 tasse
609 4195 791 4247 pacem
825 4178 930 4233 nun
960 4194 1082 4234 esse
1113 4178 1345 4233 dandam
1376 4180 1624 4235 numinis.
1644 4178 1805 4235 lianc
1834 4182 2047 4249 opinio-

430 4268 555 4310 nem
599 4251 765 4307 fuisse
806 4253 857 4305 in
904 4252 1078 4304 Africa
1097 4260 1533 4324 _antegtempora
1574 4251 1830 4324 Cypriani
1876 4255 2046 4323 liquet

428 4328 593 4380 etiam
640 4340 706 4380 ex
751 4324 1066 4378 testimonio
1096 4320 1453 4385 Tertulliani,
1498 4320 1686 4392 quiin
1732 4325 1873 4380 libro
1921 4320 2048 4379 mox

428 4398 649 4453 laudato
698 4395 1047 4464 vehementer
1088 4393 1357 4449 declamat
1395 4395 1657 4449 adversus
1700 4394 1898 4464 Papam
1940 4394 2045 4450 Ze-

428 4470 718 4542 pbyriuuzn
764 4466 909 4542 quod
936 4463 1003 4542 _is
1023 4467 1291 4542 untecbia:
1333 4474 1395 4542 et
1430 4463 1804 4542 fornicationis
1831 4466 2042 4542 delicta

2150 3604 2215 3659 ad
2259 3604 2653 3675 Amastrianos,
2688 3604 2828 3675 apud
2865 3603 3060 3660 Euseb.
3090 3605 3184 3660 lib.
3214 3622 3267 3662 ιν
3288 3649 3301 3672 ,
3336 3621 3386 3662 c.
3416 3604 3513 3663 23:
3550 3612 3692 3672 Τοὺς
3720 3609 3772 3673 ἐξ

2152 3677 2261 3760 cia;
2285 3675 2327 3733 δ’
2345 3672 2431 3760 οξν
2454 3672 2821 3760 ἄιττοῖττὼσέως·⁸
2830 3676 2875 3760 ἢκ
2884 3677 3252 3760 πληξμελείας.
3272 3676 3372 3760 sire
3384 3686 3483 3760 μὴγ
3504 3682 3774 3760 αἱρετικῇς

2153 3751 2344 3828 πλάνης
2370 3751 2770 3828 ἐπέσῖρέφονῖᾳςς
2794 3747 3079 3828 dissuadet
3104 3747 3440 3828 προᾳτάττέι.
3462 3747 3696 3806 Ocritum
3712 3753 3765 3804 S.

2155 3821 2688 3892 Igttatiuis,Eiii'st.'_ad
2717 3821 3189 3892 I’bilmlelpltensés
3212 3821 3264 3875 iu
3295 3839 3613 3877 universum
3650 3837 3771 3892 pro-

2156 3893 2367 3964 nuntiat
2390 3935 2394 3939 .
2416 3890 2566 3947 Ὀσοι
2588 3887 2647 3947 ἂν
2675 3896 3082 3964 μετανοήσαντες
3103 3890 3319 3949 neum
3342 3895 3427 3951 ἐπὶ
3440 3900 3534 3955 τήν
3553 3887 3770 3953 inerma:

2156 3962 2560 4039 rﬁcrsziawia;
2584 3961 2975 4039 πρῲ-δέχεσθαι
3000 3965 3209 4027 αὐτούς.
3243 3964 3412 4020 FELL.

2229 4034 2292 4089 Et
2321 4036 2546 4109 quidem.
2583 4034 2764 4109 ltel'crt
2789 4034 2937 4109 hunc
2958 4036 3138 4109 locum
3168 4046 3388 4109 sanctus
3421 4037 3768 4109 Augustinus

2149 4106 2201 4162 in
2234 4104 2460 4177 epistola
2490 4108 2554 4177 ad
2590 4105 2925 4160 Vincentium
2956 4104 3307 4175 Rogatistam.
3337 4104 3548 4165 Bauli.

2224 4176 2389 4233 XXII.
2418 4176 2697 4249 —Lapsis
2737 4177 3309 4249 pwnitentiam.u(20dex
3353 4179 3763 4248 GratianOpoli-

2152 4247 2730 4320 tanus,indulgentiam
2770 4265 2870 4301 non
2901 4259 3075 4317 putent
3108 4247 3284 4320 lapsis.
3330 4248 3471 4307 Infra
3519 4254 3573 4307 in
3618 4251 3765 4308 calce

2152 4268 2500 4310 tanus,maut
2541 4268 2730 4303 emtam
2770 4268 2870 4301 non
2901 4268 3075 4317 putent
3108 4268 3284 4320 mpsis.
3331 4268 3471 4307 Intra
3519 4270 3573 4307 in
3618 4268 3762 4308 calce

2152 4268 2587 4395 lttijitsmiisttiI:e
2610 4321 2840 4395 legitur;
2874 4328 2918 4395 e_t
2948 4320 3144 4374 veniam
3174 4332 3217 4375 et
3246 4322 3621 4395 indulgentiam
3655 4337 3762 4394 pa:-

2151 4393 2424 4448 nitentibus
2452 4410 2561 4463 non
2584 4391 2850 4463 denegari.
2882 4391 3081 4448 BALUZ.

2225 4464 2505 4519 (iusserint.
2549 4460 2699 4519 Hauc
2718 4460 3013 4519 let-tionem
3047 4462 3224 4519 inveni
3253 4463 3305 4518 in
3333 4462 3523 4522 decem
3556 4462 3757 4523 codici-

428 4533 751 4613 ptﬁniteutia
784 4533 981 4613 I‘uuctis
1004 4535 1336 4613 dimitteret._
1354 4534 1598 4613 Manebat
1624 4548 1800 4613 tamen
1829 4539 2043 4613 interim
2071 4546 2126 4607 1)
2154 4536 2254 4613 bus
2279 4537 2723 4613 ειιιιξψιιςηΛιιεΙὶ
2754 4534 3004 4613 viderunt
3034 4551 3131 4589 sex
3159 4533 3211 4589 in
3242 4536 3438 4613 quibus
3468 4540 3634 4613 etiam
3670 4535 3762 4590 Itu-

427 4608 739 4670 eoncordiaa
772 4610 1045 4663 vinculum
1085 4610 1223 4680 inter
1253 4609 1540 4679 episcopos
1570 4608 1762 4676 Afros,
1797 4612 2043 4680 quamvis

428 4684 645 4741 diverse
685 4681 931 4737 nonnulli
975 4679 1243 4735 sentirent
1283 4680 1351 4734 de
1395 4679 1837 4737 reconciliatione
1867 4684 2045 4750 lapso-

426 4773 571 4813 rum.
609 4756 813 4810 BALUL.
835 4782 907 4794 -
928 4753 1073 4807 Satis
1105 4750 1412 4806 inconsulte
1442 4752 1817 4821 Albaspinmus
1847 4754 2044 4811 asserit

428 4827 661 4884 moechis
691 4828 901 4882 veniam
933 4840 1038 4879 non
1067 4821 1267 4898 iactam
1300 4832 1425 4898 ante
1453 4823 1734 4898 Novatiani
1766 4832 2039 4898 tempora,

426 4898 646 4971 quando
671 4898 1005 4971 contrarium
1037 4895 1124 4971 hic
1149 4904 1335 4961 aperte
1365 4894 1554 4971 doceat
1584 4894 1905 4971 Cyprianus.
1944 4897 2045 4952 Vc-

429 4966 712 5025 rislmilior
744 4970 901 5039 longe
930 4966 1127 5039 Morini
1156 4969 1458 5039 sententia,
1491 4970 1580 5036 qui
1624 4966 1811 5022 Statuit
1854 4984 2043 5039 poenas

431 5035 1035 5111 ptenitcntiales'nstlue
1068 5037 1133 5092 ad
1164 5035 1356 5093 Novati
1393 5035 1634 5111 tempo_ra
1666 5040 1832 5095 fuisse
1855 5035 2043 5096 'levio-

425 5108 549 5167 res:
579 5113 720 5181 quod
758 5128 823 5167 ex
855 5127 1083 5166 censura
1121 5110 1427 5177 Apostolica
1449 5151 1463 5176 ,
1498 5110 1518 5165 Ι
1544 5108 1668 5166 Cor.
1702 5126 1754 5175 v,
1785 5123 1841 5167 et
1871 5111 2041 5169 Joan-

432 5184 519 5238 nis
542 5186 691 5253 praxi
716 5199 876 5253 quam
900 5200 963 5237 ex
982 5182 1260 5238 Clemente
1278 5182 1541 5237 Alexaud.
1571 5182 1735 5237 refert
1756 5182 2043 5251 Eusebius,

432 5255 575 5309 HlSi.
607 5255 701 5308 llh.
738 5271 804 5319 ιι,
838 5271 886 5310 c.
926 5254 1014 5317 i7,
1047 5262 1102 5309 et
1130 5254 1252 5308 aliis
1284 5264 1528 5307 veterum
1560 5257 1776 5324 scriptis
1802 5259 2040 5313 conllcit.

432 5327 594 5382 Certe
627 5326 741 5393 ipse
781 5326 1153 5382 Tertullianus
1174 5326 1391 5396 quando
1420 5326 1473 5379 in
1505 5324 1867 5397 Zoplterinnm
1903 5336 2045 5381 taut-

431 5410 594 5481 qpam
628 5398 1291 5481 iiupntltcitiatnpatruitum
1318 5397 1617 5481 invehitur;
1642 5403 1887 5481 ugnoscit
1909 5398 2045 5471 Psy-

432 5467 650 5533 cliicos,
685 5469 787 5542 hoc
819 5477 934 5542 est,
966 5467 1276 5542 Cat_ltolicos
1298 5511 1313 5531 ,
1346 5468 1591 5542 tumelias
1617 5467 1747 5525 olim
1780 5470 1845 5525 ad
1878 5467 2049 5542 paeni.

430 5542 658 5612 tentiam
690 5538 997 5612 admisisse.
1036 5538 1147 5612 Erit
1175 5541 1351 5612 igitur,
1383 5541 1587 5612 inquit,
1619 5552 1665 5596 et
1694 5543 1775 5597 hic
1800 5538 2046 5598 aduersus

433 5608 716 5683 Psyclticus
742 5610 919 5683 titulus
937 5654 950 5673 ,
984 5608 1225 5665 adversus
1256 5628 1379 5665 ntere
1402 5608 1601 5683 quoque
1625 5615 1886 5669 sententia:
1912 5626 2047 5668 retro

435 5678 588 5755 penes
618 5678 749 5755 illos
792 5680 1115 5755 societatem,
1162 5700 1260 5755 quo
1296 5678 1457 5755 magis
1499 5678 1593 5737 Iioc
1635 5686 1759 5740 mihi
1790 5687 1841 5741 in
1876 5697 2048 5740 notam

438 5750 656 5827 levitatis
685 5750 954 5827 objectent.
993 5750 1191 5827 Ptu'ro,
1223 5750 1523 5826 Zepberiuo
1553 5759 1825 5827 antiquior
1853 5757 2050 5827 Diony-

438 5775 656 5805 tsvttuus
685 5775 954 5820 υυμιωεηι.
993 5775 1191 5814 rurrn,
1224 5775 1523 5826 Lepttet‘ttlt)
1553 5775 1662 5811 altll
1708 5775 1825 5812 tlttll‘
1854 5775 2050 5827 unony-

437 5824 552 5879 sius
596 5822 1006 5900 Corinthiorum
1051 5823 1382 5900 Episcopus,
1416 5775 1869 5900 cujusvtsfllagitii
1900 5844 2050 5900 com-

440 5904 629 5966 pertos
669 5910 767 5969 per
810 5896 1184 5969 poeititentiam
1224 5899 1596 5973 suscipiendos
1634 5896 1896 5962 decrevit.
1942 5899 2045 5976 Ep.

2154 4609 2331 4664 betur.
2373 4604 2430 4662 In
2462 4604 2702 4679 quinque
2732 4622 2862 4679 vero
2890 4606 3007 4661 aliis
3038 4621 3064 4658 a
3095 4622 3181 4679 me
3207 4607 3341 4679 visis
3380 4610 3641 4679 scriptum
3683 4613 3763 4661 est

2149 4682 2362 4754 egerint.
2386 4674 2517 4749 Qua:
2548 4689 2630 4735 est
2653 4674 2811 4733 lectio
2840 4679 3070 4748 vulgata:
3101 4676 3353 4734 editionis
3376 4674 3748 4806 Aplui-alypsis.

3489 4768 3646 4806 ALUZ.

3489 4768 3646 4808 ALUZ.

2225 4822 2506 4879 Gaudium.
2540 4823 2722 4879 Codex
2754 4819 3020 4877 Fuxcnsis
3040 4863 3055 4887 ,
3088 4820 3333 4890 gaudium
3360 4838 3535 4894 coram
3567 4819 3759 4894 angelis

2152 4896 2261 4971 Dei_
2281 4897 2333 4949 in
2364 4895 2521 4963 caelo,
2558 4911 2623 4950 cx
2655 4897 3022 4971 glosscuuite,
3050 4901 3105 4946 ut
3129 4895 3347 4971 _o[_)ittor.
3381 4891 3580 4949 Bawz.
3638 4891 3650 4894 ⁷
3709 4960 3720 4971 .

2224 4967 2395 5032 Super
2425 4984 2525 5022 uno
2568 4977 2852 5037 peccatore.
2883 4964 3025 5037 Nihil
3058 4964 3198 5018 volui
3233 4973 3473 5037 mutare,
3511 4964 3752 5034 quamvis

2150 5040 2317 5095 sciam
2347 5034 2607 5107 plurimus
2634 5038 2868 5106 Optimos
2893 5035 3107 5090 codices
3136 5034 3390 5103 prmferre
3418 5054 3576 5105 super
3603 5047 3752 5089 unum

2152 5122 2488 5182 peccatorem.
2533 5108 2662 5182 Nam
2706 5108 2872 5162 editio
2914 5122 3070 5176 quam
3117 5109 3323 5182 retineo
3368 5109 3556 5182 Iiitil_ur
3597 5108 3753 5161 etiam

2150 5178 2474 5239 auctoritate
2503 5181 2860 5252 plurimorum
2893 5190 3133 5252 veterum
3164 5178 3447 5252 librorum.
3480 5180 3680 5235 Bawz.

2223 5246 2541 5309 Delectatur.
2600 5252 2672 5306 Ita
2724 5257 2982 5318 scriptum
3028 5249 3133 5304 vidi
3184 5250 3235 5304 in
3289 5251 3473 5306 tuttltis
3527 5246 3750 5317 antiquis

2150 5326 2427 5382 codicibus
2469 5334 2521 5380 et
2573 5323 2626 5377 iu
2674 5320 3063 5376 vetnSIiorihus
3106 5320 3450 5376 editionibus.
3495 5318 3750 5377 Manutius

2153 5399 2376 5454 mutavit
2403 5407 2457 5451 et
2485 5396 2701 5466 scripsit
2723 5394 2946 5468 laztatur.
2979 5390 3320 5468 Sane‘fateor
3339 5392 3622 5468 lectionem
3647 5387 3751 5468 ida-

2151 5472 2425 5526 nutianam
2468 5460 2654 5523 extare
2697 5468 2746 5520 in
2794 5465 2977 5519 multis
3020 5460 3306 5534 codicibus
3335 5465 3571 5534 antiquis
3610 5468 3662 5516 et
3701 5460 3747 5512 in

2151 5542 2389 5598 editione
2430 5541 2641 5609 vulgata
2672 5552 2841 5592 sacrzc
2867 5536 3183 5661 SCl'IlPIlIi‘tB.
3207 5533 3310 5589 Sed
3345 5534 3431 5588 illa
3466 5533 3616 5589 usum
3648 5543 3747 5586 non

2152 5627 2274 5661 esse
2320 5610 2652 5661 Cvurtannm
2699 5617 2928 5661 constat.
3007 5616 3162 5661 tauue
3210 5605 3420 5661 Drtetttli
3472 5608 3744 5661 lcetionein

2152 5627 2274 5670 esse
2320 5605 2652 5683 Cyprianum
2699 5617 2928 5683 constat.
2979 5605 3162 5676 Itaque
3210 5605 3420 5676 praetuli
3472 5608 3744 5662 lcetiouetn

2152 5680 2742 5741 veterumeditionum.
2778 5680 2976 5735 Bacuz.

2226 5753 2502 5808 Malitiant.
2535 5755 2624 5811 Sic
2648 5752 2925 5808 emendari
2959 5758 3176 5804 seCutus
3205 5747 3575 5804 auctoritatem
3604 5752 3742 5799 vete-

2152 5844 2272 5886 rum
2295 5827 2589 5882 editionum
2614 5831 2666 5878 et
2691 5824 2937 5877 undecim
2962 5820 3610 5890 veterumexemplarium
3637 5828 3743 5869 nos-

2154 5910 2379 5977 trorum_
2401 5908 2456 5959 et
2493 5897 2657 5956 trium
2685 5892 3124 5969 Anglic-auorum.
3174 5889 3308 5950 Nam
3337 5889 3400 5951 et
3421 5901 3592 5952 textus
3631 5892 3741 5959 pro-
