4068 6324
358 206 454 264 791

1392 201 1830 263 BOMANORUM
1865 199 2282 262 PONTIFICUM
2321 204 2703 265 EPISTOLA.

3637 205 3758 262 τθὲ

359 342 494 384 vero
527 328 726 384 habere
754 342 860 383 non
895 339 1055 399 posse
1093 338 1191 381 nec
1234 338 1433 396 augere
1476 323 1620 395 quod
1646 322 1829 379 illicite
1854 337 1965 380 cte-
1988 328 2045 387 Α
2068 324 2157 381 chi
2183 340 2343 397 quam
2370 326 2645 384 lihellatiei
2691 342 2872 397 causa,
2899 324 3023 386 cum
3055 330 3142 387 hic
3172 330 3550 389 necessitate
3571 372 3589 395 ,
3652 328 3756 385 ille

342 422 576 493 perint,
616 421 711 477 sed
757 421 941 476 statim
974 435 1097 475 cum
1144 433 1307 490 prava
1337 434 1431 474 sua
1465 418 1810 475 aemulatione
1866 419 1960 475 de-

357 517 543 580 ﬁcere,
577 515 952 587 episcopatum
985 523 1168 569 autem
1198 524 1385 569 tenere
1407 529 1512 568 non
1544 523 1765 584 posset,
1797 516 1959 569 etiam

358 611 404 666 si
439 611 724 681 episcopus
768 610 920 681 prius
949 608 1121 665 factus
1171 624 1200 662 a
1250 611 1695 681 coepiscopornm
1742 623 1961 665 suorum

358 718 591 775 corpore
638 713 692 759 et
718 704 787 759 ab
815 702 1075 759 Ecclesiae
1105 702 1310 757 unitate
1357 702 1688 757 descisceret
1715 710 1763 769 δ,
1795 717 1965 773 quan-

362 795 434 853 do
463 796 753 867 Apostolus
778 794 1069 850 admoneat
1100 803 1156 850 ut
1187 795 1417 851 invicem
1448 794 1809 866 nosmetipsos
1840 799 1977 851 sus?

358 890 661 955 tineamus,
708 904 779 943 ne
807 888 876 942 ah
915 888 1123 943 unitate
1166 903 1326 959 quam
1371 887 1515 942 Deus
1542 888 1824 943 constituit
1877 903 1966 945 re-

357 981 616 1037 cedamus
633 1024 646 1047 ,
687 991 742 1036 et
769 980 915 1037 dicat
942 999 956 1036 :
992 981 1317 1037 Sustiuentes
1343 982 1559 1036 invicem
1580 982 1634 1035 in
1656 982 1929 1037 dilectione
1947 1023 1962 1049 ,

365 1077 492 1130 satis
519 1085 726 1147 agentes
752 1091 957 1131 scrvare
1004 1077 1252 1130 unitatem
1271 1079 1484 1148 spiritus
1509 1077 1563 1130 in
1609 1077 1969 1147 conjunctione

362 1169 507 1238 pacis
539 1166 762 1238 (Ep/tes.
790 1184 900 1231 xw,
932 1167 990 1233 2,
1022 1168 1101 1241 ὃ).
1133 1168 1235 1236 Qui
1258 1184 1388 1239 ergo
1416 1184 1515 1225 nec
1532 1170 1790 1225 unitatem
1811 1171 1970 1241 spiri-

362 1271 451 1316 tus
484 1278 583 1317 nec
614 1264 1057 1332 conjunctionem
1092 1263 1239 1334 pacis
1261 1263 1546 1331 observat,
1580 1276 1634 1320 et
1661 1281 1719 1320 se
1747 1266 1816 1321 ab
1869 1266 1971 1321 Ec-

363 1356 546 1412 clesiae
573 1357 791 1413 vinculo
818 1367 985 1428 atque
1009 1373 1039 1412 a
1067 1359 1413 1414 sacerdotum
1454 1359 1684 1431 collegio
1720 1371 1968 1431 separat,

363 1451 605 1521 episcopi
653 1468 754 1506 nec
785 1460 1105 1522 potestatem
1132 1461 1310 1522 potest
1355 1453 1554 1510 habere
1579 1470 1679 1510 nec
1710 1455 1970 1512 honorem

366 1544 457 1615 qui
488 1545 830 1615 episcopatus
857 1561 957 1600 nec
976 1547 1235 1601 unitatem
1255 1546 1425 1602 voluit
1446 1554 1631 1602 tenere
1646 1563 1744 1603 nec
1764 1563 1969 1617 pacem.

443 1635 614 1691 XXV.
658 1636 795 1692 'l‘um
822 1638 1019 1693 deinde
1040 1649 1275 1710 quantus
1307 1642 1630 1710 arrogantia:
1662 1650 1839 1696 tumor
1864 1654 1969 1709 est,

2071 418 2351 475 voluntate
2394 422 2729 492 peccaverit,
2766 421 2853 479 hic
2895 424 3211 481 existimans
3262 424 3387 481 sibi
3422 424 3589 480 satis
3615 437 3755 479 esse

2065 512 2208 583 quod
2249 529 2356 569 non
2408 516 2835 583 sacriﬁcaverit,
2902 533 3090 575 errore
3162 518 3457 590 deceptus
3535 517 3621 573 sit
3692 514 3750 583 δ,

2068 604 2161 661 ille
2192 608 2522 664 matrimOnii
2564 620 2899 682 expugnator
2928 613 3120 681 alieni,
3177 614 3261 670 vel
3312 614 3598 683 lupanar
3650 611 3749 668 in-

2066 713 2290 769 gressus
2315 702 2382 755 ad
2411 702 2653 759 cloacam
2695 714 2750 760 et
2803 720 3076 762 caenosam
3133 708 3489 778 voraginem
3540 705 3752 776 vulgi,

2069 795 2464 850 sanctiﬁcatum
2505 811 2704 868 corpus
2728 807 2784 853 et
2816 799 2907 855 Dei
2937 801 3193 871 templum
3226 798 3595 856 detestabili
3630 797 3755 854 col-

2068 888 2285 945 luvione
2327 891 2646 959 violaverit,
2696 894 2836 949 sicut
2866 896 3159 965 Apostolus
3211 906 3233 934 ε
3286 894 3499 950 dicit:
3569 890 3756 948 Omne

2071 993 2333 1065 peccatum
2360 981 2718 1057 quodcumque
2736 986 2914 1058 fecerit
2937 988 3109 1053 homo,
3141 998 3285 1043 extra
3344 1003 3577 1059 corpus
3626 996 3709 1041 est
3729 1003 3754 1053 ;

2070 1077 2158 1145 qui
2202 1087 2374 1132 autem
2409 1080 2710 1148 moechatur,
2751 1081 2805 1134 in
2836 1098 3021 1152 corpus
3067 1098 3217 1137 suum
3269 1091 3482 1151 peccat
3516 1080 3573 1151 (Ι
3611 1076 3748 1136 Car.

2071 1187 2149 1241 vn,
2183 1172 2295 1246 l8).
2321 1174 2528 1241 Quibus
2577 1184 2754 1231 tamen
2782 1185 2837 1232 et
2863 1178 2992 1248 ipsis
3022 1178 3347 1247 poenitentia
3382 1174 3753 1232 conceditur

2077 1276 2131 1321 et
2158 1267 2489 1325 lamentandi
2521 1284 2585 1325 ac
2614 1270 2980 1326 satisfaciendi
3002 1286 3127 1341 spes
3144 1270 3506 1342 relinquitur
3532 1283 3752 1324 secun-

2074 1358 2203 1414 dum
2238 1360 2412 1430 ipsum
2446 1362 2764 1433 Apostolum
2797 1363 3065 1421 dicentem
3094 1384 3108 1420 :
3140 1363 3324 1419 Timeo
3358 1380 3435 1419 ne
3457 1362 3614 1433 forte
3669 1376 3749 1416 ve-

2076 1453 2220 1508 niens
2246 1455 2314 1508 ad
2358 1472 2447 1509 vos
2468 1456 2672 1527 lugeam
2693 1457 2880 1512 multos
2905 1473 2967 1512 ex
2993 1457 3057 1511 iis
3083 1458 3170 1523 qui
3206 1467 3331 1511 ante
3357 1440 3746 1526 peccaverunt

2078 1556 2243 1600 etnon
2264 1557 2473 1619 egerunt
2497 1550 2842 1619 paenitentiam
2865 1550 2928 1604 de
2950 1549 3285 1604 immunditiis
3298 1565 3456 1618 quas
3486 1549 3749 1620 fecerunt

2078 1650 2125 1694 et
2150 1642 2581 1711 fornicationibus
2610 1654 2656 1698 et
2687 1643 2983 1697 libidinibus
3010 1641 3056 1715 (Ι
3083 1640 3202 1697 Cor.
3234 1658 3340 1708 xu,
3378 1642 3492 1708 20,
3527 1640 3662 1712 21).

370 1740 569 1802 quanta
612 1731 933 1786 humilitatis
979 1741 1033 1788 et
1095 1732 1334 1788 lenitatis
1378 1734 1609 1801 oblivio,
1658 1738 1979 1807 arrogantia:
2009 1745 2059 1806 Β
2156 1732 2372 1788 XXVII.
2415 1734 2523 1790 Nec
2548 1735 2649 1791 sibi
2688 1737 2739 1791 in
2774 1736 2875 1792 hoc
2911 1737 3034 1791 novi
3065 1736 3307 1792 haeretici
3348 1734 3744 1791 blandiantur

371 1840 486 1881 sua:
526 1836 726 1896 quanta
767 1825 1021 1896 jactatio,
1056 1836 1112 1880 ut
1159 1826 1282 1897 quis
1324 1836 1418 1882 aut
1448 1828 1646 1883 audeat
1675 1841 1769 1884 aut
1799 1829 1978 1888 facere

374 1934 437 1976 se
467 1935 623 1991 posse
664 1920 848 1976 credat
873 1919 1019 1991 quod
1044 1936 1145 1977 nec
1176 1922 1451 1991 Apostolis
1493 1923 1765 1979 concessit
1799 1925 1980 1981 Domi-

373 2029 499 2080 nus,
534 2023 594 2069 ut
614 2014 817 2070 zizania
848 2030 877 2069 a
907 2014 1179 2070 frumento
1208 2024 1356 2085 putet
1383 2031 1444 2072 se
1465 2030 1626 2088 posse
1663 2016 1977 2075 discernere

374 2108 589 2179 (Matth.
623 2110 759 2177 xm),
810 2121 902 2164 aut
947 2110 1100 2181 quasi
1152 2110 1253 2180 ipsi
1301 2111 1477 2182 palam
1513 2112 1654 2168 ferre
1700 2120 1755 2167 et
1793 2129 1973 2169 aream

376 2217 609 2274 purgare
628 2217 945 2258 concessum
999 2204 1109 2270 sit,
1140 2204 1324 2274 paleas
1350 2213 1578 2260 conetur
1620 2221 1651 2260 a
1696 2205 1875 2262 tritico
1894 2222 1976 2263 se-

375 2310 593 2367 parare,
628 2311 860 2367 cumque
883 2297 1176 2369 Apostolus
1203 2298 1375 2363 dicat;
1406 2298 1474 2354 In
1505 2303 1657 2354 domo
1677 2312 1846 2355 autem
1870 2318 1981 2356 ma-

373 2409 581 2465 gnanan
603 2393 771 2448 solum
794 2409 914 2447 uasa
941 2410 1099 2447 aurea
1146 2405 1266 2449 sunt
1295 2404 1343 2448 et
1370 2404 1606 2465 argenta,
1626 2395 1717 2450 sed
1743 2407 1788 2450 ct
1811 2398 1980 2469 lignea

375 2496 427 2541 et
461 2486 728 2557 ﬁctilia(ll
760 2485 894 2541 Tim.
921 2486 1285 2559 tt,20),nurea
1317 2498 1369 2542 et
1391 2499 1643 2559 argentea
1660 2504 1786 2543 vasa
1800 2489 1983 2545 videa-

378 2590 467 2635 tur
508 2580 730 2651 eligere,
766 2579 940 2649 lignea
974 2594 1104 2634 vero
1133 2589 1189 2634 et
1218 2579 1401 2635 ﬁctilia
1442 2590 1828 2648 contemnere,
1881 2581 1980 2636 ab-

371 2674 578 2744 jicere,
624 2673 915 2737 damnare,
950 2673 1166 2744 quando
1195 2687 1303 2728 non
1333 2673 1435 2727 nisi
1480 2673 1567 2729 die
1614 2674 1824 2728 Domini
1854 2689 1982 2730 vasa

374 2767 553 2837 lignea
587 2766 754 2821 divini
783 2767 994 2822 ardoris
1023 2766 1276 2823 incendio
1301 2777 1718 2823 concrementur
1742 2809 1757 2832 ,
1804 2777 1860 2823 et
1883 2767 1980 2823 lic-

379 2860 492 2915 tilia
543 2860 613 2915 ah
658 2875 725 2916 eo
782 2861 867 2916 cui
917 2860 1041 2915 data
1098 2870 1182 2915 est
1235 2860 1409 2916 ferrea
1458 2861 1606 2932 virga
1667 2861 1984 2931 frangantur

379 2950 557 3023 (Psal.
603 2952 687 3021 ιι).

448 3045 646 3101 XXVI.
691 3046 796 3101 Aut
850 3045 895 3100 si
953 3060 1013 3101 se
1060 3044 1243 3103 cordis
1295 3054 1350 3100 et
1413 3046 1559 3116 renis
1626 3054 1982 3102 scrutatorem

380 3139 659 3196 con~tituit
695 3148 750 3193 et
771 3137 1008 3207 judicem
1028 3180 1043 3205 ,
1098 3152 1197 3209 per
1223 3138 1403 3192 omnia
1434 3138 1713 3208 aequaliter
1739 3140 1978 3209 judicet;

380 3248 436 3293 et
463 3252 583 3291 cum
612 3236 750 3291 sciat
777 3236 1036 3304 scriptum
1057 3248 1207 3300 esse,
1244 3232 1373 3287 Ecce
1399 3249 1555 3289 sanus
1578 3235 1745 3305 factus
1773 3250 1845 3298 es,
1863 3234 1975 3303 jam

378 3330 490 3384 noli
513 3345 745 3400 peccare,
790 3344 854 3382 ne
894 3328 1017 3398 quid
1073 3327 1162 3381 tibi
1206 3327 1428 3381 deterius
1458 3326 1749 3399 ﬁat(.loan.
1776 3343 1828 3395 v,
1862 3326 1978 3398 14),

376 3422 717 3479 fraudatores
747 3431 802 3479 et
828 3421 1070 3478 moechos
1091 3435 1119 3474 a
1144 3420 1309 3476 latere
1338 3430 1503 3491 atque
1533 3436 1562 3474 a
1594 3421 1850 3476 comitatu
1880 3435 1979 3477 suo

373 3528 627 3589 separet,
681 3515 897 3589 quando
922 3514 1095 3571 multo
1125 3523 1178 3570 et
1211 3514 1424 3587 gravior
1453 3522 1505 3571 et
1536 3515 1690 3586 pejor
1736 3515 1807 3570 sit
1842 3530 1976 3573 mm-

2079 1827 2225 1897 quod
2254 1843 2314 1883 se
2340 1828 2518 1884 dicant
2548 1829 2845 1885 idololatt-is
2874 1846 2978 1886 non
3014 1832 3465 1899 communicare,
3500 1830 3740 1901 quando

2079 1918 2190 1972 sint
2217 1918 2356 1988 apud
2394 1920 2516 1975 illos
2536 1929 2591 1976 et
2614 1921 2845 1978 adulteri
2876 1933 2930 1978 et
2956 1921 3321 1992 fraudatores,
3343 1925 3450 1993 qui
3486 1933 3738 1979 tenean—

2079 2016 2164 2064 tur
2210 2010 2532 2067 idololatriue
2582 2015 2845 2079 crimine,
2903 2016 3199 2072 secundum
3253 2017 3617 2088 Apostolum
3643 2015 3734 2070 (li-

2076 2112 2322 2159 centem:
2360 2103 2473 2160 Hoc
2500 2108 2634 2161 enim
2657 2109 2835 2164 scitote
2860 2110 3199 2181 intelligentes
3228 2111 3357 2180 quia
3393 2112 3586 2165 omnis
3614 2114 3735 2183 for-

2075 2199 2271 2253 nicator
2286 2210 2375 2254 aut
2395 2202 2688 2257 immundus
2705 2214 2792 2257 aut
2811 2206 3103 2275 fraudator,
3126 2205 3263 2275 quod
3278 2214 3361 2260 est
3378 2205 3728 2271 idololatria,

2082 2308 2185 2347 nou
2211 2293 2357 2348 habet
2384 2288 2732 2351 Itwreditatem
2754 2300 2807 2353 in
2837 2315 2995 2370 regno
3016 2298 3207 2355 Christi
3243 2310 3289 2354 et
3348 2298 3462 2354 Dei
3490 2296 3729 2369 (Ephes.

2083 2402 2137 2453 ν,
2166 2386 2247 2458 5).
2299 2388 2366 2444 Et
2389 2390 2581 2445 iterum
2631 2388 2657 2427 ά
2690 2409 2702 2444 :
2732 2391 3043 2462 Mortiﬁcate
3068 2394 3235 2462 itaque
3277 2393 3531 2447 membra
3557 2401 3730 2447 vestra

2084 2498 2198 2553 qua:
2227 2486 2279 2537 in
2308 2493 2445 2538 terra
2469 2493 2607 2548 sunt,
2631 2496 2941 2557 exponentes
2967 2487 3392 2553 fornicationem,
3421 2485 3729 2541 immundi-

2088 2576 2212 2630 tiam
2245 2586 2294 2630 et
2337 2579 2803 2649 concupiscentiam
2833 2581 3043 2648 malam,
3075 2591 3121 2635 et
3160 2580 3539 2651 cupiditatem,
3607 2595 3725 2651 quae

2085 2681 2204 2725 sunt
2247 2670 2504 2727 idolorum
2558 2675 2800 2742 servitus,
2857 2685 3066 2747 praptcr
3123 2691 3238 2742 qua:
3284 2677 3434 2730 venit
3484 2676 3572 2729 ira
3623 2673 3726 2729 Dei

2093 2761 2315 2834 (Coloss.
2341 2779 2416 2831 ιιι,
2449 2765 2504 2831 5,
2533 2763 2611 2830 6).
2652 2765 2784 2822 Nam
2816 2781 2938 2822 cum
2961 2782 3189 2837 corpora
3228 2776 3425 2822 nostra
3463 2767 3720 2824 membra

2087 2857 2197 2912 sint
2221 2856 2440 2926 Christi,
2467 2868 2521 2913 et
2546 2859 2742 2930 singuli
2760 2860 2930 2915 simus
2965 2860 3222 2930 templum
3254 2859 3392 2925 Dei,
3419 2862 3554 2932 quis
3591 2860 3717 2932 quis

2088 2949 2353 3006 adulterio
2385 2951 2641 3022 templum
2672 2954 2765 3009 Dei
2791 2954 2974 3020 violat,
3006 2955 3170 3008 Deum
3196 2954 3400 3019 violat;
3428 2964 3487 3010 et
3520 2954 3617 3025 qui
3659 2953 3713 3008 in

2089 3046 2325 3113 peccatis
2346 3045 2751 3101 committendis
2779 3047 3113 3102 voluntatem
3140 3047 3341 3103 diaboli
3375 3047 3540 3119 facit,
3600 3046 3714 3102 da:-

2089 3138 2285 3193 moniis
2310 3148 2364 3194 et
2391 3138 2550 3194 idolis
2593 3139 2778 3194 servit.
2828 3138 3013 3210 Neque
3042 3140 3186 3195 enim
3238 3140 3384 3195 mala
3443 3138 3595 3195 facta
3638 3137 3710 3194 de

2087 3239 2276 3287 sancto
2322 3231 2527 3302 Spiritu
2575 3233 2826 3299 veniunt,
2868 3232 2963 3289 sed
2993 3233 3061 3289 de
3088 3232 3387 3290 adversarii
3440 3235 3710 3290 instinctu

2086 3324 2238 3382 etde
2288 3324 2565 3381 immundo
2595 3327 2785 3398 spiritu
2834 3337 2974 3382 natae
3023 3329 3484 3400 concupiscentim
3511 3337 3705 3385 contra

2086 3419 2255 3476 Deum
2285 3419 2464 3477 facere
2492 3430 2547 3476 et
2590 3422 2806 3478 diabolo
2851 3421 3056 3479 servire
3096 3423 3462 3495 compellunt.
3512 3423 3593 3479 lta
3650 3423 3708 3478 fit

2084 3525 2145 3572 ut
2182 3518 2230 3572 si
2279 3527 2503 3588 peccato
2546 3517 2771 3576 alterius
2812 3519 3081 3591 inquinari
3130 3518 3363 3576 alterum
3404 3519 3604 3578 dicunt
3649 3527 3703 3575 et

1578 3658 1964 3719 LECTIONES
2000 3660 2420 3719 VARIAI‘TES.

438 3786 465 3813 ιι
501 3781 701 3832 Unitate
724 3779 1009 3830 discederet
1034 3781 1169 3830 Lam.

434 3844 466 3885 ἲ)
499 3846 681 3897 Errore
704 3842 964 3907 deceptus,
991 3841 1076 3894 ille
1111 3843 1242 3894 Lam.
1269 3840 1417 3893 Ebor.
1446 3845 1493 3895 Ν
1500 3842 1554 3891 C.
1579 3843 1627 3892 1.

2145 3783 2171 3847 (ᾗ
2206 3780 2489 3847 ξθοιιιιάιιιιι
2508 3782 2795 3847 Apostolum
2823 3784 2955 3847 Lam.
2986 3782 3126 3835 Ebor.
3159 3788 3206 3837 Ν
3213 3784 3247 3835 C
3258 3823 3267 3834 .
3304 3787 3348 3838 ι.

2094 3894 2097 3895 ν
2146 3842 2174 3884 ει
2206 3844 2269 3897 Et
2290 3846 2470 3897 iterum
2487 3842 2607 3898 dicit
2634 3847 2766 3897 Lam.
2796 3846 2939 3898 Ebor.
2966 3847 3074 3898 ΝΟ.
3109 3849 3150 3898 l.

1722 4015 2083 4075 VARIORUM
2119 4014 2347 4073 NOTAE.

440 4164 924 4230 XXV.—Qunntus
949 4161 1259 4234 arrogantia:
1277 4169 1465 4234 tumor.
1487 4157 1829 4234 l_l_unc_locum
1848 4157 1965 4214 des-

365 4238 555 4307 cripsit
581 4229 803 4292 sanctus
834 4229 1166 4307 Augustinus
1194 4234 1285 4289 lih.
1317 4248 1371 4287 tv
1395 4231 1464 4307 de
1495 4229 1761 4307 Baptismo
1787 4240 1965 4283 contra

366 4302 692 4374 Donatistas,
710 4324 829 4373 esp.
851 4302 945 4371 ης
958 4317 1006 4359 et
1032 4304 1343 4366 Gratianus,
1365 4302 1460 4359 sed
1478 4317 1583 4357 non
1604 4302 1674 4356 ita
1699 4302 1966 4374 integrum

2068 4172 2140 4213 ne
2167 4157 2255 4222 12,
2282 4156 2367 4212 ubi
2404 4156 2662 4225 Rigaltius
2708 4157 2887 4226 posuit
2933 4155 3104 4210 Maria
3152 4170 3248 4222 pro
3293 4157 3517 4211 moecha.
3565 4156 3680 4225 Ego

2075 4228 2219 4284 enim
2248 4228 2417 4284 all‘cro
2438 4228 2700 4284 lectiones
2725 4230 2848 4283 libri
2872 4228 3089 4283 veteris.
3118 4227 3317 4282 Bswz.

2147 4298 2491 4354 Libidinibus.
2550 4299 2733 4355 Codex
2797 4300 3059 4355 Fuxensis
3137 4300 3563 4370 turpitudinibus.
3629 4299 3684 4353 In

361 4370 976 4449 utapndAugus‘tintnn,
994 4378 1086 4441 (ὶῦ,
1112 4393 1165 4446 q.
1189 4373 1969 4449 4.7cap.Quamvismhieitatur

2080 4372 2401 4449 epistola__ad
2442 4371 2721 4449 Donatum
2749 4388 2867 4449 pag.
3000 4370 3368 4449 Tunt‘delectat
3416 4375 3470 4426 in
3497 4371 3681 4449 ‘ntiinis,

361 4470 427 4512 ex
480 4445 806 4521 Augustino,
839 4464 965 4521 non
992 4464 1057 4503 ex
1100 4445 1396 4521 Cypriano.
1419 4447 1727 4521 Salvianus.
1753 4445 1846 4521 lib.
1882 4458 1964 4509 tv,

364 4542 486 4598 cap.
508 4517 607 4579 12“:
638 4523 871 4598 Maxima
883 4520 1070 4598 quippe
1097 4517 1391 4598 accusatria}
1414 4517 1968 4598 hominunmoxioru-m

364 4587 769 4667 est-usurpatrix
788 4587 1087 4667 innocentia:
1116 4591 1447 4667 arroga_ntia._
1466 4588 1611 4643 ldent
1653 4589 1703 4640 in
1734 4587 1966 4667 epistola

360 4671 430 4726 ad
465 4659 789 4725 Eucherium
820 4684 835 4720 :
880 4663 1190 4734 Pcdissequa
1230 4659 1367 4734 enim
1391 4659 1688 4731 plerumque
1721 4660 1835 4713 novi
1870 4659 1965 4713 ho-

359 4746 503 4798 noris
532 4751 606 4796 est
635 4737 953 4809 arrogantia.
1006 4732 1251 4789 Honores
1285 4732 1426 4787 enim
1475 4744 1719 4802 persaepe
1760 4739 1971 4786 mutant

360 4829 562 4870 mores.
603 4813 803 4867 BALUZ.

433 4880 1080 4941 XXVl.——Frandatorcs.
1111 4877 1165 4931 1‹1
1185 4888 1267 4931 est
1307 4875 1639 4930 idololatras.
1662 4873 1793 4927 Nam
1823 4874 1967 4929 dicet

363 4961 526 5026 paulo
551 4968 691 5025 post.
714 4950 1158 5026 fraudator,qu0d
1172 4959 1241 5026 est
1265 4948 1578 5026 idololatria.
1606 4946 1967 5026 Hieronymus

360 5017 419 5083 in
438 5017 668 5097 epistola
714 5017 783 5081 ad
820 5017 1167 5097 Heliodorum
1200 5020 1269 5097 de
1299 5018 1481 5073 Laude
1508 5020 1631 5073 vitae
1659 5017 1913 5097 Solitarim
1947 5036 1960 5071 :

362 5090 544 5153 Omnis
562 5100 875 5169 fornicator,
895 5106 983 5169 aut
1011 5093 1324 5169 immundus,
1350 5100 1435 5144 aut
1467 5106 1669 5169 avarus,
1703 5099 1793 5169 aut
1819 5090 1965 5169 frau-

359 5170 531 5235 dator,
556 5162 693 5241 quod
719 5179 790 5241 est
823 5168 1079 5241 idolorum
1117 5166 1353 5241 servitus,
1387 5179 1488 5217 non
1517 5164 1663 5215 habet
1694 5162 1964 5215 hwredita-

356 5253 455 5295 tem
485 5243 534 5295 in
558 5235 712 5311 regno
741 5238 939 5311 Christi
952 5250 999 5311 et
1031 5237 1147 5291 Dei.
1176 5235 1319 5311 Istud
1346 5250 1472 5289 vero
1494 5245 1765 5304 sumptum
1794 5243 1876 5288 est
1895 5251 1959 5289 ex

355 5312 595 5383 Epi~tola
615 5307 774 5366 'Pauli
806 5311 874 5365 ad
899 5309 1165 5383 Ephesios.
1191 5307 1389 5383 Dswz.

436 5384 536 5449 Qui
560 5383 859 5437 mazchatur.
906 5375 1068 5435 Multa
1107 5381 1177 5435 de
1213 5378 1317 5433 hoc
1354 5383 1671 5447 argumento
1703 5375 1808 5431 dici
1835 5389 1962 5447 pos-

357 5448 502 5520 sent,
532 5470 560 5508 a
593 5455 787 5524 quibus
819 5453 1086 5507 absnnco.
1115 5452 1234 5524 Sed
1278 5461 1457 5503 tamen
1491 5448 1621 5502 illud
1659 5448 1826 5524 siIfre
1854 5464 1960 5502 non

353 5517 578 5598 possum
603 5517 745 5598 Quod
785 5522 1331 5598 sciermendandum
1371 5535 1506 5598 esse
1530 5519 1671 5598 apud
1708 5517 1963 5598 Commo-

354 5591 575 5653 diaonm
610 5591 855 5649 i'nsttuet.
901 5593 992 5660 10,
1048 5603 1098 5648 et
1139 5591 1545 5663 sequenti,rubi
1588 5592 1957 5663 reponendum

352 5679 435 5722 est
467 5667 691 5722 moechus
721 5675 776 5720 et.
806 5667 1021 5720 mmchia
1068 5681 1164 5735 pro
1193 5661 1260 5721 eo
1301 5662 1442 5735 quod
1485 5662 1746 5735 Rigaltius
1782 5661 1961 5735 posuit

344 5736 524 5796 Maius
552 5749 605 5797 et
635 5737 798 5792 Maia.
836 5737 927 5793 Sic
958 5734 1119 5792 etiam
1151 5734 1522 5808 reponendum
1552 5736 1605 5789 in
1646 5734 1957 5792 instructio-

2075 4443 2445 4516 turpitndiuent
2465 4446 2776 4515 magisterio.
2814 4445 3096 4499 Salvianus
3118 4443 3213 4499 lib.
3234 4459 3309 4509 Vl,
3332 4459 3457 4516 cap.
3488 4444 3544 4512 8,
3571 4443 3681 4497 loca

2073 4526 2118 4569 et
2148 4515 2441 4568 habitacula
2467 4516 2858 4583 turpitudinum.
2902 4516 3102 4569 Bswz.

2153 4584 2262 4639 Nec
2297 4587 2408 4639 sibi.
2443 4586 2585 4641 Citat
2617 4590 2758 4641 hunc
2783 4589 2955 4641 locum
2981 4589 3038 4643 S.
3064 4588 3509 4657 Augustinuslib.
3540 4602 3590 4640 tv
3618 4587 3681 4640 de

2069 4656 2339 4728 Baptismo
2380 4657 2622 4712 adversus
2651 4657 2946 4712 Donatistas
2977 4674 3097 4725 cap.
3125 4656 3197 4719 ὃς
3246 4660 3483 4730 itemque
3511 4658 3674 4730 Hine-

2070 4745 2252 4785 marus
2284 4733 2335 4784 in
2366 4730 2622 4799 opusculo
2658 4745 2723 4784 Lv
2760 4730 3108 4800 Capitulorum
3136 4745 3255 4800 cap.
3280 4731 3370 4856 4:3.
3399 4729 3519 4801 pag.
3548 4729 3672 4786 565.

3374 4819 3531 4856 ALUZ.

3374 4819 3531 4858 ALUZ.

2143 4871 2761 4928 XXVll.—ldo!olatris.
2778 4871 2979 4929 Omnes
2994 4873 3112 4926 libri
3130 4884 3342 4928 veteres
3356 4885 3409 4929 et
3424 4871 3671 4928 vetustio-

2068 4959 2159 5000 res
2189 4944 2454 5000 editiones
2477 4956 2529 4999 et
2561 4945 2679 4999 heie
2720 4945 2875 5015 paulo
2905 4955 3023 5015 post
3053 4944 3252 4999 habent
3284 4947 3541 5015 scriptum
3563 4945 3672 4997 ido-

2068 5016 2215 5071 latt‘is
2243 5025 2298 5071 et
2324 5018 2605 5081 idolatriae;
2638 5016 2769 5071 nihil
2804 5029 2981 5071 tamen
3015 5024 3222 5070 mutare
3239 5018 3403 5082 volui,
3431 5015 3666 5086 quamvis

2067 5090 2233 5143 sciam
2269 5091 2338 5142 ita
2365 5090 2524 5159 vulgo
2545 5091 2802 5158 scriptum
2816 5103 2938 5144 esse
2969 5090 3018 5142 in
3035 5087 3268 5158 antiquis
3296 5089 3567 5143 codicibus
3581 5100 3667 5141 vc-

2067 5168 2240 5215 tcrum
2266 5162 2586 5229 scriptorum
2609 5160 2919 5226 latinorum,
2939 5170 2989 5215 et
3013 5161 3255 5229 quamvis
3286 5159 3582 5229 exemplum
3597 5159 3660 5229 ita

2065 5233 2338 5288 scribendi
2380 5228 2614 5287 habeam
2666 5231 2885 5286 Antonii
2928 5232 2997 5286 de
3032 5228 3244 5285 'Albonc
3283 5228 3661 5300 archiepiSCopi

2065 5304 2463 5376 Lugdunensis,
2488 5304 2577 5376 qui
2607 5305 2675 5376 ita
2707 5304 2999 5376 scripsitin
3017 5302 3253 5376 editione
3275 5317 3369 5356 sua
3397 5316 3662 5376 continen-

2068 5372 2324 5431 tariorum
2357 5372 2533 5430 Βηιίιῆ
2565 5375 2616 5427 in
2645 5373 2909 5429 Psalmos.
2932 5372 3223 5429 Habendos
3248 5389 3368 5427 esse
3394 5372 3660 5426 videbatur

2065 5446 2241 5501 honos
2268 5447 2591 5516 antiquitati.
2619 5445 2725 5501 Sed
2756 5448 2914 5500 etiam
2963 5444 3396 5499 satisfaciendum
3421 5455 3531 5499 erat
3563 5442 3655 5496 dc-

2063 5518 2235 5573 licatis
2265 5519 2491 5586 ingeniis
2522 5518 2619 5571 ιι·νὶ
2650 5519 2840 5572 nostri.
2879 5517 3072 5572 Bswz.

2138 5583 2411 5663 lnqninari
2442 5590 2681 5663 alterum.
2723 5587 2921 5663 Codex
2983 5588 3272 5655 Fuxensis,
3324 5587 3535 5642 alterum
3579 5583 3654 5663 in:

2061 5663 2265 5732 quinari
2291 5662 2488 5715 dicunt.
2524 5664 2579 5715 In
2613 5660 2916 5718 Sorbonico
2940 5671 2997 5718 et
3021 5663 3077 5717 in
3120 5674 3228 5718 uno
3256 5675 3400 5729 meo,
3431 5660 3652 5715 excusari

2062 5731 2283 5790 alterum
2312 5732 2511 5788 dicunt.
2532 5731 2734 5789 ΒΑιυΖ.
