4068 6324
337 285 441 343 795

1177 278 1516 340 EPISTOLA
1556 279 1625 337 Χ.
1669 277 1728 335 S.
1769 274 2101 336 CYPRIANI
2128 275 2220 333 AD
2259 275 2734 335 ANTONIANUM.

3538 276 3644 335 794

330 401 694 460 idololatriam
723 400 1081 474 delinquentis
1101 399 1168 457 ad
1193 415 1302 456 non
1324 398 1728 470 delinquentem
1753 404 1926 452 trans-
1954 395 2006 457 Α
2034 401 2186 464 putas
2233 394 2496 449 rusticum
2545 409 2726 465 posse,
2774 393 2820 450 si
2859 392 3102 451 dixeris:
3133 413 3151 447 ι
3195 395 3398 466 Agrum
3447 394 3645 465 peritia

334 496 415 552 ire
480 512 578 552 sua
644 497 1047 554 asseveratione
1098 495 1465 561 contendunt,
1519 493 1773 549 excusari
1848 506 1933 547 se-

331 591 572 648 cundum
614 606 766 646 suam
798 607 985 648 vocem
1010 606 1115 647 non
1148 590 1351 661 possint
1378 587 1446 643 ab
1471 586 1788 645 idololatria:
1824 585 1933 640 cri-

329 688 516 754 mine,
567 702 691 742 cum
722 696 935 743 constet
962 687 1030 743 de
1076 685 1383 756 Apostolica
1432 682 1749 755 probatione
1799 694 1936 736 mm—

331 782 471 838 cbos
498 792 555 838 et
585 781 955 850 fraudatores,
975 782 1170 853 quibus
1198 780 1275 835 illi
1303 779 1726 842 communicant,
1756 774 1932 831 idolo-

332 874 504 931 latras
532 890 673 932 esse.
704 875 873 932 Nobis
909 887 1086 931 autem
1137 873 1434 930 secundum
1478 872 1640 927 fidem
1696 880 1933 925 nostram

332 980 388 1025 et
416 969 613 1025 divinae
631 970 1028 1041 prmdicationis
1058 969 1236 1025 datam
1262 968 1489 1024 formam
1512 965 1770 1037 competit
1797 963 1936 1018 ratio

330 1062 600 1130 veritatis,
634 1078 1069 1135 unumquemque
1099 1063 1150 1117 in
1178 1072 1405 1134 peccato
1433 1076 1533 1116 suo
1562 1060 1734 1130 ipsum
1764 1056 1936 1113 teneri

327 1170 431 1210 nec
455 1170 614 1226 posse
651 1155 879 1211 alterum
935 1170 1033 1226 pro
1059 1158 1232 1211 altero
1287 1170 1439 1210 reum
1473 1152 1620 1218 fieri,
1668 1167 1791 1207 cum
1840 1151 1937 1205 Do-

325 1249 510 1305 minus
571 1258 897 1319 przemoneat
946 1257 1001 1305 et
1053 1249 1198 1304 dicat
1257 1268 1269 1304 :
1325 1247 1543 1304 Iustitia
1581 1248 1713 1318 justi
1785 1262 1938 1316 super

327 1356 445 1396 eum
476 1341 592 1407 erit,
651 1352 697 1396 et
737 1340 902 1396 scelus
944 1343 1177 1397 scelerati
1208 1356 1369 1412 super
1415 1357 1531 1395 eum
1580 1340 1672 1394 erit
1720 1337 1933 1413 (Ezech.

323 1449 481 1498 xviri,
511 1434 625 1507 20).
659 1437 727 1491 Et
769 1437 962 1492 iterum
995 1455 1009 1493 :
1036 1436 1161 1491 Non
1180 1437 1459 1492 morientur
1480 1446 1649 1507 patres
1671 1450 1765 1503 pro
1791 1434 1932 1504 ﬁliis,

328 1539 375 1582 et
408 1528 508 1597 filii
540 1546 639 1584 non
670 1532 951 1585 morientur
971 1548 1067 1603 pro
1096 1530 1351 1602 patribus.
1385 1529 1718 1601 Unusquique
1744 1530 1797 1583 in
1819 1544 1935 1600 pec-

324 1629 443 1675 cato
477 1637 574 1676 suo
618 1626 862 1679 morietur
908 1622 1083 1696 (Deut.
1134 1640 1280 1691 xxrv,
1322 1622 1437 1697 16).
1490 1623 1644 1692 Quod
1695 1624 1936 1694 legentes

328 1714 539 1770 scilicet
567 1725 624 1771 et
656 1725 906 1773 tenentes
935 1718 1203 1773 neminem
1232 1726 1484 1789 putamus
1512 1733 1542 1771 a
1571 1717 1747 1773 fructu
1775 1716 1934 1773 satis-

2041 489 2190 543 omni
2223 489 2538 544 rusticitatis
2582 503 2776 546 exerce
2799 530 2814 557 ,
2842 487 3068 544 culturis
3093 487 3380 560 diligenter
3407 487 3595 544 insiste
3619 504 3635 554 ;

2039 584 2134 639 sed
2176 583 2376 639 nullam
2410 598 2641 639 messem
2675 592 2878 648 metes,
2909 582 3111 638 nullam
3142 581 3469 638 vindemiam
3512 596 3643 652 pre-

2040 694 2177 740 mes,
2208 677 2385 733 nullos
2414 677 2596 732 oliveti
2631 679 2701 732 tui
2735 678 2940 733 fructus
2969 675 3188 748 capies,
3221 675 3365 731 nulla
3393 675 3461 730 de
3487 674 3647 731 arbo-

2038 776 2188 831 ribus
2227 790 2382 846 poma
2428 775 2711 846 decerpes.
2750 794 2768 827 i
2815 773 2916 829 Vel
2957 774 3001 829 si
3036 773 3085 830 ei
3118 773 3203 829 cui
3244 771 3542 827 dominium
3589 778 3647 827 et

2039 883 2195 924 usum
2256 868 2471 923 navium
2517 864 2545 904 ά
2583 866 2817 922 suadens
2862 866 3052 922 dicas:
3085 886 3104 919 ι
3139 865 3415 921 Materiam
3446 863 3516 920 de
3544 878 3642 920 ex-

2038 962 2359 1019 cellentibus
2406 962 2573 1035 sylvis
2631 977 2905 1029 mercare,
2940 961 3139 1027 frater;
3173 961 3411 1017 carinam
3442 969 3467 997 θ
3500 974 3642 1031 ρτωσ

2038 1056 2229 1111 validis
2261 1064 2317 1111 et
2346 1056 2536 1111 electis
2568 1055 2854 1111 roboribus
2894 1056 3079 1110 intexe
3103 1098 3117 1122 ,
3151 1055 3306 1111 clavo
3331 1097 3346 1123 ,
3379 1053 3599 1109 funibus
3625 1093 3641 1120 ,

2041 1150 2210 1217 velis,
2244 1158 2304 1204 ut
2344 1150 2636 1206 fabricetur
2679 1159 2841 1222 atque
2871 1160 3109 1205 armetur
3149 1152 3300 1205 navis
3324 1192 3339 1215 ,
3374 1163 3640 1220 operare:

2039 1242 2135 1300 sed
2163 1258 2285 1299 cum
2316 1242 2433 1299 haec
2461 1242 2676 1311 feceris,
2713 1241 2942 1299 fructum
2964 1242 3033 1299 de
3053 1242 3264 1299 actibus
3290 1242 3408 1313 ejus
3436 1250 3493 1300 et
3518 1256 3643 1298 cur-

2040 1338 2193 1393 sibus
2224 1354 2328 1393 non
2359 1338 2588 1394 videbis.
2628 1358 2646 1391 ι

2111 1433 2306 1488 XXIX.
2352 1433 2688 1489 Prtecludere
2710 1443 2791 1488 est
2815 1440 2974 1503 atque
3009 1429 3331 1486 abscindere
3358 1427 3378 1466 ί
3409 1428 3514 1485 iter
3538 1428 3641 1483 do-

2038 1524 2170 1582 loris
2190 1542 2254 1582 ac
2277 1526 2569 1597 paenitendi
2591 1526 2750 1591 viam,
2774 1535 2830 1581 ut
2850 1540 2971 1580 cum
2995 1524 3047 1579 in
3075 1520 3367 1593 Scripturis
3392 1521 3640 1578 omnibus

2041 1621 2297 1676 Dominus
2332 1622 2470 1676 Deus
2520 1618 2919 1676 revertentibus
2962 1617 3030 1672 ad
3070 1632 3131 1673 se
3160 1626 3216 1673 et
3253 1616 3638 1688 ptenitentibus

2041 1713 2373 1780 blandiatur,
2402 1722 2587 1769 nostra
2617 1712 2813 1767 duritia
2839 1721 2893 1766 et
2915 1709 3255 1775 crudelitate,
3283 1710 3409 1763 dum
3440 1708 3643 1763 fructus

325 1806 575 1864 factionis
598 1819 653 1864 et
680 1825 777 1880 spe
805 1812 952 1882 pacis
978 1810 1269 1867 arcendum
1296 1854 1312 1880 ,
1344 1826 1465 1865 cum
1498 1811 1730 1865 sciamus
1771 1809 1921 1880 juxta
1952 1811 1999 1871 B
2028 1808 2357 1880 poenitentiae
2412 1805 2745 1876 intercipitur
2785 1814 2809 1848 π
2837 1846 2853 1868 ,
2901 1803 3217 1874 paenitentia
3246 1802 3363 1871 ipsa
3395 1800 3636 1857 tollatur.

322 1902 730 1972 Scripturarum
757 1904 1059 1961 divinarum
1092 1904 1250 1961 fidem
1274 1946 1288 1970 ,
1321 1913 1543 1960 auctore
1569 1914 1623 1959 et
1654 1901 1929 1959 hortatore

323 1996 447 2067 ipso
480 1997 610 2067 Deo,
637 2007 692 2052 et
720 1997 785 2054 ad
818 1999 1080 2070 agendam
1114 1999 1485 2070 paenitentiam
1506 2008 1816 2068 peccatores
1838 2012 1928 2052 re-

324 2089 466 2160 digi,
497 2098 554 2145 et
582 2091 795 2147 veniam
823 2100 986 2163 atque
1009 2092 1393 2162 indulgentiam
1422 2090 1803 2161 paenitentibus
1820 2104 1925 2145 non

323 2181 604 2257 denegari.

396 2276 637 2335 XXVIII.
667 2282 843 2353 Atque
870 2298 902 2335 o
932 2281 1250 2338 frustrandae
1280 2281 1627 2336 fraternitatis
1655 2280 1859 2336 irrisio!
1894 2295 1928 2334 ο

322 2370 644 2428 miserorum
682 2374 1172 2431 lamentantium'et
1202 2376 1497 2430 amentium
1528 2374 1729 2430 caduca
1757 2373 1923 2430 dece-

320 2468 466 2538 ptio!
496 2484 527 2521 ο
556 2469 823 2527 hmreticae
852 2471 1202 2527 institutionis
1233 2471 1480 2528 inefficax
1509 2482 1563 2527 et
1594 2487 1728 2526 vana
1757 2470 1924 2526 tradi-

322 2561 430 2616 tio!
461 2561 668 2618 liortari
716 2564 783 2619 ad
831 2563 1272 2621 satisfactionisa
1304 2565 1674 2634 ptenitentiam
1711 2573 1766 2619 et
1792 2562 1924 2619 sub-

322 2652 542 2710 trahere
567 2656 635 2712 de
663 2655 1030 2713 satisfactione
1061 2657 1381 2712 medicinam
1410 2700 1425 2723 ,
1459 2657 1640 2713 dicere
1666 2656 1924 2713 fratribus

320 2749 561 2826 nostris:
594 2768 614 2796 ε
648 2752 849 2823 Plange
890 2762 946 2806 et
986 2751 1251 2824 lacrymas
1297 2750 1499 2815 funde,
1547 2762 1602 2806 et
1644 2750 1832 2807 diebus
1862 2765 1926 2807 ac

320 2845 572 2901 noctibus
602 2846 916 2916 ingemisce,
949 2858 1001 2903 et
1032 2861 1131 2917 pro
1152 2846 1422 2902 abluendo
1449 2855 1503 2901 et
1530 2845 1807 2916 purgando
1830 2844 1925 2900 de-

320 2935 451 2992 licto
499 2947 589 2993 tuo
636 2938 856 3010 largiter
899 2950 954 2995 et
998 2938 1308 3012 frequenter
1336 2954 1594 3010 operare,
1628 2939 1722 2994 sed
1769 2947 1922 2994 extra

318 3028 615 3086 Ecclesiam
649 3044 769 3102 poSt
806 3033 986 3088 omnia
1027 3033 1128 3088 ista
1157 3033 1439 3100 morieris;
1469 3047 1824 3104 quaecumque
1853 3031 1921 3087 ad

320 3136 507 3194 pacem
550 3124 819 3195 pertinent
860 3125 1054 3193 facies,
1099 3125 1194 3182 sed
1232 3125 1431 3181 nullam
1483 3140 1667 3195 pacem
1694 3168 1707 3189 ,
1760 3140 1921 3196 quam

2031 1903 2184 1972 Quod
2211 1905 2254 1959 si
2285 1903 2588 1959 invenimus
2612 1918 2642 1956 ει
2674 1900 2985 1972 pteoitentia
3011 1897 3214 1970 agenda
3246 1897 3517 1953 neminem
3541 1897 3639 1954 de-

2031 1997 2162 2053 bere
2192 1995 2498 2067 prohiberi,
2531 2005 2585 2049 et
2622 1992 3039 2065 deprecantibus
3076 2000 3236 2062 atque
3276 1989 3627 2046 exorantibus

2032 2091 2244 2146 Domini
2262 2089 2708 2155 misericordiam,
2730 2087 3025 2143 secundum
3049 2083 3194 2156 quod
3220 2083 3311 2140 ille
3328 2082 3638 2140 misericors

2031 2192 2085 2239 et
2114 2185 2232 2254 pius
2257 2191 2360 2249 est,
2390 2198 2485 2253 per
2507 2181 2819 2238 sacerdotes
2843 2180 2962 2250 ejus
2993 2193 3182 2251 pacem
3204 2192 3364 2248 posse
3387 2175 3636 2243 concedi,

2030 2277 2394 2333 admittendus
2422 2288 2505 2333 est
2538 2275 2897 2348 plangentium
2924 2274 3191 2345 gemitus,
3224 2280 3279 2327 et
3306 2271 3636 2343 paenitentiae

2029 2370 2232 2428 fructus
2259 2371 2566 2427 dolentibus
2598 2386 2702 2426 non
2734 2370 3033 2442 negandus.
3067 2369 3136 2424 Et
3158 2369 3291 2439 quia
3319 2367 3463 2438 apud
3494 2365 3636 2423 infe-

2029 2481 2121 2523 ros
2148 2467 2416 2522 confessio
2442 2482 2547 2521 non
2579 2474 2682 2531 est,
2714 2480 2811 2520 nec
2838 2463 3236 2533 exornologesis
3261 2461 3369 2516 illic
3394 2460 3508 2516 fieri
3541 2473 3638 2531 po-

2031 2569 2157 2625 test,
2184 2560 2272 2631 qui
2305 2574 2371 2614 ex
2415 2569 2526 2631 toto
2557 2558 2721 2615 corde
2768 2556 3118 2627 poeuitucriot
3152 2567 3205 2610 et
3238 2554 3546 2625 rogaverint
3578 2551 3634 2607 in

2029 2654 2324 2709 Ecclesium
2352 2653 2553 2709 debent
2581 2652 2806 2707 interius
2836 2649 3035 2718 suscipi
3070 2656 3125 2702 et
3159 2648 3210 2702 in
3258 2648 3372 2717 ipsa
3404 2643 3634 2701 Domino

2028 2749 2324 2815 reservari,
2375 2748 2466 2819 qui
2506 2746 2572 2801 ad
2617 2744 2920 2801 Ecclesiam
2987 2757 3141 2797 suam
3180 2738 3207 2777 ιι
3264 2750 3521 2796 venturus
3565 2738 3635 2794 de

2027 2840 2134 2897 illis
2165 2842 2348 2912 utique
2372 2855 2508 2911 quos
2539 2840 2592 2895 in
2621 2854 2683 2895 ea
2708 2841 2850 2893 intus
2877 2836 3143 2892 invenerit
3168 2832 3449 2903 iudicabit.
3487 2834 3631 2903 Apo-

2026 2946 2184 2994 statce
2241 2950 2371 2991 vero
2407 2943 2462 2990 et
2506 2934 2834 2995 desertores,
2867 2931 2953 2985 vel
2990 2928 3284 2984 adversarii
3338 2934 3395 2982 et
3453 2925 3637 2981 hostes

2026 3042 2082 3088 et
2108 3029 2310 3086 Christi
2357 3028 2655 3083 Ecclesiam
2704 3027 3068 3096 dissipantes,
3113 3038 3213 3079 nec
3243 3022 3288 3077 si
3325 3021 3491 3077 occisi
3536 3035 3634 3091 pro

2027 3124 2245 3180 nomine
2286 3122 2415 3177 foris
2445 3120 2668 3188 fuerint,
2700 3119 2936 3188 admitti,
2964 3117 3259 3174 secundum
3291 3114 3631 3184 Apostolum,

318 3216 540 3287 quaeris,
575 3218 813 3289 accipies
840 3218 890 3273 ι’.
931 3239 950 3272 ι
1013 3220 1145 3287 Quis
1187 3234 1292 3274 non
1335 3219 1515 3275 statim
1550 3225 1768 3290 pereat,
1798 3219 1918 3290 quis
1944 3220 1990 3284 C
2023 3227 2250 3289 possunt
2277 3215 2342 3269 ad
2383 3215 2642 3271 Ecclesiae
2682 3228 2890 3284 pacem,
2920 3210 3136 3283 quando
3164 3225 3264 3266 nec
3290 3208 3509 3280 spiritus
3533 3222 3634 3265 nec

318 3322 427 3363 non
479 3309 594 3381 ipsa
649 3312 1031 3383 desperatione
1063 3324 1085 3352 °
1119 3313 1351 3379 deficiat,
1387 3314 1505 3385 quis
1546 3328 1653 3368 non
1681 3313 1921 3367 animum

316 3417 475 3459 suum
503 3420 533 3460 a
570 3405 844 3476 proposito
883 3407 1283 3465 lamentationis
1323 3407 1571 3464 avertat?
1609 3404 1832 3478 Operari
1865 3414 1920 3461 tu

2027 3310 2284 3366 Ecclesia:
2315 3317 2599 3364 tenuerunt
2628 3307 2905 3362 unitatem.

2099 3401 2273 3459 XXX.
2315 3401 2442 3459 Haec
2482 3400 2731 3468 interim,
2780 3398 2943 3456 frater
2989 3396 3342 3463 charissime,
3373 3407 3542 3467 pauca
3566 3391 3637 3451 de

1550 3588 1935 3648 LECTIONES
1973 3586 2382 3647 VARIANTES.

381 3771 409 3800 ³
445 3770 644 3823 Hortari
665 3771 725 3823 ad
749 3772 1131 3824 satisfactionem
1156 3773 1279 3824 Bod.
1307 3775 1354 3824 5.

378 3831 410 3870 1)
445 3834 633 3893 Quaeris
656 3837 885 3887 invenies
911 3838 1042 3886 Lam.
1068 3834 1209 3887 Ebor.
1231 3837 1338 3890 NG.
1368 3838 1414 3887 1.

381 3899 406 3962 ‘f
444 3896 554 3962 Ipsa
576 3900 739 3949 statim
762 3899 1113 3962 desperatione
1140 3901 1272 3949 Lam.
1296 3899 1438 3962 Ebor,
1469 3900 1577 3950 ΝΟ.
1607 3900 1649 3951 l.

377 3958 407 4027 τι
441 3958 527 4011 Sic
553 3962 686 4027 Lam.
711 3958 867 4027 Liboni
886 3962 1030 4027 Corb.
1058 3962 1166 4027 NQ.
1196 3963 1242 4014 1.
1272 3960 1376 4013 Litt.
1404 3961 1490 4013 Est
1516 3963 1647 4027 Imp.
1674 3960 1766 4013 Vel
1787 3964 1830 4012 si
1868 3965 1916 4015 ei

314 4025 393 4074 cui
413 4036 554 4076 usum
579 4026 754 4077 Benev.
781 4024 868 4078 Cui
891 4026 1006 4076 dum
1039 4023 1195 4077 Vatia.

2089 3774 2113 3837 (ἶ
2153 3773 2354 3826 Fortem
2381 3774 2596 3824 carinam
2617 3774 2744 3825 Bod.
2774 3773 2818 3837 1,
2840 3773 2887 3825 2.

2088 3834 2110 3872 ί
2146 3838 2419 3888 Abscidere
2454 3840 2572 3887 Ver.
2602 3838 2778 3887 Beuev.

2087 3901 2114 3940 8
2148 3900 2358 3950 Fructus
2398 3901 2705 3963 poenitentia:
2744 3897 3056 3949 interdicitur
3094 3897 3225 3947 Lam.
3266 3895 3411 3946 Ebor.
3442 3895 3554 3950 NG.
3582 3894 3628 3944 1.

2027 3962 2231 4077 Βῖιάίςξὲ
2252 4027 2386 4077 Lam.
2409 4025 2533 4076 Bod.
2558 4027 2605 4076 5.
2630 4022 2773 4077 Ebor.
2795 4021 2902 4075 Lin.
2922 4023 3193 4076 Ecclesiam
3210 4027 3449 4075 venturus
3469 4021 3628 4074 Oxon.

1631 4176 1996 4235 VARIORUM
2036 4176 2268 4235 NOTE.

387 4366 570 4439 Ipsum
625 4367 801 4422 teneri.
842 4365 1058 4421 Prmtuli
1085 4364 1223 4439 hanc
1256 4365 1569 4439 lectionem,
1601 4367 1728 4435 quia
1760 4365 1910 4439 illam

314 4437 494 4496 inveni
528 4441 579 4494 in
634 4454 702 4492 xv
760 4439 910 4493 libris
964 4438 1258 4493 veteribus.
1307 4437 1522 4506 Alioqui
1552 4440 1696 4491 enim
1750 4437 1908 4491 facile

312 4522 608 4567 mutassem
642 4520 697 4564 ut
752 4526 869 4564 eam
930 4526 1240 4564 reVocarem
1274 4526 1392 4577 qtae
1439 4518 1612 4563 exstat
1662 4510 1714 4562 in
1768 4511 1911 4562 anti-

311 4586 434 4653 quis
460 4582 807 4643 editionibus,
849 4583 938 4637 ubi
983 4583 1177 4650 legitur
1207 4598 1347 4635 reum
1396 4582 1573 4634 teneri.
1608 4580 1741 4635 Nam
1791 4597 1909 4635 eam

311 4671 525 4727 quoque
572 4656 857 4709 lectionem
917 4654 1092 4725 reperi
1136 4654 1187 4708 in
1235 4664 1468 4724 quatuor
1514 4653 1914 4723 exemplaribus

310 4729 568 4799 antiquis.
594 4727 795 4782 Bswz.

384 4819 625 4876 XXVIII.
643 4851 716 4861 —
735 4818 1169 4875 Lamentantium.
1197 4819 1310 4874 Duo
1340 4818 1459 4875 libri
1484 4826 1693 4874 veteres
1719 4819 1918 4875 habent

310 4894 585 4948 amentium
629 4902 850 4947 tantum.
886 4893 1087 4947 Bawz.

385 4987 697 5055 Frequenter
723 5002 957 5056 operare.
992 4988 1043 5041 Id
1069 4995 1178 5052 est,
1210 4996 1267 5041 ut
1290 5002 1390 5057 ego
1416 4986 1627 5056 quidem
1657 4987 1912 5053 arbitror,

310 5059 623 5130 frequenter
648 5076 808 5128 opera
844 5060 1055 5127 pietatis
1083 5074 1276 5113 exerce
1305 5060 1354 5112 in
1384 5073 1681 5130 pauperes,
1712 5059 1777 5113 da
1810 5060 1914 5114 fre-

309 5128 540 5204 quenter
564 5134 986 5202 elecmosynatn.
1027 5130 1158 5185 V'ide
1186 5130 1379 5204 librum
1411 5128 1672 5204 deAOpere
1709 5140 1752 5184 et
1796 5130 1916 5185 Ele-

309 5201 558 5274 mosynis.
589 5201 1008 5258 CoiinnOdianus
1029 5204 1287 5274 instruct.
1313 5202 1417 5256 ὅδε
1449 5201 1572 5255 Νοη
1599 5219 1753 5274 opera
1785 5204 1915 5263 faci-

311 5277 398 5342 tis,
426 5272 475 5329 id
504 5286 583 5329 est
606 5277 970 5345 elemosynas.
1002 5273 1132 5328 Vide
1155 5277 1315 5328 etiam
1338 5275 1563 5327 instruct
1600 5272 1687 5328 69.
1712 5273 1908 5329 Bawz.

384 5347 665 5401 Dominum
695 5359 763 5402 et.
811 5349 957 5400 lianc
987 5346 1273 5401 leCtionem
1307 5345 1484 5399 inveni
1518 5346 1572 5399 in
1602 5345 1911 5415 quindrcim

310 5421 720 5483 exemplaribus
763 5419 999 5485 antiquis
1044 5428 1099 5473 et
1137 5418 1188 5471 in
1231 5416 1559 5471 editionibus
1599 5417 1819 5472 Manutii
1861 5428 1915 5472 et

309 5491 562 5546 Morellii.
588 5490 861 5545 Pamelins
893 5491 1069 5558 posuit
1088 5499 1159 5543 est
1182 5504 1278 5558 pro
1306 5498 1372 5541 et.
1397 5489 1550 5543 Hunc
1575 5487 1813 5544 imitatus
1833 5498 1916 5545 est

311 5563 597 5631 liigaltius.
624 5563 779 5631 Angli
812 5571 1168 5629 reposuerunt
1194 5571 1431 5614 veterem
1462 5559 1770 5631 lectionem,
1794 5578 1914 5631 qua:

310 5635 554 5705 profecto
586 5630 776 5688 melior
817 5645 919 5688 est.
966 5632 1023 5687 In
1065 5632 1203 5687 libro
1233 5632 1466 5687 Fuxensi
1497 5630 1713 5701 legitur,
1747 5630 1913 5686 donti-

309 5707 453 5761 nium
484 5716 531 5760 et
564 5708 644 5765 ius
674 5715 765 5759 est.
798 5705 998 5760 Bswz.

380 5796 575 5852 XXIX.
592 5795 922 5851 —Interius.
952 5796 1065 5865 Ego
1088 5795 1225 5852 hanc
1248 5794 1555 5861 lectionem,
1580 5800 1740 5865 quam
1765 5804 1913 5853 vete-

308 5885 397 5928 res
423 5871 687 5927 cditiones
716 5867 950 5939 itemque
972 5867 1284 5925 Moreltiaua
1312 5878 1368 5926 et
1394 5868 1491 5925 tria
1519 5877 1701 5925 vetera
1724 5883 1906 5927 exem-

1933 4480 1988 4540 D

2016 4364 2186 4435 plaria
2220 4362 2449 4427 habent,
2485 4363 2748 4432 praefero,
2781 4365 2944 4420 etiam
2976 4364 3047 4420 oh
3078 4379 3198 4420 eam
3228 4379 3451 4420 causam
3483 4364 3629 4435 quod

2016 4436 2177 4507 paulo
2203 4447 2323 4505 post
2343 4436 2649 4507 Cyprianus
2670 4438 2745 4491 ait
2767 4437 3076 4501 Dominum,
3094 4454 3214 4491 cum
3234 4438 3299 4491 ad
3324 4438 3628 4493 Ecclesiam

2016 4524 2168 4563 suam
2203 4509 2415 4563 venerit
2438 4551 2450 4570 .
2482 4508 2552 4563 de
2583 4508 2690 4562 illis
2720 4510 2902 4579 utique
2929 4510 3291 4576 iudicaturum
3326 4526 3454 4576 quos
3484 4510 3538 4562 in
3569 4524 3629 4564 ea

2021 4580 2159 4634 intus
2202 4581 2468 4635 invenerit.
2518 4579 2659 4635 Infra
2689 4582 2848 4649 epist.
2882 4582 2972 4637 55.
3009 4596 3128 4652 pag.
3165 4581 3267 4646 88,
3303 4581 3460 4649 plebis
3491 4582 3628 4635 intus

2021 4653 2219 4724 posiae.
2268 4652 2406 4707 Sunt
2447 4653 2609 4707 etiam
2654 4654 2822 4707 multa
2863 4653 3057 4707 similia
3100 4654 3239 4723 apud
3271 4653 3624 4724 Cyprianum.

2019 4722 2249 4793 Optatos
2273 4724 2365 4778 lib.
2394 4739 2481 4788 tu,
2512 4740 2625 4792 nos,
2657 4726 2743 4796 qui
2785 4727 2927 4779 intus
2949 4724 3261 4788 habitamus,
3286 4722 3329 4776 et
3352 4740 3627 4794 numquam

2021 4796 2084 4867 de
2122 4796 2298 4849 radice
2336 4797 2654 4852 recessimus.
2689 4796 2969 4859 llteretici,
3015 4797 3107 4867 qui
3146 4806 3270 4852 sunt
3312 4796 3473 4860 foris,
3519 4812 3626 4850 non

2023 4864 2269 4921 habitant
2299 4868 2463 4922 intus.
2499 4869 2630 4923 Vide
2659 4879 2814 4923 notas
2841 4871 2907 4922 ad
2937 4864 3225 4936 epistolam
3248 4868 3339 4922 1'6.
3373 4868 3572 4922 Bawz.

2096 4938 2206 4993 Nec
2225 4940 2270 4994 si
2291 4941 2462 4993 occisi.
2494 4940 2595 5012 Ista
2620 4956 2763 5012 szrpe
2792 4941 2987 5010 repetit
3009 4950 3228 4995 sanctus
3254 4952 3460 5012 tmtrtyr
3488 4954 3623 5009 pne-

2019 5008 2175 5079 cipue
2206 5012 2257 5065 in
2290 5011 2426 5066 libro
2446 5012 2510 5065 de
2536 4998 2741 5066 Unitaie
2762 4998 3025 5079 Ecclesia},
3062 5027 3183 5083 pag.
3208 5013 3332 5066 158.
3367 4998 3502 5065 Hinc
3527 5024 3620 5083 ore

2021 5090 2134 5136 tum
2180 5084 2446 5152 vulgatum
2490 5085 2651 5138 illud:
2687 5084 2969 5155 Martyrrm
3009 5101 3111 5137 non
3152 5086 3275 5152 facit
3317 5098 3500 5151 paena.
3532 5082 3622 5135 sed

2018 5169 2193 5215 causa,
2215 5155 2355 5223 quod
2373 5164 2524 5210 extat
2543 5157 2681 5227 apud
2700 5156 2950 5210 Rufinum
2976 5156 3025 5208 in
3052 5156 3186 5222 psal.
3209 5172 3375 5210 xxxiv
3395 5164 3446 5209 cl
3465 5168 3615 5219 XLIII,

2019 5236 2074 5279 et
2103 5242 2248 5294 sa-pe
2276 5228 2474 5281 citatur
2502 5245 2529 5280 a
2562 5236 2750 5282 sancto
2781 5228 3103 5297 Augustino.
3152 5227 3205 5280 ld
3239 5243 3366 5280 vero
3396 5235 3617 5297 sanctus

2020 5312 2153 5366 papa
2184 5297 2477 5367 Gregorius
2508 5299 2602 5353 lib.
2636 5316 2693 5363 ιι,
2742 5296 2930 5354 lndiet.
2968 5300 3065 5363 it),
3107 5299 3275 5369 Epist.
3309 5299 3400 5361 57,
3436 5296 3617 5352 laudat

2018 5382 2081 5440 ex
2116 5369 2408 5439 Cypriani).
2445 5369 2666 5425 Videtur
2708 5384 2890 5427 autem
2939 5379 3215 5440 acceptum
3262 5386 3326 5425 ex
3374 5369 3509 5424 libro
3552 5369 3616 5422 de

2018 5437 2235 5510 Duplici
2264 5444 2510 5512 martyrio
2536 5443 2604 5496 ad
2633 5441 3005 5505 Fortunatam,
3039 5437 3090 5496 in
3119 5458 3224 5511 quo
3255 5442 3324 5496 ita
3351 5442 3613 5512 scriptum

2016 5522 2131 5585 est:
2166 5512 2345 5584 Neque
2369 5511 2504 5566 enim
2536 5516 2704 5569 statim
2732 5526 2928 5585 martyr
2953 5524 3024 5567 est
3052 5514 3138 5583 qui
3167 5514 3437 5568 occiditur.
3470 5511 3614 5566 Occi-

2018 5582 2206 5637 duntur
2229 5582 2277 5639 εὶ
2307 5586 2482 5639 sicarii
2510 5596 2556 5639 et
2591 5587 2788 5652 pirata’.
2826 5582 2942 5639 Non
2970 5582 3280 5655 supplicium
3311 5586 3434 5654 facit
3466 5600 3608 5637 mar-

2017 5664 2197 5725 tyrem,
2225 5658 2313 5710 sed
2340 5673 2519 5711 causa.
2546 5660 2635 5713 Sic
2685 5658 2974 5712 l’rimasins
3005 5660 3054 5710 in
3082 5667 3241 5726 caput
3265 5656 3480 5711 tertium
3504 5656 3611 5725 epi-

2014 5728 2171 5782 stolzc
2202 5729 2347 5783 Pauli
2377 5731 2445 5782 ad
2472 5727 2683 5784 Galatas
2708 5731 2818 5783 ait:
2851 5728 3014 5783 Reum
3040 5745 3143 5783 non
3173 5731 3297 5799 facit
3325 5745 3494 5797 paena,
3518 5727 3609 5781 sed

2013 5816 2188 5853 causa.
2226 5801 2291 5873 [ﬁt
2319 5813 2538 5873 sanctus
2579 5802 2937 5873 Hieronymus
2966 5803 3017 5855 in
3050 5802 3188 5856 libro
3228 5802 3466 5873 secundo
3504 5799 3605 5853 ad-

2014 5885 2186 5929 versus
2215 5871 2491 5943 Rufinum,
2530 5872 2751 5944 loquens
2782 5871 2851 5930 de
2878 5874 3156 5941 charitate,
3191 5887 3350 5944 quam
3381 5872 3454 5928 ait
3483 5885 3604 5927 esse
