4000 6322
217 391 325 453 797

224 512 480 583 Satyrum
524 507 757 571 fratrem
806 511 1052 562 nostrum
1114 496 1426 572 acolythnm
1481 493 1713 559 misisti,
1766 486 1899 551 etA

224 605 530 665 dilectionis
568 603 857 666 fraternae,
899 610 955 656 et
992 594 1375 660 ecclesiasticae
1402 589 1698 662 disciplina:
1719 629 1734 655 ,
1768 594 1825 643 et

225 698 576 760 sacerdotalis
621 710 862 753 censurae
910 692 1041 749 satis
1089 692 1277 761 plenas
1307 728 1324 756 ,
1374 686 1565 758 quibus
1617 680 1827 753 signifi-

224 796 360 855 casti
416 792 805 850 Felicissimum
868 788 1076 843 hostem
1103 783 1305 840 Christi
1329 797 1436 836 non
1467 793 1661 833 novum
1682 818 1696 841 ,
1727 773 1825 831 sed

220 892 332 965 jam
379 887 584 961 pridem
622 887 691 942 ob
731 883 958 940 crimina
992 896 1086 937 sua
1133 880 1365 951 plurima
1411 885 1468 932 et
1502 871 1821 945 gravissima

226 985 529 1040 abstentum
553 1022 567 1045 ,
599 988 652 1035 et
681 993 788 1032 non
823 983 1025 1031 tantum
1057 987 1175 1028 mea
1201 1013 1218 1039 ,
1257 969 1351 1026 sed
1380 981 1434 1024 et
1472 968 1825 1039 plurimorum

225 1077 679 1148 coepiscoporum
716 1067 984 1126 sententia
1017 1065 1459 1130 condemnatum,
1502 1059 1764 1131 rejectum
1795 1072 1828 1113 a

225 1184 282 1232 te
311 1182 338 1213 ⁸
367 1172 480 1228 illic
533 1186 653 1227 esse
682 1166 733 1234 δς
766 1178 966 1225 etcum
997 1165 1236 1245 venisset
1273 1166 1502 1234 stipatus
1526 1171 1744 1215 caterva
1774 1165 1830 1213 et

227 1267 463 1327 factione
510 1265 918 1336 desperatorum
950 1301 966 1328 ,
1008 1260 1193 1330 vigore
1266 1256 1426 1326 pleno
1450 1296 1465 1319 ,
1519 1268 1627 1325 quo
1660 1264 1681 1291 ο
1715 1251 1829 1322 epi-

227 1376 427 1433 scopos
452 1375 614 1431 agere
641 1365 876 1426 Oportet,
907 1354 1120 1427 pulsum
1143 1352 1210 1406 de
1240 1350 1482 1408 Ecclesia
1512 1344 1539 1386 ἀ
1563 1364 1685 1404 esse
1711 1366 1725 1402 :
1760 1347 1829 1403 de

227 1474 332 1529 qua
358 1455 468 1527 jam
498 1452 705 1525 pridem
732 1466 851 1507 cum
884 1449 965 1504 sui
995 1447 1261 1504 similibus
1284 1487 1300 1514 ,
1335 1445 1430 1500 Dei
1457 1444 1737 1513 majestate
1775 1452 1831 1495 et

226 1553 428 1611 Christi
460 1549 669 1606 Domini
699 1558 751 1605 et
776 1545 974 1619 judicis
1006 1545 1171 1600 nostri
1201 1540 1495 1599 severitate
1520 1580 1536 1606 ,
1570 1534 1830 1606 depulsus

229 1657 358 1714 est;
396 1663 464 1702 ne
510 1642 816 1700 scltismatis
853 1650 908 1694 et
946 1636 1158 1693 discidii
1205 1648 1429 1701 auctor,
1477 1648 1544 1687 ne
1589 1629 1830 1701 pecunia:

228 1742 536 1802 commissae
565 1737 667 1793 sibi
697 1735 1004 1802 fraudator,
1039 1749 1106 1789 ne
1134 1742 1407 1802 stuprator
1433 1728 1696 1800 virginum
1717 1768 1732 1793 ,
1763 1741 1830 1782 ne

229 1835 701 1895 matrimoniorum
730 1831 1023 1887 multorum
1054 1827 1407 1898 depopulator
1428 1834 1590 1895 atque
1608 1838 1832 1894 corrup-

230 1939 320 1987 tor
350 1922 487 1984 ultra
514 1927 692 1984 adhuc
719 1939 973 1997 sponsam
998 1922 1201 1979 Christi
1248 1922 1610 1990 incorruptam
1628 1960 1643 1981 .
1676 1933 1833 1972 sane-

231 2034 379 2092 tam,
413 2021 660 2094 pudicam
681 2062 695 2086 ,
728 2018 1030 2091 prmsentiae
1058 2031 1169 2070 sua:
1192 2013 1458 2070 dedecore
1483 2022 1537 2068 et
1567 2009 1835 2083 impudica

229 2127 394 2190 atque
418 2115 621 2173 incesta
669 2111 990 2183 contagione
1015 2107 1264 2165 violaret.

304 2273 369 2328 Il.
410 2270 519 2328 Sed
551 2271 691 2328 enim
724 2269 859 2327 lecta
888 2270 990 2325 alia
1021 2266 1244 2341 epistola
1270 2276 1357 2323 tua
1387 2308 1401 2334 ,
1436 2266 1603 2323 frater
1627 2308 1640 2331 ,
1674 2281 1835 2338 quam

235 2366 427 2441 primis
456 2365 645 2421 litteris
694 2363 1018 2435 subjunxisti
1042 2406 1057 2431 ,
1101 2361 1229 2419 satis
1261 2363 1484 2416 miratus
1514 2376 1633 2415 sum
1667 2378 1681 2414 :
1710 2375 1835 2416 cum

237 2458 739 2518 animadvertissem
759 2500 774 2526 ,
809 2467 862 2513 te
890 2457 1048 2511 minis
1074 2471 1135 2511 ac
1159 2453 1455 2511 terroribus
1484 2468 1671 2509 eorum
1699 2496 1714 2521 ,
1747 2452 1839 2523 qui

234 2562 497 2610 venerant
522 2595 537 2618 ,
568 2552 897 2623 aliquantum
928 2565 1049 2605 esse
1075 2559 1404 2606 commotum
1429 2565 1445 2616 ;
1475 2563 1596 2605 cum
1622 2557 1673 2604 te
1698 2590 1714 2616 ,
1748 2563 1839 2604 se-

233 2648 473 2706 cundum
503 2645 645 2719 quod
667 2646 928 2717 scripsisti
954 2690 969 2711 ,
1000 2646 1202 2718 agressi
1235 2653 1449 2708 essent,
1482 2659 1604 2699 cum
1630 2658 1840 2701 summa

234 2741 617 2814 desperatione
644 2739 1037 2797 comminantes
1059 2781 1074 2805 ,
1106 2738 1250 2811 quod
1278 2738 1323 2796 si
1354 2739 1559 2795 litteras
1587 2754 1721 2809 quas
1756 2748 1840 2794 at-

234 2836 513 2904 tulerant,
542 2850 648 2891 non
680 2835 982 2906 accepisses
1009 2876 1025 2902 ,
1073 2833 1281 2905 publice
1310 2843 1333 2872 θ
1366 2849 1459 2890 eas
1501 2835 1794 2891 recitarent
1822 2878 1840 2905 ,

938 376 1281 440 EPISTOLA
1318 370 1437 433 XII.
1478 372 1537 432 S.
1576 329 1900 428 CYPRIANl
1939 365 2031 423 AD
2070 356 2475 421 CORNELIUM
2515 350 2773 412 PAPAM.

3417 324 3525 391 798

1924 485 1979 543 et
2005 484 2171 542 multa
2206 481 2377 553 turpia
2408 494 2472 534 ac
2498 475 2759 548 probrosa
2800 475 2855 524 et
2877 479 2972 523 ore
3001 476 3100 520 suo
3129 458 3292 533 digna
3320 452 3535 529 profer-

1928 589 2069 638 rent.
2122 576 2276 645 Quod
2317 574 2360 630 si
2385 574 2452 627 ita
2482 585 2572 627 res
2598 576 2683 625 est
2711 609 2727 632 ,
2771 566 2935 619 frater
2961 557 3302 620 cltarissime,
3343 558 3404 608 ut
3439 564 3537 606 ne-

1927 672 2305 746 quissimorum
2367 668 2616 721 timeatur
2665 656 2885 714 audacia
2915 695 2930 719 ,
2971 649 3191 723 etquod
3246 644 3371 703 mali
3413 644 3536 714 jure

1926 736 2089 835 atque
2118 764 2367 834 aequitate
2413 774 2520 814 non
2566 760 2828 827 possunt,
2876 744 3182 804 temeritate
3226 754 3290 795 ac
3333 736 3532 806 despe-

1928 860 2138 916 ratione
2166 857 2446 929 perficiant
2477 895 2493 921 ,
2537 861 2715 905 actum
2755 855 2840 904 est
2877 843 2945 899 de
2973 841 3314 912 episcopatus
3345 833 3532 904 vigore

1928 963 1982 1013 et
2006 954 2074 1009 de
2099 950 2355 1008 Ecclesia:
2384 942 2748 1019 gubernanda:
2793 937 3009 995 sublimi
3047 949 3109 989 ac
3139 932 3317 987 divina
3346 935 3529 1000 potes~

1932 1059 2085 1105 tate:
2118 1061 2219 1103 nec
2247 1042 2535 1101 Christiani
2578 1039 2716 1095 ultra
2756 1043 2846 1089 aut
2882 1032 3079 1088 durare
3132 1035 3225 1082 aut
3264 1038 3384 1078 esse
3423 1021 3536 1090 jam

1933 1157 2254 1217 possumus,
2306 1139 2349 1194 si
2397 1135 2463 1191 ad
2512 1135 2613 1190 hoc
2656 1141 2873 1188 ventum
2920 1136 3044 1190 est,
3098 1130 3156 1177 ut
3202 1117 3537 1192 perditorum

1930 1212 2107 1291 minas
2132 1244 2289 1304 atque
2318 1229 2535 1286 insidias
2562 1224 3025 1296 pertimescamus.
3045 1216 3181 1272 Nam
3212 1224 3268 1270 et
3292 1212 3538 1269 Gentiles

1931 1344 1985 1390 et
2014 1332 2182 1390 Judaei
2226 1330 2500 1386 minantur
2528 1364 2545 1392 ,
2576 1332 2629 1379 et
2669 1320 2907 1376 lueretiri
2954 1326 3116 1386 atque
3142 1325 3332 1369 omnes
3357 1349 3373 1375 ,
3405 1321 3541 1379 quo-

1932 1444 2052 1485 rum
2084 1435 2299 1498 pectora
2331 1431 2385 1477 et
2415 1428 2623 1476 mentes
2650 1412 2896 1470 diabolus
2921 1409 3134 1466 obsedit
3163 1448 3181 1475 ,
3211 1412 3530 1462 venenatam

1933 1522 2137 1578 rabiem
2185 1532 2334 1571 suam
2385 1511 2625 1587 quotidie
2668 1509 2865 1564 furiosa
2922 1519 3054 1560 voce
3086 1509 3395 1557 testantur:
3429 1511 3539 1551 non

1934 1628 2112 1674 tamen
2142 1613 2341 1669 idcirco
2364 1585 2663 1673 cedendum
2706 1613 2828 1670 est,
2862 1600 2987 1672 quia
3028 1597 3299 1652 minantur
3327 1609 3343 1660 ;
3386 1600 3480 1646 aut
3514 1585 3535 1626 ί

1934 1711 2057 1768 ideo
2104 1705 2442 1763 adversarius
2480 1701 2729 1756 inimicus
2775 1695 2947 1766 major
2995 1701 3078 1748 est
3116 1688 3366 1752 Christo,
3417 1684 3541 1756 quia

1935 1813 2139 1860 tantum
2169 1799 2268 1854 sibi
2299 1796 2532 1852 vindicat
2575 1802 2628 1849 et
2658 1788 2885 1846 assumit
2915 1787 2967 1842 in
3001 1784 3201 1840 sacculo
3229 1791 3276 1835 ε.
3320 1778 3542 1835 Manere

1861 1893 1911 1954 B
1938 1894 2077 1965 apud
2111 1907 2207 1947 nos
2234 1889 2433 1953 debet,
2468 1886 2635 1942 frater
2662 1880 2982 1938 charissime
3014 1918 3028 1941 ,
3078 1873 3202 1930 fidei
3240 1870 3405 1927 robur
3436 1870 3541 1924 im-

1940 1988 2188 2053 mobile;
2240 1996 2295 2042 et
2338 1983 2546 2040 Stabilis
2584 1992 2744 2053 atque
2774 1979 3091 2033 inconcussa
3144 1973 3315 2026 virtus
3358 1974 3546 2023 contra

1940 2097 2131 2139 omnes
2180 2079 2430 2135 incursus
2495 2086 2657 2144 atque
2707 2073 2942 2143 impetus
2990 2061 3369 2121 oblatrantium
3418 2057 3551 2113 fluc-

1940 2185 2090 2232 tuum
2117 2216 2134 2243 ,
2165 2172 2315 2227 velut
2347 2178 2513 2241 petrm
2562 2164 2861 2238 objacentis
2900 2156 3214 2216 fortitudine
3258 2163 3314 2210 et
3356 2149 3498 2206 mole
3527 2190 3545 2216 ,

1941 2269 2105 2328 debet
2130 2266 2414 2324 obsistere.
2473 2261 2583 2318 Nec
2620 2262 2847 2315 interest
2872 2253 3014 2311 unde
3046 2253 3301 2323 episcopo
3328 2253 3420 2300 aut
3444 2253 3552 2299 ter-

1940 2381 2033 2421 ror
2059 2372 2149 2417 aut
2178 2359 2470 2431 periculum
2499 2355 2678 2410 veniat
2703 2370 2719 2419 ;
2752 2351 2840 2423 qui
2873 2345 3178 2403 terroribus
3207 2350 3263 2397 et
3290 2335 3549 2410 periculis

1941 2457 2073 2512 vivit
2111 2453 2408 2517 obnoxius,
2442 2459 2496 2505 et
2535 2458 2715 2502 tamen
2762 2443 2822 2497 fit
2862 2441 2930 2497 de
2984 2437 3115 2510 ipsis
3149 2431 3443 2491 terroribus
3484 2442 3550 2483 ac

1946 2549 2195 2624 periculis
2236 2547 2522 2618 gloriosus.
2571 2540 2756 2609 Neque
2796 2536 2938 2592 enim
2977 2532 3119 2587 solas
3146 2525 3434 2586 Gentilium
3460 2520 3549 2578 vel

1944 2646 2252 2704 Judteorum
2282 2643 2454 2698 minas
2476 2638 2710 2710 cogitare
2736 2642 2791 2690 et
2816 2638 3061 2704 spectare
3086 2624 3345 2681 debemus
3373 2635 3388 2686 ;
3420 2630 3545 2672 cum

1945 2741 2263 2804 videamus,
2310 2737 2485 2808 ipsum
2534 2730 2816 2788 Dominum
2867 2733 3108 2780 nostrum
3143 2716 3169 2755 ιλ
3214 2733 3245 2772 a
3293 2710 3550 2769 fratribus

1946 2854 2067 2897 esse
2111 2837 2386 2892 detentum
2417 2830 2437 2903 (
2464 2828 2633 2884 Marc.
2667 2841 2747 2895 ιιι,
2775 2822 2841 2879 ιιι
2868 2821 2888 2895 )
2916 2828 2971 2876 et
3000 2817 3068 2874 ab
3091 2829 3190 2884 eo,
3217 2808 3553 2886 quemiuter

1472 2949 1851 3012 LECTIONES
1885 2949 2300 3011 VARIANTES.

302 3046 330 3076 ⁸
362 3045 438 3097 Te
459 3041 511 3096 in
534 3043 721 3105 duobus
761 3056 879 3105 mss.
919 3039 1052 3105 σοιρ.
1079 3048 1126 3094 et
1155 3038 1351 3105 Anglic.
1380 3045 1520 3094 Pem.
1552 3047 1677 3098 Bod.
1703 3049 1752 3099 5.
1780 3046 1833 3097 Δ.

235 3118 289 3161 te
314 3108 366 3161 in
388 3106 501 3161 aliis
522 3104 766 3159 nonnullis
788 3102 868 3170 hic
886 3104 1128 3170 additur;
1149 3102 1278 3170 quod
1312 3119 1741 3170 supervacaneum.

300 3171 333 3246 b_
366 3174 408 3222 Α
431 3180 499 3229 te,
527 3178 579 3221 et
603 3172 727 3222 Bod.
757 3172 803 3230 f,
822 3169 870 3221 2.
899 3172 1035 3220 Lam.
1061 3167 1200 3222 Elter.
1229 3170 1336 3222 ΝΟ.
1365 3167 1410 3222 1.
1438 3170 1696 3235 Reiectum
1732 3180 1786 3226 et
1809 3187 1837 3224 a

234 3249 295 3287 se
321 3235 421 3285 illic
447 3247 579 3284 esse.

301 3301 326 3332 ο
364 3298 521 3347 Pleno
542 3294 670 3347 quod
699 3293 823 3346 Bod.
858 3297 899 3346 1.

304 3361 335 3403 ἀ
369 3360 446 3415 Ab
465 3359 687 3415 Ecclesia
710 3359 1004 3423 prohibitum
1037 3363 1154 3410 Ver.

1996 3050 2021 3080 °
2061 3045 2123 3098 Ut
2149 3042 2347 3105 publice
2374 3038 2502 3092 Bod.
2530 3040 2581 3090 5.

2007 3107 2030 3148 ί
2063 3087 2602 3169 obia“ﬁiiﬁsgitgﬁ’n'eb
2622 3098 2736 3151 inde
2763 3095 2865 3149 Litt.
2891 3096 2938 3148 Ν
2946 3094 2999 3145 C.
3031 3094 3083 3142 2.
3127 3092 3226 3143 Aut
3262 3087 3379 3141 inde
3419 3088 3550 3139 Lam.

1945 3173 2054 3225 ΝΟ.
2084 3164 2131 3224 Ῑ.
2162 3169 2303 3221 Ebor.
2335 3164 2466 3219 σου).
2494 3174 2539 3216 1.

2011 3239 2037 3275 κ
2075 3235 2129 3291 In
2152 3236 2249 3284 isto
2272 3231 2456 3283 saeculo
2482 3226 2607 3280 Bod.
2637 3228 2680 3278 f.

2011 3296 2045 3340 h
2075 3298 2307 3350 Nestrum
2329 3294 2463 3348 deest
2483 3291 2537 3345 in
2561 3295 2719 3345 Oxon.

1553 3447 1908 3507 VARIORUM
1944 3440 2175 3504 NOTAE.

238 3570 595 3626 lumniantur.
625 3567 797 3640 Porro
822 3569 1100 3640 rectiusne
1120 3567 1448 3624 inscribatur
1475 3569 1746 3640 acolythus
1766 3584 1837 3624 an

239 3643 544 3710 acoluthus,
574 3639 776 3696 nescio.
808 3637 968 3694 Certe
999 3656 1100 3697 ms.
1129 3640 1250 3695 cod.
1285 3657 1476 3696 omnes
1505 3650 1559 3696 et
1593 3637 1721 3696 dicti
1746 3648 1837 3694 ve-

245 3726 412 3797 teres,
462 3713 652 3797 synod:
697 3710 1203 3797 quoque-Carthag.
1250 3711 1496 3768 Grzrcum
1539 3713 1834 3779 exemplar,

239 3786 411 3858 priori
435 3783 596 3840 modo
636 3784 815 3858 legunt
838 3825 853 3849 ,
879 3783 1043 3853 quue
1068 3786 1171 3841 ἀπὸ
1188 3791 1280 3858 τοῦ
1319 3787 1542 3845 κωλύειν.
1584 3784 1723 3852 quod
1757 3791 1839 3839 e'st

241 3856 560 3928 prohibere,
606 3866 666 3911 ut
696 3856 907 3910 dicatur
941 3870 1045 3909 non
1080 3856 1379 3925 prohibitus
1420 3859 1512 3911 sed
1547 3858 1765 3928 solutus
1786 3868 1840 3910 et

242 3931 406 3996 liber,
441 3939 494 3982 et
515 3929 600 3983 rui
621 3928 732 3996 jam
764 3928 973 3981 initiato
1003 3930 1171 3981 sacris
1192 3944 1249 3982 se
1283 3930 1513 3984 miscere
1544 3927 1698 3982 liceat
1718 3969 1730 3991 ,
1762 3937 1841 3981 ut-

244 4000 491 4073 poteiqui
522 3998 902 4073 hypodiocmto
926 4000 1202 4073 urceolum
1233 4015 1456 4073 vacuum
1503 3998 1844 4054 administt'et

244 4070 316 4129 ad
342 4070 521 4127 tinum
548 4070 1020 4141 suppeditandum.
1058 4071 1160 4124 Alii
1187 4072 1274 4137 qui
1311 4072 1607 4126 acolttthum
1640 4073 1843 4141 legunt,

244 4148 676 4213 interpretantur
703 4145 806 4199 ἀπὸ
835 4148 929 4199 τοῦ
960 4144 1263 4208 ἁκολοὺθειν,
1291 4143 1341 4197 id
1376 4153 1459 4198 est
1491 4160 1520 4198 a
1545 4143 1844 4214 sequendo,

244 4229 309 4272 ut
336 4220 409 4271 sit
432 4218 584 4289 quasi
617 4218 970 4285 pedisseqttus
998 4225 1051 4268 et
1080 4216 1328 4271 minister
1366 4216 1709 4289 superiorum
1755 4226 1845 4270 or-

244 4290 456 4346 dinum.
490 4288 693 4342 I’AIEL.

324 4360 594 4431 Saturum,
624 4368 780 4412 antea
808 4357 1065 4413 lectorem
1092 4359 1449 4431 constitutum
1468 4374 1497 4413 a
1532 4368 1717 4415 sancto
1746 4357 1851 4431 Cy-

244 4432 463 4504 priane.
504 4429 633 4504 Vide
659 4431 819 4504 epist.
850 4444 999 4494 xxw,
1034 4445 1190 4490 χχιι.
1223 4447 1392 4485 xxxn.
1423 4429 1622 4486 Bth.

324 4502 650 4574 Acolytltum.
684 4503 912 4558 Secutus
952 4518 1069 4574 sunt
1114 4504 1388 4572 vulgarem
1428 4502 1696 4558 scribendi
1738 4519 1853 4557 mo-

1942 3563 2231 3622 occasione
2254 3569 2312 3617 ut
2334 3558 2565 3616 referam
2589 3570 2804 3613 versum
2830 3568 2892 3610 ett
2912 3549 3270 3609 lnstructione
3298 3547 3368 3622 59
3390 3545 3551 3622 Com:

1945 3617 2225 3701 nitidi-ani,
2262 3649 2366 3689 non
2408 3628 2709 3700 cujnsmodi
2753 3626 2929 3701 editus
2971 3634 3051 3701 est
3090 3629 3119 3677 ti
3165 3617 3553 3701 Rigalti‘o,qui

1942 3690 2092 3763 illum
2125 3690 2264 3762 tna'lc
2306 3690 2641 3765 emendavit,
2684 3700 2777 3756 sed
2822 3713 2889 3754 eo
2927 3695 3086 3750 modo
3122 3710 3227 3765 quo
3270 3690 3553 3765 Iegitutiu

1945 3760 2109 3835 veteri
2129 3760 2328 3833 codice
2356 3760 2667 3830 monasterii
2701 3769 2870 3825 sanrti
2905 3767 3097 3835 Albini
3123 3760 3554 3835 (odeaavenfis;

1946 3867 2012 3906 ex
2041 3832 2507 3919 quuSirmondus
2555 3842 2856 3919 descripsit.
2908 3839 3041 3919 Nam
3086 3834 3346 3903 “ignitius
3391 3832 3556 3919 ed‘itit

1947 3904 2014 3977 cit
2041 3904 2350 3991 tipograplto
2380 3904 2753 3991 Sirntondi.ci
2782 3930 2887 3970 non
2918 3911 3045 3966 viuit
3071 3917 3223 3964 vetus
3251 3904 3551 3976 exemplar.

1952 3994 2042 4051 Sic
2073 3988 2202 4064 ergo
2234 3988 2395 4048 liabet
2423 4003 2609 4045 versus
2636 3988 2756 4043 ille:

2077 4100 2276 4155 Induite
2301 4111 2472 4155 vestes
2495 4114 2618 4167 quas
2639 4102 2840 4164 Oportet
2862 4096 3020 4159 frigus
3044 4100 3099 4146 ut
3122 4099 3319 4155 ostent,

1953 4214 2157 4283 optimo
2188 4230 2370 4270 sensu.
2405 4215 2599 4269 Ostttt‘c
2631 4210 2795 4283 frigus
2825 4208 3147 4283 est_at_t_ferr§
3175 4203 3256 4259 vel
3288 4199 3555 4272 impedire

1954 4276 2144 4359 frigus.
2181 4286 2366 4353 Unde,
2398 4285 2569 4357 inquit
2600 4276 2865 4353 Carisius,
2898 4278 3037 4337 Galli
3065 4276 3362 4404 emi-suerunt
3401 4284 3556 4328 aster.

3189 4363 3347 4404 ALUZ.

3189 4363 3347 4405 ALllZ.

2030 4432 2364 4503 Episcopum.
2383 4428 2459 4484 Ita
2486 4440 2699 4503 veteres
2723 4425 2987 4503 editiones
3015 4420 3344 4503 et_utuiecint
3368 4426 3558 4503 vetera

1956 4487 2307 4574 exetitplaria.
2354 4503 2537 4569 Neque
2575 4498 2761 4574 dubito
2805 4497 2930 4567 quin
2968 4512 3029 4551 ea
3076 4494 3233 4574 lectio
3278 4491 3465 4546 melior
3492 4487 3564 4542 sit

245 4575 379 4666 dum
400 4572 879 4666 ,Aquatnyisqsciatn
911 4573 1169 4666 seriptuttlt
1202 4565 1323 4629 esse
1353 4574 1406 4628 iit
1438 4576 1686 4628 omnibus
1714 4574 1852 4630 anti—
1875 4606 1930 4666 Β
1956 4565 2211 4646 ῳωηιίειι
2240 4590 2361 4647 qua:
2393 4565 2554 4627 habet
2581 4565 2876 4666 epist'opus.
2909 4565 3192 4622 tamenetsi
3236 4579 3299 4666 υἷι
3342 4576 3560 4666 ιιιιιῐζῐιιιιιξ

621 4662 691 4666 -.η
836 4655 877 4666 -.
919 4662 935 4666 Α
1122 4662 1131 4666 -
1160 4661 1235 4666 ,---
1278 4649 1451 4666 __-.,_.,
1498 4664 1523 4666 η
1560 4647 1599 4666 ,ε
1628 4662 1667 4666 ν-
1708 4646 1814 4666 .--ε
1975 4665 1979 4666 ,
2023 4663 2043 4666 Α
2104 4648 2130 4666 ,e
2173 4656 2185 4666 .
2289 4647 2333 4666 _-,
2409 4645 2581 4666 _-:t._....
2723 4658 2750 4666 -.
2775 4641 2915 4666 ......:
2976 4636 3265 4666 -.........t....:
3291 4649 3370 4666 um
3472 4647 3557 4666 ...ιι

246 4649 373 4718 quis
402 4646 799 4718 exemplaribus
829 4655 883 4701 et
912 4645 1238 4701 editiooibus
1267 4649 1529 4717 acolytum
1558 4647 1675 4718 sine
1704 4646 1849 4718 aspi-

246 4717 494 4782 ratione,
540 4718 612 4772 ttti
657 4717 815 4772 etiam
859 4717 1102 4771 scribunt
1144 4718 1238 4771 viri
1282 4719 1576 4773 doctissimi
1617 4717 1851 4773 Jacoltus

248 4791 417 4855 Goar,
450 4788 753 4844 Dominicus
780 4788 1008 4854 Macros,
1040 4798 1093 4843 et
1117 4789 1368 4856 Caugius.
1400 4789 1647 4845 Nondum
1674 4801 1851 4845 autem

247 4864 507 4918 convenit
537 4862 673 4917 inter
702 4863 1020 4928 interpretes
1048 4863 1188 4916 unde
1215 4861 1519 4917 derivatum
1547 4863 1617 4916 sit
1643 4863 1743 4916 hoc
1770 4877 1856 4917 vo-

248 4934 539 4999 cabulum,
575 4943 631 4987 ιιι
659 4931 779 4986 istic
810 4936 968 4985 etiun
999 4932 1275 4988 annotavit
1306 4933 1593 4989 Patttelius.
1634 4933 1724 4987 Vir
1754 4933 1855 4987 do.

250 5007 531 5061 etissitnns
556 5003 792 5059 Joannes
822 5002 1061 5058 Morinus
1092 5005 1145 5059 in
1187 5020 1351 5073 apere
1391 5005 1458 5059 de
1499 5005 1666 5061 sacris
1708 5004 1857 5060 ordio

252 5077 568 5132 nationibus
597 5078 671 5130 ait
697 5075 1071 5147 acolythorum
1103 5079 1432 5131 mentionem
1463 5077 1708 5147 nuspiant
1738 5075 1856 5132 ﬁeri

251 5150 359 5205 nisi
395 5159 517 5218 post
546 5162 748 5202 annum
778 5145 1058 5203 a’Cltristo
1089 5159 1215 5202 nato
1242 5148 1369 5204 250.
1406 5145 1605 5205 BALui.

332 5217 1389 5293 It‘elt’cisst’mum.“Atlversarittutsancti
1443 5220 1729 5293 Cypriani,
1784 5220 1861 5275 uti

241 5292 504 5365 pluribus
553 5289 793 5347 ostendit
844 5290 1146 5363 Cyprianus
1196 5290 1249 5347 itt
1301 5289 1402 5365 hac
1449 5289 1562 5360 ipsa
1609 5292 1858 5363 epistola.

1379 5363 1576 5419 ΒΑιυι.

335 5434 671 5507 Abslentum,
699 5431 826 5490 litec
858 5443 950 5507 est
997 5450 1123 5489 vera
1161 5433 1319 5491 lcetio
1342 5476 1357 5500 ,
1402 5452 1564 5507 quam
1598 5435 1776 5489 inveni
1811 5435 1863 5491 in

257 5509 541 5565 codicibus
565 5506 821 5577 antiquis.
855 5506 1146 5562 Recentior
1177 5506 1521 5577 ltemigianus
1549 5519 1603 5563 et
1631 5507 1866 5563 Beeeeu-

259 5583 340 5636 sis
372 5578 573 5633 habent
598 5589 872 5633 ostentant.
895 5580 1030 5634 Octo
1058 5578 1145 5632 alii
1180 5589 1394 5633 veteres
1424 5588 1477 5634 et
1509 5588 1720 5633 veteres
1751 5579 1867 5633 edi-

263 5656 441 5708 tiones
467 5659 741 5703 ostensum.
769 5652 1103 5719 Quamquam
1128 5664 1305 5705 autem
1336 5667 1442 5705 non
1471 5651 1707 5704 dubitem
1737 5652 1866 5721 quin

264 5725 349 5778 lize
389 5723 648 5778 lectiones
674 5723 777 5775 sint
810 5721 1131 5786 falsissimae,
1165 5739 1255 5776 eas
1299 5734 1474 5777 tamen
1516 5735 1767 5776 annotavi
1811 5734 1869 5778 ut

265 5793 613 5876 ltittcncolligi
659 5792 813 5873 facile
860 5797 1028 5876 possit
1065 5809 1296 5863 quonam
1343 5795 1503 5849 modo
1548 5796 1866 5849 introducta}

264 5866 555 5949 ξίιιιιξιὶείῐξ
584 5867 842 5949 lectiones
870 5865 927 5920 in
954 5864 1739 5949 librosreferuntscriptorum
1772 5883 1866 5935 per

267 5937 536 6000 inscitiam
566 5947 621 5995 et
647 5936 928 5996 audaciam
966 5937 1332 5998 librariorum.
1374 5937 1507 5997 Utar
1532 5936 1726 5998 autem
1762 5937 1865 5997 ltac

1957 4631 2341 4718 r'eperiatur'in
2372 4631 2692 4718 quibusdam
2723 4631 3393 4718 vetusti~excoquat-ibus.
3425 4631 3558 4687 Nam

1958 4712 2116 4789 paulo
2147 4730 2265 4787 post
2293 4719 2451 4773 dicit:
2488 4714 2599 4770 Nec
2620 4716 2834 4789 interest
2864 4712 2999 4766 unde
3024 4713 3259 4782 episcopo
3289 4715 3378 4760 aut
3403 4716 3566 4759 terror

1956 4787 2043 4845 ἐιιιι
2078 4790 2363 4861 periculum
2393 4788 2598 4861 veniat.
2618 4787 2814 4861 BALuz.

2031 4850 2095 4917 ll'.
2126 4862 2349 4917 ——Cttm
2391 4860 2879 4914 unitttadrertissem.
2926 4854 3053 4911 Htec
3096 4850 3269 4906 omitti
3314 4855 3564 4917 poterant

1960 4932 2162 5003 absque
2205 4934 2313 4990 ullo
2354 4932 2657 5003 δίπριξιὶιιίιιν
2695 4931 2896 5003 Desunt
2932 4939 3108 4980 autem
3152 4919 3564 5003 iurqttibusdam

1961 4990 2235 5062 codicibus
2261 4990 2515 5074 antiquis.
2547 5001 2890 5074 Retinuiutuj
2911 5009 3112 5074 tamen,
3141 4990 3271 5074 quia
3290 4990 3569 5074 exstantia

1963 5078 2192 5148 antiquis
2234 5065 2557 5132 etli'io'nibus
2597 5087 2653 5130 et
2695 5073 2746 5127 in
2787 5070 3105 5142 quibusdam
3140 5065 3416 5124 codicibus
3447 5078 3564 5118 nta-

1966 5149 2274 5219 nuscriptis.
2310 5150 2508 5204 BALuz.

2039 5208 2259 5275 Litteras
2287 5237 2435 5290 quas.
2473 5223 2511 5272 Α
2544 5215 2904 5290 scltismaticis
2935 5214 3188 5290 nimirum
3220 5222 3272 5266 et
3302 5208 3570 5290 profanis,

1969 5300 2026 5347 ut
2054 5294 2195 5349 dicet
2221 5282 2379 5347 infra.
2410 5290 2637 5355 Scripta:
2661 5288 2857 5359 quippe
2884 5296 3040 5359 erant
3066 5286 3329 5359 adversus
3354 5282 3577 5353 Cypria-

1968 5381 2117 5420 num.
2146 5366 2211 5420 Et
2236 5364 2359 5420 ideo
2382 5356 2787 5417 Cornelius—eas
2815 5358 3060 5428 accipere
3090 5356 3369 5412 retinebat.

3086 5430 3280 5484 BALUZ.

2046 5507 2171 5563 Esse
2190 5507 2468 5562 detentum.
2488 5503 2745 5572 Quamvis
2766 5502 2837 5557 ita
2861 5503 3122 5570 scriptmn
3140 5503 3207 5554 ~it
3231 5502 3282 5555 in
3307 5498 3576 5572 veteribus

1971 5582 2123 5638 libris
2163 5591 2220 5635 et
2247 5581 2297 5632 in
2328 5570 2691 5640 editiotizbus,
2728 5583 2856 5644 puto
2888 5584 3066 5628 tamen
3098 5587 3340 5628 errorem
3371 5586 3491 5625 8386
3524 5570 3575 5623 in

1975 5654 2078 5707 hoc
2105 5654 2221 5707 loco
2249 5662 2303 5705 et
2333 5648 2614 5719 legendum
2638 5662 2764 5719 t‘Sae
2791 5646 3064 5719 desertum.
3099 5645 3230 5719 Nam
3259 5650 3467 5719 certqu
3496 5648 3580 5719 est

1971 5726 2242 5780 Christum
2284 5712 2585 5777 non't'uisse
2616 5718 2894 5777 detentum
2926 5735 2952 5770 a
2984 5717 3242 5772 fratribus
3271 5718 3388 5770 sive
3415 5712 3581 5766 disci.

1974 5797 2112 5866 pulis
2143 5797 2253 5849 suis
2275 5836 2288 5857 ,
2323 5792 2421 5866 sed
2449 5809 2478 5846 ιι
2506 5790 2727 5866 .ludteis.
2789 5788 2938 5866 Unde
2993 5788 3130 5866 infra
3188 5791 3447 5866 scriptum
3498 5791 3581 5838 est

1972 5858 2246 5929 Christum
2277 5864 2598 5924 derelictum
2629 5863 2794 5920 fuisse
2820 5879 2849 5919 a
2873 5858 3307 5986 discipulisBsuis.

3188 5944 3307 5986 Αιυι

3078 5997 3086 6009 ι
3115 5944 3347 6009 μῦΛιυΖη
