4000 6322
376 225 483 289 799

1367 227 1803 286 ROMANORUM
1847 225 2265 285 PONTIFICUM
2310 226 2693 287 EPISTOLA‘J.

3593 226 3716 289 800

376 349 665 422 Apostolus
705 348 822 423 ipse
854 349 1166 423 delegerat,
1211 348 1481 422 proditum
1515 347 1536 421 (
1566 348 1935 413 Hatth.",xxvt
1963 393 1978 416 ,
2007 348 2061 408 Α
2086 345 2181 402 erit
2209 357 2255 401 et
2282 348 2336 401 in
2356 362 2550 402 vermes
2580 347 2629 400 i.
2662 345 2838 403 Hodie
2871 346 3146 404 extolletur
3174 390 3188 416 ,
3222 356 3269 403 et
3295 364 3408 404 cras
3438 365 3541 404 non
3568 349 3720 404 inse-

377 441 448 498 “
475 439 519 515 );
567 442 709 498 inter
731 443 878 500 initia
907 457 1121 515 quoque
1148 441 1331 497 mundi
1356 443 1490 498 Abel
1535 443 1738 513 justum
1774 443 1987 497 nonnisi

384 534 555 591 frater
584 535 842 593 occiderit
869 535 1021 605 (Gen.
1047 551 1120 601 tv,
1154 534 1243 607 8);
1267 545 1321 591 et
1346 535 1514 591 Jacob
1544 537 1831 605 fugientem
1864 551 1989 606 per-

375 638 595 686 secutus
619 631 689 686 sit
709 632 874 685 frater
894 630 1120 686 infestus
1140 630 1294 703 (Gen.
1320 647 1485 693 xxvn,
1510 630 1599 702 41)
1625 647 1640 696 ;
1671 644 1717 686 et
1744 631 1943 702 Ioseph
1960 642 1983 668 τι

374 723 731 779 venumdatus
766 725 894 780 sita
943 723 1198 779 fratribus
1253 723 1434 793 (Gen.
1496 741 1715 791 xxxv",
1745 725 1882 795 25);
1934 726 1985 780 in

376 814 670 887 Evangelia
707 817 869 872 etiam
916 817 1157 887 legamus
1200 831 1324 873 esse
1369 818 1685 887 praedictum
1715 818 1740 857 δ
1766 860 1781 885 ,
1819 821 1986 890 magis

378 907 708 966 domesticos
749 910 997 966 inimicos
1030 910 1285 984 futuros(
1320 910 1507 967 Matth.
1551 929 1582 966 χ
1611 954 1625 977 ,
1658 911 1767 984 50)
1802 923 1855 967 et
1896 914 1986 983 qui

375 1004 527 1074 prius
554 1005 791 1077 copulati
816 1015 1159 1061 sacramento
1190 1005 1555 1059 unanimitatis
1578 1005 1807 1073 fuerint,
1840 1007 1986 1078 ipsos

377 1095 607 1153 invicem
638 1097 950 1153 tradituros.
994 1097 1133 1153 Nihil
1160 1098 1385 1154 interest
1412 1099 1532 1170 quis
1565 1100 1737 1155 tradat
1765 1109 1857 1155 aut
1882 1116 1984 1155 sae-

377 1191 487 1245 viat
516 1233 531 1256 ,
566 1206 688 1246 cum
719 1192 862 1248 Deus
893 1191 1029 1247 tradi
1063 1202 1085 1231 ο
1117 1193 1376 1261 permittit
1404 1202 1457 1247 et
1483 1195 1752 1249 coronari.
1801 1193 1986 1266 Neque

379 1283 538 1339 nobis
560 1281 587 1319 ά
608 1285 898 1356 ignominia
923 1294 1003 1340 est
1028 1285 1136 1355 pati
1172 1300 1202 1339 a
1235 1284 1497 1341 fratribus
1520 1286 1662 1356 quod
1696 1301 1882 1357 passus
1903 1298 1986 1342 est

383 1376 775 1436 Christusznec
795 1380 901 1435 illis
925 1380 1097 1451 gloria
1127 1390 1212 1436 est
1234 1380 1411 1436 facere
1436 1381 1577 1452 quod
1601 1380 1731 1438 fecit
1753 1381 1982 1439 Judas“.

385 1471 516 1541 Quae
562 1483 739 1529 autem
787 1475 866 1529 sui
905 1474 1067 1530 elatio
1096 1481 1216 1540 est,
1260 1490 1379 1546 quae
1413 1475 1856 1532 comminantium
1903 1486 1988 1532 tu-

385 1580 541 1621 mens
568 1577 621 1620 et
648 1565 827 1621 inflata
855 1576 909 1622 et
930 1581 1064 1622 vana
1083 1566 1301 1636 jactatio
1326 1584 1340 1633 ;
1376 1568 1486 1623 illic
1507 1568 1715 1624 absenti
1742 1568 1938 1624 minari
1967 1610 1982 1635 ,

384 1673 507 1714 cum
550 1657 636 1713 hic
671 1674 758 1715 me
798 1657 1031 1713 habeant
1058 1658 1110 1713 in
1139 1669 1406 1729 potestate
1436 1662 1802 1731 prmsentem?
1844 1661 1987 1719 Con-

2091 440 2260 494 nietur
2281 456 2302 507 ;
2329 440 2570 512 quoniam
2602 457 2876 496 conversus
2893 452 2967 495 est
2993 442 3045 496 in
3068 451 3255 497 terram
3276 460 3424 497 suam
3449 484 3468 511 ,
3496 452 3544 497 et
3568 443 3724 514 cogi-

2093 539 2216 592 tatio
2264 540 2375 608 ejus
2415 540 2597 609 peribit
2623 538 2648 578 ¹ί
2684 540 2757 610 (I
2789 539 3031 595 Machab.
3066 557 3127 609 tt,
3169 540 3240 597 62
3262 538 3303 615 ).
3336 542 3402 597 Et
3454 542 3654 597 iterum
3695 559 3711 597 :

2105 629 2226 685 Vidi
2248 632 2462 703 impium
2483 633 2760 688 exaltatum
2781 675 2797 700 ,
2825 645 2872 689 et
2898 635 3074 690 extolli
3095 651 3248 704 super
3275 636 3452 691 cedrus
3478 635 3670 690 Libani
3691 651 3716 703 ;

2091 735 2137 779 et
2170 726 2415 793 transivi,
2465 736 2510 780 et
2553 743 2666 782 ecce
2704 744 2807 781 non
2847 729 2983 798 fuit;
3024 738 3071 783 et
3100 729 3308 799 qutesivi
3335 746 3450 783 eum
3472 770 3488 792 ,
3520 739 3713 784 etnon

2092 827 2165 871 est
2192 819 2421 874 inventus
2448 819 2587 874 locus
2626 821 2736 885 ejus
2763 818 2784 894 (
2814 819 2960 875 Psal.
2993 837 3191 886 XXXVI,
3221 823 3292 880 57
3321 823 3365 895 ).
3421 822 3710 878 Exaltatio

2091 923 2144 968 et
2174 913 2379 969 inflatio
2412 959 2424 979 ,
2479 923 2533 969 et
2563 929 2826 985 arrogans
2870 931 2934 971 ac
2979 917 3211 988 superba
3238 917 3463 987 jactatio
3504 933 3613 974 non
3643 918 3723 973 de

2090 1005 2289 1061 Christi
2322 1006 2631 1079 magisterio
2660 1048 2675 1074 ,
2719 1009 2810 1078 qui
2852 1009 3210 1065 humilitatem
3257 1011 3460 1103 docet',
3495 1012 3594 1067 sed
3645 1013 3726 1068 de

2091 1098 2409 1155 Antichristi
2442 1101 2635 1171 spiritu
2663 1103 2931 1172 nascitur,
2972 1106 3055 1159 cui
3087 1098 3544 1180 exprobratl'per
3572 1107 3725 1163 Pro-

2090 1195 2306 1266 phetam
2340 1195 2633 1263 Dominus,
2668 1206 2724 1253 et
2748 1197 2879 1253 dicit
2906 1218 2918 1253 :
2948 1197 3029 1253 Tu
3059 1211 3228 1255 autem
3257 1200 3438 1257 dixisti
3458 1204 3512 1257 in
3534 1205 3722 1263 animo

2091 1294 2178 1340 tuo
2207 1303 2225 1341 :
2252 1286 2317 1342 In
2345 1291 2527 1342 etclam
2555 1287 2827 1343 ascendam
2846 1333 2859 1354 ,
2883 1309 3036 1363 super
3059 1294 3232 1349 stellas
3264 1293 3361 1350 Dei
3407 1313 3600 1367 ponam
3628 1314 3723 1352 se-

2095 1378 2211 1434 dem
2244 1397 2409 1435 meam
2434 1398 2452 1444 ;
2482 1383 2664 1436 sedebo
2702 1382 2753 1436 in
2784 1394 2952 1438 monte
2976 1386 3081 1440 alto
3107 1426 3119 1451 ,
3155 1403 3311 1459 super
3351 1399 3549 1444 montes
3579 1390 3727 1447 altos

2090 1475 2143 1527 in
2191 1476 2479 1542 aquilonem
2500 1485 2539 1513 ω
2565 1479 2842 1532 ascendam
2873 1496 3027 1550 super
3054 1481 3241 1551 nubes,
3277 1498 3363 1536 ero
3394 1484 3583 1539 similis
3619 1485 3725 1540 ΑΙ-

2090 1568 2282 1623 tissimo
2319 1568 2338 1642 (
2370 1568 2481 1624 Isa.
2512 1586 2605 1625 xw
2629 1611 2644 1635 ,
2680 1572 2749 1627 l5
2770 1581 2824 1627 et
2851 1573 2917 1628 M
2947 1573 2986 1644 ).
3024 1574 3089 1629 Et
3116 1574 3322 1631 addidit
3353 1575 3583 1634 dicens:
3615 1578 3711 1634 Tu

2090 1677 2207 1716 vero
2231 1662 2299 1715 ad
2328 1663 2518 1734 inferos
2544 1665 2818 1722 descende:
2844 1667 2896 1720 in
2932 1668 3267 1737 fundamenta
3322 1678 3473 1724 terra:
3494 1714 3510 1736 ,
3540 1680 3590 1726 et
3614 1674 3714 1743 qui

382 1751 523 1807 vicia
551 1766 740 1807 eorum
770 1794 786 1819 ,
819 1752 1013 1823 quibus
1035 1766 1095 1808 se
1124 1761 1179 1808 et
1209 1753 1369 1808 vitam
1398 1769 1549 1809 suam
1580 1754 1819 1824 quotidie
1844 1755 1989 1811 lace-
2018 1753 2068 1813 B
2095 1754 2331 1809 videbunt
2361 1765 2440 1821 te,
2461 1780 2464 1785 -
2487 1757 2806 1813 mirabuntur
2848 1776 3003 1827 super
3034 1772 3082 1816 te
3123 1760 3144 1835 (
3173 1761 3315 1817 Ibid.
3358 1764 3426 1819 15
3448 1762 3491 1837 )’.
3524 1765 3712 1823 ‘Unde

383 1854 529 1908 rant,
560 1860 667 1899 non
684 1844 935 1901 timemus
961 1861 977 1909 ;
1010 1844 1177 1901 fustes
1204 1855 1256 1901 et
1287 1846 1489 1917 lapides
1513 1857 1565 1903 et
1591 1848 1822 1920 gladios,
1851 1865 1990 1921 quos

393 1936 579 1992 verbis
622 1922 1028 2006 parricidalibus
1075 1937 1366 2009 iactitant,
1397 1953 1503 1994 non
1535 1940 1989 2008 perborescintus.

384 2026 539 2098 Quod
580 2027 635 2084 in
662 2028 770 2084 illis
795 2041 879 2085 est
902 2071 919 2098 ,
968 2028 1251 2086 homicida:
1289 2040 1416 2086 sunt
1439 2030 1579 2102 apud
1609 2032 1777 2087 Deum
1812 2033 1945 2088 tales
1974 2052 1988 2087 :

385 2139 583 2181 necare
633 2136 811 2182 tamen
858 2142 965 2182 non
998 2136 1242 2197 possunt,
1277 2129 1376 2183 nisi
1405 2129 1485 2184 eis
1515 2129 1772 2185 Dominus
1798 2145 1994 2186 necare

385 2222 717 2294 permiserit.
760 2222 829 2277 Et
856 2239 978 2277 cum
1022 2223 1179 2279 nobis
1222 2224 1390 2279 semel
1422 2224 1760 2280 moriendum
1793 2226 1881 2294 sit,
1916 2226 1993 2281 illi

387 2324 567 2371 tamen
583 2315 708 2371 odio
731 2316 978 2371 etvcrbis
1003 2326 1057 2372 et
1081 2316 1295 2373 delictis
1313 2317 1425 2373 suis
1442 2318 1680 2387 quotidie
1698 2320 1989 2389 perimunt.

458 2406 546 2463 Ill.
595 2407 700 2464 Sed
754 2424 863 2464 non
912 2408 1156 2478 idcirco,
1210 2410 1377 2466 frater
1419 2411 1779 2478 cbarissime,
1825 2412 1992 2467 relin-

386 2501 600 2574 quenda
644 2514 726 2559 est
766 2504 1132 2561 ecclesiastica
1159 2506 1474 2577 disciplina,
1513 2515 1608 2561 aut
1645 2507 1996 2563 sacerdotalis

387 2598 654 2656 solvenda
694 2614 923 2656 censura
960 2644 974 2668 ,
1026 2604 1279 2672 quoniam
1325 2602 1586 2658 conviciis
1638 2604 1990 2670 infestantur,

386 2703 482 2749 aut
529 2695 829 2751 terroribus
880 2695 1189 2767 quatimur;
1221 2697 1437 2766 quando
1486 2709 1735 2753 occurrat
1779 2708 1835 2753 et
1885 2714 1998 2753 mo-

389 2797 518 2844 neat
542 2787 561 2826 ί
592 2788 869 2861 Scriptura
917 2790 1099 2846 divina
1133 2790 1350 2848 dicens:
1376 2791 1479 2846 llte
1497 2808 1612 2847 vero
1631 2793 1717 2861 qui
1740 2794 1999 2859 praesumit

394 2890 443 2935 et
469 2892 749 2937 contumax
774 2894 849 2938 est
898 2894 946 2952 8,
980 2885 1055 2939 vir
1083 2884 1160 2938 sui
1182 2885 1388 2955 jactans
1408 2926 1423 2951 ,
1466 2884 1596 2938 nihil
1636 2887 1841 2940 omnino
1885 2902 2001 2956 per-

392 2974 527 3043 ﬁciet
560 3017 574 3042 ,
617 2976 706 3048 qui
759 2976 991 3032 dilatavit
1039 2987 1297 3049 tamquam
1341 2976 1369 3014 ¹ι
1424 2979 1658 3048 infernus
1704 2977 1722 3014 ί
1775 2980 2001 3033 animam

393 3083 538 3122 suam
580 3068 599 3140 (
631 3068 831 3126 Habac.
857 3087 919 3136 tt,
948 3072 983 3128 5
1011 3072 1051 3144 ).
1098 3073 1163 3127 Et
1195 3073 1389 3128 iterum
1421 3092 1435 3129 :
1479 3070 1546 3126 Et
1578 3076 1729 3128 verba
1756 3075 1854 3128 viri
1884 3091 2003 3143 pec—

2096 1864 2280 1920 parent
2333 1850 2530 1907 talibus
2584 1866 2797 1923 poenam
2851 1852 3130 1925 Scriptura
3184 1856 3366 1912 divina
3416 1859 3542 1915 loco
3602 1860 3724 1915 alio

2096 1944 2454 1999 comminatur
2477 1955 2527 2000 et
2554 1944 2684 2001 dicit
2716 1963 2729 2001 :
2755 1945 2882 2002 Dies
2908 1947 3045 2003 enim
3071 1946 3284 2004 Domini
3311 1950 3545 2007 Sabaoth
3565 1969 3728 2024 super

2098 2052 2297 2090 onmem
2325 2037 2629 2108 injuriosum
2664 2046 2710 2093 et
2737 2040 3048 2110 superbum,
3091 2050 3139 2096 et
3178 2059 3336 2113 super
3362 2060 3570 2100 omnem
3599 2047 3727 2100 ela-

2101 2137 2208 2181 tum
2237 2138 2283 2182 et
2333 2131 2590 2184 excelsum
2629 2128 2649 2202 (
2680 2128 2793 2186 Isa.
2834 2147 2894 2199 tt,
2921 2131 2994 2188 29
3024 2131 3065 2204 ).
3101 2133 3175 2189 De
3204 2149 3301 2191 ore
3340 2137 3523 2208 itaque
3547 2153 3614 2194 ac
3643 2137 3722 2193 de

2098 2223 2278 2278 verbis
2318 2224 2428 2278 suis
2456 2225 2822 2297 unusquisque
2856 2227 3036 2281 statim
3078 2226 3325 2297 proditur
3352 2270 3371 2297 ,
3418 2239 3476 2287 et
3529 2241 3724 2287 utrum

2100 2316 2370 2373 Christum
2401 2319 2453 2373 in
2476 2318 2640 2373 corde
2664 2333 2794 2387 suo,
2820 2334 2888 2374 an
2906 2335 3037 2375 vero
3059 2321 3452 2379 Auticbristum
3476 2323 3670 2381 habeat
3690 2369 3710 2394 ,

2103 2410 2370 2480 loquendo
2427 2410 2740 2482 detegitur:
2791 2411 3083 2468 secundum
3139 2414 3284 2484 quod
3344 2415 3606 2471 Dominus
3654 2418 3712 2473 in

2102 2503 2392 2575 Evangelia
2428 2518 2527 2558 suo
2555 2502 2686 2559 dicit
2724 2522 2738 2559 :
2781 2503 3061 2577 Progenies
3088 2508 3413 2578 viperarum,
3456 2514 3721 2581 quomodo

2103 2598 2311 2670 potestis
2351 2598 2481 2651 bona
2508 2597 2678 2668 loqui,
2712 2616 2828 2653 cum
2867 2602 2979 2655 sitis
3006 2618 3221 2670 nequam
3240 2603 3267 2657 .9
3298 2603 3363 2658 de
3393 2604 3719 2661 abundantia

2103 2692 2237 2746 enim
2263 2692 2432 2745 cordis
2453 2707 2509 2745 os
2531 2691 2712 2747 emittit
2729 2700 2779 2748 η.
2797 2690 2973 2747 Bonus
3003 2694 3157 2748 homo
3183 2697 3247 2750 de
3267 2696 3399 2750 bono
3431 2696 3669 2753 thesauro
3691 2708 3717 2733 ο

2105 2785 2284 2840 emittit
2329 2786 2477 2851 bona,
2526 2795 2574 2839 et
2610 2802 2825 2856 nequam
2878 2790 3030 2840 homo
3076 2788 3140 2840 de
3208 2805 3426 2861 nequam
3480 2792 3721 2846 thesauro

2106 2882 2283 2938 emittit
2311 2898 2523 2952 nequam
2552 2879 2570 2953 (
2601 2879 2748 2936 Matt.
2785 2896 2895 2948 xu,
2938 2882 3008 2936 δι
3037 2879 3076 2952 ).
3121 2880 3276 2938 Unde
3317 2890 3372 2937 et
3425 2883 3575 2940 dives
3627 2887 3718 2941 ille

2107 2987 2353 3048 peccator
2382 3019 2396 3043 ,
2432 2976 2519 3046 qui
2548 2975 2614 3030 de
2646 2973 2848 3029 Lazaro
2876 2974 2930 3029 in
2955 2975 3074 3030 sinu
3114 2974 3348 3032 Abrahze
3381 2978 3557 3048 posito
3578 3019 3594 3043 ,
3631 2988 3718 3034 at-

2107 3084 2212 3141 que
2262 3070 2314 3124 in
2365 3067 2643 3137 refrigerio
2692 3066 3029 3131 constituto,
3098 3067 3352 3138 implorat
3410 3070 3659 3125 auxilium
3693 3111 3711 3136 ,

395 3162 581 3217 catoris
634 3179 695 3218 ne
749 3165 1016 3222 timueritis
1045 3207 1061 3233 ,
1122 3167 1244 3235 quia
1293 3166 1461 3239 gloria
1513 3168 1625 3236 ejus
1674 3168 1729 3222 in
1780 3180 2005 3231 stercora
2032 3159 2077 3222 C
2110 3183 2232 3223 cum
2271 3165 2325 3220 in
2368 3163 2649 3220 tormentis
2701 3162 3096 3220 cruciabundus
3143 3162 3377 3220 flamma:
3426 3167 3712 3222 cretnantis

1654 3310 2038 3370 LECTIONES
2077 3311 2165 3367 VA
2177 3308 2490 3366 RIANTES.

465 3420 712 3495 {Ioseph
751 3438 877 3495 puer
910 3428 1129 3495 veniet-it
1145 3428 1479 3479 vendentibus
1534 3427 1769 3480 fratribus
1810 3444 1822 3476 :
1864 3426 1997 3480 Edit.

398 3488 695 3547 castigantur
718 3488 784 3541 ea:
805 3488 1140 3547 vetustioribus
1172 3504 1285 3542 mss.

463 3544 494 3615 ἶ»
519 3544 795 3615 Legamus,
816 3544 1105 3615 praedictum
1127 3555 1260 3605 Lam.
1291 3551 1394 3604 Lin.
1416 3554 1525 3605 ΝΟ.
1551 3555 1599 3604 2.

466 3611 490 3683 (ξ
528 3611 836 3683 Itt_‘vutgatis'_
858 3614 1119 3683 Permittat
1136 3654 1151 3676 ,
1177 3630 1301 3680 quos
1323 3617 1538 3683 disponit
1564 3619 1802 3683 coronari.
1826 3616 2005 3683 Neque

402 3675 556 3726 enim.
584 3675 731 3729 Istud
756 3680 909 3739 enim,
936 3675 1063 3743 sicut
1098 3675 1146 3731 et
1166 3675 1309 3730 antea
1345 3675 1469 3742 quos
1506 3681 1751 3743 disiionit,
1778 3682 1829 3729 in
1872 3675 2007 3731 nullo

400 3744 673 3799 nostrorum
693 3754 805 3792 mss.
827 3748 999 3793 exstat.
1022 3741 1209 3799 Tradit,
1236 3741 1479 3795 permittit
1500 3749 1554 3794 et
1576 3741 1801 3794 coronari
1827 3745 2004 3795 Benev.

412 3798 532 3849 Ver.
562 3802 626 3853 Ut
648 3812 700 3853 et
722 3807 942 3855 coronari
978 3808 1115 3857 Voss.
1143 3798 1345 3857 2.7Bud.
1376 3808 1417 3857 1.

473 3863 501 3903 (1
536 3865 714 3928 Neque
739 3869 880 3917 nobis
904 3867 1039 3917 Lam.
1065 3868 1211 3920 Ebur.
1242 3869 1347 3919 ΝΟ.
1379 3871 1422 3919 1.
1448 3869 1496 3920 2.
1528 3869 1630 3921 Litt.

473 3931 497 3959 ε
532 3927 674 3979 Fecit
694 3928 849 3980 Judas
880 3934 996 3980 Ver.
1030 3932 1161 3982 Lam.
1192 3928 1337 3983 Ebur.
1367 3934 1414 3984 Ν
1422 3933 1476 3983 C.
1506 3935 1549 3983 l.

474 3988 495 4028 ῐ
536 3991 600 4042 In
623 3998 781 4044 vetere
803 4006 894 4046 ms.
925 3990 1058 4045 Colb.
1086 3992 1400 4047 desideratur
1423 3995 1683 4059 Scriptura
1703 3995 1889 4047 divina.

2172 3426 2198 3466 Β
2234 3424 2503 3477 Contumax
2529 3426 2626 3472 est.
2650 3422 2836 3472 viribus
2859 3423 2961 3471 suis
2986 3420 3111 3473 Rud.
3146 3424 3194 3472 1.
3222 3418 3332 3471 Lin.
3360 3423 3465 3475 ΝΟ.
3494 3424 3536 3474 l.

2169 3486 2201 3525 h
2233 3488 2499 3525 'I‘nmmmm
2525 3484 2670 3525 inferi
2696 3486 2805 3525 Lam
2856 3483 2956 3525 [δη-
2993 3486 3116 3525 ΕΙΜΓ
3169 3485 3265 3525 NH,
3299 3486 3317 3525 1

2176 3486 2201 3525 h
2233 3488 2499 3551 Tamquam
2525 3484 2672 3536 inferi
2690 3486 2822 3535 Lam.
2851 3484 2957 3535 Litt.
2990 3486 3133 3535 Ebur.
3161 3485 3269 3535 ΝΟ.
3299 3486 3343 3536 1.
3435 3545 3448 3555 _

2176 3551 2192 3589 i
2232 3554 2297 3624 In
2321 3552 2599 3624 eodentnts.
2623 3556 2781 3624 gestat
2816 3548 3039 3599 inferas:
3066 3545 3120 3598 in
3139 3546 3295 3599 altero
3313 3585 3327 3609 ,
3354 3553 3407 3599 ut
3428 3560 3478 3599 sn
3504 3548 3640 3599 Corb.
3663 3554 3709 3598 et

2109 3612 2331 3679 pluribus
2353 3612 2546 3678 Anglic.
2589 3612 2751 3683 int‘eri.

2178 3677 2192 3728 ι
2241 3677 2305 3726 Ut
2330 3688 2526 3725 vermes
2549 3673 2694 3724 h0le
2722 3674 2846 3725 Bod.
2872 3674 2922 3722 5.

2173 3740 2200 3779 ι(
2236 3739 2476 3801 Cogitatio
2502 3739 2610 3799 ejus
2645 3738 2837 3801 peribit
2851 3738 3009 3788 Oxon.

2173 3802 2212 3894 in
2242 3801 2704 3915 (έῗὲῗιῗρξξιῗῖιῗιᾟξ
2729 3799 2865 3913 gilii.
2883 3802 3039 3913 iiber.
3070 3861 3179 3914 NC.
3206 3860 3252 3910 ι.
3280 3860 3408 3912 Bod.
3434 3864 3464 3911 ξ

2178 3871 2212 3894 ω
2251 3871 2443 3915 Montes
2465 3871 2704 3926 aqutlonis
2729 3871 2865 3913 Lam.
2894 3871 3039 3913 Ebur.
3070 3871 3109 3914 Ν
3125 3871 3179 3913 C.
3206 3871 3252 3910 ι.
3280 3871 3408 3912 uua.
3434 3871 3479 3911 2.

2178 3930 2205 3958 ¹¹
2240 3927 2310 3977 Os
2330 3928 2550 3990 loquitur
2571 3924 2678 3990 Litt.
2714 3987 2758 3990 ﬂ

2177 3996 2201 4020 υ
2239 3987 2494 4041 Thesauro
2517 3987 2679 4039 cordis
2703 3987 2808 4038 Litt.
2904 4003 2914 4012 ·

1763 4101 2125 4162 VARIORUM
2164 4100 2397 4158 NOTAE.

487 4222 673 4279 Frater
701 4226 965 4281 occiderit.
994 4227 1238 4283 Notanda
1268 4237 1356 4283 est
1394 4228 1446 4282 in
1478 4227 1582 4282 hoc
1612 4227 1734 4283 loco
1763 4234 2005 4282 veterum

413 4294 761 4353 librariorum
785 4297 1030 4355 audacia.
1057 4299 1277 4355 Certum
1305 4308 1390 4354 est
1418 4299 1561 4355 hunc
1590 4299 1790 4365 locum,
1821 4299 1895 4351 nti
1922 4298 2009 4366 ja-

414 4379 522 4431 cet,
558 4382 745 4425 sanum
772 4385 895 4426 esse
919 4382 972 4426 ct
1002 4371 1145 4426 nulla
1180 4372 1624 4439 interpretatione
1655 4370 1895 4440 indigere
1945 4368 2013 4423 Et

416 4449 602 4517 tamen
622 4442 693 4496 illi
714 4486 727 4507 ,
752 4444 842 4511 qui
868 4443 1113 4517 sciebant
1132 4442 1357 4517 Abelem
1380 4460 1407 4496 a
1430 4443 1606 4517 Gaiae
1625 4442 1860 4517 occisum
1876 4442 2018 4517 fuis—
2045 4457 2098 4517 ι)

414 4526 498 4584 se,
520 4512 672 4584 istius
698 4529 894 4569 nomen
919 4514 1039 4570 heic
1063 4530 1293 4584 posuere
1312 4515 1362 4567 in
1381 4514 1697 4581 quibusdam
1716 4512 2015 4584 codicibus.

416 4582 550 4656 Nam
570 4583 901 4641 Sorbonicus
918 4582 1077 4641 habet
1101 4587 1358 4656 scriptum
1381 4586 1503 4639 Abel
1517 4588 1719 4655 justum
1738 4583 1863 4637 Cain
1887 4601 2019 4637 non-

416 4655 519 4708 nisi
547 4659 708 4725 frater
746 4659 1010 4712 occiderit.
1065 4655 1221 4713 Unus
1255 4673 1406 4711 meus
1434 4668 1586 4712 vetus
1626 4675 1638 4709 :
1666 4656 1789 4709 Abel
1823 4658 2020 4724 justum

418 4742 521 4780 non
546 4729 643 4782 nisi
666 4727 792 4783 Cain
824 4732 982 4797 frater
1013 4729 1273 4784 occiderit.
1311 4728 1523 4797 Reliqui
1550 4728 1765 4783 codices
1791 4743 1895 4780 non
1925 4729 2018 4779 ba-

420 4799 551 4869 bent
579 4798 682 4854 hoc
710 4801 1158 4865 additamentum,
1185 4817 1359 4869 neque
1386 4813 1598 4855 veteres
1625 4801 1911 4855 editiohes.
1947 4799 2023 4854 De

421 4868 525 4944 hoc
552 4870 850 4927 fratricidio
882 4873 1002 4928 vide
1029 4890 1149 4944 qua:
1179 4868 1431 4927 dicuntur
1462 4870 1599 4926 infra
1631 4872 1696 4924 ad
1731 4871 1923 4925 librum
1954 4870 2023 4925 de

424 4940 575 5011 Bono
605 4944 897 5011 patientim.
931 4940 1129 5011 RALiJz.

494 5010 688 5086 Ioseph
720 5019 900 5084 frater.
932 5010 1000 5070 Et
1028 5018 1115 5070 hic
1142 5030 1355 5086 quoque
1387 5016 1536 5069 locus
1567 5014 1832 5083 subjacuit
1861 5013 2027 5068 auda-

424 5082 523 5137 cia:
564 5082 923 5142 librariorum.
964 5088 1021 5143 In
1060 5082 1514 5143 codice—Timauo
1555 5098 1608 5141 et
1649 5082 1698 5139 in
1741 5102 1846 5140 ttno
1879 5086 2023 5141 Butl-

428 5154 605 5228 ieiuno
630 5157 888 5227 scriptum
918 5171 1021 5228 est,
1050 5159 1247 5227 Ioseph
1276 5159 1590 5213 venundatus
1610 5160 1726 5211 sita
1758 5160 2023 5228 fratribus.

426 5225 502 5298 lu_
533 5225 863 5297 Sorhonico,
900 5225 1096 5295 Ioseph
1128 5225 1312 5287 venerit
1344 5231 1671 5285 vrndentibus
1703 5225 1945 5298 fratribus
1973 5235 2025 5283 in

429 5296 740 5368 zEgyptum.
790 5296 857 5355 In,
891 5304 1231 5366 Michaeliuo.
1272 5302 1469 5372 Ioseph
1512 5296 1799 5372 quyptttm
1840 5302 2028 5355 venerit

430 5372 839 5445 persequentibus
868 5376 1134 5445 fratribus.
1171 5377 1224 5428 In
1260 5390 1365 5429 uno
1414 5389 1571 5439 tneo,
1604 5372 1798 5440 Ioseph
1847 5389 2026 5443 perve-

429 5443 561 5517 nerit
594 5443 923 5517 vendentibus
952 5448 1200 5517 fratribus
1224 5449 1276 5502 in
1302 5447 1618 5517 zEgyptmn.
1648 5445 1848 5500 BALUZ.

507 5513 779 5569 Permittat
820 5513 966 5585 quos.
1017 5519 1236 5573 Variant
1272 5522 1323 5573 in
1358 5513 1461 5572 hoc
1492 5519 1609 5571 loco
1648 5517 1862 5587 quidam
1908 5514 2029 5570 libri

432 5587 748 5659 votet‘esaln
778 5605 884 5643 uno
914 5604 1034 5645 tneo
1063 5592 1275 5657 legitur,
1303 5592 1556 5659 permittat
1578 5600 1623 5641 et
1647 5605 1891 5642 coronare
1913 5603 2031 5657 pro-

432 5659 641 5717 miserit.
672 5658 731 5713 In
759 5661 866 5713 alio
894 5671 1071 5715 autem
1101 5678 1243 5729 meo,
1275 5658 1324 5717 in
1352 5662 1751 5725 Beneventano,
1784 5662 1832 5713 in
1864 5660 2032 5715 Vero-

435 5732 623 5795 nensi,
672 5741 727 5788 ct
774 5732 824 5786 in
872 5749 980 5787 uno
1020 5734 1314 5790 Bodleiano
1345 5743 1400 5789 ct
1427 5732 1692 5788 Vossiano
1723 5732 1949 5787 laudatis
1979 5733 2032 5786 in

435 5806 671 5863 editione
700 5804 1020 5878 Anglicana;
1044 5817 1099 5862 et
1124 5807 1178 5862 in
1206 5806 1325 5863 aliis
1349 5813 1580 5878 septem,
1611 5805 1856 5877 permittit
1880 5812 1929 5861 et
1954 5820 2033 5860 co-

2116 4220 2314 4276 ronari.
2345 4219 2402 4275 In
2437 4218 2793 4290 Burgundico,
2828 4219 3071 4291 permittit
3099 4221 3184 4290 qui
3214 4222 3350 4275 novit
3377 4231 3425 4275 et
3456 4237 3713 4277 coronare.

2119 4292 2178 4348 In
2207 4291 2431 4347 Metensi
2461 4292 2630 4365 sancti
2665 4293 2926 4362 Arnulphi
2947 4333 2961 4360 ,
2990 4309 3105 4346 cum
3140 4292 3276 4347 Deus
3306 4294 3445 4348 tradi
3473 4296 3713 4365 permittit

2122 4375 2170 4419 et
2196 4373 2428 4419 coronat.
2459 4363 2658 4419 BALUZ.
2961 4406 2973 4417 .

2198 4436 2408 4507 Absenti
2434 4437 2639 4489 minari.
2670 4434 2940 4507 Cypriane
2968 4435 3240 4507 nimirum.
3270 4436 3642 4495 Felicissimus
3665 4448 3715 4493 ct

2125 4506 2217 4562 alii
2251 4509 2339 4575 qui
2379 4524 2499 4561 cum
2533 4524 2599 4561 co
2640 4508 2867 4562 Romam
2903 4506 3134 4578 profecti
3172 4518 3325 4564 erant
3354 4510 3520 4565 multa
3559 4511 3722 4579 turpia

2125 4590 2179 4634 et
2217 4579 2478 4648 probrosa
2517 4579 2775 4634 adversus
2812 4596 2934 4634 cum
2979 4581 3307 4646 protulerant
3354 4582 3495 4652 apud
3528 4579 3725 4637 Corne-

2128 4652 2256 4724 lium
2280 4692 2295 4717 ,
2332 4652 2511 4724 minas
2534 4652 2694 4724 etiam
2730 4652 3078 4724 intentantes.
3115 4652 3294 4706 Mirari
3326 4668 3384 4708 se
3412 4654 3603 4709 scribit
3632 4658 3728 4724 ily-

2127 4722 2347 4787 prianns
2373 4721 2513 4790 quod
2556 4722 2663 4788 illi,
2702 4723 2790 4793 qui
2834 4738 2952 4777 cum
2996 4734 3177 4778 essent
3220 4725 3581 4792 Carthagine,
3624 4721 3726 4780 illic

2127 4809 2247 4849 cum
2295 4793 2564 4847 habebant
2614 4805 2968 4863 praemulenh
3021 4795 3243 4848 Ruinam
3295 4799 3561 4851 adversus
3606 4814 3726 4853 eum

2129 4866 2495 4935 navigaverint
2522 4874 2573 4918 et
2600 4866 2663 4918 ad
2696 4866 2839 4920 Pt‘lli
2866 4868 3049 4922 sedem
3078 4876 3236 4934 atque
3267 4868 3566 4923 Ecclesium
3596 4872 3731 4935 prin-

2128 4938 2390 5009 cipalem,
2423 4938 2497 4989 ttti
2534 4949 2712 5003 postea
2746 4938 2920 4998 ἀίει-ι.
2961 4953 2989 4990 a
3033 4937 3362 4993 schimalicis
3401 4951 3457 4994 et
3496 4940 3730 5009 profanis

2128 5008 2335 5062 litteras
2376 5008 2645 5082 tulissent.
2688 5010 2778 5082 Sic
2821 5010 3043 5063 Rufinus
3075 5012 3124 5063 in
3170 5010 3307 5082 lilno
3346 5012 3726 5082 Apologiarutn

2131 5095 2346 5153 suarum
2370 5078 2628 5133 adversus
2655 5081 3039 5150 Hieronymum
3070 5084 3171 5149 ait,
3202 5078 3449 5153 lflegisset
3478 5078 3728 5138 absentem

2132 5152 2360 5225 lacerare
2381 5167 2529 5225 quem
2559 5155 2720 5216 potuit
2744 5155 2944 5222 gravius
2966 5156 3229 5224 confutare
3248 5152 3570 5225 prwsentem.
3605 5156 3728 5212 Bst.

2206 5222 2293 5277 Ill.
2316 5251 2391 5294 -ν
2409 5220 2689 5276 Conversus
2717 5220 2788 5277 est
2814 5226 2866 5277 in
2893 5220 3098 5278 terram.
3133 5220 3312 5280 Codex
3342 5225 3733 5294 Gratianotmli-

2136 5302 2323 5356 latius,
2355 5293 2640 5349 Conversus
2668 5306 2739 5348 cst
2770 5297 2821 5348 in
2847 5312 3129 5349 utrumnam
3161 5307 3207 5350 et
3237 5309 3442 5351 terram.
3476 5293 3680 5354 Bituiz.

2205 5364 2273 5419 In
2299 5376 2521 5420 stercora
2550 5367 2646 5419 erit
2674 5377 2719 5420 et
2750 5367 2801 5420 in
2828 5383 3037 5421 vermes.
3081 5365 3241 5423 (ἔοι-ι).
3273 5384 3377 5423 ms.
3437 5385 3466 5422 ει
3499 5369 3731 5425 secanda

2134 5446 2388 5500 mann,ut
2415 5447 2659 5503 stercora,
2680 5448 2960 5492 utvermes.
2992 5437 3128 5492 lnfra
3161 5456 3226 5495 ex
3258 5440 3509 5494 otnnibus
3540 5442 3733 5496 nostris

2134 5526 2265 5565 mss.
2291 5509 2620 5564 restituinms
2636 5509 2835 5579 peribit,
2854 5510 2992 5575 quod
3013 5522 3066 5566 et
3086 5512 3175 5565 lib.
3200 5528 3255 5567 ttt
3288 5510 3591 5567 Testimon.
3613 5530 3663 5569 c.
3680 5513 3729 5578 5,

2137 5582 2223 5654 ubi
2262 5583 2401 5654 idem
2436 5584 2582 5634 locus
2610 5598 2638 5634 a
2669 5580 2938 5653 Cypriane
2966 5583 3181 5645 vitatur,
3215 5584 3265 5637 in
3302 5584 3574 5654 plerisque
3604 5600 3728 5639 mss.

2138 5653 2321 5708 haberi
2347 5652 2682 5707 Oxouicnscs
2718 5652 2946 5720 nutant,
2977 5655 3223 5723 quarm-is
3260 5671 3384 5712 cum
3421 5652 3543 5712 aliis
3581 5657 3734 5714 editis

2136 5725 2285 5796 periit
2313 5723 2595 5795 utrobique
2623 5726 2908 5782 retineant.
2937 5723 3137 5783 Cousr.
