4068 6324
245 269 348 328 801

963 268 1299 332 EPISTULA
1340 260 1457 331 Xll.
1494 270 1553 331 S.
1594 263 1922 332 CYPRHNI
1961 275 2052 331 AD
2091 272 2497 334 CORNELIUM
2538 267 2791 334 PAPAM.

3464 278 3573 340 802

244 385 536 443 ardoribus
565 384 864 445 aduraturu
889 389 908 463 (
931 389 1061 446 Luc.
1108 408 1237 457 xvr,
1265 392 1337 448 23
1364 390 1384 464 )
1410 433 1424 455 ,
1487 392 1628 448 inter
1664 408 1854 450 omnes
1882 396 1930 455 Α
1962 394 2178 450 Etcum
2213 407 2393 464 postea
2430 406 2671 466 tempore
2712 396 2977 466 passionis
3009 396 3029 436 τ
3047 397 3256 471 alapam
3273 401 3576 472 accepisset

251 479 507 549 corporis
548 490 725 551 partes
765 482 936 553 magis
964 499 1025 538 os
1052 484 1169 555 ejus
1203 493 1258 539 et
1299 484 1473 556 lingua
1513 502 1698 555 pinnas
1726 486 1859 553 dat;

246 572 375 642 quia
395 572 513 642 plus
543 572 753 629 scilicet
782 573 961 646 lingua
988 590 1083 630 sua
1107 584 1162 631 et
1189 592 1283 631 ore
1315 586 1648 647 peccaverat.

331 661 425 719 IV.
466 662 597 719 Nam
620 679 739 720 cum
767 666 1025 738 scriptum
1056 667 1158 724 sit:
1187 668 1365 739 Neque
1387 670 1626 724 maledici
1647 687 1860 742 regnum

251 756 354 814 Dei
397 761 812 832 consequenturb
847 761 866 836 (
896 762 917 818 Ι
949 762 1071 817 Cor.
1106 780 1194 830 vr,
1233 762 1371 837 10),
1418 776 1472 820 et
1513 766 1705 821 iterum
1762 766 1866 821 Do-

259 853 445 909 minus
481 855 532 910 in
564 854 859 927 Evangelia
890 873 989 913 suo
1009 857 1192 915 dicat:
1223 858 1324 925 Qui
1350 860 1534 915 dixerit
1564 861 1718 930 fratri
1737 878 1861 930 suo,

253 944 467 1014 Fatue;
485 957 532 1005 et
555 950 642 1018 qui
659 951 845 1006 dixerit
868 968 887 1006 :
907 951 1070 1021 Raca,
1089 970 1203 1008 reus
1219 954 1312 1010 erit
1332 955 1384 1008 in
1402 955 1681 1024 gehennam
1697 966 1719 994 ο
1733 956 1865 1026 ignis

259 1040 477 1108 (Matth.
509 1058 566 1098 ut
586 1087 600 1111 ,
627 1043 699 1097 22
718 1040 769 1116 ),
798 1047 1071 1116 quomodo
1098 1055 1320 1118 possunt
1346 1062 1627 1103 censuram
1652 1048 1867 1103 Domini

259 1137 453 1193 ultoris
476 1134 747 1194 devadere
772 1180 787 1206 ,
832 1141 924 1211 qui
958 1140 1080 1195 talia
1126 1141 1374 1212 ingerunt
1405 1157 1512 1197 non
1544 1142 1719 1197 solum
1753 1141 1862 1197 fra-

258 1230 434 1286 tribus
465 1272 481 1295 ,
522 1231 615 1287 sed
644 1241 696 1286 et
725 1232 1128 1300 sacerdotibus;
1162 1234 1356 1305 quibus
1387 1235 1560 1291 honor
1589 1245 1769 1291 tantus
1793 1235 1863 1291 de

253 1321 354 1380 Dei
383 1322 697 1395 dignatione
718 1325 1033 1381 conceditur
1054 1369 1069 1393 ,
1096 1336 1156 1382 nt
1183 1328 1425 1399 quisquis
1453 1328 1717 1385 sacerdoti
1744 1328 1863 1398 ejus

250 1425 307 1474 et
334 1417 401 1472 ad
434 1427 645 1489 tempus
672 1418 757 1473 hic
782 1418 1046 1489 judicanti
1074 1436 1179 1474 non
1206 1422 1604 1491 obtemperaret
1632 1464 1647 1487 ,
1680 1422 1860 1476 statim

250 1514 589 1569 necaretur?
632 1513 687 1569 In
719 1513 1137 1571 Deuteronomio
1167 1515 1407 1587 loquitur
1440 1516 1695 1571 Dominus
1724 1516 1863 1571 Deus

253 1606 440 1664 dicens
481 1625 495 1660 :
545 1605 612 1662 Et
652 1607 801 1662 homo
842 1609 1149 1680 quicumque
1197 1612 1373 1679 fecerit
1403 1610 1457 1664 in
1493 1609 1730 1679 superbia
1760 1652 1776 1678 ,
1810 1620 1868 1664 ut

257 1719 361 1758 non
384 1702 630 1758 exaudiat
656 1703 976 1758 sacerdotem
1014 1714 1102 1758 aut
1128 1703 1357 1775 judicent
1384 1704 1683 1776 quicumque
1714 1706 1867 1777 fuerit

1971 502 2000 541 a
2030 503 2188 543 servo
2215 488 2515 544 sacerdotis
2535 532 2550 556 ,
2576 505 2806 560 eumque
2827 489 2877 545 ei
2897 490 3122 547 dixisset
3142 534 3158 558 ,
3190 492 3279 549 Sic
3293 495 3574 563 respondes

1970 582 2253 652 pontiﬁci?
2294 581 2534 655 (Joann.
2580 600 2713 639 xvnt
2741 625 2755 648 ,
2795 581 2917 655 22)
2964 584 3221 643 adversus
3269 588 3575 659 pontiﬁcem

1970 675 2228 731 Dominus
2252 678 2639 734 contumeliose
2668 678 2798 734 nihil
2828 679 2963 735 dixit
2991 721 3007 745 ,
3051 696 3152 737 nec
3180 682 3473 754 quidquam
3503 684 3574 741 de

1968 767 2264 822 sacerdotis
2309 768 2513 825 honore
2562 767 2829 836 detraxit;
2874 769 2969 825 sed
3015 772 3378 830 innocentiam
3419 790 3574 832 suam

1969 862 2140 931 magis
2167 876 2416 917 asserens
2439 872 2493 919 et
2518 864 2811 920 ostendens
2838 905 2853 930 ,
2895 864 2956 919 Si
2987 866 3153 932 male,
3191 867 3393 940 inquit,
3423 868 3571 923 locu-

1967 966 2048 1011 tus
2076 973 2210 1021 sum,
2231 957 2482 1026 exprobra
2512 957 2575 1012 de
2612 958 2749 1013 mulo
2776 967 2801 1006 8
2822 974 2839 1027 ;
2862 961 2907 1012 si
2943 970 3115 1015 autem
3137 960 3295 1029 bene,
3325 961 3450 1033 quid
3495 979 3575 1018 me

1968 1054 2123 1109 credis
2149 1055 2174 1108 ?
2201 1056 2218 1123 (
2246 1052 2385 1108 Ibid.
2416 1054 2534 1126 25.)
2570 1055 2697 1111 item
2731 1056 2784 1110 in
2828 1055 2980 1112 Actis
3022 1057 3403 1127 Apostolorum
3437 1066 3581 1125 post-

1970 1147 2189 1203 modum
2208 1147 2396 1203 beatus
2413 1149 2691 1217 apostolus
2720 1148 2917 1203 Paulus
2938 1192 2953 1217 ,
2978 1165 3102 1206 cum
3118 1150 3167 1207 ei
3190 1150 3390 1207 dictum
3411 1161 3576 1220 esset,

1971 1238 2061 1296 Sic
2085 1238 2250 1294 insilis
2266 1240 2318 1295 in
2334 1240 2645 1295 sacerdotem
2664 1239 2762 1295 Dei
2781 1242 3161 1297 maledicendo?
3182 1241 3319 1311 (Act.
3355 1260 3506 1309 χχιιι,
3522 1243 3580 1315 4)

1969 1336 2215 1408 quamvis
2248 1336 2475 1392 Domino
2528 1337 2634 1403 iam
2674 1337 2934 1393 crucifixo
2964 1336 3209 1408 Sacrilegi
3245 1349 3299 1392 et
3343 1337 3493 1410 impii
3525 1347 3582 1393 et

1969 1432 2177 1485 cruenti
2212 1429 2284 1483 illi
2317 1444 2438 1484 esse
2466 1429 2787 1498 cmpissent,
2821 1444 2920 1485 nec
2945 1429 3055 1501 jam
3087 1429 3376 1502 quidquam
3394 1430 3463 1486 de
3490 1445 3580 1487 sa-

1968 1520 2227 1577 cerdotali
2260 1524 2463 1577 honore
2490 1530 2543 1577 et
2567 1524 2886 1577 auctoritate
2915 1523 3215 1577 retinerent
3241 1540 3254 1574 :
3288 1531 3467 1578 tamen
3499 1523 3583 1594 ip-

1969 1629 2089 1669 sum
2118 1613 2360 1683 quamvis
2404 1614 2562 1669 inane
2604 1629 2798 1669 nomen
2827 1624 2879 1669 et
2905 1614 3152 1669 umbram
3180 1614 3464 1686 quamdam
3494 1630 3584 1671 sa-

1969 1708 2203 1764 cerdotis
2225 1708 2464 1799 cogit'ans
2484 1708 2679 1763 Paulus
2697 1725 2710 1763 :
2726 1707 3030 1764 Nesciebam
3054 1708 3243 1781 fratres
3256 1707 3285 1747 ιι
3303 1708 3356 1783 (1
3362 1710 3581 1783 bid.,5),

263 1796 320 1852 in
362 1796 538 1852 diebus
569 1798 673 1853 illis
692 1840 706 1864 ,
749 1798 993 1853 morietur
1023 1798 1174 1854 homo
1200 1800 1324 1865 ille;
1358 1809 1404 1854 et
1442 1801 1606 1855 omnis
1647 1802 1868 1870 papulus
1898 1812 1945 1872 Β
1974 1801 2182 1873 inquit,
2209 1803 2329 1873 quia
2356 1796 2595 1873 pontifex
2624 1812 2697 1857 est
2721 1846 2735 1870 ,
2764 1804 3013 1871 scriptum
3038 1814 3109 1860 est
3129 1806 3263 1860 enim
3289 1846 3304 1870 ,
3339 1804 3576 1878 Principi

266 1905 383 1944 cum
418 1888 675 1956 audierit,
721 1892 952 1956 timebit;
982 1901 1029 1947 et
1068 1908 1169 1947 non
1194 1900 1345 1964 agent
1374 1892 1529 1964 impie
1550 1893 1704 1946 etiam
1734 1910 1867 1947 nunc

266 1980 286 2052 (
313 1979 471 2037 Deut.
503 1998 636 2045 xvn,
664 1983 731 2039 i2
757 1981 800 2056 ).
829 1983 961 2040 Item
993 1984 1060 2040 ad
1090 1985 1395 2041 Samuelem
1415 2026 1431 2051 ,
1459 2001 1581 2041 cum
1608 2000 1638 2040 a
1667 1984 1870 2041 Judazis

270 2085 622 2144 sperneretur
645 2118 660 2143 ,
693 2076 834 2132 Deus
863 2077 995 2133 dicit
1024 2097 1035 2132 :
1069 2076 1192 2132 Non
1223 2089 1270 2133 te
1297 2088 1592 2148 spreverunt
1619 2123 1633 2146 ,
1672 2079 1763 2134 sed
1788 2096 1867 2134 me

258 2177 561 2237 spreverunt
600 2170 619 2241 (
650 2169 671 2224 1
698 2170 827 2243 Reg.
860 2187 950 2227 vm
971 2215 985 2238 ,
1017 2172 1047 2225 7
1080 2173 1121 2244 ).
1174 2173 1238 2227 Ει
1272 2173 1529 2230 Dominus
1567 2190 1780 2244 quoque
1811 2174 1864 2230 in

261 2261 555 2334 Evangelio
592 2281 605 2317 :
656 2264 756 2331 Qui
783 2266 927 2319 audit
966 2282 1053 2321 vos
1075 2310 1089 2333 ,
1122 2266 1330 2337 inquit,
1363 2284 1442 2321 me
1482 2267 1663 2321 audite
1684 2276 1728 2321 et
1754 2284 1869 2321 eum

262 2355 351 2425 qui
376 2371 455 2410 me
484 2356 619 2411 misit
643 2372 662 2411 :
688 2367 735 2411 et
765 2359 852 2429 qui
880 2360 1042 2431 rejicit
1071 2375 1189 2425 vos,
1217 2377 1297 2415 me
1326 2361 1491 2431 rejicit
1516 2401 1530 2425 ,
1570 2368 1617 2414 et
1648 2360 1869 2431 eumqui

266 2465 347 2503 me
374 2451 511 2504 misit
533 2450 664 2524 (Luc
693 2468 748 2518 x,
786 2451 898 2526 16).
931 2453 993 2508 Ει
1028 2469 1149 2510 cum
1182 2454 1454 2525 leprosum
1486 2454 1872 2522 emundasset;

275 2540 439 2613 Vade,
462 2545 664 2618 inquit,
692 2556 741 2601 et
756 2550 1052 2604 demonstra
1078 2558 1127 2603 te
1138 2550 1391 2605 sacerdoti
1405 2548 1424 2623 (
1440 2548 1629 2606 Matth.
1647 2565 1760 2618 vnt,
1779 2552 1813 2605 4
1831 2550 1871 2623 ).

1976 1895 2137 1966 plebis
2167 1906 2266 1951 tute
2294 1912 2395 1950 non
2426 1896 2699 1952 maledices
2730 1895 2746 1933 ί
2785 1899 2802 1965 (
2839 1896 3013 1959 Exod.
3041 1914 3153 1954 χχιι
3182 1939 3198 1964 ,
3234 1898 3306 1955 28
3327 1898 3369 1971 ).

2052 1988 2116 2045 V.
2147 1989 2283 2045 Cum
2313 1989 2429 2046 lucc
2459 2001 2600 2046 tanta
2631 2006 2694 2046 ac
2725 1990 2848 2046 talia
2889 2001 2943 2047 et
2982 1991 3149 2047 multa
3188 1991 3291 2047 alia
3332 1992 3585 2065 exempla

1976 2084 2286 2156 praecedant
2309 2126 2323 2146 ,
2352 2084 2546 2155 quibus
2573 2084 2922 2141 sacerdotalis
2948 2086 3241 2142 auctoritas
3262 2096 3317 2142 et
3343 2096 3587 2157 potestas

1970 2178 2039 2232 de
2077 2176 2255 2232 divina
2298 2176 2653 2248 diguitatione
2699 2177 2977 2244 ﬁrmatur;
3022 2177 3212 2249 quales
3262 2188 3417 2249 putas
3465 2193 3588 2235 esse

1973 2283 2099 2331 eos,
2132 2268 2225 2340 qui
2254 2269 2595 2325 sacerdotum
2624 2271 2839 2335 hostes,
2871 2281 2925 2326 et
2951 2281 3135 2327 contra
3164 2270 3465 2328 Ecclesiam
3496 2287 3589 2329 ca-

1977 2363 2228 2419 tholicam
2274 2364 2539 2431 rebelles,
2573 2380 2673 2420 nec
2700 2366 3087 2436 praemonentis
3115 2366 3326 2421 Domini
3356 2366 3588 2422 commi-

1978 2458 2197 2513 natione
2216 2500 2230 2522 ,
2263 2473 2364 2513 nec
2393 2456 2557 2513 futuri
2586 2457 2770 2529 judicii
2814 2458 3018 2515 ultione
3058 2462 3373 2516 terrentur?
3398 2458 3589 2532 Neque

1977 2549 2121 2605 enim
2163 2549 2379 2606 aliunde
2423 2550 2659 2608 luereses
2690 2549 2704 2601 i
2743 2550 2951 2607 obortze
2979 2561 3136 2621 sunt,
3180 2560 3273 2607 aut
3311 2563 3436 2608 nata
3465 2560 3593 2609 sunt

1521 2688 1899 2746 LECTIONES
1928 2688 2344 2746 VARIANTES.

335 2826 363 2854 ³
397 2825 667 2880 Ardoribus
683 2830 904 2880 aduritur
922 2831 1053 2882 Lam.
1081 2828 1228 2882 Ebor.
1255 2831 1361 2883 NG.
1390 2830 1436 2884 1.
1462 2830 1587 2882 Bod.
1611 2832 1655 2882 1.
1681 2828 1871 2881 Adure-

271 2895 416 2939 batur
440 2890 565 2943 Bod.
596 2893 640 2944 1.

339 2947 371 2988 Ι)
403 2952 497 3018 Dei
521 2955 842 3018 possidebunt
861 2955 970 3007 NG.
998 2955 1044 3006 2.
1075 2956 1179 3009 Lin.

339 3017 366 3082 (ξ
404 3016 541 3082 [lens
559 3019 810 3082 gehennze
840 3024 981 3071 Voss.
1007 3020 1058 3069 2.
1082 3020 1205 3072 Bod.
1228 3023 1274 3072 5.

339 3077 370 3118 d
405 3077 669 3131 Dominicis
688 3081 892 3134 ultionis
916 3083 1039 3134 Bod.
1064 3085 1114 3134 5.

344 3145 371 3209 ’ᾖ
404 3143 491 3209 Sic
518 3146 649 3209 Lam.
681 3147 792 3209 Lm.
813 3145 937 3198 Bod.
960 3146 1007 3195 2.
1035 3145 1177 3209 Audit
1199 3150 1253 3194 et
1279 3146 1499 3209 eumqui
1517 3158 1597 3196 me
1611 3145 1742 3209 misit
1766 3144 1877 3209 Rig.

349 3203 371 3244 ί
409 3206 495 3258 Sic
520 3208 655 3259 Lam.
683 3206 809 3260 Bod.
838 3211 884 3274 1,
905 3210 953 3271 2,
972 3212 1021 3261 5.
1043 3208 1187 3261 Ebor.
1222 3212 1361 3261 Voss.
1389 3203 1603 3261 2f1’em.
1633 3204 1741 3259 Lin.
1765 3203 1877 3260 NC.

1978 2829 2026 2889 1,
2046 2829 2093 2878 2.
2122 2830 2235 2880 MK.
2263 2827 2398 2892 Spir.
2436 2831 2558 2896 Vet._
2579 2827 2762 2896 innom.
2791 2834 2844 2896 et
2873 2827 2980 2881 alii.
3008 2828 3136 2881 Eum
3155 2832 3239 2896 qui
3260 2844 3361 2882 me.
3400 2830 3591 2884 Etcum

1983 2901 2156 2957 poste_a
2183 2890 2409 2957 tempore
2435 2890 2878 2957 passionisRigalt,

2050 2957 2077 2996 Β
2111 2952 2398 3004 Testitieare
2422 2952 2485 3003 de
2506 2954 2632 3003 malo
2660 2952 2794 3005 Lam.
2822 2952 2967 3007 Ebor.
3004 2956 3114 3008 ΝΟ.
3142 2958 3186 3007 1.
3218 2957 3344 3010 Bod.
3370 2957 3419 3009 2.

2040 3014 2073 3056 ιι
2105 3016 2192 3068 Sic
2216 3019 2355 3083 Pem.
2401 3018 2508 3083 NG.
2538 3018 2584 3077 1,
2613 3016 2658 3068 2.
2695 3022 2831 3070 Voss.
2881 3018 2927 3068 2.
2954 3020 3087 3071 Laut.
3146 3020 3272 3073 Bod.
3318 3023 3365 3083 1,
3410 3023 3458 3073 2.
3488 3020 3593 3074 Lin.

1906 3083 1952 3148 C
1983 3079 2200 3148 Fratres
2222 3078 2373 3148 omitt.
2403 3082 2561 3148 Ouum.

2056 3143 2075 3211 ξ
2118 3144 2400 3211 griztcipein
2427 3143 2585 3211 plebis
2609 3145 2742 3211 Lam.
2769 3144 2914 3211 ξὺρν.
2945 3142 3206 3211 ιζηηΒοά.
3234 3148 3283 3211 1,
3309 3147 3359 3199 2.

2056 3206 2071 3259 i
2122 3205 2322 3258 Exortie
2347 3205 2482 3258 Lam.
2506 3207 2651 3259 Ebor.
2682 3205 2806 3259 Bod.
2841 3206 2890 3258 2.
2918 3211 2967 3262 Ν
2973 3209 3027 3259 C.
3057 3210 3103 3261 1.

1626 3337 1995 3396 VARIORUM
2034 3337 2263 3394 NOTIE.

350 3475 607 3533 lV.—Me
633 3477 798 3533 audit.
831 3476 892 3532 In
919 3475 1046 3532 edit.
1091 3476 1267 3534 Oxon.
1298 3476 1385 3533 hic
1410 3475 1646 3539 additur.
1701 3480 1787 3539 qui
1817 3492 1896 3531 me

279 3554 448 3614 audit,
468 3559 519 3605 et
538 3565 662 3605 mox
681 3563 797 3621 post
814 3549 976 3621 verba
1004 3565 1086 3603 me
1110 3550 1294 3621 rejicit,
1312 3565 1432 3604 cum
1452 3549 1572 3604 aliis
1588 3548 1889 3618 subjicitur,

280 3568 448 3614 alia",
468 3568 519 3605 el
538 3568 662 3605 111οΧ
681 3568 797 3621 ptiSl
814 3568 976 3604 verna
1004 3568 1086 3603 me
1110 3568 1166 3603 re
1190 3568 1294 3613 seu,
1312 3568 1432 3604 cum
1452 3568 1572 3604 aIIIS
1588 3568 1889 3618 SIIDJICIIIII',

280 3623 369 3693 qui
382 3638 461 3675 me
486 3622 652 3691 rejicit
669 3664 684 3688 ,
711 3622 896 3691 rejicit.
914 3620 1083 3693 Magis
1109 3568 1209 3675 sibi
1241 3620 1521 3676 cohaerere
1547 3620 1659 3693 visa
1684 3631 1766 3675 est
1792 3621 1895 3693 lec-

279 3691 380 3750 ἱίο.
404 3709 564 3764 quam
584 3709 648 3748 ex
669 3703 850 3749 vetere
876 3709 977 3747 ms.
996 3691 1150 3747 Colb.
1166 3693 1253 3748 cui
1270 3703 1325 3748 et
1349 3693 1514 3747 Corb.
1537 3692 1696 3757 favet,
1720 3691 1900 3761 expri-

281 3767 502 3822 mimus.
535 3764 841 3821 Consum.
871 3794 943 3805 —
970 3766 1124 3835 Angli
1167 3765 1248 3818 sic
1285 3764 1430 3819 hunc
1475 3764 1649 3819 locum
1696 3778 1894 3833 posue-

282 3847 412 3894 runt
438 3837 492 3891 in
521 3853 617 3891 sua
644 3838 909 3893 editione:
937 3836 1034 3901 Qui
1064 3836 1208 3890 audit
1236 3853 1344 3899 vos,
1378 3835 1571 3905 inquit,
1606 3851 1685 3888 me
1712 3836 1897 3901 audit;

283 3911 374 3980 qui
402 3925 481 3962 me
505 3911 649 3963 audit
679 3920 725 3963 et
753 3925 867 3962 eum
896 3910 985 3980 qui
1028 3925 1107 3962 me
1149 3909 1302 3962 misit.
1348 3907 1542 3980 Nescio
1580 3917 1758 3961 autem
1804 3908 1893 3980 ubi

287 3978 595 4037 invenerint
617 3982 685 4033 ab
713 3981 816 4035 illis
841 3979 1051 4047 addita,
1082 3981 1167 4050 qui
1191 3995 1270 4033 me
1291 3979 1466 4043 audit,
1494 3995 1614 4049 qua!
1642 3993 1813 4048 neque
1840 3978 1894 4031 in

288 4053 584 4121 Evangelia
620 4052 890 4116 leguntur,
925 4068 1098 4118 neque
1130 4052 1179 4105 in
1211 4052 1485 4123 veteribus
1512 4051 1765 4123 Cypriani
1798 4065 1893 4105 co-

288 4124 504 4180 dicibus
528 4133 585 4180 et
608 4123 953 4179 editiouilms.
991 4123 1134 4179 Sane
1162 4124 1212 4177 in
1240 4122 1477 4177 editione
1507 4122 1715 4177 Erasmi
1762 4132 1816 4176 et
1845 4125 1896 4175 in

288 4195 477 4252 codice
497 4195 799 4251 Sorbonieo
818 4196 1076 4265 scriptum
1105 4204 1223 4251 est:
1252 4193 1355 4259 Qui
1379 4195 1549 4259 audit,
1586 4196 1750 4264 inquit
1774 4236 1784 4254 .
1814 4209 1901 4248 vos

290 4285 371 4322 me
398 4266 577 4331 audit;
607 4277 653 4321 et
678 4268 763 4338 qui
802 4283 888 4338 vos
928 4267 1072 4320 audit
1095 4309 1109 4332 ,
1141 4266 1286 4320 audit
1312 4275 1358 4320 et
1386 4283 1499 4320 eum
1526 4269 1612 4335 qui
1638 4282 1715 4319 me
1734 4266 1902 4338 misit.

288 4339 493 4395 Verum
523 4338 637 4394 haec
663 4337 817 4394 valde
846 4337 1056 4394 diversa
1087 4347 1213 4392 sunt
1236 4338 1305 4392 ab
1330 4338 1564 4393 editione
1588 4337 1901 4407 Anglicana.

292 4411 351 4466 In
394 4411 533 4465 libro
560 4409 865 4466 Turonensi
893 4422 945 4464 et
978 4411 1028 4464 in
1060 4426 1165 4464 uno
1192 4424 1311 4464 meo
1337 4410 1592 4479 scriptum
1643 4420 1757 4464 est:
1808 4408 1910 4477 Qui

1998 3483 2235 3556 notatam
2283 3475 2605 3556 conﬁrmare
2647 3475 2861 3556 videtur
2890 3477 3109 3556 Erasini
3151 3479 3348 3556 editio,
3394 3482 3447 3539 in
3498 3498 3602 3556 qua

1999 3547 2258 3618 scriptum
2284 3559 2366 3603 εει
2390 3548 2658 3602 insimulas
2685 3565 2779 3617 pro
2802 3550 2988 3606 insitis.
3015 3550 3147 3607 Vide
3166 3547 3415 3610 eumdem
3443 3547 3606 3611 Eras-

2001 3636 2148 3675 mum
2179 3620 2231 3673 in
2264 3619 2406 3674 hunc
2437 3619 2614 3673 locum
2647 3622 2908 3676 Actorum.
2940 3621 3137 3678 Btth.

2079 3691 2371 3769 Principiam
2409 3692 2609 3769 populi.
2648 3692 2723 3746 Ita
2755 3703 2963 3769 veteres
2979 3694 3255 3769 editiones
3282 3704 3335 3751 et
3361 3697 3607 3769 plerique

2000 3763 2120 3840 libri
2150 3774 2379 3840 vetere~_.
2409 3761 2678 3840 Erasmus
2696 3763 2907 3840 scripsit
2934 3766 3094 3840 plebis
3118 3774 3253 3840 tuae;
3278 3761 3608 3840 eamque'le-

2000 3835 2234 3890 ctionem
2266 3834 2601 3888 retinuerunt
2632 3835 2897 3890 Manutius
2927 3847 2982 3891 et
3009 3836 3305 3892 Morellins.
3335 3834 3607 3896 Painelius

2000 3906 2244 3961 mutavit.
2276 3906 2409 3961 Vide
2454 3906 2737 3970 epistolam
2779 3922 2921 3974 va,
2958 3918 3013 3963 et
3045 3909 3331 3965 concitinm
3387 3911 3608 3968 Toleta-

2002 3993 2129 4033 num
2160 3978 2220 4042 V,
2252 3992 2459 4031 canone
2486 3978 2540 4033 5.
2573 3977 2765 4032 Bttva.

2078 4050 2139 4105 V.
2165 4079 2235 4089 —
2254 4047 2436 4119 Neque
2470 4050 2605 4103 enim
2638 4051 2847 4105 aliunde
2874 4052 3064 4106 oborta:
3096 4062 3212 4107 sunt
3239 4054 3474 4118 hwreses,
3504 4066 3610 4112 etc.

2006 4121 2227 4199 Similes
2274 4121 2422 4199 locos
2473 4121 2638 4177 habes
2683 4122 2818 4199 infra
2871 4123 3028 4199 dictis
3059 4124 3323 4199 Epistolis
3344 4128 3414 4180 ad
3436 4126 3612 4199 Roga-

2008 4195 2205 4266 tianum
2251 4193 2546 4266 episcopum
2577 4202 2632 4248 et
2678 4191 2916 4266 Floreat.
2948 4191 3265 4266 Pupianum,
3295 4197 3446 4254 libris
3478 4191 3608 4255 item

2010 4267 2073 4317 de
2097 4263 2304 4320 Unitate
2332 4262 2595 4331 Ecclesiaz,
2635 4279 2698 4319 ac
2722 4266 2784 4318 de
2809 4264 2933 4320 Zeto
2960 4277 3005 4320 et
3034 4262 3238 4322 Livore.
3270 4269 3336 4324 Et
3355 4271 3399 4324 si
3429 4282 3607 4326 autem

2012 4336 2135 4413 aliis
2178 4337 2283 4391 illis
2312 4335 2446 4413 locis
2476 4337 2543 4390 de
2582 4351 2641 4391 se
2671 4347 2722 4391 et
2754 4338 3022 4413 episcopis
3065 4340 3316 4413 omnibus
3348 4341 3491 4413 loqui
3533 4344 3609 4397 vi-

2014 4408 2230 4472 deatur,
2260 4407 2403 4477 quod
2456 4423 2648 4476 nempe
2679 4423 2868 4463 omnes
2920 4407 3158 4465 lia‘reses
3185 4412 3393 4467 initium
3421 4407 3608 4469 'suum

295 4483 441 4565 audit
467 4498 576 4549 vos,
604 4483 960 4576 iaquigpa‘udit
986 4498 1065 4566 me
1090 4482 1321 4576 a'uditus,
1346 4492 1388 4535 et
1415 4482 1509 4576 qui
1526 4482 1911 4576 ntgfzitditeunt
1935 4515 1991 4576 Β
2018 4479 2305 4576 halluteriut
2334 4495 2397 4533 ex
2423 4481 3166 4576 coptamptuLepiscopormn,
3199 4483 3250 4537 id
3281 4494 3385 4549 est,
3406 4501 3470 4567 ex
3495 4486 3612 4570 ipso

297 4555 384 4623 qui
415 4569 493 4607 me
547 4554 704 4609 misit.
752 4553 888 4609 Vide
941 4554 1221 4622 epistolam
1261 4569 1383 4608 uix
1428 4551 1509 4607 ad
1564 4551 1907 4619 Florentium,

299 4626 391 4682 ubi
420 4626 521 4681 ista
554 4636 890 4696 repetuntur.
920 4625 1119 4681 BALUZ.

379 4698 482 4765 Qui
509 4695 675 4769 rejicit
700 4714 806 4753 vos.
838 4695 913 4752 lta
942 4702 1103 4752 etiam
1132 4697 1186 4751 in
1214 4696 1402 4751 eadem
1430 4696 1655 4766 epistola
1686 4696 1749 4752 ad
1780 4697 1912 4751 Flo-

300 4770 557 4828 rentium.
604 4769 660 4825 In
701 4769 935 4825 editione
975 4769 1185 4838 vulgata
1220 4769 1442 4839 legittr:
1482 4770 1584 4836 Qui
1609 4785 1696 4823 vos
1721 4770 1915 4839 spernit

301 4859 385 4898 me
406 4841 620 4912 spernit.
652 4842 910 4897 Erasmus
936 4840 988 4894 in
1030 4853 1190 4911 caput
1228 4839 1606 4895 duodecimum
1642 4841 1914 4909 Evangelii

303 4915 604 4970 secundum
634 4913 833 4968 Lucam
864 4912 1122 4967 admonet
1146 4912 1534 4983 Hieronymum
1566 4912 1761 4967 alicubi
1788 4928 1913 4967 ver-

304 4987 465 5040 tisse:
496 4984 597 5051 Qui
627 5003 711 5040 uos
738 4985 974 5053 reprobat
1002 5000 1081 5038 me
1107 4984 1365 5054 reprobat.
1401 4984 1466 5037 Et
1497 5000 1618 5038 mox
1646 4985 1916 5039 declamat

303 5057 731 5123 intemperanter
758 5059 1020 5111 adversus
1060 5056 1344 5125 episcopos
1374 5056 1710 5127 tyrannidem
1754 5072 1915 5111 exer-

305 5139 495 5184 centes
532 5139 586 5184 et
625 5129 829 5184 ventris
868 5128 1139 5198 negotium
1183 5137 1595 5198 prosequentes.
1632 5127 1791 5181 Addit
1818 5144 1917 5181 auo

308 5209 454 5258 tem:
480 5200 603 5255 Scio
628 5210 793 5256 tamen
820 5202 970 5254 etiam
996 5200 1145 5253 malis
1169 5198 1617 5264 obtemperandum
1639 5241 1654 5264 ,
1684 5216 1744 5253 ne
1772 5198 1917 5253 dissi-

308 5273 454 5326 dium
480 5274 748 5337 excitetur,
780 5272 929 5325 modo
956 5288 1018 5324 ne
1041 5282 1221 5341 cogant
1251 5269 1318 5323 ad
1355 5271 1687 5335 impietatem.
1718 5270 1915 5325 Bswz.

384 5343 587 5400 lnsilis.
618 5345 707 5401 Sic
736 5343 897 5399 etiam
930 5342 1185 5414 scriptum
1217 5351 1299 5397 est
1324 5341 1550 5414 epistola
1577 5341 1648 5396 65
1668 5383 1682 5400 .
1711 5343 1778 5394 ad
1808 5341 1917 5414 lio-

312 5417 603 5489 gatianum.
647 5416 752 5473 Sed
770 5415 833 5489 in
862 5415 966 5489 hac
995 5413 1153 5489 quant
1210 5428 1355 5489 nunc
1392 5413 1722 5489 illustratnus
1748 5413 1920 5481 scrip-

315 5484 429 5544 iutn
460 5487 627 5543 fuisse
653 5488 836 5541 incilas
861 5487 913 5540 in
947 5484 1113 5541 veteri
1140 5484 1329 5540 codice
1358 5484 1636 5539 annotavit
1678 5484 1730 5540 in
1777 5499 1924 5538 mar-

308 5559 436 5644 gine
468 5559 746 5644 _editionis
811 5557 1137 5644 Patneliauae
1192 5555 1298 5640 'Nic
1320 5557 1451 5611 dans
1543 5555 1739 5644 Ij‘alter.
1789 5555 1927 5644 ,Νο-

315 5628 440 5689 ilius
466 5631 783 5687 Marcellus:
818 5628 1045 5685 lncilure
1085 5638 1157 5683 est
1185 5629 1450 5700 increpare
1492 5628 1571 5682 vel
1615 5628 1922 5697 improbare.

316 5704 531 5773 Allegat
562 5713 741 5758 autem
769 5701 1012 5773 Nerius,
1046 5710 1099 5756 ut
1139 5700 1192 5755 id
1223 5703 1440 5770 probet,
1485 5700 1834 5773 auctoritates
1859 5715 1926 5754 ex

319 5772 506 5837 Accio.
535 5775 784 5839 Pacuvio,
812 5786 865 5829 et
890 5772 1116 5829 Lucilio.
1146 5773 1363 5827 Poterat
1387 5782 1568 5828 autem
1598 5772 1800 5827 addere
1827 5782 1928 5828 tes-

321 5848 545 5908 timonia
587 5862 651 5904 ex
693 5844 943 5904 Lucretio
982 5854 1036 5901 et
1080 5844 1289 5901 Plauto.
1334 5843 1646 5903 Lectionem
1687 5858 1716 5902 a
1746 5843 1927 5901 Fabro

2017 4551 2310 4606 schismate
2334 4567 2357 4623 ,ς
2390 4561 2538 4623 certe
2572 4561 2719 4623 tum;
2736 4551 2840 4607 hoc
2867 4551 3008 4619 loco,
3038 4562 3149 4607 tum
3182 4558 3480 4623 praesertim
3514 4551 3619 4612 ini-

2020 4624 2094 4698 tio
2140 4623 2260 4698 libri
2296 4622 2371 4698 _de
2419 4620 2626 4698 Unitate
2663 4621 2939 4698 AEcctesite,
2974 4626 3041 4680 de
3093 4620 3339 4681 Roinano
3366 4628 3621 4698 episcopo

2018 4693 2431 4767 sololoquitur.
2463 4694 2560 4762 Qui
2593 4695 2674 4749 vel
2708 4696 2895 4751 unicus
2930 4697 3101 4761 locus,
3135 4707 3193 4752 ut
3231 4698 3303 4753 ibi
3333 4693 3512 4767 latins,
3548 4693 3619 4755 ita

2019 4766 2305 4821 conﬁrmat
2350 4766 2592 4836 episcopi
2625 4783 2723 4839 seu
2751 4767 3017 4835 pontificis
3048 4769 3273 4823 Romani
3309 4766 3619 4839 primatum,

2020 4850 2078 4893 ut
2122 4855 2227 4892 non
2261 4841 2429 4907 possit
2454 4840 2653 4912 magis.
2685 4837 3122 4912 Circumstantim
3150 4837 3326 4896 textus
3353 4843 3455 4896 hoc
3479 4845 3619 4912 loco,

2018 4926 2140 4982 qua:
2163 4921 2390 4981 arguunt
2432 4910 2499 4965 de
2531 4909 2778 4964 Romano
2822 4911 2969 4982 loqui
3001 4922 3053 4968 et
3083 4925 3297 4966 summo
3343 4909 3618 4982 pontiﬁce,

2026 4993 2155 5053 sunt
2182 4982 2448 5053 imprimis
2479 4983 2786 5037 testimonia
2813 4984 3092 5053 praemissa
3125 4990 3189 5038 ex
3225 4983 3432 5039 Denter.
3466 4985 3556 5041 lib.
3582 5003 3624 5046 ι.

2021 5052 2168 5128 Reg.
2193 5051 2390 5124 Euang.
2414 5051 2637 5109 Joannis
2676 5066 2730 5128 et
2776 5051 2919 5128 Attis
2945 5056 3330 5125 Apostolorum,
3363 5072 3483 5128 qua:
3515 5075 3625 5114 non

2023 5126 2128 5198 nisi
2158 5126 2215 5198 in
2261 5140 2503 5198 summos
2547 5127 2829 5195 pontiﬁces
2871 5127 3179 5181 Judieorutn
3206 5126 3479 5198 quadrare
3524 5146 3625 5186 ne-

2025 5196 2156 5271 mini
2187 5197 2407 5271 dnbinm
2431 5205 2536 5264 est,
2565 5207 2726 5271 atque
2752 5198 2890 5253 adeo
2907 5200 3088 5271 aptius
3108 5198 3173 5271 ad
3196 5196 3465 5255 sinnmum
3492 5218 3628 5271 pou-

2027 5268 2579 5344 titicemPontianum
2632 5270 2961 5344 releruntnr.
2999 5270 3223 5344 Deinde.
3254 5272 3395 5341 quod
3439 5268 3629 5344 loqua-

2030 5350 2117 5415 tur
2146 5340 2215 5394 de
2239 5339 2422 5415 judice
2468 5341 2559 5408 qui
2605 5342 2720 5395 vice
2753 5340 2958 5415 _Cltristi
3005 5339 3452 5415 fungiturfltem,
3482 5339 3629 5415 quod

2028 5412 2282 5485 loquatur
2313 5413 2380 5466 de
2427 5428 2533 5466 uno
2578 5412 2862 5485 sacerdote
2887 5428 2982 5467 seu
3013 5428 3121 5467 uno
3150 5414 3407 5485 episcopo
3437 5412 3630 5473 in'Ec-

2029 5484 2192 5538 clesia
2221 5499 2235 5548 ;
2266 5499 2425 5552 quam
2457 5484 2874 5554 appellationem
2932 5495 3040 5537 tum
3071 5501 3138 5539 ex
3168 5484 3393 5552 epistola
3422 5487 3630 5544 Corne-

2031 5554 2088 5609 lii
2119 5556 2281 5625 supra
2311 5570 2501 5622 XLVIII,
2538 5568 2647 5609 tum
2676 5570 2742 5610 ex
2774 5556 2894 5610 aliis
2926 5557 3044 5623 ejus
3074 5558 3343 5625 epistolis,
3368 5566 3423 5614 et
3446 5557 3542 5615 lib.
3568 5560 3632 5615 de

2036 5626 2248 5681 Unitate
2290 5626 2540 5682 Ecclesia:
2564 5626 2889 5698 Cyprianum
2920 5626 3051 5681 satis
3072 5639 3284 5685 constat
3312 5645 3419 5686 non
3449 5632 3632 5689 solere

2030 5714 2295 5769 usurpare
2322 5740 2336 5764 ,
2378 5699 2499 5771 nisi
2536 5698 2869 5771 desummo
2922 5699 3193 5769 pontiﬁce.
3226 5700 3378 5758 Facit
3403 5719 3499 5771 pro
3540 5719 3636 5760 eo-

2031 5768 2173 5826 dem
2200 5772 2342 5843 quod
2390 5769 2570 5843 dicit:
2608 5768 2776 5825 Nemo
2797 5768 3067 5843 adversum
3107 5768 3433 5829 sacerdotum
3473 5776 3634 5830 colle-

2029 5843 2171 5917 gium
2199 5842 2397 5917 aliquid
2441 5853 2662 5899 moveret
2686 5858 2707 5911 ;
2737 5857 2860 5900 nam
2892 5842 2938 5900 si
2968 5842 3038 5902 de
3060 5858 3119 5901 sc
3146 5846 3263 5903 solo
3287 5845 3632 5925 loqueretur,
