4068 6324
502 221 612 278 805
1410 216 1417 222 ’

1508 219 1944 281 ηοΜΑΝοηυΜ
1981 204 2402 287 PONTIFICUM
2440 220 2827 286 Epts'routa.

3710 227 3834 291 8M»

494 334 817 402 schismata,
850 346 1011 407 quam
1044 345 1071 375 ει
1101 335 1229 393 dum
1259 335 1525 393 sacerdoti
1557 339 1651 394 Dei
1685 356 1790 395 non
1822 339 2099 411 obtempe-
2127 342 2177 403 Λ
2206 342 2371 398 Plane
2400 344 2635 415 episc0pi
2667 359 2773 400 non
2812 342 2881 400 de
2906 338 3181 401 voluntate
3214 340 3309 401 Dei
3348 343 3518 412 ﬁunt;
3552 349 3579 391 Β
3608 342 3699 399 sed
3728 343 3831 417 qui

499 441 669 496 ratur,
697 445 795 485 nec
819 445 957 486 unus
982 429 1036 485 in
1059 429 1298 486 Ecclesia
1322 429 1387 484 ad
1418 438 1631 501 tempus
1658 432 1934 496 sacerdos,
1958 442 2013 488 et
2040 432 2107 489 ad

502 530 713 593 tempus
737 523 900 593 judex
929 523 1044 580 vice
1070 520 1267 581 Christi
1296 525 1584 596 cogitatur.
1612 525 1709 582 Cui
1741 528 1783 583 si
1813 527 2106 583 secundum

500 616 808 687 magisteria
838 615 1016 673 divina
1049 618 1451 688 obtemperaret
1480 618 1787 676 fraternitas
1817 621 2067 677 universa
2088 662 2103 687 ,

497 725 659 766 nemo
679 709 963 766 adversum
986 711 1325 767 sacerdotum
1352 712 1642 784 collegium
1669 712 1959 783 quidquam
1991 727 2107 767 mo-

497 813 680 871 veret;
714 821 874 861 nemo
901 815 1023 876 post
1048 805 1286 860 divinum
1310 805 1571 876 judicium
1595 847 1609 874 ,
1641 814 1760 876 post
1789 805 1968 876 pOpttli
1992 804 2107 860 sul-

495 900 723 972 lragium
752 900 802 967 b,
837 910 959 971 post
985 900 1432 971 coepiscoporutn
1474 914 1831 966 consensum,
1869 898 2103 970 jndicem

494 1010 554 1050 se
580 995 687 1064 jam
718 1010 823 1049 non
854 995 1089 1065 episcopi
1122 993 1217 1049 sed
1260 993 1355 1050 Dei
1398 993 1633 1059 faceret;
1677 1009 1839 1050 nemo
1879 991 2105 1047 discidio

496 1090 714 1146 unitatis
738 1130 752 1155 ,
781 1089 979 1146 Christi
1012 1089 1307 1145 Ecclesiam
1335 1089 1637 1154 scinderet;
1671 1103 1829 1144 nemo
1859 1086 1958 1143 sibi
1986 1085 2103 1159 pla-

497 1200 628 1240 cens
669 1199 733 1238 ac
776 1194 989 1240 tumens
1032 1199 1275 1239 seorsum
1309 1182 1439 1239 loris
1472 1183 1720 1238 ltmresim
1753 1196 1941 1237 novatn
1971 1196 2105 1237 eon-

493 1276 678 1342 deret,
709 1276 810 1331 nisi
839 1277 882 1330 si
915 1277 983 1330 ita
1016 1286 1038 1315 ¢
1068 1286 1151 1332 eSt
1175 1275 1369 1346 aliquis
1396 1275 1673 1347 sacrilega:
1699 1276 2017 1331 temeritatis
2042 1288 2106 1328 ac

493 1371 720 1441 perdita:
751 1371 977 1434 mentis.
1010 1380 1069 1426 ut
1097 1381 1247 1442 putet
1275 1372 1393 1426 sine
1426 1372 1515 1426 Dei
1546 1370 1747 1441 judicio
1780 1370 1895 1427 lieri
1925 1383 2105 1426 sacer-

493 1462 703 1519 dotem:
732 1479 853 1519 cum
886 1464 1143 1519 Dominus
1171 1466 1224 1519 in
1253 1464 1547 1536 Evangelia
1572 1480 1670 1520 suo
1696 1463 1872 1520 dicat:
1917 1461 2107 1519 Nonne

491 1558 593 1613 duo
623 1573 855 1626 passeres
888 1574 1002 1612 asse
1035 1567 1278 1612 venerunt
1298 1600 1313 1625 ,
1348 1569 1392 1612 et
1421 1567 1595 1612 neuter
1624 1574 1798 1613 eorum
1824 1552 1851 1593 ά
1887 1556 2022 1609 cadit
2051 1556 2107 1610 in

484 1664 675 1709 terram
704 1654 814 1709 sine
848 1650 1024 1707 Patris
1056 1662 1080 1689 ο
1112 1652 1415 1708 voluntate?
1442 1652 1675 1724 (Matth.
1711 1669 1740 1706 κ
1760 1693 1774 1719 ,
1803 1649 1895 1706 29.
1919 1647 1941 1723 )
1968 1648 2103 1705 Cum

2212 444 2362 489 extra
2391 434 2683 490 Ecclesium
2713 434 2876 498 lium,
2907 435 3001 491 sed
3027 436 3117 507 qui
3144 448 3330 493 contra
3357 439 3383 474 ¹²
3411 438 3829 509 dispositionem

2212 535 2265 581 ct
2292 525 2627 581 traditionem
2661 527 2942 599 Evangelii
2971 528 3103 583 liunt
3128 547 3140 581 :
3170 530 3308 587 sicut
3334 531 3453 599 ipse
3481 530 3739 587 Dominus
3766 511 3833 586 iis

2210 616 2489 674 duodecim
2536 618 2819 690 PrOphetis
2862 619 3009 692 ponit
3047 630 3101 676 et
3130 620 3284 677 dicit:
3317 621 3659 695 Sibimetipsis
3691 621 3707 663 ί
3742 638 3835 677 re-

2210 728 2321 782 gem
2350 712 2749 782 constituerunt,
2782 722 2829 768 et
2857 729 2959 768 non
2989 730 3079 786 per
3132 731 3214 770 me
3255 714 3273 785 (
3306 714 3427 772 οδε.
3467 732 3591 781 vm.
3618 716 3715 789 6).
3759 716 3840 773 Et

2213 801 2406 857 iterum
2425 844 2440 869 ,
2468 803 2744 874 Sacriﬁcia
2766 821 2941 861 eorum
2961 816 3219 879 tamquam
3247 809 3397 879 panis
3429 810 3621 877 luctus,
3639 826 3833 873 omnes

2209 897 2296 966 qui
2326 898 2638 953 mandttcant
2668 915 2758 966 ea,
2790 901 3274 957 contaminabuntur
3302 901 3451 972 (ωε.
3506 919 3565 960 Ix
3587 946 3601 971 ,
3630 902 3728 975 4).
3761 903 3840 961 Et

2210 1002 2307 1058 per
2334 989 2543 1044 Esaiam
2575 1006 2787 1064 quoque
2828 993 3057 1067 Spit-itus
3086 1008 3304 1051 sanctus
3339 996 3540 1052 clamat
3567 1006 3623 1052 et
3658 996 3836 1054 dicit:

2218 1080 2309 1138 Va;-
2334 1083 2505 1150 vobis,
2536 1085 2634 1155 ﬁlii
2680 1084 2995 1154 desertores,
3042 1088 3150 1143 lucc
3198 1087 3321 1142 dicit
3370 1086 3656 1155 Dominus,
3706 1088 3839 1144 Ηα-

2210 1177 2388 1233 buistis
2412 1181 2681 1235 consilium
2710 1198 2809 1235 non
2838 1198 2928 1254 per
2953 1197 3032 1236 me
3062 1181 3111 1252 Ξ,
3147 1191 3194 1237 et
3220 1181 3413 1254 fecistis
3441 1183 3842 1240 conventionem

2210 1287 2313 1326 non
2351 1288 2440 1342 per
2465 1272 2704 1341 spiritum
2736 1290 2924 1343 meum,
2952 1274 3177 1347 adjicere
3201 1283 3408 1345 peccata
3434 1292 3586 1349 super
3611 1286 3843 1348 peccata

2211 1361 2378 1435 (lsai.
2408 1380 2537 1430 xxx,
2570 1362 2660 1435 1).

2287 1457 2372 1513 Vl.
2400 1456 2665 1514 Cancrum
2695 1459 2719 1533 (
2731 1458 2852 1515 dico
2878 1460 3020 1517 enim
3049 1469 3373 1533 provocatus
3393 1460 3445 1532 ιι,
3472 1462 3592 1523 dico
3605 1460 3837 1531 dolens,

2210 1549 2331 1607 dico
2351 1542 2720 1625 compulsus.
2746 1553 2963 1625 quando
2989 1555 3273 1627 episcopus
3296 1556 3350 1612 in
3378 1556 3553 1613 locum
3580 1555 3841 1613 defuncti

2211 1645 2573 1709 substituitur.
2604 1647 2820 1718 quando
2848 1647 3029 1719 βορηιί
3061 1648 3295 1705 universi
3323 1649 3576 1722 suﬂ'ragio
3602 1650 3657 1705 in
3688 1665 3841 1722 pace

487 1746 579 1803 ille
607 1762 708 1803 nec
738 1746 957 1801 minima
988 1745 1103 1802 lieri
1131 1747 1251 1802 sine
1282 1746 1557 1802 voluntate
1592 1745 1684 1801 Dei
1712 1745 1894 1811 dicat;
1922 1742 2110 1800 existi-
2137 1749 2185 1811 Β
2213 1736 2485 1809 deligitur,
2520 1738 2735 1810 quando
2765 1739 2857 1795 Dei
2882 1740 3079 1797 auxilio
3103 1741 3155 1796 in
3186 1743 3558 1813 persecutione
3585 1741 3842 1815 protegi-

491 1850 607 1893 mat
647 1837 843 1909 aliquis
878 1854 1087 1894 summa
1127 1848 1181 1893 et
1212 1854 1435 1909 magna,
1477 1846 1571 1893 aut
1612 1853 1718 1892 non
1762 1838 1966 1893 sciente
2015 1845 2107 1891 aut

486 1946 595 1985 non
626 1932 970 2001 permittente
1001 1933 1141 1995 Deo,
1174 1933 1226 1985 in
1257 1930 1498 1987 Ecclesia
1532 1931 1622 1986 Dei
1652 1931 1765 1986 ﬁeri
1788 1973 1803 1997 ,
1831 1942 1883 1987 et
1914 1946 2101 1987 sacer-

489 2022 644 2078 dotes
669 2063 683 2087 ,
716 2023 769 2077 id
802 2034 920 2090 est,
958 2024 1368 2095 dispensatores
1398 2022 1553 2095 ejus,
1588 2039 1695 2078 non
1726 2022 1795 2078 de
1827 2022 1942 2093 ejus
1971 2037 2101 2078 sen-

489 2118 662 2173 tentia
694 2117 979 2173 ordinari?
1008 2118 1119 2174 Hoc
1149 2128 1232 2173 est
1262 2117 1422 2173 ﬁdem
1457 2132 1561 2172 non
1604 2116 1801 2173 habere
1830 2132 1934 2188 qua
1967 2116 2102 2171 vivi-

489 2228 608 2267 mus
630 2254 643 2277 ,
679 2212 781 2269 ltoc
810 2223 892 2269 est
926 2214 1036 2268 Deo
1068 2213 1330 2268 honorem
1372 2226 1477 2266 non
1511 2210 1673 2283 dare,
1704 2210 1857 2281 cujus
1885 2216 2015 2264 nutu
2047 2216 2103 2265 et

483 2305 709 2362 arbitrio
730 2306 843 2376 regi
872 2303 890 2343 τ
920 2314 973 2361 et
1000 2305 1287 2377 gubernari
1309 2304 1490 2359 omnia
1513 2303 1715 2358 scimus
1736 2311 1789 2357 et
1808 2301 2099 2358 credimus.

2209 1840 2315 1899 tur,
2345 1831 2568 1901 collegis
2594 1832 2844 1889 omnibus
2876 1832 3108 1889 ﬁdeliter
3142 1834 3359 1905 junctus
3380 1878 3396 1905 ,
3435 1835 3578 1908 plebi
3614 1850 3729 1890 sua:
3770 1833 3839 1891 in

2207 1924 2521 1996 episcopatu
2551 1926 2907 1997 quadriennio
2932 1927 3042 1998 jam
3074 1928 3369 2001 probatus,
3402 1930 3455 1986 in
3486 1929 3667 2005 quiete
3695 1945 3837 1985 ser-

2204 2018 2356 2074 viens
2396 2018 2693 2091 disciplinae
2714 2062 2728 2086 ,
2763 2020 2817 2075 in
2851 2030 3174 2089 tempestate
3202 2021 3533 2094 proscriptus
3562 2020 3838 2097 applicito

2206 2123 2260 2167 et
2292 2113 2513 2184 adjunto
2542 2113 2882 2185 episcopatus
2909 2116 2993 2171 sui
3024 2118 3273 2184 nomine,
3308 2116 3465 2174 toties
3490 2116 3559 2173 ad
3601 2117 3833 2175 leonem

2208 2206 2403 2277 petitus
2428 2206 2481 2261 in
2501 2208 2665 2270 circo,
2686 2208 2739 2263 in
2766 2208 3163 2279 amphitheatro
3180 2210 3470 2267 Dominica:
3489 2210 3833 2285 dignationis

2209 2299 2519 2355 testimonio
2548 2298 2878 2356 honoratus:
2912 2300 2996 2357 bis
3021 2301 3151 2373 ipsis
3178 2302 3339 2359 etiam
3366 2303 3556 2361 diebus
3575 2346 3590 2368 ,
3618 2306 3832 2379 quibus

1718 2418 2104 2476 LECTIONES
2140 2415 2558 2476 VARIANTES.

553 2540 578 2602 ξ’
614 2539 698 2602 Ita
718 2537 869 2602 nostri
890 2552 1003 2592 mss.
1026 2551 1043 2599 ;
1065 2545 1117 2602 at
1138 2537 1259 2602 editi
1283 2538 1438 2599 Quam
1460 2537 1578 2590 inde
1601 2537 1733 2602 quod
1756 2535 2017 2587 sacerdoti.

549 2598 580 2672 Ρ
613 2598 790 2672 Ρρριειί
814 2603 891 2672 sui
927 2596 1062 2672 Laut.-
1093 2596 1274 2672 NQ}.-
1301 2596 1448 2672 ῌυοῖς

550 2668 571 2696 ο
611 2666 715 2716 Nisi
743 2668 810 2714 ita
836 2668 969 2715 Lati.
997 2665 1143 2715 Ebur.
1180 2665 1494 2717 NC.1.Lin.

555 2727 582 2766 ιι
618 2728 678 2777 Et
702 2742 829 2778 unus
852 2743 916 2778 ex
945 2727 1043 2776 illis
1067 2741 1164 2778 non
1187 2729 1330 2779 cadet
1352 2726 1456 2778 Lin.
1484 2726 1593 2778 ΝΟ.
1619 2724 1666 2776 2.

559 2795 582 2823 θ
619 2791 778 2841 Patris
803 2793 955 2841 vestri
990 2789 1097 2840 Vir.

560 2851 581 2893 ί
620 2852 840 2904 Arbitrio
861 2855 969 2915 geri
998 2854 1120 2903 Bod.
1149 2853 1197 2903 1.

544 2920 571 2961 8
606 2915 742 2969 Editi
765 2911 932 2978 Fiunt,
957 2919 1043 2981 qui
1082 2922 1224 2967 extra
1261 2911 1538 2969 Ecclesium
1579 2914 1735 2978 ﬁunt,
1760 2912 1851 2965 sed
1887 2916 2091 2965 contra:

2120 2714 2167 2779 C

2198 2530 2556 2647 refragatuibus
2578 2533 2755 2588 nostris
2777 2547 2894 2587 mss.
2919 2548 2978 2587 ac
2999 2530 3248 2601 plerisque
3268 2538 3463 2604 Anglic.

2263 2593 2294 2634 h
2366 2610 2411 2647 tt:
2436 2598 2574 2647 Pem.
2606 2597 2729 2647 Bod.
2759 2598 2802 2647 1.
2829 2594 2876 2647 3.
2904 2599 3037 2647 Lam.
3066 2598 3213 2647 Ebur-
3241 2603 3350 2647 ΝΟ.
3379 2605 3423 2647 1-
3456 2608 3463 2647 λ

2366 2597 2574 2667 ic_Pem.
2759 2598 2802 2647 1.
2829 2594 2876 2667 3.
2904 2594 3223 2667 .Ebo'r,
3241 2594 3424 2667 Νϐζ1.
3451 2601 3557 2657 Lin.

2269 2660 2287 2700 ί
2328 2660 2633 2724 Sibitnetipsi
2660 2662 2791 2710 Lam.
2822 2661 2960 2712 Ebor.
2989 2661 3096 2712 ΝΟ.
3125 2663 3170 2718 1.
3197 2664 3243 2713 2.

2270 2725 2283 2773 l
2329 2724 2414 2773 Sic
2436 2722 2635 2789 Bod.'_l,
2662 2724 2709 2773 2.
2740 2726 2873 2774 Lam.
2900 2725 3044 2777 Ebor.
3072 2724 3182 2777 ΝΟ.
3209 2728 3255 2778 1.
3284 2729 3442 2783 Oxon.
3467 2730 3731 2784 Consilium
3754 2741 3821 2789 et

2202 2798 2299 2850 non
2323 2800 2413 2850 per
2438 2800 2518 2835 me
2554 2787 2711 2838 Oxon.

2265 2848 2295 2887 ιι
2323 2847 2578 2901 Caeterum
2601 2852 2729 2913 uico,
2752 2849 2860 2901 dico
2883 2858 3174 2915 provocatus
3204 2853 3313 2907 Vir.

1818 3060 2188 3133 VABIOBUM
2225 3061 2461 3123 ΝΟΤᾸΞ.

477 3205 585 3245 non
615 3188 796 3267 statim
824 3188 914 3258 qtti
938 3185 1025 3267 illi
1071 3200 1179 3249 non
1207 3184 1631 3267 obtemperaret,
1662 3182 1863 3259 aliquid
1892 3198 2079 3267 move-

479 3272 563 3317 ret
586 3255 855 3315 adversus
873 3260 1111 3330 reliquos
1136 3255 1443 3330 episcopos.
1480 3255 1681 3311 Eodem
1726 3255 1974 3327 spectare
2000 3255 2077 3330 vi-

476 3334 654 3398 detur,
702 3331 842 3402 quod
874 3327 1005 3399 pag.
1036 3327 1408 3399 sequenti,de
1456 3344 1737 3402 servorum
1788 3327 2076 3402 praeposito

475 3398 856 3469 locutttsftnox
889 3402 951 3456 D.
988 3398 1131 3457 Petri
1161 3418 1323 3471 super
1351 3416 1509 3472 quem
1553 3400 1798 3457 Christus
1838 3398 2074 3453 aediﬁca-

475 3478 553 3531 vit
608 3474 902 3533 Ecclesiam
959 3476 1286 3530 mentionem
1340 3474 1530 3541 injicit.
1590 3472 1795 3531 Eodem
1843 3473 2076 3542 pertinet

475 3545 618 3613 quod
648 3546 707 3601 D.
741 3545 1101 3619 Hieronymus
1153 3557 1340 3605 contra
1400 3543 1769 3619 Luciferisnos
1794 3543 2072 3619 ;ﬁ_sal_utem

476 3619 733 3674 Ecclesiae
757 3616 990 3687 pendere
1015 3619 1143 3675 dicit
1170 3635 1199 3672 a
1232 3617 1429 3672 summi
1459 3617 1759 3672 sacerdOIis
1787 3616 2068 3687 dignitate.

475 3691 571 3746 Cui
600 3691 664 3757 si,
700 3691 889 3759 inquit,
922 3707 1024 3745 non
1055 3706 1231 3745 exsors
1259 3690 1494 3759 quietiam
1520 3698 1565 3744 et
1586 3690 1650 3744 ab
1680 3688 1915 3743 omnibus
1943 3690 2073 3744 emi-

476 3780 600 3817 nens
635 3763 785 3818 detur
816 3772 1072 3828 potestas;
1124 3772 1194 3816 tot
1235 3762 1291 3816 in
1334 3761 1579 3817 Ecclesiis
1626 3762 1749 3829 ﬁent
1795 3760 2074 3816 schismata

470 3845 590 3898 quot
640 3834 950 3889 sacerdotes.
996 3834 1342 3903 Experientia
1389 3842 1539 3888 certe
1586 3834 1700 3903 ipsa
1748 3847 1847 3889 nos
1890 3832 2071 3899 docet,

474 3907 712 3963 licereses
740 3907 921 3962 solere
946 3922 1012 3960 ex
1051 3907 1364 3969 schismate,
1387 3904 1440 3960 id
1472 3913 1577 3971 est,
1609 3905 1950 3973 separatione
1973 3920 2071 3959 vo-

2182 3184 2417 3241 cerdotii.
2464 3184 2668 3244 Bswz.

2252 3256 2380 3342 Sine
2400 3256 2578 3342 Patris
2600 3254 2769 3315 vestri.
2792 3258 2868 3315 [ta
2900 3262 3159 3342 scriptum
3189 3265 3297 3323 vidi
3331 3268 3384 3323 in
3414 3271 3654 3342 antiquis
3678 3276 3801 3332 edi-

2180 3327 2417 3412 tioaibus
2432 3339 2487 3388 et
2509 3334 2559 3384 in
2593 3347 2783 3387 novem
2813 3327 3089 3412 codicibus
3109 3343 3509 3412 manuscriptis.
3528 3327 3805 3406 Mamili—us

2179 3403 2436 3470 expunxit
2465 3417 2653 3479 vocem
2686 3406 2856 3479 uestri,
2892 3422 3051 3476 quam
3098 3424 3198 3479 ego
3228 3429 3331 3467 non
3367 3403 3544 3471 inveni
3576 3419 3630 3473 itt
3678 3403 3805 3477 aliis

2180 3488 2382 3560 novem.
2402 3474 2674 3560 veteribus
2708 3474 3019 3560 libris..Ego
3050 3474 3227 3536 tamen
3253 3483 3648 3560 illamiretinui,
3676 3474 3803 3560 alii;

2176 3546 2666 3630 apudlblauhwum,
2689 3563 2755 3603 ex
2775 3564 2882 3620 quo
2896 3546 2994 3604 ista
3017 3566 3228 3630 sumpta
3248 3568 3393 3630 s_nut,
3409 3546 3804 3630 legitur,'U'nus

2177 3632 2249 3705 es.
2270 3617 2377 3672 illis
2393 3635 2508 3705 .non
2533 3620 2678 3705 cadit
2700 3617 2856 3705 super
2884 3633 3073 3705 terrena
3105 3617 3215 3681 sine
3244 3617 3407 3684 Patre
3432 3617 3623 3688 υἷεινοί

2177 3690 2370 3774 etiam“
2392 3690 2617 3774 habetur
2654 3694 2706 3774 in
2747 3694 2956 3750 Graeco.
2998 3694 3265 3774 Caeterum
3299 3701 3351 3774 in
3389 3703 3614 3774 epistola
3643 3690 3795 3774 fni,

2175 3761 2246 3813 ad
2299 3759 2642 3842 Florentium,
2685 3764 2740 3819 in
2781 3782 2884 3837 qua
2931 3768 3165 3826 refertur
3193 3770 3280 3829 hic
3310 3759 3481 3842 locus,
3517 3759 3624 3834 vos
3645 3759 3802 3836 Eiifri

2177 3846 2284 3887 non
2316 3834 2561 3889 habetur.
2595 3835 2794 3891 Bawz.

2252 3904 2536 3993 Existimat
2565 3907 2774 3993 aliquis.
2808 3908 2947 3967 Citat
2978 3912 3121 3993 [tunc
3150 3916 3351 3983 locum,
3386 3918 3484 3993 sed
3516 3922 3797 3993 mutilum,

475 3979 701 4074 l‘untaria
732 3978 799 4061 ab
832 3978 1072 4032 Ecclesia
1091 4019 1105 4042 ,
1139 3988 1301 4074 atque
1328 3977 1465 4074 adeo
1493 3976 1560 4031 ab
1590 3976 1848 4032 Ecclesia:
1872 3978 2072 4074 lt“capite
2099 4013 2154 4074 Β
2179 3974 2467 4062 Gerocltus
2492 3974 3035 4074 Beicliggsp'ergensis
3062 3985 3119 4041 in
3148 3974 3381 4044 tractatu
3415 3974 3795 4054 adversus—Si:

476 4050 744 4117 Romano,
775 4050 1014 4118 inquam,
1048 4047 1300 4119 pontiﬁce
1353 4048 1559 4119 initium
1608 4063 1842 4119 sumere.
1872 4047 2073 4103 Exem-

478 4125 562 4191 pla
593 4122 749 4193 hujus
781 4121 855 4175 rei
885 4118 1419 4194 apudir’Cypriauunl
1460 4118 1723 4194 liabesde
1763 4118 2075 4194 Novatianis

475 4190 615 4263 apud
654 4190 874 4263 August.
920 4193 987 4248 de
1030 4190 1341 4263 Donatistis.
1381 4190 1649 4263 Underad
1682 4190 1806 4263 bos
1847 4192 2074 4261 episnda

473 4261 592 4320 ουν
628 4265 688 4320 D.
732 4261 962 4335 August.
998 4282 1012 4319 :
1048 4262 1228 4331 Neque
1272 4265 1405 4319 enim
1440 4261 1591 4335 nobis
1641 4262 1928 4335 objicimus,
1978 4264 2075 4318 nisi

472 4339 761 4392 scltismatis
807 4333 1021 4403 crimen,
1050 4352 1202 4403 quant
1228 4338 1380 4391 etiam
1428 4333 1644 4389 lta'rcsin
1676 4333 1810 4389 male
1841 4352 2074 4404 perseue-

469 4411 635 4464 rando
665 4409 878 4477 fecistis,
902 4417 957 4462 et
1002 4409 1069 4462 ad
1090 4409 1279 4467 Cresc.
1308 4407 1607 4463 Granttnat.
1638 4406 1728 4460 lib.
1771 4422 1888 4471 ut,
1915 4421 1965 4462 c.
1994 4407 2024 4461 7
2054 4425 2070 4461 :

474 4481 621 4535 Inter
669 4483 915 4544 schisma,
951 4480 1142 4547 inquit,
1189 4488 1236 4534 et
1266 4477 1484 4533 ltwresin
1534 4493 1643 4531 eam
1693 4477 2072 4534 distinctionem

478 4553 641 4624 magis
694 4552 943 4621 approbo,
993 4568 1092 4622 qua
1120 4550 1309 4605 dicitur
1336 4548 1559 4624 scltisma
1583 4565 1712 4624 “esse
1736 4566 1922 4624 recens
1943 4568 2071 4606 con-

474 4620 784 4697 gregationis
825 4640 889 4679 ea:
913 4620 1085 4681 aliqua
1135 4623 1500 4697 sententiarum
1557 4620 1850 4676 diversitate
1878 4622 2075 4677 dissen-

471 4694 589 4765 Sio}
622 4697 827 4752 ltwresis
865 4706 1035 4748 autent
1082 4695 1304 4750 schisma
1332 4694 1711 4765 inveteratum;
1764 4696 1808 4748 Α
1833 4710 2070 4763 quonon

473 4768 725 4824 dissentit
770 4769 829 4823 D.
874 4768 1098 4822 Hieron.
1150 4780 1429 4836 exponens
1472 4764 1602 4819 illttd
1649 4764 1715 4820 ad
1744 4765 1850 4820 Tit.
1873 4781 1930 4821 ιιι
1979 4767 2071 4836 qtti

470 4852 551 4896 cst
578 4858 609 4896 a
648 4842 940 4910 semetipso
971 4840 1256 4895 damnatus
1300 4858 1313 4892 :
1354 4834 1618 4910 Hazretici,
1652 4836 1943 4910 rinquit,_in
1989 4834 2070 4892 se-

471 4913 711 4983 metipsos
764 4907 1061 4966 sententiam
1105 4913 1296 4979 ferunt,
1336 4924 1429 4983 suo
1477 4907 1691 4983 arbitrio
1731 4912 1795 4983 de
1838 4907 2069 4965 Ecclesia

471 4981 778 5044 recedentes.
805 4983 1179 5055 qumnrecessio
1226 4981 1820 5055 propriwnconscientite
1868 4984 2066 5037 videtur

470 5072 577 5110 esse
603 5048 883 5111 damnatio.
926 5054 991 5111 Et
1037 5054 1197 5124 paulo
1228 5048 1371 5124 post
1398 5070 1411 5104 :
1446 5048 1665 5107 Nullam
1711 5054 1933 5124 scltisnta
1963 5071 2064 5109 non

2181 4050 2480 4121 mottiacos,
2510 4065 2630 4121 cap.
2661 4050 2754 4108 27.
2781 4050 2983 4110 BALuz.

2255 4119 2522 4197 Habuisti}:
2550 4119 2841 4197 consilium.
2870 4126 3005 4182 Vide
3029 4136 3185 4184 notas
3208 4130 3506 4191 Frontonis
3528 4134 3705 4195 ουοωί
3724 4140 3797 4197 ad

2178 4193 2800 4322 zlionu'liarum
2837 4200 2999 4255 sancti
3024 4200 3246 4257 Joannis
3271 4193 3791 4285 Chrysostomi,ﬁpavgﬁ.

2256 4360 2555 4438 Vl.+Dico
2601 4365 2759 4438 enim.
2793 4366 3011 4424 Veteres
3054 4368 3320 4429 editiones
3354 4386 3410 4432 et
3457 4377 3559 4433 tria
3603 4389 3794 4438 vetera

2178 4436 2503 4529 exemplaria
2530 4436 2724 4529 habent
2759 4438 3053 4519 :_Ctelerum
3076 4442 3211 4511 dico,
3246 4445 3362 4501 dico
3382 4449 3516 4503 enim
3538 4436 3789 4521 provoca?

2177 4516 2279 4592 tus.
2316 4507 2846 4592 \’erutit‘qttittde£itn
2902 4524 3080 4569 vetera
3127 4507 3458 4589 exetnplaria
3490 4507 3790 4592 piwlerunt

2178 4578 2253 4631 nti
2287 4595 2383 4633 nos
2412 4578 2700 4635 edidimus.
2735 4580 2937 4638 ΒΑιυΖ.

2264 4668 2607 4760 Proscriptus.
2658 4672 2883 4760 Pontius
2929 4675 3187 4760 diaconus
3230 4681 3282 4738 in
3314 4683 3431 4760 Vita
3472 4685 3728 4760 Cypriani
3761 4706 3777 4743 :

2179 4741 2366 4831 Statim
2386 4741 2601 4831 denique
2623 4763 2714 4831 pro
2728 4747 2913 4802 talibus
2934 4751 3126 4806 meritis
3147 4741 3541 4826 proscriptioni;

2176 4825 2478 4871 consecutus
2508 4827 2597 4870 est.
2624 4817 2821 4873 BALUZ.

2350 4911 2567 5000 [ωηερε.
2596 4910 2738 5000 Ideni
2774 4913 2994 4970 Pontius
3009 4957 3039 5000 ,Δ
3056 4919 3279 5000 maxime
3308 4915 3424 5000 cum
3449 4923 3787 5000 «suffragiis

2171 4997 2307 5057 stupe
2346 4983 2576 5054 repetitis
2597 4984 2664 5057 ad
2702 4984 2898 5057 leonem
2926 4994 3290 5057 postularetur.
3325 4983 3783 5055 Tertullianus'in

2169 5054 2524 5124 Apologettco
2565 5073 2579 5109 :
2624 5056 2684 5112 Si
2722 5054 2935 5129 Tyberis
2974 5062 3205 5118 ascendit
3234 5067 3286 5121 in
3313 5068 3519 5127 naenia.
3542 5070 3587 5123 si
3623 5054 3784 5125 Nilus

2170 5143 2273 5208 non
2296 5129 2526 5208 ascendit
2550 5129 2604 5183 in
2630 5145 2776 5208 arua,
2796 5132 2847 5208 si
2880 5131 3060 5208 cipiunt
3089 5137 3244 5205 stetit,
3293 5139 3338 5194 si
3372 5150 3506 5194 terra
3536 5144 3713 5208 movit,
3736 5143 3786 5197 si

2168 5200 2350 5281 Ignes.
2374 5199 2423 5281 si
2454 5199 2580 5281 lues,
2598 5202 2769 5281 statim
2787 5198 3105 5281 Cnltristianos
3125 5209 3194 5260 ad
3212 5198 3406 5265 leonem
3435 5198 3779 5268 declamatur.

2168 5269 2343 5352 (Elius
2374 5269 2692 5352 Spartianus
2722 5276 2776 5330 in
2806 5273 3110 5352 Commodo
3142 5283 3415 5337 Antonino
3449 5301 3463 5338 :
3494 5284 3780 5352 Speratum

2166 5345 2233 5395 ad
2255 5343 2470 5396 leonem.
2519 5344 2619 5413 Qui
2645 5357 2825 5403 autem
2853 5348 3091 5404 damnati
3121 5366 3279 5409 erant
3306 5355 3373 5410 ad
3408 5343 3622 5412 leOnetn
3651 5358 3774 5413 alli-

2165 5415 2433 5488 gabantur
2453 5414 2519 5469 ad
2544 5420 2804 5488 stipitem,
2830 5430 2967 5476 teste
2988 5423 3180 5477 eodem
3211 5424 3543 5482 Tertulliauo
3564 5430 3616 5486 itt
3637 5431 3779 5485 libro

2167 5487 2230 5561 de
2260 5485 2541 5543 Pudicitia.
2575 5485 2785 5544 Flavius
2811 5490 3074 5561 Vopiscus
3097 5496 3150 5548 in
3185 5496 3244 5550 D.
3275 5497 3569 5555 Aureliano
3596 5524 3610 5559 :
3636 5501 3779 5558 Sane

2163 5556 2217 5612 Μ
2227 5561 2479 5638 nestlteus_
2493 5574 2669 5629 postea
2697 5556 2965 5638 surreptas
2996 5567 3065 5618 ad
3094 5568 3316 5638 stipitem
3346 5571 3516 5627 bestiis
3546 5556 3774 5636 obiectus

2160 5641 2255 5685 est.
2292 5629 2425 5706 Vide
2454 5631 2713 5689 Joannem
2762 5629 3071 5691 Tristanum
3102 5653 3132 5690 a
3164 5629 3364 5699 'sancto
3406 5629 3663 5702 Amantio
3716 5647 3773 5706 in

2147 5708 2297 5758 tonio
2327 5703 2501 5775 primo
2526 5707 3039 5765 commentariorum
3071 5724 3293 5779 suorum
3316 5729 3438 5786 pag.
3471 5716 3599 5773 715.

3359 5785 3555 5847 Bstuz.

468 5127 564 5181 sibi
621 5130 848 5199 aliquam
899 5122 1142 5199 conﬁngit
1195 5123 1433 5199 Itwresin,
1465 5133 1519 5178 ut
1548 5135 1684 5199 recte
1729 5124 1791 5179 ab
1836 5122 2067 5181 Ecclesia

468 5197 729 5255 recessisse
759 5197 1184 5254 vnleatur.Ptura
1216 5197 1448 5268 reperiet
1469 5197 1848 5268 esetnpla,qtti
1877 5210 2064 5254 ex:tcte

468 5271 691 5340 singulm
710 5288 796 5327 um
826 5273 1108 5326 tuereseon
1137 5266 1287 5323 initia
1329 5277 1385 5321 et
1416 5272 1585 5339 prima
1611 5266 1899 5325 seminaria
1935 5286 2056 5341 per-

467 5349 725 5413 spexerit.
760 5342 964 5397 l’stAEL.

537 5412 685 5468 Unus
739 5416 793 5466 in
831 5413 1081 5469 Ecclesia.
1111 5412 1168 5467 Itt
1225 5409 1363 5465 libro
1415 5409 1482 5465 de
1521 5409 1740 5467 Unitate
1767 5410 2060 5470 Ecclesim:

458 5480 807 5554 Episwpatns
848 5501 980 5539 unus
1030 5495 1140 5552 est,
1190 5482 1336 5547 cuius
1381 5498 1426 5555 a_
1462 5483 1679 5555 singulis
1728 5487 1784 5539 in
1833 5484 2055 5539 solidum

452 5574 572 5629 pars
602 5566 817 5611 tenetur.
836 5555 903 5611 Et
932 5572 983 5610 tn
1002 5555 1239 5629 epistola
1271 5569 1340 5609 ιιι
1366 5553 1429 5629 ad
1444 5553 1807 5613 Antonianum
1838 5557 2052 5611 :Actum

442 5627 592 5683 suum
641 5628 866 5697 disponit
898 5637 945 5682 et
974 5628 1151 5700 dirigit
1194 5627 1538 5700 unusquisque
1564 5628 1854 5699 episcopus,
1888 5630 2044 5683 ratio-

454 5717 566 5755 nent
614 5700 863 5772 propositi
935 5702 1034 5772 sui,
1076 5699 1298 5772 Domino
1330 5700 1655 5772 redditurus.
1714 5700 1845 5772 Vide
1889 5710 2046 5758 notas

442 5768 657 5837 neStras
684 5768 751 5829 ad
782 5772 977 5831 librum
1003 5769 1263 5844 Agobardi
1304 5768 1368 5826 de
1401 5770 1678 5845 Privilegio
1712 5779 1763 5830 et
1789 5771 1913 5843 jure
1955 5788 2040 5828 sa-
