4000 6322
496 324 602 384 807

1524 320 1962 384 ROMANORUM
2000 324 2420 386 PONTIFICUM
2458 324 2841 387 EPISTOLIE.

3132 298 3173 327 κ

3689 334 3775 393 808

498 445 633 500 dens
657 443 766 502 ait:
793 442 1031 509 Domine,
1060 443 1130 498 ad
1153 459 1299 515 quem
1323 444 1594 502 ibimus“?
1618 446 1768 500 verba
1782 445 2111 500 vitwwterme
2136 449 2188 508 Α
2214 446 2501 517 quominus
2530 461 2560 500 a
2594 446 2676 500 via
2706 453 2855 501 recta
2883 452 2940 500 et
2966 456 2997 499 a
3027 450 3173 499 certa
3212 441 3398 516 regula
3433 459 3542 501 non
3581 447 3779 504 receda-

499 538 694 601 Itabes;
721 547 771 592 et
796 555 888 593 nos
915 537 1171 593 credimus
1196 580 1212 605 ,
1243 547 1290 592 et
1319 539 1647 610 cognovimus
1674 539 1914 609 quoniam
1956 550 2009 592 tu
2049 555 2103 594 es

496 629 669 686 Filius
695 630 793 687 Dei
821 632 917 686 viui
949 629 1126 707 (Joan.
1150 648 1223 697 vt,
1244 630 1358 704 69)
1402 651 1415 687 :
1459 631 1766 703 significans
1805 632 2009 688 scilicet
2049 641 2106 687 ct

496 723 793 781 ostendens
835 740 964 789 eos,
997 725 1144 797 quia
1166 723 1382 781 Christo
1412 726 1768 793 recesserint,
1811 725 1966 797 culpa
2009 740 2103 780 sua

495 816 714 887 perire;
747 816 1045 873 Ecclesiam
1086 826 1268 873 tamen
1312 833 1433 889 quae
1473 818 1527 874 in
1570 818 1843 874 Christum
1887 818 2100 886 credat,

499 921 552 967 et
573 928 692 982 quae
720 914 885 969 semel
910 911 961 967 id
991 911 1134 984 quod
1159 914 1470 985 cognoverit
1496 922 1692 980 teneat,
1718 929 2007 984 numquam
2037 913 2105 970 ab

496 1020 565 1060 eo
591 1005 815 1061 omnino
845 1005 1127 1062 discedere
1156 1004 1217 1072 1>;
1250 1015 1305 1061 et
1339 1022 1434 1063 eos
1473 1022 1594 1063 esse
1635 1007 1963 1075 Ecclesiam,
2014 1006 2105 1077 qui

501 1098 557 1154 in
597 1098 760 1155 domo
808 1098 901 1155 Dei
949 1110 1306 1169 permanent:
1355 1099 1743 1171 plantationem
1791 1115 1923 1157 vero
1950 1100 2103 1170 plan-

500 1202 663 1248 tatam
701 1209 730 1248 a
762 1193 885 1249 Deo
911 1192 1071 1250 Patre
1101 1209 1208 1249 non
1238 1207 1361 1250 esse
1410 1191 1643 1267 (Matth.
1677 1210 1768 1260 xv,
1806 1190 1941 1265 15),
1969 1206 2106 1263 quos

497 1285 747 1342 videmus
776 1302 884 1342 non
914 1284 1168 1343 frumenti
1200 1285 1495 1342 stabilitate
1535 1285 1791 1353 solidari,
1833 1283 1926 1340 sed
1972 1294 2106 1339 tam-

491 1399 651 1455 quam
685 1382 865 1454 paleas
909 1382 1221 1454 dissipantis
1249 1380 1452 1438 inimici
1483 1383 1677 1452 Spiritu
1710 1379 1993 1448 ventilari,
2037 1379 2106 1436 de

490 1476 687 1547 quibus
754 1485 809 1532 et
861 1475 1098 1533 Joannes
1142 1476 1196 1531 in
1238 1475 1477 1547 Epistula
1517 1491 1613 1531 sua
1643 1474 1816 1531 dicit:
1848 1473 1934 1529 Ea:
1963 1474 2106 1530 nobis

492 1572 761 1634 exierunt,
792 1571 882 1625 sed
913 1584 1013 1625 non
1044 1572 1249 1640 {uerunt
1277 1587 1341 1627 ea:
1368 1571 1512 1627 nobis
1527 1588 1545 1637 ;
1572 1571 1616 1625 si
1642 1570 1776 1625 enim
1802 1570 2018 1641 fuissent
2043 1586 2107 1625 ea:

489 1667 661 1732 nobis,
692 1667 998 1723 mansissent
1023 1666 1289 1722 nobiscum
1312 1666 1357 1739 (l
1377 1664 1536 1721 Joan.
1563 1683 1621 1735 tt,
1650 1669 1777 1740 I9).
1812 1667 1941 1722 Item
1968 1667 2106 1721 Pau-

491 1759 577 1815 lus
607 1769 791 1816 monet
821 1775 919 1816 nos
941 1802 955 1826 ,
989 1776 1110 1816 cum
1141 1761 1265 1815 mali
1293 1759 1361 1815 de
1395 1760 1637 1815 Ecclesia
1666 1769 1894 1829 pereunt
1920 1771 1963 1826 ο,
1997 1776 2104 1815 non

2206 553 2358 606 mus,
2390 538 2607 609 quando
2634 548 2689 594 et
2717 538 3009 609 Apostolus
3036 538 3305 606 instruat,
3348 539 3567 615 dicens:
3612 538 3669 595 Si
3705 541 3782 596 ho-

2206 631 2427 687 minibus
2459 629 2479 669 τ
2532 633 2819 703 placerem,
2867 631 3058 687 Christi
3099 647 3272 686 servus
3310 646 3411 685 non
3447 648 3606 687 essem
3648 633 3781 705 (Gal.

2206 737 2257 792 1,
2291 724 2418 795 10).
2464 724 2695 781 Interest
2727 734 2905 780 utrum
2933 724 3053 796 quis
3097 725 3342 781 homines
3370 727 3689 796 promereri,
3727 743 3782 784 an

2208 817 2377 873 Deum
2409 819 2610 889 cupiat.
2640 819 2694 875 Si
2727 818 3035 874 hominibus
3068 820 3329 887 placetur,
3362 821 3616 877 Dominus
3640 820 3785 878 offen-

2207 911 2384 967 ditur:
2428 914 2473 967 si
2503 927 2634 967 vero
2678 911 2732 967 id
2771 912 3029 968 enitimur
3064 921 3120 969 et
3161 913 3505 970 elaboramus
3542 924 3600 970 ut
3636 915 3785 986 possi-

2208 1023 2330 1062 mus
2361 1006 2473 1063 Deo
2503 1008 2748 1079 placere,
2782 1016 2838 1064 et
2864 1008 3105 1065 convicia
3136 1018 3194 1066 et
3222 1008 3510 1066 maledicta
3551 1009 3785 1069 debemus

2212 1099 2442 1156 humana
2471 1112 2840 1159 contemnere.

2280 1194 2373 1250 IX.
2403 1195 2556 1263 Quod
2585 1206 2765 1252 autem
2798 1196 2891 1252 tibi
2917 1195 2985 1252 de
3012 1195 3309 1253 Fortunato
3336 1197 3442 1253 isto
3468 1197 3789 1269 pseudoepis-

2208 1303 2367 1359 copo,
2390 1304 2419 1343 a
2448 1289 2631 1358 paucis
2651 1299 2703 1345 et
2726 1290 3040 1346 inveteratis
3060 1289 3332 1346 haereticis
3353 1291 3676 1359 constituto,
3699 1307 3784 1347 non

2210 1381 2389 1436 statim
2417 1382 2632 1453 scripsi,
2658 1381 2824 1438 frater
2842 1382 3182 1450 charissime,
3206 1397 3313 1439 non
3336 1399 3400 1439 ea
3422 1398 3515 1440 res
3536 1393 3671 1452 erat,
3690 1400 3788 1456 qua

2209 1475 2263 1531 in
2288 1476 2531 1531 notitiam
2553 1486 2695 1531 tuam
2718 1476 2942 1533 deberet
2964 1492 3060 1547 per
3076 1492 3174 1532 nos
3196 1476 3446 1534 festinato
3466 1478 3644 1534 statim
3663 1477 3790 1549 quasi

2210 1584 2402 1640 magna
2423 1580 2517 1625 aut
2538 1570 2821 1626 metuenda
2846 1567 3071 1637 perferri
3090 1586 3104 1637 ;
3128 1569 3365 1625 maxime
3384 1570 3605 1640 quando
3621 1581 3670 1626 et
3686 1569 3791 1626 For-

2213 1663 2381 1717 tunati
2415 1678 2609 1718 nomen
2632 1662 2744 1733 jam
2770 1663 2903 1719 satis
2928 1678 3147 1729 nosses,
3175 1664 3267 1736 qui
3293 1672 3378 1720 est
3403 1679 3546 1719 unus
3572 1680 3637 1719 ex
3659 1665 3790 1735 quiu-

2210 1769 2316 1825 que
2342 1755 2676 1828 presbyteris
2699 1755 2811 1825 jam
2841 1754 3048 1827 pridem
3079 1756 3147 1812 de
3176 1756 3422 1812 Ecclesia
3452 1742 3715 1828 profugis,
3742 1767 3786 1814 et

495 1855 736 1918 moveri.
768 1869 870 1911 nec
895 1854 1275 1911 recedentibus
1303 1854 1523 1925 perﬁdis
1551 1854 1711 1910 fidem
1738 1856 1933 1910 minui:
1960 1854 2098 1921 Quid
2127 1865 2174 1926 Β
2207 1847 2475 1903 sententia
2509 1857 2535 1895 Β
2564 1849 3012 1920 coepiscoporum
3053 1860 3393 1916 nostrorum,
3422 1849 3708 1905 multorum
3740 1858 3785 1905 et

489 1950 647 2017 enim,
676 1948 870 2020 inquit,
900 1950 946 2005 si
974 1949 1269 2005 exciderunt
1296 1967 1326 2004 ο
1352 1949 1457 2019 ﬁde
1476 1949 1685 2020 quidam
1713 1965 1909 2016 eorum,
1952 1965 2094 2003 num-

491 2042 616 2113 quid
654 2042 934 2111 inﬁdelitas
962 2043 1171 2098 illorum
1211 2044 1365 2113 ﬁdem
1393 2041 1489 2096 Dei
1514 2039 1539 2079 ἀ
1574 2043 1877 2097 evacuabit?
1914 2043 2099 2097 Absit:

490 2146 565 2192 est
614 2137 750 2192 enim
800 2135 941 2192 Deus
991 2154 1184 2203 verum,
1239 2138 1402 2192 onmis
1454 2148 1621 2193 autem
1677 2138 1827 2192 homo
1875 2136 2098 2193 mendos:

491 2228 683 2301 (Rom.
709 2246 765 2286 ιιι
785 2270 800 2296 ,
822 2228 911 2303 4).

559 2324 693 2382 VIII.
713 2324 867 2394 Quod
889 2325 955 2381 ad
979 2340 1077 2382 nos
1100 2327 1315 2394 attinet,
1334 2328 1683 2384 conscientiae
1707 2336 1905 2383 nostra:
1928 2337 1950 2365 ο
1970 2342 2094 2383 con-

486 2422 661 2485 venit,
688 2420 856 2476 frater
883 2420 1234 2491 charissime,
1260 2422 1389 2478 dare
1414 2438 1635 2493 operam
1653 2465 1668 2492 ,
1694 2439 1763 2479 ne
1787 2424 1909 2493 quis
1934 2423 2091 2494 culpa

485 2522 669 2569 nostra
696 2511 765 2569 de
795 2512 1035 2569 Ecclesia
1065 2522 1270 2585 pereat.
1299 2514 1353 2571 Si
1386 2524 1565 2570 autem
1596 2516 1713 2584 quis
1742 2516 1880 2571 ultro
1908 2524 1962 2571 et
1986 2516 2093 2570 cri-

482 2606 631 2663 mine
669 2621 766 2662 suo
805 2607 1068 2678 perierit,
1110 2615 1166 2662 et
1205 2606 1579 2677 paenitentiam
1620 2623 1781 2679 agere
1819 2618 1982 2678 atque
2020 2608 2089 2664 ad

483 2698 782 2756 Ecclesium
816 2699 997 2755 redire
1026 2700 1291 2766 noluerit,
1323 2715 1422 2756 nos
1450 2702 1501 2756 in
1530 2700 1617 2756 die
1636 2700 1821 2771 judicii
1850 2702 2089 2773 inculpa-

437 2810 447 2820 ι
483 2798 568 2845 tos
606 2788 850 2858 futuros,
884 2791 977 2862 qui
1004 2791 1338 2847 consulimus
1369 2793 1621 2861 sanitati,
1655 2793 1780 2847 illos
1812 2793 1864 2848 in
1908 2793 2085 2863 pinnis

482 2897 867 2950 remansuros,
900 2882 990 2955 qui
1023 2884 1296 2940 noluerint
1324 2884 1535 2941 consilii
1568 2886 1738 2940 nostri
1771 2886 2087 2945 salubritate

481 2976 683 3034 sanari.
713 2974 824 3033 Nec
852 2990 1072 3034 movere
1102 2991 1203 3034 nos
1229 2976 1429 3033 debent
1455 2978 1697 3034 convicia
1730 2978 2083 3049 perditorum,

2201 1940 2640 2012 gravissimorum
2656 1941 2893 1996 virorum
2908 1956 3082 2011 nuper
3102 1941 3400 2008 abstentis;
3429 1940 3527 2013 qui
3541 1957 3696 2012 super
3710 1941 3790 1997 hac

2203 2051 2262 2092 re
2292 2036 2475 2107 priore
2503 2051 2646 2091 anno
2673 2035 2738 2090 ad
2769 2044 2822 2090 te
2851 2036 3059 2091 litteras
3086 2034 3362 2091 fecerunt:
3390 2034 3526 2091 item
3549 2034 3786 2091 Felicissi~

2201 2145 2347 2185 mum
2381 2127 2699 2200 signiferum
2732 2128 3015 2185 seditionis
3041 2142 3489 2201 recognosceres,
3512 2128 3671 2200 quiet
3696 2129 3788 2200 ipse

2196 2206 2251 2281 in
2283 2225 2475 2282 iisdem
2507 2225 2951 2296 coepiscoporum
2994 2236 3304 2281 nostrorum
3335 2224 3497 2281 factis
3522 2225 3598 2292 ad
3620 2233 3670 2280 te
3693 2223 3783 2294 pri-

2198 2321 2320 2377 dem
2344 2321 2540 2377 litteris
2553 2300 2897 2376 contiuetur:
2921 2319 3011 2390 qui
3034 2334 3141 2375 non
3170 2328 3376 2375 tantum
3398 2320 3471 2375 ab
3493 2319 3561 2374 iis
3581 2318 3691 2374 istic
3708 2318 3784 2372 ah-

2189 2425 2422 2480 stentus,
2460 2413 2556 2469 sed
2596 2423 2653 2469 et
2686 2413 2784 2470 abs
2815 2422 2869 2470 te
2905 2412 3019 2469 illic
3047 2428 3219 2484 nuper
3244 2413 3312 2469 de
3341 2412 3595 2470 Ecclesia
3623 2412 3781 2485 pulsus

2192 2520 2293 2566 est.
2332 2508 2465 2566 Cum
2494 2508 2613 2565 haec
2650 2506 2704 2563 in
2733 2508 2925 2564 notitia
2954 2519 3042 2564 tua
3069 2523 3194 2565 esse
3228 2507 3565 2565 confiderem
3584 2549 3599 2575 ,
3630 2517 3681 2565 et
3706 2524 3782 2579 pro

2196 2616 2349 2661 certo
2370 2604 2579 2660 hzerere
2600 2605 2877 2660 memoriae
2906 2612 2962 2660 et
2988 2603 3287 2674 disciplina:
3317 2614 3423 2659 tua:
3453 2605 3675 2661 scirem:
3704 2619 3783 2660 nc-

2190 2698 2488 2755 cessarium
2517 2713 2623 2753 non
2648 2697 2862 2767 putavi,
2890 2696 3140 2753 celeriter
3161 2708 3217 2753 et
3240 2707 3504 2769 urgenter
3533 2697 3782 2754 bteretico-

2189 2809 2309 2849 rum
2334 2792 2426 2847 tibi
2452 2792 2682 2862 ineptias
2703 2791 3044 2848 nuntiandas.
3068 2790 3253 2864 Neque
3270 2792 3415 2849 enim
3440 2794 3512 2849 ad
3533 2793 3781 2850 catholica:

2194 2887 2460 2944 Ecclesiae
2492 2890 2830 2962 maiestatem
2863 2892 3067 2963 pariter
3094 2907 3157 2947 ac
3182 2892 3503 2964 dignitatem
3536 2895 3774 2964 pertinere

2194 2981 2390 3052 debet,
2424 2984 2551 3057 quid
2586 2984 2727 3057 apud
2758 3000 2819 3043 se
2848 2985 3222 3043 haereticorum
3253 2998 3309 3044 et
3332 2986 3776 3044 schismaticorum

1735 3118 2120 3178 LECTIONES
2149 3119 2567 3181 VARIANTES.

545 3235 572 3300 ξι
605 3235 679 3300 Ad
704 3248 853 3300 quem
876 3235 1005 3300 imus
1027 3235 1161 3300 Lam.
1188 3232 1335 3300 Ebor.
1358 3232 1464 3286 Lin.
1490 3234 1599 3286 ΝΟ.
1627 3236 1674 3285 1.

542 3294 573 3334 ι’
609 3299 687 3349 Ab
710 3294 772 3348 éo
794 3298 1057 3349 discedere
1082 3299 1218 3349 Lam.
1255 3297 1401 3350 Ebor.
1430 3299 1540 3349 ΝΟ.
1567 3300 1612 3350 1.

543 3363 567 3391 ο
604 3360 684 3410 De
705 3360 925 3412 Ecclesia
950 3371 1139 3411 exeunt
1161 3362 1295 3412 Lam.
1321 3359 1468 3412 Ebor.
1493 3362 1602 3414 ΝΟ.
1632 3363 1677 3411 1.
1704 3360 1829 3414 Bod.
1854 3364 1901 3414 1.

544 3422 573 3463 (1
609 3424 754 3475 Coro.
777 3437 866 3477 ms.
894 3425 1108 3476 evacuit.
1142 3426 1293 3476 Vetus
1318 3423 1456 3476 Cotb.
1485 3427 1758 3476 evacuabit.

2255 3242 2280 3270 θ
2315 3238 2640 3291 Conscientiae
2664 3251 2849 3293 nostra:
2872 3244 3007 3293 Lam.
3033 3243 3082 3295 Ν
3088 3244 3142 3293 C.
3171 3242 3216 3294 1.
3242 3243 3392 3295 Ebor.
3419 3245 3552 3298 Bod.
3575 3245 3622 3298 5.

2196 3300 2296 3416 lci;
2319 3302 2693 3416 gomiuibus,
2718 3306 2882 3370 inquit
2905 3307 3039 3357 Lmn.
3065 3307 3209 3358 Ebor.
3237 3307 3345 3359 ΝΟ.
3374 3308 3420 3359 1.
3447 3308 3651 3362 Placere
3687 3309 3775 3361 νει-

2262 3429 2289 3468 8
2322 3428 2426 3479 Sed
2449 3435 2503 3480 et
2524 3432 2790 3483 sententiis
2814 3431 2950 3483 Lam.
2973 3431 3123 3484 Ebor.
3149 3434 3255 3485 NG.
3284 3434 3332 3485 1.

1800 3615 1805 3620 _
1830 3553 2202 3612 VARIORUM
2240 3555 2475 3613 ΝΟΤᾹΞ.

475 3671 692 3730 Stimem
722 3673 826 3729 ista
854 3672 1041 3729 referri
1073 3687 1177 3728 non
1207 3686 1365 3743 posse
1387 3670 1455 3727 ad
1503 3672 1727 3728 formam
1759 3675 2067 3731 celebrandi

476 3745 716 3807 Cottcilii,
745 3760 867 3799 cum
899 3758 985 3800 res
1009 3754 1128 3799 acta
1159 3760 1265 3799 non
1292 3745 1364 3798 sit
1394 3744 1445 3797 in
1472 3746 1726 3812 concilio,
1756 3747 1850 3800 sed
1883 3748 2075 3811 incul-

472 3817 659 3888 loquio
687 3816 957 3871 familiari.
983 3815 1119 3872 Cum
1142 3816 1387 3871 Christus
1410 3830 1438 3869 a
1462 3815 1742 3887 di~cipulis
1770 3818 1882 3874 suis
1909 3835 2075 3888 expe-

473 3891 650 3945 tiisset
675 3892 762 3954 qui
793 3897 977 3943 essent
1003 3888 1070 3943 de
1101 3888 1194 3942 illo
1224 3902 1503 3942 sermones
1534 3888 1583 3942 in
1625 3890 1855 3958 populo,
1887 3899 1941 3945 et
1985 3908 2071 3947 re-

472 3976 733 4030 Sponsum
758 3959 825 4015 ab
869 3958 972 4013 illis
1002 3960 1192 4014 fuisset
1230 3960 1519 4014 nonnullos
1548 3960 1726 4016 dict-re
1755 3962 1929 4030 ipsum
1956 3978 2077 4019 esse

473 4033 735 4091 Joannem
768 4030 1082 4098 BaptEStam,
1111 4031 1244 4085 alios
1265 4047 1394 4086 vero
1417 4031 1763 4099 Ilieremiam,
1793 4048 1884 4088 aut
1907 4051 2071 4090 unum

475 4120 541 4176 ex
568 4103 871 4172 Prophetis,
900 4101 1281 4176 Petrus,_unus
1301 4117 1397 4173 pro
1419 4104 1668 4176 omnibus
1693 4107 1918 4176 loquens
1943 4122 2073 4161 voce

474 4174 755 4236 Ecclesiae.
789 4181 847 4227 ιιι
871 4173 947 4227 ait
972 4174 1291 4244 Cyprianus,
1326 4175 1605 4243 respondit
1644 4173 1792 4231 illum
1832 4193 1952 4232 esse
1980 4178 2074 4233 Fi-

473 4246 604 4303 lium
636 4246 730 4302 Dei
753 4245 880 4299 vivi.
905 4244 1047 4301 Nihil
1071 4245 1181 4301 illic
1207 4246 1427 4300 invenio
1455 4246 1597 4315 quod
1628 4248 1827 4302 indicet
1845 4249 2071 4305 formam

472 4318 780 4375 celebrandi
803 4316 1017 4371 concilii
1052 4328 1161 4371 tum
1189 4317 1365 4371 datam
1387 4331 1526 4372 esse.
1561 4319 1634 4373 Ex
1667 4335 1729 4374 ea
1765 4328 1942 4375 tamen
1985 4337 2073 4376 re-

473 4390 767 4460 Spousione
805 4388 942 4443 facta
990 4406 1018 4442 a
1051 4388 1168 4460 solo
1215 4388 1374 4443 Petro
1418 4388 1632 4460 collegit
1676 4390 2074 4447 illustrissimus

474 4459 775 4516 Cardinalis
807 4460 1069 4534 Baronius
1093 4459 1362 4534 Chrismm
1382 4459 1724 4534 expressisse
1748 4471 1858 4517 tum
1889 4473 2071 4534 typum

474 4533 782 4606 celebrandi
818 4532 1053 4596 concilii,
1108 4532 1228 4606 quia
1268 4548 1397 4606 cum
1427 4532 1672 4587 Christus
1726 4532 2075 4606 interrogavit

475 4604 767 4673 discipulos
798 4619 929 4658 suos
953 4618 1111 4673 quem
1146 4602 1223 4657 illi
1267 4603 1440 4673 ipsum
1472 4617 1593 4659 esse
1637 4602 1955 4673 crederent,
1976 4607 2075 4663 Pe-

476 4685 590 4732 trus
622 4676 827 4746 primus
855 4675 1093 4729 omnium
1122 4673 1259 4729 dixit
1279 4675 1423 4728 illum
1450 4673 1645 4730 Filium
1673 4692 1794 4733 csse
1821 4678 1912 4733 Dei
1949 4680 2070 4746 vivi,

474 4759 532 4804 et
558 4749 637 4804 sic
668 4748 828 4803 talem
862 4747 985 4801 tulit
1011 4747 1330 4819 sententiam
1356 4787 1372 4813 ,
1428 4756 1484 4819 et
1531 4748 1656 4819 quid
1708 4749 1775 4803 ab
1822 4750 2073 4806 omnibus

474 4822 801 4877 credendum
834 4827 979 4874 esset
1008 4817 1206 4874 erudiit
1243 4827 1404 4887 atque
1433 4817 1692 4888 decrevit,
1725 4835 1789 4875 ac
1816 4820 1938 4877 fidei
1967 4838 2073 4878 ca-

476 4906 675 4947 nonem
707 4903 968 4962 perpetuo
999 4905 1309 4944 mansurum
1342 4892 1640 4964 constituit,
1688 4903 1744 4947 ut
1771 4892 1902 4948 nihil
1937 4909 2072 4964 opus

476 4976 623 5018 esset
648 4961 928 5035 consulere
948 4970 1184 5035 caeteros
1205 4961 1495 5031 Apostolus
1523 4979 1584 5018 ac
1607 4979 1797 5034 rogare
1823 4961 2069 5035 quaenam

478 5044 661 5091 essent
687 5034 897 5105 illorum
924 5034 993 5089 de
1021 5048 1095 5105 ea
1113 5048 1171 5088 re
1201 5035 1480 5105 sententia-
1508 5050 1570 5089 ae
1597 5034 1896 5105 opiniones.
1929 5037 2070 5095 Satis

478 5109 621 5161 enim
647 5106 809 5161 fuisse
831 5104 1046 5160 Christo
1074 5104 1290 5159 Petrum
1322 5104 1485 5177 fuis~_e
1515 5104 1748 5161 lowtum
1777 5119 1830 5161 et
1851 5108 1975 5177 quid
2002 5110 2070 5165 de

474 5179 584 5234 fide
610 5177 949 5233 sentiendum
973 5186 1116 5232 esset
1140 5177 1347 5229 clavum
1373 5175 1572 5233 fixisse.
1610 5180 1733 5234 llaec
1754 5175 2066 5235 diverticula

476 5259 532 5306 et
552 5249 861 5315 amfractus,
894 5257 951 5302 ut
976 5248 1050 5303 ait
1077 5247 1455 5320 Quintilianus,
1486 5249 1738 5320 suffragia
1770 5262 1893 5304 sunt
1922 5252 2067 5307 infir-

472 5320 702 5377 mitatis.
733 5320 1030 5391 Explicatio
1052 5320 1193 5391 enim
1224 5319 1315 5374 illa
1338 5320 1545 5391 longius
1586 5319 1840 5376 arcessita
1877 5332 1979 5385 est,
2012 5332 2067 5378 et

475 5388 828 5463 paraphrasis
864 5388 1079 5463 Borouii
1108 5406 1305 5463 parum,
1326 5389 1592 5447 firmitatis
1623 5394 1779 5448 habet
1808 5394 1859 5447 in
1888 5395 2065 5450 verbis

474 5462 858 5535 Evangelistm.
892 5462 1024 5517 Illud
1068 5477 1229 5517 unum
1259 5462 1383 5517 hinc
1408 5463 1583 5530 colligi
1615 5476 1812 5535 potest,
1846 5465 2061 5520 Petrum

474 5546 626 5592 recte
656 5534 890 5590 locutum
912 5549 1052 5601 esse,
1077 5544 1303 5589 czetcros
1321 5536 1605 5604 Apostolus
1622 5534 1755 5590 nihil
1782 5546 2062 5606 propterea

473 5607 677 5664 dixisse
702 5616 755 5662 et
783 5606 1141 5667 taciturnitate
1163 5620 1258 5661 sua
1282 5608 1540 5675 probasse
1561 5624 1681 5676 quae
1701 5624 1729 5661 a
1750 5609 1908 5662 Petro
1927 5609 2065 5665 bene

474 5680 612 5735 dicta
639 5685 810 5734 erant.
839 5677 943 5732 Sed
969 5692 1075 5732 non
1106 5677 1231 5749 inde
1252 5679 1496 5748 sequitur
1521 5695 1624 5734 nun
1651 5681 1886 5749 potuisse
1903 5692 2063 5736 caete-

474 5767 569 5809 ros
596 5750 915 5806 sententiam
947 5763 1097 5804 suam
1129 5748 1328 5815 dicere,
1362 5765 1537 5819 neque
1561 5748 1829 5822 epiScopis
1871 5767 2059 5807 eorum

475 5823 876 5880 successoribus
924 5823 1227 5893 ademptam
1258 5837 1379 5893 esse
1421 5822 1726 5878 facultatem
1782 5824 2058 5893 promendi

472 5909 667 5965 sensus
691 5908 818 5957 suos
846 5894 896 5957 in
929 5907 1089 5955 causa
1120 5891 1264 5949 ﬁdei.
1298 5892 1482 5964 Itaque
1525 5893 1649 5953 hinc
1680 5891 1826 5953 salva
1856 5908 1939 5954 (εει
1965 5912 2061 5954 au-

2177 3677 2399 3752 ctoritas
2424 3678 2825 3750 episc0porum,
2859 3695 3051 3737 cumoo
3082 3696 3150 3738 se
3220 3683 3364 3752 quod
3398 3684 3552 3742 solus
3604 3687 3767 3742 Petrus

2178 3750 2389 3828 locutus
2431 3751 2538 3828 sit__,
2587 3756 2769 3828 caueri
2820 3753 3065 3828 Apostoli
3117 3750 3403 3820 tacuerint,
3457 3758 3630 3828 colligi
3677 3774 3764 3813 non

2176 3824 2349 3891 possit
2376 3822 2621 3878 inutilem
2648 3822 2882 3880 futuram
2914 3825 3082 3880 fuisse
3111 3834 3436 3883 sententiam
3468 3822 3759 3885 ca-térornm

2178 3894 2563 3967 Apostolorum
2588 3904 2643 3950 et
2671 3897 2886 3951 unicam
2918 3896 3077 3967 Papa:
3103 3900 3430 3953 sententiam
3462 3900 3698 3957 sufficere
3721 3903 3764 3956 in

2182 3965 2423 4042 Ecclesia
2457 3967 2551 4021 Dei
2575 3977 2631 4021 et
2658 3967 2804 4022 illius
2832 3965 3342 4042 unins‘seuteutiam
3374 3974 3664 4042 praevalere
3686 3971 3764 4027 dc-

2180 4036 2312 4092 bere
2344 4037 2605 4093 adversus
2633 4039 2961 4095 concordem
2992 4054 3055 4094 ac
3098 4036 3541 4101 Consentaneam.
3562 4045 3759 4100 aliorum

2176 4108 2554 4186 episcoporum
2576 4109 2791 4186 diver_~e
2816 4110 3166 4186 sentientium
3193 4115 3545 4170 sententiam.
3575 4114 3759 4186 Alioqui

2175 4180 2381 4257 inutilis
2407 4181 2902 4257 essset‘celebratio
2930 4182 3288 4257 conciliorum
3316 4228 3327 4246 .
3362 4188 3406 4241 si
3439 4189 3608 4243 solius
3636 4180 3760 4257 papa:

2175 4254 2469 4327 auctoritas
2510 4253 2786 4327 sufficeret
2816 4270 2912 4327 pro
2942 4253 3195 4327 finiendis
3237 4253 3758 4327 controversiis'qum

2177 4325 2425 4379 oriuntur
2454 4326 2506 4379 in
2540 4326 2779 4380 Ecclesia
2820 4324 2933 4381 Dei.
2980 4325 3097 4382 Non
3132 4329 3202 4383 ita
3235 4343 3527 4385 senserunt
3556 4324 3754 4394 veteres,

2178 4396 2648 4468 quiconciliorum
2681 4398 3115 4468 celebrationem
3151 4409 3405 4468 putarunt
3432 4417 3556 4458 esse
3586 4416 3748 4456 neces-

2179 4467 2380 4522 sariam
2397 4469 2659 4545 adversus
2679 4467 2915 4526 haereses
2929 4467 3289 4542 emergentes.
3309 4472 3456 4529 Istud
3479 4474 3652 4545 negari
3668 4487 3751 4528 non

2100 4564 2154 4623 D
2181 4548 2378 4610 potest.
2401 4539 2600 4595 BALUZ.

2251 4632 2673 4709 Tites_CItristus.
2701 4635 2905 4709 vocem
2933 4634 3188 4704 Christus,
3217 4654 3338 4709 quin
3365 4639 3552 4695 deerat
3581 4640 3630 4694 in
3653 4636 3750 4709 aliis

2176 4704 2522 4779 editionibus,
2576 4721 2675 4761 nos
2700 4706 3028 4776 addidimus,
3060 4710 3185 4779 quia
3218 4704 3361 4766 illam
3398 4713 3684 4766 invenimus
3704 4708 3747 4762 in

2175 4777 2632 4853 aliquot_vetttsti_s
2656 4779 2957 4853 codicibus,
2985 4792 3045 4853 et
3073 4777 3198 4852 quia
3231 4794 3502 4853 reperitur
3530 4788 3577 4835 in
3599 4780 3748 4848 capite

2175 4858 2329 4903 sexto
2362 4850 2633 4919 Evangelii
2662 4850 2959 4924 secundum
2977 4850 3265 4919 Joannem,
3288 4850 3354 4909 ex
3377 4870 3487 4924 qun
3509 4856 3645 4910 locu~
3664 4853 3746 4906 istc

2174 4934 2422 4994 s_umptus
2468 4931 2569 4987 est,
2604 4932 2658 4977 et
2689 4922 2741 4976 in
2776 4922 3072 4994 Evangelia
3102 4922 3407 4980 secundum
3447 4925 3742 4981 Mattha-um.

2174 4989 2243 5046 Et
2274 4989 2449 5047 tamen
2480 4994 2635 5048 deest
2662 4995 2823 5048 etiam
2856 4994 2908 5049 in
2930 4989 3315 5066 epistolium:
3337 4998 3406 5051 ad
3428 4996 3738 5053 Florentium.

2247 5082 2559 5140 Mansissent
2588 5085 2876 5141 nobiscum.
2925 5087 3051 5142 Haec
3099 5090 3263 5144 verba
3315 5105 3411 5145 sua
3443 5090 3588 5146 Fecit
3632 5087 3740 5142 Fla-

2174 5156 2370 5210 vianus
2403 5159 2694 5229 episc0pus
2723 5158 3364 5229 Constantinopulitauus
3407 5163 3645 5217 scribens
3686 5154 3738 5210 ad

2172 5239 2423 5303 sanctum
2449 5227 2646 5303 Papam
2682 5229 2921 5285 Leonem
2947 5245 2964 5285 :
2995 5227 3130 5286 sum
3146 5233 3355 5303 quidam
3375 5243 3506 5288 ueste
3532 5248 3619 5287 sua
3643 5242 3735 5282 ore:

2168 5299 2555 5373 significantes,
2605 5301 2823 5373 interius
2871 5312 3040 5355 autem
3081 5299 3193 5373 lupi
3240 5321 3484 5372 rapaces,
3536 5319 3650 5373 quos
3684 5312 3736 5352 εἰ

2169 5370 2426 5449 fructibus
2454 5388 2629 5449 eorum
2657 5372 2895 5427 debemus
2920 5370 3227 5449 agnoscere.
3276 5370 3376 5430 [sti
3405 5370 3567 5449 primo
3587 5376 3733 5449 fronte

2168 5442 2403 5497 videntur
2440 5459 2547 5498 esse
2573 5445 2638 5497 de
2664 5461 2875 5499 numero
2907 5442 3105 5513 nostra,
3139 5448 3230 5501 sed
3272 5464 3371 5501 non
3405 5442 3528 5501 sunt
3564 5442 3621 5499 de
3653 5456 3729 5496 mt-

2167 5528 2307 5590 mero
2338 5526 2550 5590 nostra.
2569 5516 2631 5570 Si
2656 5518 2794 5590 enini
2829 5516 2892 5570 de
2922 5534 3135 5572 numero
3180 5531 3356 5574 nostra
3385 5521 3610 5590 fuissent,
3655 5528 3728 5565 tta-

2167 5584 2361 5640 biscum
2386 5589 2712 5642 rnansissent.
2765 5587 2965 5644 Bswz.

2241 5679 2719 5737 lX.—Fortunato.
2756 5682 2890 5737 Vide
2944 5699 3063 5753 qua:
3122 5697 3222 5739 nos
3276 5683 3343 5740 de
3387 5683 3593 5739 homine
3640 5679 3723 5733 isto

2167 5754 2477 5808 notavimus
2509 5755 2576 5809 ad
2607 5764 2766 5824 caput
2799 5756 2864 5810 10
2893 5754 3013 5811 libri
3060 5757 3221 5826 primi
3266 5756 3330 5811 de
3356 5754 3625 5811 Concordia
3647 5763 3717 5803 stt-

2165 5826 2375 5879 cerdotii
2403 5834 2448 5896 et
2477 5827 2697 5896 imperii.
2730 5827 2932 5882 Bswz.

2240 5896 2318 5952 De
2344 5895 2572 5955 Ecclesia
2619 5901 2872 5971 profugis.
2921 5899 2977 5957 lu
3011 5916 3114 5958 IIIS.
3165 5899 3329 5959 Corb.
3375 5897 3640 5973 profugus;
3670 5898 3711 5946 οι
