4068 6324
483 264 587 322 8M

1488 254 1924 315 ROMANORUM
1953 252 2373 313 PONTIFICDM
2417 254 2796 314 EPISTOLIE.

3688 258 3786 318 819

483 380 683 437 ximam
712 385 922 449 partem
952 374 1124 446 plebis
1147 386 1259 429 sum
1286 372 1545 444 sacrilega
1575 380 1602 410 α
1630 371 1980 443 persuasione
2006 369 2091 424 deo
2118 372 2165 431 Α
2199 371 2470 427 Ιιξιξτριίσίε
2500 372 2763 435 Ecclesia,
2793 378 2886 427 aut
2936 372 3005 427 ab
3052 371 3265 442 injustis
3291 372 3499 443 jnstitia
3536 373 3783 433 vincatur.

477 477 629 547 jecit.
662 475 724 531 lli
750 475 986 546 quinque
1007 487 1127 527 cum
1153 469 1335 541 paucis
1363 469 1444 523 vel
1472 467 1809 530 sacrilicatis,
1839 464 1921 519 vel
1951 463 2089 521 male

483 569 583 624 sibi
616 568 876 635 consciis,
913 566 1263 622 Fortunatum
1297 562 1397 618 sibi
1432 561 1953 633 pseudoepiscopum
1993 574 2088 614 co-

483 671 771 731 eptarunt;
818 670 877 715 ut
914 657 1230 715 criminibus
1273 656 1325 710 in
1369 670 1533 710 unum
1564 653 1594 693 b
1621 652 2088 709 consentientibus

486 755 608 809 talis
637 764 779 810 esset
817 752 1025 808 scilicet
1056 760 1252 818 rector,
1285 750 1471 820 quales
1502 749 1577 805 illi
1610 749 1700 820 qui
1732 758 2015 820 reguntur.

555 847 791 903 XLHine
806 847 914 917 jam
931 854 986 902 et
1010 857 1203 901 caetera
1233 845 1531 916 mendacia,
1556 846 1726 903 frater
1744 848 2085 916 charissime,

483 955 639 1015 potes
669 958 915 1009 noscere,
946 956 1066 1013 qua:
1095 941 1205 998 illic
1235 951 1259 981 ε
1291 941 1539 998 homines
1564 942 1833 1013 desperati
1877 954 1929 998 et
1968 958 2091 1013 per-

485 1038 581 1094 diti
609 1038 1004 1094 ventilaverunt
1039 1054 1052 1090 :
1082 1047 1139 1091 ut
1170 1051 1292 1092 cum
1324 1037 1393 1093 de
1430 1037 1747 1093 sacriﬁcatis
1776 1039 1859 1093 vel
1887 1038 1955 1095 de
1982 1038 2090 1093 bae-

481 1133 935 1202 reticisamplius,
965 1148 1126 1203 quant
1173 1132 1412 1204 quinque
1459 1132 1929 1205 pseudoepisc0pi,
1980 1150 2085 1191 non

479 1227 681 1282 fuerint
719 1226 810 1297 qui
860 1226 1238 1297 Carthaginem
1279 1228 1550 1293 venerint,
1621 1237 1678 1284 et
1733 1228 2088 1285 Fortunatum

477 1317 578 1372 sibi
603 1316 893 1373 dementiae
913 1333 1025 1372 suae
1066 1320 1272 1373 socium
1302 1317 1713 1386 constituerint;
1760 1319 1837 1377 illi
1885 1330 2085 1389 tamen,

476 1409 628 1480 quasi
664 1407 758 1463 ﬁlii
796 1409 995 1464 diaboli
1048 1418 1105 1465 et
1156 1411 1439 1467 mendacio
1483 1412 1645 1482 pleni,
1676 1412 1794 1466 ausi
1842 1413 1970 1479 sint,
2029 1423 2090 1469 ut

480 1503 694 1570 scribis,
716 1505 968 1573 jactitare
990 1500 1217 1576 dviginti
1246 1506 1484 1576 quinque
1503 1505 1787 1575 episcopos
1811 1505 2046 1561 adfuisse
2071 1524 2085 1561 :

472 1598 617 1670 quod
645 1599 987 1655 mendacimn
1023 1611 1078 1656 et
1110 1601 1231 1656 istic
1264 1602 1412 1671 prius
1443 1592 1583 1672 apud
1628 1599 1823 1657 fratres
1869 1610 2089 1657 nostros

464 1695 828 1765 jactilabant,
870 1695 1116 1751 dicentes
1162 1695 1349 1767 viginti
1382 1695 1623 1767 quinque
1675 1696 1963 1767 episcopos
2020 1694 2089 1752 de

468 1791 720 1847 Numidia
747 1806 871 1849 esse
897 1802 1181 1859 venturos,
1209 1794 1299 1864 qui
1329 1793 1432 1847 sibi
1465 1794 1778 1863 episcopum
1808 1792 2082 1859 facerent;

2268 466 2381 522 XII.
2408 467 2520 524 Nec
2563 484 2649 524 me
2674 478 2908 538 Oportet,
2962 466 3129 522 frater
3180 469 3521 533 cltariSsime,
3586 472 3723 538 paria
3762 468 3787 509 ιι

2196 578 2338 618 nunc
2358 580 2479 618 cunt
2516 563 2625 619 illis
2650 564 2852 628 facere,
2885 572 2940 618 et
2966 580 3027 618 ea
3052 580 3173 634 quae
3202 565 3615 630 commiserunt,
3640 578 3787 635 atque

2194 658 2299 713 bue
2322 674 2490 728 usque
2515 660 2876 725 committunt,
2910 675 3030 714 meo
3053 674 3303 714 sermone
3325 659 3647 724 decurrere;
3676 677 3786 717 cum

2194 752 2644 808 considerandum
2676 752 2745 807 sit
2777 753 2952 818 nobis,
2995 754 3121 822 quid
3184 756 3425 824 proferre
3461 765 3517 810 et
3562 757 3788 813 srribere

2193 849 2505 904 sacerdotes
2538 850 2627 903 Dei
2654 857 2921 915 oporteat,
2956 864 3055 903 nec
3076 861 3180 903 tam
3208 849 3361 905 dolor
3396 850 3541 919 apud
3567 868 3662 903 nos
3699 850 3786 906 de-

2193 942 2337 1007 beat,
2379 959 2538 1012 quam
2600 943 2769 1014 pudor
2806 941 2988 1013 loqui:
3040 952 3195 998 etne
3245 944 3427 999 tidear
3483 955 3790 1015 provoratus

2194 1038 2474 1093 maledicta
2494 1040 2693 1109 potius.
2717 1054 2877 1107 quam
2899 1038 3124 1093 crimina
3153 1050 3220 1107 el_
3242 1050 3457 1110 peccata
3486 1056 3786 1111 congerere.

2193 1130 2370 1186 Taceo
2402 1133 2580 1203 itaque
2610 1132 2680 1187 de
2706 1130 2986 1188 fraudibus
3012 1132 3270 1188 Ecclesia:
3310 1133 3505 1201 factis;
3553 1135 3789 1205 conjura-

2195 1224 2369 1279 tiones
2395 1235 2447 1279 et
2475 1225 2754 1290 adulteria,
2791 1236 2845 1281 et
2874 1228 3017 1281 varia
3058 1227 3377 1283 delictorum
3408 1244 3611 1299 genera
3658 1245 3787 1299 prie-

2193 1327 2342 1375 terco
2373 1336 2388 1375 :
2418 1336 2579 1376 unum
2611 1321 2762 1390 illud,
2797 1323 2847 1376 in
2881 1339 2988 1393 quo
3015 1340 3118 1377 non
3158 1340 3299 1389 mea,
3343 1341 3445 1380 nec
3501 1325 3787 1395 hominum,

2197 1414 2290 1469 sed
2323 1413 2416 1468 Dei
2453 1430 2614 1470 causa
2655 1426 2759 1483 est,
2788 1416 2856 1471 de
2884 1433 3071 1472 eorum
3121 1419 3358 1473 facinore
3391 1435 3498 1472 non
3522 1430 3649 1488 poto
3680 1433 3792 1474 esse

2194 1507 2567 1575 reticendum;
2609 1510 2752 1580 quod
2780 1511 3004 1579 aprimo
3048 1513 3230 1566 statim
3267 1515 3659 1581 persecutionis
3688 1512 3787 1582 die,

2193 1616 2314 1657 cum
2345 1604 2580 1659 recentia
2603 1605 3026 1675 delinquentium
3058 1605 3297 1660 facinora
3317 1609 3611 1663 ferverent.
3636 1618 3686 1661 et
3714 1622 3791 1661 sa-

2192 1698 2410 1754 crificiis
2441 1696 2687 1753 nefandis
2719 1714 2825 1753 non
2850 1708 3054 1754 tantum
3104 1699 3301 1754 diaboli
3334 1701 3551 1762 altaria,
3584 1700 3676 1754 sed
3705 1699 3790 1753 ad-

2195 1790 2300 1846 huc
2329 1807 2519 1846 manus
2540 1792 2670 1861 ipsm
2693 1793 2963 1861 lapsorum
2996 1804 3157 1865 atque
3194 1809 3289 1849 ora
3326 1794 3616 1861 fumarent,
3652 1782 3790 1850 coin-

469 1886 644 1958 qttoin
666 1885 953 1941 mendacio
982 1902 1081 1941 suo
1112 1896 1297 1958 postea
1325 1901 1506 1957 quam,
1538 1887 1775 1957 quinque
1793 1885 1921 1941 solis
1948 1899 2082 1940 con—
2113 1858 2162 1918 Β
2191 1885 2463 1939 municare
2490 1901 2611 1940 cum
2644 1886 2809 1952 lapsis
2841 1897 2894 1942 et
2930 1888 3261 1955 paenitentia:
3291 1890 3539 1959 agendaa'
3564 1890 3782 1943 interce-

469 1980 816 2035 venientibus
863 1980 1134 2052 naufragis
1161 1990 1217 2036 et
1252 1996 1282 2035 a
1336 1980 1493 2035 nobis
1547 1980 1832 2049 abstentis,
1885 1980 2086 2036 detecti

467 2082 615 2139 sunt,
642 2082 806 2145 atque
832 2075 1077 2139 confusi;
1109 2073 1336 2128 Romam
1366 2090 1489 2128 cum
1522 2074 1927 2130 mendaciorum
1959 2089 2081 2129 suo.

465 2182 587 2221 rum
611 2182 790 2222 merce
818 2168 1231 2237 navigaverunt,
1261 2168 1411 2236 quasi
1458 2168 1655 2223 veritas
1687 2178 1802 2240 poSl
1845 2182 1942 2223 eos
1984 2184 2081 2222 na-

467 2261 651 2332 vigare
676 2277 781 2316 non
817 2273 1016 2333 posset,
1046 2278 1167 2334 quae
1213 2263 1504 2319 mendaces
1532 2263 1743 2335 linguas
1792 2266 1866 2320 rei
1917 2273 2083 2319 certas

465 2355 785 2426 probatione
832 2357 1206 2414 convinceret.
1265 2358 1441 2430 Atque
1490 2359 1605 2415 base
1655 2369 1785 2425 est,
1821 2358 1990 2414 frater
2032 2367 2080 2429 ε,

466 2466 588 2507 vera
616 2453 909 2521 dementia,
939 2470 1044 2509 non
1076 2454 1339 2526 cogitare,
1368 2470 1465 2511 nec
1493 2458 1633 2512 scire
1674 2456 1816 2527 quod
1859 2456 2079 2513 menda-

459 2547 541 2602 cia
572 2564 677 2601 non
710 2548 799 2603 diu
833 2547 1041 2614 fallant,
1087 2558 1303 2603 noctem
1349 2559 1452 2603 tam
1500 2548 1589 2605 diu
1636 2566 1757 2605 esse
1795 2567 1954 2621 quam
1987 2551 2078 2605 diu

461 2638 591 2697 illuc
611 2638 781 2694 'scat‘
808 2640 945 2706 dies,
975 2640 1272 2696 clarificato
1301 2653 1480 2697 autem
1508 2642 1620 2707 die,
1640 2656 1694 2699 et
1723 2646 1838 2700 sole
1857 2644 2073 2710 oborto,

461 2733 566 2788 luci
591 2741 614 2789 ι
636 2732 848 2789 -nebras
877 2742 933 2788 et
962 2732 1249 2803 caliginem
1277 2733 1494 2803 cedere,
1523 2746 1577 2791 et
1605 2752 1726 2807 quae
1747 2737 2073 2806 grassaban-

464 2834 550 2881 tur
579 2843 675 2897 per
700 2836 912 2881 noctem
943 2824 1225 2880 latrocinia
1254 2840 1489 2882 cessare.
1515 2827 1755 2898 Denique
1784 2828 1830 2882 si
1858 2829 2075 2885 nomina

457 2920 525 2975 ab
554 2920 635 2975 eis
661 2934 962 2991 quiereres,
998 2934 1102 2974 non
1156 2919 1418 2976 baberent
1468 2921 1546 2977 vel
1578 2937 1717 2993 quos
1745 2933 1771 2972 ις
1801 2922 1936 2978 falso
1976 2940 2074 2980 no-

458 3012 729 3069 minarent
765 3030 777 3067 :
810 3022 956 3068 tanta
994 3012 1135 3085 apud
1178 3029 1273 3068 eos
1320 3015 1481 3069 etiam
1534 3017 1792 3071 malorum
1852 3018 2071 3087 penuria

457 3117 561 3173 est,
595 3120 650 3163 ut
675 3108 742 3163 ad
800 3109 923 3162 illos
952 3124 1051 3165 nec
1098 3107 1168 3164 de
1196 3109 1512 3166 sacrifieatis
1545 3127 1644 3169 nec
1679 3114 1746 3168 de
1798 3115 2073 3170 luereticis

459 3201 648 3270 viginti
669 3202 907 3271 quinque
927 3202 1105 3274 colligi
1122 3203 1425 3274 posSiﬂLEt
1442 3216 1619 3261 tamen
1639 3208 1705 3261 ad
1721 3207 2072 3278 decipiendas

454 3309 616 3349 aures
644 3295 972 3363 simplicium
1033 3306 1089 3351 et
1136 3297 1465 3365 absentium,
1499 3300 1779 3357 mendacio
1808 3318 2069 3361 numerus

457 3388 705 3446 inflatur:
727 3392 901 3461 quasi,
927 3401 980 3448 et
1005 3393 1049 3448 si
1074 3408 1236 3450 verus
1256 3402 1401 3451 esset
1441 3395 1526 3453 hic
1567 3412 1847 3464 numerus,
1881 3408 1976 3454 aut
2001 3399 2069 3456 ab

2193 1979 2324 2035 dere
2354 1994 2459 2034 non
2496 1980 2842 2036 destiterunt.
2878 1983 3088 2036 Clamat
3121 1984 3301 2038 Deus:
3345 1981 3663 2048 Sacrificant:
3701 1982 3790 2036 iliis

2189 2074 2553 2137 eradicabitur,
2607 2077 2708 2129 nisi
2763 2075 2983 2131 Domino
3040 2077 3138 2131 soli
3176 2076 3372 2145 (Exod.
3425 2093 3555 2137 χχιι,
3592 2076 3698 2144 '20).
3729 2074 3788 2131 Et

2191 2168 2448 2222 Dominus
2473 2171 2523 2222 in
2549 2168 2841 2240 Evangelio
2868 2170 3044 2226 dicit:
3090 2172 3191 2237 Qui
3241 2188 3319 2225 me
3372 2173 3646 2242 negaverit,
3704 2184 3785 2223 ne-

2188 2262 2317 2331 gabo
2344 2262 2492 2315 illum
2519 2261 2735 2336 (Matth.
2781 2280 2833 2329 x,
2862 2261 2976 2334 55).
3011 2265 3073 2318 Et
3104 2265 3211 2318 alio
3247 2263 3364 2320 loco
3408 2265 3697 2336 indignatio
3731 2270 3780 2319 et

2194 2357 2275 2411 ira
2295 2357 2475 2412 divina
2502 2374 2605 2410 non
2639 2359 3001 2421 tacet,dieens
3028 2378 3040 2414 :
3070 2357 3192 2413 Illis
3219 2360 3432 2429 fudistis
3457 2361 3716 2423 libamina,
3741 2364 3784 2412 et

2184 2452 2288 2505 illis
2316 2452 2631 2520 imposuistis
2662 2453 2919 2521 sacriﬁcia
2949 2470 2968 2508 :
2997 2471 3152 2524 super
3181 2455 3291 2507 ltwc
3317 2472 3417 2509 non
3449 2453 3781 2525 iudigmbor?

2183 2545 2308 2598 dicit
2334 2544 2588 2599 Dominus
2631 2544 2764 2616 (lsa.
2801 2563 2927 2612 u'tt,
2961 2547 3059 2617 li):
3113 2548 3172 2602 Et
3205 2550 3544 2604 intercedunt
3592 2565 3656 2603 ne
3698 2564 3779 2601 ro-

2185 2653 2340 2711 getur
2360 2642 2522 2707 Deus,
2545 2646 2632 2713 qui
2668 2644 2931 2714 indignari
2960 2647 3157 2715 seipse
3183 2655 3432 2704 testatur.
3451 2646 3779 2703 lutercedunt

2187 2752 2254 2791 ne
2292 2748 2546 2791 exoretur
2601 2740 2851 2808 precibus
2896 2750 2950 2795 et
2997 2743 3457 2797 satisl'acttonibus
3509 2743 3774 2807 Christus;

2186 2831 2274 2899 qui
2307 2839 2592 2898 negantem
2618 2845 2677 2884 se
2703 2846 2900 2900 negare
2930 2832 3229 2900 profitetur.

2255 2924 2389 2981 Xlll.
2411 2925 2588 2980 Nosiu
2610 2927 2725 2997 ipso
2756 2928 3144 2997 persecutionis
3176 2939 3421 3000 tempore
3450 2933 3515 2986 de
3544 2930 3641 2985 hoc
3670 2929 3773 2998 ipso

2117 3080 2143 3101 Ἴ
2180 3020 2390 3074 litteras
2421 3021 2685 3087 misimus,
2721 3037 2821 3076 nec
2849 3022 3015 3077 auditi
3047 3038 3253 3091 sumus,
3289 3026 3521 3081 concilio
3541 3025 3772 3094 frequen‘

2181 3102 2262 3171 tcr
2309 3128 2453 3182 acto,
2513 3134 2617 3171 non
2664 3120 3021 3175 consensione
3076 3131 3277 3175 tantum
3321 3133 3529 3189 nostra,
3580 3120 3669 3176 sed
3721 3125 3769 3172 et

2176 3213 2600 3267 comminatione
2646 3211 3009 3278 decrevimus,
3063 3225 3119 3268 ut
3166 3218 3537 3283 ptenitentiam
3595 3215 3665 3266 ira
3693 3224 3769 3263 res

2173 3316 2418 3376 agerent.
2447 3316 2506 3361 ut
2536 3308 2908 3376 paenitentiam
2956 3325 3062 3365 non
3092 3311 3377 3381 agentibus
3398 3326 3555 3366 nemo
3579 3317 3773 3363 temere

2174 3416 2361 3471 pacem
2407 3399 2599 3456 daret:
2638 3401 2797 3457 etilli
2828 3412 3015 3458 contra
3062 3404 3233 3461 Deum
3285 3408 3552 3477 sacrilegi,
3591 3412 3766 3460 contra

1666 3620 1673 3629 ,
1702 3556 2087 3617 LECTIONES
2126 3558 2546 3617 VARIANTES.

518 3730 546 3764 ⁸
582 3732 941 3795 Persecutione
962 3732 1069 3795 ipse
1089 3728 1274 3795 defecit
1298 3724 1403 3795 Litt.
1433 3724 1577 3795 flow.
1587 3726 1996 3795 1:2.‘Cgmpicml.

517 3795 547 3835 δ
580 3794 666 3849 Sic
693 3799 827 3848 Lam.
855 3789 999 3847 Ebor'.
1040 3797 1178 3844 Pent.
1223 3790 1350 3843 Bod.
1378 3790 1528 3851 1,2,5.
1557 3792 1601 3841 Ν
1611 3790 1663 3851 C.
1711 3789 1806 3851 1,2.
1843 3789 1982 3841 Voss.
2007 3791 2057 3850 2,

452 3859 592 3926 loss.
625 3858 753 3911 Vict.
780 3858 866 3913 Sic
890 3872 979 3926 ms.
1008 3857 1143 3926 (Jolb.
1171 3861 1223 3926 et.
1240 3850 1458 3926 plerique
1480 3850 1676 3926 Anglic.
1702 3851 1805 3904 Alii
1843 3866 1957 3926 vero
1996 3852 2057 3926 li-

453 3921 547 3981 bri.
569 3925 996 3974 convenientibus.
1025 3923 1183 3972 Antea
1206 3916 1257 3969 in
1280 3931 1371 3968 ms.
1399 3916 1660 3981 Contpe'nd.
1687 3924 2051 3980 computarunt,

451 3984 558 4037 loco
577 3985 709 4038 verbi
731 3992 1038 4047 cooptarunt.

518 4053 541 4081 θ
581 4054 701 4112 Qua:
722 4045 890 4101 contra
914 4062 1003 4100 nos
1020 4047 1139 4109 illic,
1167 4045 1293 4096 Bod.
1318 4045 1368 4094 5.

2199 3791 2207 3800 .
2234 3724 2269 3800 d_
2300 3726 2364 3778 In
2382 3726 2650 3800 ms._C0_rb.
2666 3731 2726 3800 ιιι
2746 3727 2867 3788 dixi,
2890 3728 3140 3791 jactitare.
3166 3729 3231 3779 In
3250 3729 3508 3785 vetustiore
3531 3727 3660 3782 Colb.
3686 3735 3761 3777 au-

2170 3791 2208 3839 si
2230 3794 2330 3840 sint
2347 3791 2543 3852 scriptis
2562 3791 2808 3850 iactitare.
3388 3814 3397 3815 ί

2234 3857 2257 3886 ε
2295 3854 2469 3903 Frater
2491 3853 2793 3913 charissima,
2824 3852 3016 3904 13011.3.

2232 3913 2255 3954 ί
2294 3917 2528 3977 Quamdiu
2556 3930 2649 3966 non
2674 3916 2944 3980 illucescat,
2975 3917 3101 3970 Bod.
3135 3921 3181 3970 5.

2233 3982 2258 4021 8
2284 3980 2454 4030 Falsos
2472 3979 2735 4038 Compend.

2233 4042 2263 4082 δ
2296 4043 2492 4095 Pariter
2522 4041 2646 4093 Tlm.

1770 4200 1856 4258 VA
1866 4200 2129 4259 RIORUM
2171 4200 2405 4258 NOTAE.

448 4378 687 4437 nicensis,
716 4370 859 4427 aliud
895 4368 1227 4440 Urgonensis,
1247 4366 1355 4421 duo
1383 4362 1742 4440 Satur-genus,
1770 4361 1881 4440 duo
1909 4361 2050 4428 Quo-

450 4433 791 4529 lurnicensis,
833 4433 1061 4526 quorum
1118 4454 1283 4494 unum
1308 4445 1417 4529 [est
1443 4433 1831 4529 Corbeiense.”
1854 4433 1907 4486 in
1942 4449 2049 4500 quo
2077 4469 2129 4529 Β

446 4521 603 4592 Angli
644 4505 813 4572 'aiuii't
852 4505 1120 4584 scriptum
1148 4526 1270 4592 esse
1295 4508 1747 4592 .Qiialurnicelqsis,
1794 4505 2048 4589 Erasmus

447 4577 703 4647 admonet
734 4590 786 4643 in
828 4577 1067 4653 margine
1092 4599 1153 4638 se
1207 4582 1400 4652 legisse
1429 4580 1552 4634 alibi
1606 4577 2046 4653 Quaturnicensis,

447 4676 503 4718 ut
544 4665 611 4718 de
639 4662 825 4717 codice
880 4650 1304 4713 Cainberonensi
1348 4661 1577 4709 testatur
1619 4650 1907 4704 Patnelius.
1959 4651 2049 4705 Sic

446 4738 607 4791 etiam
631 4733 912 4789 ediderunt
943 4728 1190 4784 Crabt-us
1211 4738 1263 4779 et
1291 4724 1482 4781 Surius
1519 4724 1570 4777 in
1602 4723 1761 4777 tomis
1791 4722 2048 4776 concilio-

446 4824 589 4863 rum.
624 4806 786 4862 Miror
814 4812 992 4861 autem
1020 4809 1335 4855 annotatum
1366 4818 1394 4852 a
1425 4796 1660 4851 Pamclio
1691 4810 1812 4849 esse
1860 4793 2047 4847 Manu-

446 4883 578 4934 liunt
617 4879 869 4933 tttalttiSse
897 4874 1291 4932 Suttmuzensis.
1325 4885 1448 4924 cum
1479 4878 1684 4923 certum
1731 4867 1799 4920 sit
1834 4867 1885 4919 itt
1931 4866 2045 4919 edi-

445 4955 591 5009 tione
618 4952 920 5007 blanntiana
950 4946 1055 5014 legi
1082 4941 1509 5019 Asulanurcensis.
1544 4940 1715 5019 Porro
1751 4954 1873 5019 cum
1899 4938 2042 5019 nulla

444 5025 570 5078 alibi
630 5023 932 5093 reperiatur
983 5013 1170 5093 notitia
1217 5013 2040 5093 episcOpatnsSutor-uicensis,

444 5111 550 5149 non
580 5082 808 5149 absurda
844 5089 1088 5146 fortassis
1107 5082 1419 5155 conici-tura
1448 5092 1611 5145 esset,
1641 5084 1713 5155 si_
1723 5098 1822 5155 pro
1848 5082 2040 5135 Sutur-

444 5168 646 5221 niccnsi
702 5171 1056 5234 reponeretur
1125 5152 1629 5235 Septinuuticensis.
1695 5152 1830 5235 Vide
1888 5168 2042 5235 rimas

441 5249 657 5292 nostras
683 5249 735 5291 et
755 5224 1067 5292 Gratianum
1098 5224 1217 5307 pag;
1408 5233 1605 5283 Auctor
1627 5224 1897 5307 annalium
1931 5224 2040 5296 Cy-

441 5311 801 5380 priauiCorum
830 5308 896 5363 ad
924 5321 1124 5380 annum
1150 5303 1281 5367 252,
1332 5302 1494 5380 illum
1526 5306 1690 5380 vocat
1727 5302 2038 5368 episcopum

440 5370 922 5442 Tuburbicenscm,
949 5379 1042 5453 sed
1064 5379 1267 5453 absque
1295 5370 1850 5453 auctoritate._ll.tt.uz.
1983 5440 1996 5452 θ

513 5454 776 5521 Sacrilege
800 5450 1140 5524 persuasione.
1174 5444 1430 5524 Quamvis
1468 5461 1575 5500 lion
1619 5444 1883 5524 dubitem.
1908 5444 2033 5524 quin

437 5525 555 5580 hmo
583 5519 740 5581 lectio
767 5519 835 5579 sit
864 5523 1085 5593 optima.
1138 5519 1465 5593 monendum
1508 5529 1683 5570 tamen
1730 5519 2034 5593 existittiavi

437 5598 685 5654 undecim
740 5587 914 5669 libros
947 5603 1155 5669 veteres
1204 5589 1456 5669 praeferre
1503 5587 1880 5669 persecutione.“
1918 5588 2033 5669 Quo

436 5672 598 5725 etiam
625 5670 787 5724 modo
814 5667 917 5737 legi
941 5668 996 5740 in
1027 5682 1141 5740 uno
1164 5658 1455 5740 Anglicano
1487 5658 1708 5740 testatur
1755 5658 1921 5740 editio
1974 5658 2030 5714 in

433 5759 500 5798 eo
531 5758 697 5813 regno
734 5733 891 5813 facta:
940 5733 1266 5813 Etnendabo
1293 5746 1493 5813 autem.
1543 5733 1665 5813 data
1721 5733 2026 5813 occasione,

434 5801 705 5875 Victorem
737 5812 1035 5881 Vitensem,
1064 5808 1203 5880 apud
1224 5822 1385 5879 quem
1414 5807 1501 5864 lib.
1536 5822 1610 5875 ιχ,
1637 5805 1688 5862 in
1712 5802 1889 5863 edicto
1920 5801 2028 5859 llu-

2159 4360 2325 4417 nerici
2348 4360 2605 4430 scriptum
2633 4368 2716 4414 est
2737 4360 2788 4414 in
2816 4359 3004 4415 ultima
3034 4359 3270 4414 editione
3298 4360 3389 4414 sub
3421 4355 3751 4432 persecutione

2158 4433 2362 4501 idonea,
2385 4448 2506 4488 cum
2531 4440 2687 4487 antea
2710 4435 2981 4502 legeretur
2997 4434 3369 4501 prosectttione.
3393 4434 3524 4488 Nam
3546 4441 3738 4485 certum

2155 4516 2238 4561 est
2267 4506 2404 4560 hanc
2429 4507 2669 4558 ultimam
2697 4506 2985 4558 lectionem
3010 4520 3131 4559 esse
3160 4505 3741 4573 roponemlam.liawz.

2226 4576 2559 4647 σοοριιινιιηιΔ
2600 4576 2780 4631 Codex
2827 4576 2998 4630 sant-ti
3042 4578 3319 4630 Michaelis
3346 4582 3666 4636 cantitarunt,
3698 4578 3747 4647 et

2151 4665 2311 4719 supra
2337 4645 2564 4706 lineam.
2608 4649 2661 4702 id
2713 4660 2785 4702 cst
2822 4651 3056 4702 comitem
3096 4654 3341 4720 {orer-unt.
3394 4651 3556 4705 Certe
3601 4645 3745 4716 paulo

2149 4733 2274 4777 ante
2306 4724 2494 4792 legitur
2518 4720 2735 4775 Iovinus
2756 4732 2798 4773 et
2826 4720 3087 4775 Mamurius
3115 4722 3340 4774 comites.
3376 4722 3555 4777 Bawz

2204 4787 2498 4849 Xl.—-l.'nm
2515 4794 2915 4846 mendaciorum.
2930 4794 3017 4847 Sic
3033 4793 3387 4863 Hieronymus
3402 4796 3452 4848 in
3475 4787 3742 4863 Epitapbio

2147 4866 2435 4933 Marcellae,
2472 4883 2647 4920 novem
2678 4867 2882 4930 plenum
2924 4861 3351 4935 blasphemiarum
3385 4867 3615 4921 Romano
3663 4861 3736 4912 in-

2147 4942 2260 4994 tulit
2292 4941 2479 5008 portui.
2518 4940 2713 4993 BALUZ.

2220 5032 2702 5087 Xll.—Adulteria.
2724 5030 2780 5085 lu
2807 5030 2993 5085 codice
3016 5029 3246 5085 Fttxettsi
3267 5033 3730 5095 adtlitnretstnprrt.

2147 5105 2343 5159 Verum
2373 5112 2472 5170 og’o
2495 5107 2633 5157 nolui
2666 5104 2885 5172 addere,
2914 5106 3035 5174 quia
3070 5105 3120 5159 id
3152 5107 3204 5159 in
3242 5106 3388 5160 nullo
3424 5106 3529 5161 alto
3557 5112 3731 5157 excut-

2147 5182 2276 5248 piart
2311 5180 2502 5247 reperi.
2540 5177 2738 5230 BALUZ.

2216 5271 2431 5343 Negubo
2455 5270 2620 5324 illuni.
2657 5269 2731 5323 lta
2763 5267 2931 5325 editio
2956 5270 3186 5341 vulgata,
3224 5287 3382 5342 quam
3426 5264 3731 5326 confirmant

2142 5361 2235 5400 arx
2269 5355 2447 5399 vetera
2482 5343 2831 5413 exemplaria.
2872 5344 2987 5397 Alia
3032 5345 3288 5397 tredecim
3335 5344 3532 5399 habent
3558 5348 3603 5392 et
3629 5346 3726 5413 rgo

2140 5435 2254 5471 eum
2282 5415 2495 5486 negabo.
2524 5415 2580 5469 ιιι
2617 5408 2851 5468 editione.
2902 5417 3110 5484 vulgata
3151 5417 3274 5469 lita:
3298 5417 3421 5485 gelii
3452 5408 3726 5469 secundum

2138 5489 2444 5544 Maltlm'um
2474 5501 2526 5543 et
2560 5489 2611 5543 in
2644 5489 2777 5541 libro
2808 5486 3305 5554 Gl‘allllltOplllllllllO
3334 5490 3524 5558 legitur
3552 5492 3595 5536 et
3642 5489 3723 5547 ego

2138 5562 2329 5632 negabo
2369 5580 2501 5615 cum.
2538 5562 2629 5617 Sic
2660 5561 2819 5616 etiam
2847 5560 2986 5615 infra
3016 5561 3066 5613 iu
3106 5561 3242 5617 libro
3270 5561 3334 5615 de
3371 5559 3572 5631 Lapsis,
3607 5562 3719 5623 pag.

2136 5634 2255 5691 l88.
2293 5634 2487 5691 BALUZ.

2206 5729 2676 5786 Commimicationc
2695 5729 3027 5785 decrevimus.
3058 5729 3115 5784 In
3140 5731 3434 5785 \etustiore
3459 5743 3554 5783 ms.
3576 5717 3714 5778 Cn").

2134 5804 2595 5859 communicatione
2623 5816 2640 5856 :
2670 5803 2831 5860 lectio
2861 5818 2967 5859 non
2988 5803 3314 5873 spernenda.
3341 5800 3604 5874 Epistolas
3624 5793 3715 5849 bac
