4068 6324
343 294 454 360 817

1090 296 1434 368 EPISTOLA
1476 303 1594 366 Xll.
1637 304 1694 365 S.
1738 305 2072 368 CYPRIANI
2111 310 2203 369 AD
2239 308 2643 373 CORNELIUM
2680 311 2937 379 PAPAM.

3556 324 3665 382 818

342 416 442 476 sed
464 415 674 476 sublata
694 418 1039 491 pmnitentia,
1064 436 1167 478 nec
1192 422 1301 480 ulla
1325 425 1947 498 exomologesicrintinis
1974 438 2022 496 Α
2055 428 2216 492 tutos.
2250 445 2320 487 ne
2354 430 2520 486 lietnn
2556 441 2829 503 rogarent,
2858 450 2927 490 ne
2957 434 3008 490 in
3042 434 3284 494 Ecclesia
3312 441 3665 512 exomologe-

343 511 506 581 facta,
526 512 794 586 despectis
815 515 1082 587 episcopis
1109 526 1272 588 atque
1300 518 1538 589 calcatis,
1563 536 1662 591 pax
1700 537 1729 576 a
1779 530 1803 559 ⁸
1841 539 1947 579 non

343 608 491 664 veris
509 608 841 682 presbyteris
866 609 1044 665 verbis
1075 609 1351 669 fallacibus
1398 614 1752 685 praedicetur;
1781 626 1837 672 et
1877 632 1944 674 ne

340 699 479 772 lapsi
508 710 747 773 surgant.
776 710 870 758 aut
889 701 1021 759 foris
1048 705 1205 774 positi
1251 704 1316 759 ad
1365 706 1654 763 Eeclesiam
1679 707 1904 764 redeant
1930 753 1945 776 ,

337 795 759 851 communicatio
806 793 837 834 ιν
882 812 913 851 a
965 811 1071 852 non
1102 801 1623 856 connnunicantibus
1650 801 1948 860 offeratur?

408 886 553 946 XIV.
581 888 784 958 Quibus
807 891 970 946 etiam
995 893 1126 948 satis
1152 909 1259 950 non
1297 892 1394 949 fuit
1423 896 1490 951 ab
1525 897 1816 969 Evangetio
1856 914 1944 954 re.

2049 523 2131 577 sin
2163 523 2447 579 criminum
2484 523 2739 592 facerent,
2773 528 2840 582 ab
2871 529 3019 584 omni
3068 540 3124 587 et
3176 545 3339 587 sensu
3384 542 3439 589 et
3482 533 3665 591 fructu

2052 620 2382 689 poenitentiae
2409 622 2734 684 removisse;
2775 621 2905 678 foris
2932 623 3034 679 sibi
3063 635 3215 680 extra
3271 627 3567 684 Eerlosiam
3607 638 3665 685 et.

2046 722 2235 769 contra
2288 713 2586 769 Ecclesiam
2618 716 2965 771 consuluisse
2996 727 3018 755 π
3050 720 3485 776 conventiculum
3531 737 3657 792 per-

2050 807 2175 863 dita:
2200 806 2469 873 factionis,
2502 805 2529 845 ιι
2561 824 2669 880 quo
2697 808 2836 865 male
2888 811 2989 866 sibi
3019 813 3355 868 consciorum
3388 823 3443 869 et
3492 815 3663 872 Deum

2052 917 2244 972 rogare
2271 917 2334 958 ac
2374 902 2687 959 satisfacere
2726 903 3021 960 nolentium
3067 915 3281 962 caterva
3310 908 3606 963 conflueret
3637 928 3650 964 :

335 985 594 1046 cessisse.
642 999 795 1055 spem
845 986 1010 1058 lapsis
1059 988 1448 1045 satisfactionis
1501 1001 1555 1048 et
1614 993 1946 1062 pmnitentiae
2049 1009 2168 1069 post
2203 997 2302 1052 ista
2331 996 2510 1053 adhuc
2546 1000 2765 1071 insuper
2791 1001 3255 1072 pseudoepiscopo
3284 1003 3384 1057 sibi
3417 1004 3485 1057 ab
3531 1003 3648 1057 bae-

334 1078 646 1145 sustulisse,
701 1078 980 1136 fraudibus
1027 1081 1315 1149 involutos,
1362 1085 1450 1140 vel
1478 1086 1757 1143 adulteriis
1794 1104 1946 1145 com-

335 1173 656 1243 maculatos,
684 1173 771 1230 vel
791 1174 1181 1231 sacrificiorum
1228 1178 1438 1235 funesta
1464 1181 1789 1252 contagione
1820 1183 1943 1254 pol-

2046 1092 2228 1147 reticis
2258 1093 2574 1153 constituto.
2603 1095 2855 1164 navigare
2889 1094 3091 1150 audent
3113 1138 3126 1157 ,
3160 1104 3214 1150 ct
3249 1094 3315 1150 ad
3349 1096 3493 1152 Petri
3545 1095 3656 1151 Ca-

2048 1185 2293 1241 tltedram
2318 1198 2479 1258 atque
2503 1185 2570 1242 ad
2601 1186 2893 1244 Ecclesium
2927 1188 3300 1260 principalem,
3354 1190 3496 1247 unde
3537 1190 3656 1246 oni-

1583 1314 1961 1376 LECTIONES
2001 1319 2418 1378 VARIANTES.

398 1446 427 1548 ς
466 1443 616 1520 eaut,
627 1447 1014 1564 utresbvteris:
1030 1460 1125 1514 ope
1143 1446 1294 1524 triton
1313 1463 1431 1504 mss.
1456 1454 1815 1529 resarciuntur.

454 1512 545 1563 Su:
587 1520 627 1562 Β
699 1511 774 1562 ,1.
797 1509 1313 1564 Thu.wmtnuntcatio
1332 1528 1429 1564 non
1449 1520 1815 1564 communtcanti

330 1505 545 1635 Intnsa:
587 1505 713 1564 Ball.
727 1511 774 1562 1.
797 1505 1313 1566 Νηιωωὼιιιιὶωιὶο
1332 1528 1429 1566 non
1449 1505 1940 1584 communicantibus,

354 1610 747 1695 iuriiemovisse
773 1637 893 1690 foris
912 1637 1010 1688 sibi
1036 1644 1181 1689 extra
1202 1639 1473 1693 Ecclesiam
1499 1651 1553 1695 et
1570 1652 1740 1695 contra
1765 1645 1942 1697 Eccle-

325 1701 453 1775 giam
475 1702 827 1775 con_stitui_sse,_
843 1705 982 1775 [oss
1007 1698 1060 1753 2.
1083 1704 1219 1755 Lam.
1244 1704 1392 1775 Ebur.
1429 1706 1667 1775 No.13.
1692 1707 1817 1761 Bod.
1843 1709 1947 1775 1,2,

324 1764 375 1815 3.
403 1776 497 1817 ms.
537 1762 733 1817 Pamel.
780 1757 828 1817 et
854 1766 1015 1820 Oxon.
1054 1779 1167 1819 cum
1190 1782 1284 1822 ms.
1326 1757 1475 1822 ’Corb'.
1502 1757 1951 1826 nisifovisti—iusti1
1981 1757 2028 1821 Β
2056 1789 2175 1840 quo.

2043 1460 2277 1520 tuissent.
2302 1457 2449 1512 Abest
2495 1460 2588 1511 nisi
2626 1474 2660 1513 a
2690 1461 3030 1516 vetustioribus
3053 1462 3169 1516 edit.
3196 1471 3250 1517 ut
3281 1478 3313 1516 a
3337 1464 3523 1518 duobus
3545 1481 3661 1520 mss.

2049 1519 2185 1594 Colb.
2208 1530 2255 1573 et
2276 1530 2386 1594 octo
2408 1523 2608 1594 Anglic.
2634 1524 2719 1594 qui
2741 1532 2985 1590 praeterea
3006 1529 3342 1594 constituisse,
3367 1542 3462 1594 non
3484 1519 3666 1581 consti-

2048 1587 2285 1699 létm
2309 1586 2589 1650 subjiciam,
2637 1586 2683 1638 et
2729 1586 2895 1641 nostra
2939 1586 3139 1656 quidem
3176 1586 3364 1656 iudicio
3405 1590 3664 1646 sincerius.

2117 1688 2504 1779 manumanus,
2544 1726 2656 1764 cum
2693 1711 2875 1766 rectius
2896 1711 2949 1765 in
2986 1727 3076 1767 ms.
3128 1715 3273 1768 σοι-ιι.
3310 1724 3358 1768 et
3393 1730 3490 1770 uno
3527 1717 3663 1770 Colb.

1656 1902 2021 1962 VARIORUM
2057 1904 2290 1962 ΝΟΤᾸΞ.

326 2054 436 2115 non
464 2053 586 2115 esse
611 2055 772 2115 veros
796 2041 1143 2115 presbyteros
1173 2055 1310 2111 quos
1338 2041 1497 2113 paulo
1520 2053 1641 2115 post
1682 2052 1941 2115 accenset

328 2110 620 2177 haereticis,
640 2113 777 2185 sicut
798 2110 869 2168 Vin
900 2110 1127 2183 epistola
1173 2110 1286 2176 ιιι.
1341 2110 1464 2185 pag.
1517 2110 1608 2172 97.
1662 2114 1936 2171 Victorem

330 2196 488 2259 voc_at
523 2184 801 2259 quondam
829 2186 1225 2259 presbyterum.
1265 2185 1468 2259 BALIIZ.

404 2255 560 2312 Foris
584 2257 689 2312 siti.
717 2258 887 2312 Antea
917 2255 1213 2325 legebatur,
1249 2258 1346 2311 nisi
1395 2258 1520 2326 [oris
1541 2258 1635 2313 sibi
1664 2269 1809 2315 extra
1839 2258 1938 2315 Ec-

325 2330 534 2388 clesium
567 2340 612 2384 et
634 2338 812 2385 contra
847 2326 1135 2385 Ecclesium
1181 2331 1562 2385 constituissent
1612 2333 1939 2386 conventicu-

330 2400 458 2455 lum.
492 2399 603 2457 Nos
631 2401 1063 2466 etnendavimus,
1093 2418 1160 2457 ex
1190 2401 1293 2456 fide
1334 2402 1575 2457 onmium
1602 2414 1847 2459 veterum
1873 2405 1938 2459 li-

328 2473 550 2529 brormn
606 2481 915 2546 nostrorum
965 2483 1020 2531 et
1065 2481 1273 2546 septem
1326 2475 1769 2544 Anglicanortttn,
1829 2486 1940 2532 tum

330 2545 494 2600 etiam
535 2553 778 2600 veterum
807 2543 1142 2601 editionum:
1166 2543 1367 2600 Vocem
1393 2543 1493 2601 nisi
1525 2545 1795 2602 Pameiius
1839 2548 1939 2604 ad—

328 2616 466 2671 didit
484 2632 549 2672 ex
570 2617 760 2672 codice
780 2615 1227 2680 Camberooensi,
1249 2628 1466 2673 coactos
1491 2627 1774 2688 propterea
1802 2621 1940 2676 scri-

331 2689 465 2745 bere
524 2689 906 2745 constituissent
949 2706 1045 2758 pro
1072 2689 1417 2756 constituisse,
1468 2700 1524 2743 ttt
1562 2706 1757 2746 sensus
1811 2706 1944 2747 con-

331 2770 520 2823 staret.
549 2775 710 2831 quem
742 2760 902 2816 aliter
930 2771 1185 2817 constare
1226 2775 1333 2816 non
1367 2776 1523 2831 posse
1552 2763 1935 2821 arbitrabatur.

332 2832 449 2904 Ego
485 2834 763 2905 vero,iqui
794 2833 869 2905 fin
903 2847 964 2887 ea
997 2834 1220 2905 epistola
1263 2834 1598 2888 emendanda
1645 2850 1771 2890 usos
1819 2850 1940 2892 sum

332 2902 720 2974 septemdecim
747 2904 902 2960 libris
926 2902 1220 2974 veteribus,
1270 2906 1518 2974 nttspiam
1553 2906 1730 2961 invctti
1754 2923 1944 2964 Vocem

332 2973 436 3032 nisi
468 2987 828 3047 praeterquam
859 2977 912 3031 in
935 2973 1282 3038 Corbeiensi;
1316 2973 1406 3047 qni
1438 2989 1616 3032 tamen
1646 2994 1752 3033 non
1780 2978 1946 3036 habet

330 3047 731 3111 constituissent.
756 3049 849 3102 scd
887 3050 1230 3121 constituisse,
1265 3060 1321 3102 ttt
1361 3047 1474 3104 alii.
1508 3047 1692 3118 Itaque
1717 3050 1945 3121 pra-fero

2044 2045 2274 2115 quisque
2324 2060 2481 2123 suum
2526 2060 2751 2123 sensum
2799 2046 3377 2123 dissipet.Audiantur
3421 2066 3553 2123 ergo
3613 2060 3670 2107 ct

2044 2127 2259 2173 suomet
2284 2118 2597 2192 testimonio
2620 2118 3363 2192 confundautor,priusqttam
3395 2138 3458 2177 os
3475 2118 3664 2179 éornut

2044 2190 2422 2258 peremptoriis
2472 2190 2862 2246 catholicorum
2916 2192 2968 2246 itt
3032 2192 3133 2248 ltoc
3180 2190 3300 2249 loco
3373 2198 3665 2250 sententiis

2044 2260 2386 2335 obtrttdatur.
2428 2259 2566 2317 Huic
2626 2262 2852 2335 agmini!
2905 2263 3137 2318 hostium
3208 2280 3438 2335 quorum
3487 2268 3662 2335 impe-

2041 2334 2307 2408 ritiamjn
2337 2343 2586 2408 promptu
2613 2344 2696 2389 est
2722 2333 3017 2408 confodere
3035 2336 3145 2406 jam
3180 2333 3282 2392 ttec
3322 2337 3495 2408 pigeat
3529 2333 3669 2407 prae-

2043 2405 2182 2477 mitti
2210 2404 2384 2460 Nicol.
2411 2404 2725 2477 Rigaltitttn,
2775 2404 3214 2472 sublesttesatte,
3251 2404 3668 2477 ne'dictttmper-

2046 2476 2173 2549 ditte
2202 2478 2425 2531 omnino
2456 2475 2580 2531 fidei
2614 2476 2885 2549 hominem
2917 2518 2934 2543 ,
2988 2493 3057 2534 eo
3103 2480 3370 2534 interdum
3421 2475 3667 2549 procaci-

2044 2548 2224 2602 citatis
2249 2551 2559 2619 obreptutn,
2591 2557 2647 2603 ut
2701 2548 2876 2605 fronte
2906 2550 3029 2605 licet
3058 2552 3381 2611 catholicus.
3415 2548 3482 2606 ab
3507 2552 3660 2607 hete-

2043 2621 2265 2675 rodoxis
2296 2636 2700 2690 nonnumquam
2728 2621 3089 2690 ittcrepattdus
3124 2624 3195 2677 sit
3224 2639 3289 2677 ac
3345 2624 3539 2678 merito
3570 2640 3665 2677 va-

2049 2691 2214 2765 pulet.
2254 2692 2345 2747 llis
2389 2693 2477 2747 ille
2507 2709 2636 2763 ergo
2670 2694 2978 2762 prtedtctam
3027 2694 3280 2765 Cypriani
3334 2704 3666 2750 sententtam

2046 2763 2303 2836 arrodere
2333 2771 2688 2836 nequicquam
2720 2773 2922 2820 tentat:
2951 2794 3020 2805 —
3040 2763 3432 2836 Episcopornnt
3464 2766 3666 2822 Africa!

2046 2835 2539 2909 c0ttt~itio_datnnati
2565 2847 2989 2909 provocaverant
3023 2835 3430 2909 (seltismatiei).
3479 2838 3668 2908 Itaque

2045 2907 2226 2961 lattdat
2255 2905 2912 2979 (Cyprianttsmeclesiatn
2943 2908 3240 2964 Romanam
3287 2910 3354 2963 ad
3382 2905 3542 2976 quam
3578 2905 3667 2965 illi

2044 2980 2426 3048 navigaverant
2443 2994 2565 3034 cum
2589 2980 2770 3034 libello
2788 2982 3185 3051 appellationis.
3215 2981 3456 3037 Subinde
3480 2993 3664 3037 autem

2047 3050 2409 3123 scitismaticis
2425 3051 2665 3123 perfidiae
2681 3050 2884 3106 crimen
2908 3054 3086 3123 inurit.
3104 3054 3394 3123 quotnagis
3417 3054 3568 3108 iaciat
3585 3053 3668 3109 iu-

331 3136 453 3177 cum
482 3122 693 3176 ratione
721 3129 960 3194 veterem
995 3120 1303 3194 lectionem,
1328 3129 1401 3194 Aet
1431 3133 1565 3194 puto
1591 3114 1812 3177 sensum
1868 3124 1941 3179 ita
1969 3114 2015 3178 C
2050 3123 2195 3194 visos
2210 3114 2465 3177 Romanis
2485 3122 2591 3178 fide
2609 3124 3009 3194 praestantibus.
3032 3114 3164 3179 Nam
3193 3133 3251 3179 et
3277 3114 3420 3180 hunc
3442 3140 3664 3180 sensum

331 3202 480 3249 recte
505 3202 777 3248 constare.
813 3191 948 3247 Nam
999 3193 1180 3247 statim
1237 3191 1452 3248 additur
1483 3211 1495 3248 :
1531 3191 1656 3247 Post
1711 3196 1814 3248 ista
1841 3212 1941 3250 au-

332 3275 452 3327 tem.
479 3274 585 3320 etc.
630 3265 833 3321 ΒΔιυΖ.

405 3337 452 3391 Α
477 3353 579 3392 ιιοη
601 3335 1116 3401 comnmnicantibus,
1138 3334 1211 3390 Ita
1230 3335 1361 3392 edit.
1392 3333 1568 3392 Oxon.
1592 3351 1714 3392 cunt
1743 3340 1945 3394 nostris

331 3423 467 3482 mss.
518 3412 587 3463 At
632 3409 683 3463 in
734 3408 954 3482 ett-teris
987 3407 1253 3482 otni:titttr
1294 3408 1604 3482 pra-positio
1655 3426 1713 3482 a.
1766 3409 1946 3482 Pergit

331 3478 638 3554 Cyprianus
669 3495 763 3549 per
803 3478 1123 3554 antithesim
1170 3480 1315 3554 loqui
1352 3498 1364 3533 :
1401 3491 1457 3534 ut
1485 3481 1757 3537 auomodo
1806 3478 1945 3538 dtiit

332 3552 581 3622 proxime
614 3567 800 3621 pacem
831 3568 865 3605 a
892 3568 994 3606 non
1020 3552 1150 3606 veris
1172 3552 1480 3622 presbyteris
1520 3553 1827 3623 pra-dicari,
1872 3556 1942 3609 ita

333 3641 480 3680 nunc
528 3623 1077 3695 communicationem
1135 3640 1166 3676 a
1194 3640 1295 3677 non
1328 3624 1820 3680 communicantibns
1857 3627 1943 3695 of-

332 3698 464 3769 ferri
489 3699 702 3769 doceat.
730 3694 932 3769 Eadem
970 3695 1195 3769 ratione
1248 3695 1563 3769 degiisdetn
1614 3694 1945 3769 presbyteris

334 3766 588 3823 l'actionis
610 3766 935 3823 Felici~simi
968 3767 1139 3837 Epist.
1170 3782 1262 3827 XL,
1293 3766 1357 3820 ad
1398 3768 1631 3836 plebem,
1668 3766 1942 3837 loquttur:

334 3838 531 3895 Pacem
562 3856 699 3893 nunc
739 3838 986 3907 offerunt,
1015 3838 1104 3908 qui
1131 3839 1228 3908 ipsi
1273 3855 1375 3892 non
1405 3841 1588 3893 habent
1628 3857 1823 3906 pacem.
1880 3840 1944 3895 lu

336 3911 624 3967 Ecclesia»:
654 3912 828 3979 lapsos
856 3911 1098 3983 reducere
1126 3919 1170 3962 et
1209 3925 1445 3965 revocare
1489 3912 1813 3982 promittunt,
1855 3914 1943 3983 qui

335 3984 399 4038 de
433 3983 663 4038 Ecclesia
685 3993 1014 4038 recesserunt.
1047 3982 1352 4037 Consum".

406 4054 627 4110 XIV.——
646 4054 1062 4127 anntologesin.
1093 4055 1147 4107 ltt
1177 4056 1363 4127 codice
1395 4052 1646 4127 Laeticnsi
1680 4055 1942 4126 scriptum

335 4137 416 4183 est
447 4129 742 4197 antiquitus
764 4118 923 4193 supra
955 4125 1176 4189 lineam,
1211 4125 1265 4179 id
1308 4135 1382 4180 est
1412 4118 1809 4192 confessionem:
1862 4127 1943 4182 Ex

334 4200 604 4255 similibus
631 4198 1071 4254 annotationibus
1111 4206 1244 4251 orta:
1289 4209 1411 4252 sunt
1445 4206 1523 4251 tot
1562 4197 1943 4267 discrepantia:

334 4279 390 4343 et
408 4279 486 4343 tot
506 4270 764 4326 vocabula
791 4284 1091 4343 synonyma
1117 4269 1168 4323 in
1196 4271 1451 4335 aperibus
1467 4269 1640 4343 sancti
1664 4267 1940 4343 Cypriani.

335 4341 474 4398 Vide
517 4342 798 4405 Dallautm,
825 4341 934 4397 'lib.
980 4358 1070 4407 vn,
1115 4356 1231 4407 cap.
1263 4343 1317 4405 4,
1348 4342 1381 4397 5
1434 4351 1491 4396 et
1538 4342 1626 4409 10,
1672 4341 1735 4396 de
1770 4342 1945 4399 Poenis

333 4428 382 4471 et
407 4413 858 4483 Satiafactionibus
881 4414 1139 4468 humanis.
1164 4412 1369 4469 Bawz.

413 4487 487 4539 Ab
519 4488 775 4541 omnibus.
815 4487 1161 4540 liestitttt'ntla
1196 4487 1325 4539 tutlti
1352 4487 1401 4539 ιιι
1435 4485 1536 4540 hoc
1575 4486 1695 4541 loco
1721 4487 1829 4540 visa
1861 4497 1944 4543 est

334 4558 498 4614 lectio
538 4568 778 4613 veterum
818 4559 1139 4623 editionum,
1192 4573 1351 4626 quam
1400 4559 1715 4613 confirmant
1747 4575 1941 4615 novem

336 4632 663 4699 exemplaria
684 4640 863 4684 nostra
892 4639 945 4684 et
975 4639 1181 4699 septem
1215 4629 1531 4700 AngliCana.
1554 4631 1822 4687 Manutius
1851 4648 1944 4687 ex-

337 4705 521 4774 ptntxit
548 4703 1002 4774 pnepositiooetn.
1024 4702 1226 4756 ΒΑιυι.

415 4773 707 4827 Fraudibus
727 4772 999 4828 involutos.
1034 4775 1319 4843 Smnptum
1351 4773 1491 4829 istud
1526 4774 1739 4829 videtur
1760 4789 1826 4831 ex
1876 4775 1942 4829 lio

337 4845 438 4902 bro
470 4861 560 4900 xw
608 4846 899 4901 Annalium
948 4843 1160 4900 Taciti:
1214 4843 1368 4900 Dedit
1407 4847 1696 4915 exemplum
1748 4862 1945 4914 praeca-

335 4920 487 4972 uendi
514 4918 765 4985 quomodo
801 4917 1071 4989 fraudibus
1108 4917 1363 4972 involutos
1395 4928 1484 4972 aut
1534 4918 1748 4989 ﬂagitiis
1801 4935 1938 4972 cont-

337 4992 639 5053 maculatos,
696 4986 810 5043 etc.
855 4986 1199 5044 Innocentius
1254 4989 1394 5058 Pap-t
1427 4989 1467 5054 Ι,
1515 4986 1567 5045 in
1609 4986 1834 5057 epiStola
1877 4992 1943 5045 ad

340 5065 662 5130 Agnpotum,
712 5060 1084 5116 Mat-.edoniunt
1137 5075 1192 5116 et
1242 5061 1530 5117 Maximum
1578 5080 1591 5117 :
1652 5062 1945 5117 Modestum

338 5135 607 5204 quemdam
652 5133 824 5187 multis
896 5133 1194 5186 criminibus
1276 5134 1583 5188 involutum.
1647 5133 1946 5203 Imperator

339 5206 714 5261 Constantinus
746 5206 795 5258 itt
831 5204 986 5260 titulo
1014 5204 1228 5260 Codieis
1255 5205 1620 5260 Tlteodosiani
1669 5206 1736 5260 de
1768 5206 1945 5272 lienu-

343 5278 450 5333 diis
480 5296 492 5330 :
527 5277 700 5331 Restat
722 5285 777 5329 ut
802 5276 846 5330 si
877 5292 1055 5346 graves
1078 5293 1260 5331 causas
1287 5287 1439 5346 atque
1463 5278 1745 5331 involutam
1771 5278 1945 5331 crimi~

342 5348 492 5404 nibus
540 5348 739 5417 magnis
782 5349 1145 5419 conscientiam
1206 5349 1514 5419 probaverit.
1565 5348 1943 5414 Cassiodorus,

339 5422 435 5478 lib.
461 5436 533 5480 tv.
563 5421 719 5490 epist.
746 5419 819 5492 25
844 5438 856 5473 :
891 5417 1141 5475 Basiliam
1175 5417 1325 5491 atque
1355 5420 1724 5477 Prtetextatum
1776 5422 1941 5492 magi-

335 5494 413 5550 cis
443 5492 633 5547 artibus
651 5491 924 5547 involutos.

414 5564 879 5636 Pseudoepiscopo.
913 5563 1227 5620 Fortunato.
1244 5565 1441 5621 Bswz.

414 5638 495 5691 Ad
528 5633 663 5690 Petri
696 5633 1029 5702 Cathedram,
1059 5647 1209 5707 atque
1257 5639 1325 5691 ad
1361 5637 1641 5692 Ecclesium
1683 5639 1947 5709 principa-

341 5712 536 5766 lent....
567 5726 668 5763 non
694 5711 852 5778 possit
868 5725 1147 5762 arcessunt.
1174 5709 1363 5765 Mirum
1383 5712 1433 5765 in
1452 5711 1667 5764 modum
1697 5710 1811 5765 hare
1834 5713 1947 5779 pal-

343 5781 510 5836 maria
546 5780 606 5835 Ι).
633 5780 889 5853 Cypriani
916 5784 1080 5853 verba
1120 5784 1463 5853 distorquent
1488 5791 1946 5840 commentatores

338 5862 604 5925 quotquot
636 5851 876 5908 haeretici
907 5852 993 5907 vel
1048 5851 1400 5911 neoterici‘ut
1428 5870 1487 5911 ea
1519 5855 1569 5910 itt
1633 5864 1941 5925 protervum

2050 3193 2289 3248 Paultnis
2318 3195 2499 3248 verbis
2527 3193 2922 3251 accommodat.
2962 3197 3039 3250 Ad
3071 3212 3167 3250 eos
3223 3211 3353 3251 vero
3381 3199 3663 3265 perfidiam

2049 3281 2324 3320 aetessuot
2355 3266 2553 3321 habere
2599 3267 2764 3321 ullum
2809 3285 2914 3322 non
2960 3269 3181 3332 debere,
3212 3282 3313 3323 nec
3353 3284 3532 3336 posse,
3566 3272 3667 3325 ait.

2050 3337 2301 3407 Sttbjieit.
2335 3340 2673 3408 appellantes
2716 3340 2938 3395 tuioiute
2976 3355 3097 3395 esse
3144 3339 3462 3404 audiendos,
3502 3356 3665 3395 causa

2049 3412 2217 3464 semel
2248 3413 2480 3479 cognita,
2515 3411 2766 3481 dictaque
2793 3412 3083 3467 sententia.
3119 3411 3239 3467 Mox
3272 3421 3327 3466 et
3373 3414 3667 3467 auctorita-

2050 3491 2156 3536 teut
2185 3485 2565 3555 episcoporum
2591 3484 2641 3537 in
2684 3484 2964 3555 provincia
3010 3498 3106 3538 sua
3158 3493 3356 3539 tuetur.
3390 3482 3663 3539 Statutttut

2047 3559 2169 3625 eSSe
2198 3554 2447 3607 omnibus
2473 3553 2781 3624 Episcopis;
2809 3554 2977 3611 sedet
3005 3571 3216 3624 atquutu
3249 3572 3370 3610 esse
3396 3558 3597 3625 pariter
3610 3568 3668 3610 et

2043 3624 2272 3694 justum,
2306 3638 2357 3679 ut
2385 3641 2545 3680 causa
2580 3644 2685 3681 non
2707 3628 2832 3681 alibi
2865 3628 3215 3696 disceptetur.
3256 3624 3416 3695 quam
3459 3628 3547 3680 ubi
3579 3637 3666 3682 est

2047 3696 2251 3770 crimen
2272 3697 2586 3770 admissum.
2613 3697 2851 3769 Singulis
2881 3699 3190 3770 pastoribus
3218 3699 3503 3767 Episcopis
3536 3715 3661 3767 por-

2050 3769 2250 3822 tionem
2283 3768 2462 3839 gregis
2486 3784 2606 3823 esse
2624 3768 2972 3841 adscriptam,
3009 3786 3168 3840 quam
3196 3781 3343 3840 regat
3374 3770 3666 3840 unusquis-

2049 3854 2174 3909 que,
2218 3854 2370 3895 aetus
2421 3840 2502 3895 sui
2556 3843 2671 3898 sive
2713 3841 3199 3898 administrationis
3246 3857 3356 3896 suae
3396 3841 3658 3895 rationem

2050 3911 2377 3977 redditurus,
2410 3928 2514 3966 non
2547 3913 2757 3979 Romae,
2785 3914 2878 3969 sed
2915 3916 2967 3969 in
3010 3913 3203 3969 caelis:
3249 3928 3352 3966 non
3380 3913 3653 3980 Cornelio,

2049 3981 2142 4055 sed
2160 3982 2388 4038 (Jbristo.
2403 3982 2635 4041 Polcbre
2654 3986 2813 4055 igitur
2837 3996 2890 4039 t-t
2914 3986 3202 4054 prudenter
3224 3983 3440 4038 laudato
3457 3986 3661 4039 Corne-

2051 4053 2143 4128 lio,
2199 4054 2268 4109 de
2310 4057 2595 4125 prtedicata
2652 4053 2921 4112 Ecclesiae
2956 4058 3267 4128 principalis
3313 4056 3657 4119 auctoritate,

2048 4125 2167 4199 sive
2194 4129 2567 4199 pratrogativa.
2589 4130 2898 4199 negatullas
2924 4125 3044 4195 eius
3073 4125 3195 4184 esse
3215 4141 3394 4197 partes
3425 4128 3476 4181 itt
3498 4142 3662 4183 causa

2047 4195 2348 4271 Now-tiam,
2376 4195 2596 4270 peracta
2625 4195 2733 4271 jam
2763 4202 2814 4256 itt
2839 4200 3022 4257 Africa
3047 4195 3358 4270 cognitione
3391 4200 3652 4254 datttuati.

2050 4269 2412 4343 Hieronymus
2439 4269 2702 4328 adversus
2736 4273 2984 4328 Rufinum
3016 4292 3028 4327 :
3076 4269 3223 4328 Stzito
3255 4274 3550 4327 Romanam
3596 4272 3662 4326 fi-

2049 4341 2202 4410 dem,
2235 4341 2540 4412 Apostolica
2585 4360 2716 4399 voce
2750 4346 3040 4408 laudatam.
3105 4344 3408 4400 istiusmodi
3453 4344 3663 4412 pra-sti-

2047 4416 2163 4484 gias
2188 4432 2290 4468 ttoo
2317 4419 2580 4486 recipere.
2611 4418 2701 4472 Sic
2726 4433 2917 4472 omnes
2946 4419 3055 4471 fere
3087 4415 3260 4471 Latini
3289 4417 3471 4470 Patres
3510 4414 3664 4470 Pauli

2049 4486 2114 4540 ad
2147 4485 2613 4543 Romanosterlta
2643 4498 2993 4559 acceperunt,
3022 4490 3174 4554 quasi
3224 4490 3424 4543 rectior
3474 4498 3523 4539 et
3548 4488 3664 4541 sitt-

2048 4561 2440 4630 ceriortuis~et
2475 4561 2615 4630 apud
2645 4561 2914 4616 Romanos
2962 4561 3092 4615 fides
3125 4576 3136 4616 :
3175 4577 3295 4616 cum
3321 4559 3422 4613 ltoc
3451 4567 3659 4630 tantum

2049 4631 2191 4684 dicat
2217 4629 2537 4703 Apostolus,
2579 4649 2740 4703 agere
2770 4634 3053 4702 stsgratias
3103 4635 3231 4695 lico,
3277 4631 3418 4701 quod
3465 4629 3665 4703 ubique

2049 4703 2247 4771 passim
2278 4702 2417 4758 fama
2445 4706 2533 4769 sit,
2563 4701 2725 4760 etiam
2758 4701 3050 4768 Romanos,
3077 4721 3254 4759 rerum
3282 4703 3556 4764 Domitios,
3599 4701 3664 4756 li-

2048 4776 2169 4829 dem
2201 4776 2564 4846 Christianam
2612 4779 2933 4846 suscepisse.
2973 4777 3127 4843 Quod
3162 4788 3309 4831 certe
3329 4774 3400 4829 ob
3432 4775 3662 4844 dignita-

2051 4854 2156 4919 tem
2187 4845 2366 4915 Urbis,
2403 4863 2522 4917 quae
2569 4852 2732 4904 totitts
2770 4845 2917 4905 orbis
2958 4860 3074 4902 erat
3112 4858 3273 4919 eaput
3320 4856 3373 4902 et
3418 4847 3662 4918 gentium

2054 4918 2299 4979 Domina.
2343 4920 2502 4975 valde
2551 4922 2615 4975 ad
2661 4920 2783 4975 fidei
2831 4922 3153 4976 Christiana:
3183 4918 3661 4989 ’propagationetn

2049 4991 2403 5045 conducebat.
2436 4992 2703 5048 Caeterum
2734 4993 2892 5049 fidem
2935 4993 3300 5047 Routanorttttt
3332 4991 3494 5045 Paulo
3528 4990 3664 5044 scri-

2048 5061 2211 5135 bente
2242 5079 2346 5116 non
2372 5080 2753 5135 usquequaque
2782 5065 2945 5120 inisse
2978 5064 3333 5134 probabilem,
3364 5064 3662 5117 ostendunt

2051 5134 2161 5202 ips.t
2208 5136 2351 5189 Pauli
2384 5136 2567 5191 verba.
2603 5138 2756 5205 Quod
2796 5140 2956 5192 etiam
2995 5138 3305 5191 obserVavit
3343 5135 3663 5205 Ambrosius

2052 5210 2316 5276 pri-mmio
2373 5204 2796 5263 Commentarior.
2844 5211 2896 5265 in
2933 5207 3217 5278 Epistolam
3268 5207 3337 5260 ad
3389 5204 3519 5259 Ront
3551 5244 3569 5273 ,
3606 5214 3663 5259 et

2051 5282 2101 5351 in
2136 5280 2252 5351 lnt-c
2274 5280 2394 5351 ipsa
2424 5279 2641 5350 quidem
2684 5281 2833 5336 Pauli
2862 5296 2982 5351 qum
3011 5280 3249 5333 citantur
3292 5295 3320 5331 a
3368 5278 3660 5349 (Lypriatto.

2049 5349 2239 5406 Fidem
2270 5349 2634 5408 Romanorum
2662 5353 2736 5408 ait
2763 5349 3060 5408 non—fuisse
3091 5362 3217 5406 tunc
3245 5350 3538 5405 secundum
3572 5363 3662 5404 re-

2048 5426 2226 5492 gulam
2260 5424 2469 5478 tradita:
2513 5424 2581 5478 ab
2638 5427 2949 5479 auctoribus
2986 5424 3251 5478 veritatis.
3275 5421 3476 5477 Tamen
3513 5421 3660 5491 quia,

2048 5495 2189 5565 quod
2238 5496 2307 5550 ab
2356 5511 2461 5550 uno
2498 5497 2604 5550 Deo
2632 5506 2768 5560 erat,
2814 5497 3129 5565 interposito
3171 5492 3372 5549 Christi
3413 5496 3660 5559 nomine,

2049 5579 2325 5639 C(Bperant
2356 5571 2624 5633 venerari,
2656 5569 2957 5639 gratulatur
2982 5567 3085 5621 illis
3121 5566 3430 5638 Apostolus.
3468 5565 3661 5639 ficiens

2051 5638 2173 5695 illos
2205 5654 2363 5709 posse
2402 5636 2687 5709 proficere:
2739 5641 2873 5695 Tum
2920 5641 3042 5709 quia
3076 5636 3214 5694 fama
3269 5638 3391 5692 fidei
3445 5636 3661 5692 illorum

2049 5724 2167 5766 erat
2191 5712 2462 5781 profectus
2509 5713 2976 5768 tnttltorutn.Tutn
3003 5722 3149 5767 certe
3167 5711 3288 5777 quia
3313 5711 3400 5780 qui
3418 5727 3522 5781 non
3541 5723 3664 5781 cre-

2048 5780 2315 5851 diderant,
2356 5794 2604 5854 poterant
2650 5786 2876 5841 credere
2923 5784 3115 5839 borum
3165 5783 3443 5854 exemplo.
3481 5780 3664 5836 Facde

2049 5858 2216 5924 enim,
2250 5853 2442 5927 inquit,
2466 5856 2593 5911 facit
2649 5855 2889 5925 inferior,
2928 5857 3070 5928 quod
3118 5855 3233 5911 fieri
3282 5853 3477 5908 viderit
3506 5869 3535 5907 ιι
3566 5865 3673 5922 po-
