  <div class='ocr_page' id='page_1' title='image "/cluster/home/n/w/nwhite01/storage/ocr_20150623/3/hvd.32044015471212/461.png"; bbox 0 0 4000 6322; ppageno 0'>
   <div class='ocr_carea' id='block_1_1' title="bbox 445 259 555 323">
    <p class='ocr_par' dir='ltr' id='par_1_1' title="bbox 445 259 555 323">
     <span class='ocr_line' id='line_1_1' title="bbox 445 259 555 323; baseline 0.073 -8"><span class='ocrx_word' id='word_1_1' title='bbox 445 259 555 323; x_wconf 66' lang='grc'><strong>828</strong></span> 
     </span>
    </p>
   </div>
   <div class='ocr_carea' id='block_1_2' title="bbox 1446 247 3702 314">
    <p class='ocr_par' dir='ltr' id='par_1_2' title="bbox 1446 247 3702 314">
     <span class='ocr_line' id='line_1_2' title="bbox 1446 247 3702 314; baseline 0 -2"><span class='ocrx_word' id='word_1_2' title='bbox 1446 249 1880 312; x_wconf 75' lang='lat' dir='ltr'><strong>ROMANORUM</strong></span> <span class='ocrx_word' id='word_1_3' title='bbox 1920 247 2333 310; x_wconf 72' lang='lat' dir='ltr'><strong>PONTIFICUM</strong></span> <span class='ocrx_word' id='word_1_4' title='bbox 2372 247 2754 314; x_wconf 59' lang='lat' dir='ltr'><strong>EPlS’l‘OLE.</strong></span> <span class='ocrx_word' id='word_1_5' title='bbox 3623 250 3702 313; x_wconf 69' lang='grc' dir='ltr'><strong>ιιι</strong></span> 
     </span>
    </p>
   </div>
   <div class='ocr_carea' id='block_1_3' title="bbox 452 368 3703 445">
    <p class='ocr_par' dir='ltr' id='par_1_3' title="bbox 452 368 3703 445">
     <span class='ocr_line' id='line_1_3' title="bbox 452 368 3703 445; baseline -0.002 -14"><span class='ocrx_word' id='word_1_6' title='bbox 452 384 599 443; x_wconf 86' lang='lat' dir='ltr'><strong>runt,</strong></span> <span class='ocrx_word' id='word_1_7' title='bbox 630 388 884 431; x_wconf 87' lang='lat' dir='ltr'><strong>numerus</strong></span> <span class='ocrx_word' id='word_1_8' title='bbox 911 386 1032 429; x_wconf 90' lang='lat' dir='ltr'><strong>cum</strong></span> <span class='ocrx_word' id='word_1_9' title='bbox 1055 371 1385 445; x_wconf 78' lang='lat' dir='ltr'><strong>presbyteris</strong></span> <span class='ocrx_word' id='word_1_10' title='bbox 1402 380 1458 428; x_wconf 90' lang='lat' dir='ltr'><strong>et</strong></span> <span class='ocrx_word' id='word_1_11' title='bbox 1478 371 1721 427; x_wconf 81' lang='lat' dir='ltr'><strong>diac0uis</strong></span> <span class='ocrx_word' id='word_1_12' title='bbox 1756 379 2038 440; x_wconf 83' lang='lat' dir='ltr'><strong>compute—</strong></span> <span class='ocrx_word' id='word_1_13' title='bbox 2071 372 2125 432; x_wconf 77' lang='grc' dir='ltr'><strong>Α</strong></span> <span class='ocrx_word' id='word_1_14' title='bbox 2151 368 2247 425; x_wconf 76' lang='lat' dir='ltr'><strong>Vix</strong></span> <span class='ocrx_word' id='word_1_15' title='bbox 2280 368 2419 439; x_wconf 88' lang='lat' dir='ltr'><strong>plebi</strong></span> <span class='ocrx_word' id='word_1_16' title='bbox 2448 368 2766 439; x_wconf 85' lang='lat' dir='ltr'><strong>persuadeo,</strong></span> <span class='ocrx_word' id='word_1_17' title='bbox 2810 368 2981 426; x_wconf 88' lang='lat' dir='ltr'><strong>immo</strong></span> <span class='ocrx_word' id='word_1_18' title='bbox 3007 376 3326 438; x_wconf 82' lang='lat' dir='ltr'><strong>extorqueo,</strong></span> <span class='ocrx_word' id='word_1_19' title='bbox 3385 377 3437 421; x_wconf 92' lang='lat' dir='ltr'><strong>ut</strong></span> <span class='ocrx_word' id='word_1_20' title='bbox 3490 370 3607 422; x_wconf 54' lang='lat' dir='ltr'><strong>tiles</strong></span> <span class='ocrx_word' id='word_1_21' title='bbox 3630 383 3703 438; x_wconf 60' lang='lat' dir='ltr'><strong>pa.</strong></span> 
     </span>
    </p>
   </div>
   <div class='ocr_carea' id='block_1_4' title="bbox 448 463 2043 538">
    <p class='ocr_par' dir='ltr' id='par_1_4' title="bbox 448 463 2043 538">
     <span class='ocr_line' id='line_1_4' title="bbox 448 463 2043 538; baseline -0.003 -16"><span class='ocrx_word' id='word_1_22' title='bbox 448 478 557 531; x_wconf 86' lang='lat' dir='ltr'><strong>tnr,</strong></span> <span class='ocrx_word' id='word_1_23' title='bbox 620 469 797 538; x_wconf 71' lang='lat' dir='ltr'><strong>plures</strong></span> <span class='ocrx_word' id='word_1_24' title='bbox 850 476 975 521; x_wconf 91' lang='lat' dir='ltr'><strong>tunc</strong></span> <span class='ocrx_word' id='word_1_25' title='bbox 1022 465 1313 521; x_wconf 85' lang='lat' dir='ltr'><strong>adfuerunt</strong></span> <span class='ocrx_word' id='word_1_26' title='bbox 1349 466 1553 534; x_wconf 84' lang='lat' dir='ltr'><strong>judicio</strong></span> <span class='ocrx_word' id='word_1_27' title='bbox 1601 476 1651 519; x_wconf 90' lang='lat' dir='ltr'><strong>et</strong></span> <span class='ocrx_word' id='word_1_28' title='bbox 1725 463 2043 534; x_wconf 73' lang='lat' dir='ltr'><strong>cognitioni,</strong></span> 
     </span>
    </p>
   </div>
   <div class='ocr_carea' id='block_1_5' title="bbox 447 558 2048 632">
    <p class='ocr_par' dir='ltr' id='par_1_5' title="bbox 447 558 2048 632">
     <span class='ocr_line' id='line_1_5' title="bbox 447 558 2048 632; baseline -0.002 -15"><span class='ocrx_word' id='word_1_29' title='bbox 447 579 607 632; x_wconf 77' lang='lat' dir='ltr'><strong>quam</strong></span> <span class='ocrx_word' id='word_1_30' title='bbox 635 571 761 615; x_wconf 87' lang='lat' dir='ltr'><strong>sunt</strong></span> <span class='ocrx_word' id='word_1_31' title='bbox 791 561 950 616; x_wconf 88' lang='lat' dir='ltr'><strong>iidetn</strong></span> <span class='ocrx_word' id='word_1_32' title='bbox 978 561 1083 625; x_wconf 61' lang='lat' dir='ltr'><strong>isti,</strong></span> <span class='ocrx_word' id='word_1_33' title='bbox 1113 560 1200 628; x_wconf 96' lang='lat' dir='ltr'><strong>qui</strong></span> <span class='ocrx_word' id='word_1_34' title='bbox 1224 576 1344 614; x_wconf 90' lang='lat' dir='ltr'><strong>cum</strong></span> <span class='ocrx_word' id='word_1_35' title='bbox 1369 558 1664 613; x_wconf 85' lang='lat' dir='ltr'><strong>Fortunato</strong></span> <span class='ocrx_word' id='word_1_36' title='bbox 1691 574 1831 612; x_wconf 88' lang='lat' dir='ltr'><strong>nunc</strong></span> <span class='ocrx_word' id='word_1_37' title='bbox 1863 558 2048 613; x_wconf 83' lang='lat' dir='ltr'><strong>viden-</strong></span> 
     </span>
    </p>
   </div>
   <div class='ocr_carea' id='block_1_6' title="bbox 450 652 2045 723">
    <p class='ocr_par' dir='ltr' id='par_1_6' title="bbox 450 652 2045 723">
     <span class='ocr_line' id='line_1_6' title="bbox 450 652 2045 723; baseline -0.001 -13"><span class='ocrx_word' id='word_1_38' title='bbox 450 667 537 711; x_wconf 90' lang='lat' dir='ltr'><strong>tur</strong></span> <span class='ocrx_word' id='word_1_39' title='bbox 564 672 683 711; x_wconf 63' lang='lat' dir='ltr'><strong>esse</strong></span> <span class='ocrx_word' id='word_1_40' title='bbox 714 655 1008 723; x_wconf 80' lang='lat' dir='ltr'><strong>coitjnncti.</strong></span> <span class='ocrx_word' id='word_1_41' title='bbox 1043 653 1192 708; x_wconf 83' lang='lat' dir='ltr'><strong>Scire</strong></span> <span class='ocrx_word' id='word_1_42' title='bbox 1223 652 1369 707; x_wconf 81' lang='lat' dir='ltr'><strong>enim</strong></span> <span class='ocrx_word' id='word_1_43' title='bbox 1410 653 1600 716; x_wconf 79' lang='lat' dir='ltr'><strong>debes,</strong></span> <span class='ocrx_word' id='word_1_44' title='bbox 1648 654 1811 708; x_wconf 84' lang='lat' dir='ltr'><strong>frater</strong></span> <span class='ocrx_word' id='word_1_45' title='bbox 1838 654 2045 708; x_wconf 84' lang='lat' dir='ltr'><strong>charis-</strong></span> 
     </span>
    </p>
   </div>
   <div class='ocr_carea' id='block_1_7' title="bbox 445 746 2048 817">
    <p class='ocr_par' dir='ltr' id='par_1_7' title="bbox 445 746 2048 817">
     <span class='ocr_line' id='line_1_7' title="bbox 445 746 2048 817; baseline 0 -13"><span class='ocrx_word' id='word_1_46' title='bbox 445 750 604 815; x_wconf 86' lang='lat' dir='ltr'><strong>rinte,</strong></span> <span class='ocrx_word' id='word_1_47' title='bbox 628 765 774 814; x_wconf 88' lang='lat' dir='ltr'><strong>eum,</strong></span> <span class='ocrx_word' id='word_1_48' title='bbox 808 757 1172 817; x_wconf 60' lang='lat' dir='ltr'><strong>posteaquam</strong></span> <span class='ocrx_word' id='word_1_49' title='bbox 1226 746 1712 816; x_wconf 64' lang='lat' dir='ltr'><strong>pseudnepbcopus</strong></span> <span class='ocrx_word' id='word_1_50' title='bbox 1764 749 1832 801; x_wconf 91' lang='lat' dir='ltr'><strong>ab</strong></span> <span class='ocrx_word' id='word_1_51' title='bbox 1879 747 2048 804; x_wconf 80' lang='lat' dir='ltr'><strong>lia-re-</strong></span> 
     </span>
    </p>
   </div>
   <div class='ocr_carea' id='block_1_8' title="bbox 448 840 2042 912">
    <p class='ocr_par' dir='ltr' id='par_1_8' title="bbox 448 840 2042 912">
     <span class='ocr_line' id='line_1_8' title="bbox 448 840 2042 912; baseline -0.001 -15"><span class='ocrx_word' id='word_1_52' title='bbox 448 844 569 898; x_wconf 88' lang='lat' dir='ltr'><strong>ticis</strong></span> <span class='ocrx_word' id='word_1_53' title='bbox 597 845 763 898; x_wconf 67' lang='lat' dir='ltr'><strong>factus</strong></span> <span class='ocrx_word' id='word_1_54' title='bbox 788 852 887 906; x_wconf 87' lang='lat' dir='ltr'><strong>est,</strong></span> <span class='ocrx_word' id='word_1_55' title='bbox 917 841 1028 911; x_wconf 83' lang='lat' dir='ltr'><strong>jam</strong></span> <span class='ocrx_word' id='word_1_56' title='bbox 1052 856 1189 912; x_wconf 88' lang='lat' dir='ltr'><strong>pene</strong></span> <span class='ocrx_word' id='word_1_57' title='bbox 1216 841 1283 894; x_wconf 87' lang='lat' dir='ltr'><strong>ab</strong></span> <span class='ocrx_word' id='word_1_58' title='bbox 1311 841 1559 895; x_wconf 84' lang='lat' dir='ltr'><strong>unmibus</strong></span> <span class='ocrx_word' id='word_1_59' title='bbox 1606 856 1727 895; x_wconf 87' lang='lat' dir='ltr'><strong>esse</strong></span> <span class='ocrx_word' id='word_1_60' title='bbox 1748 840 2042 896; x_wconf 90' lang='lat' dir='ltr'><strong>desertum.</strong></span> 
     </span>
    </p>
   </div>
   <div class='ocr_carea' id='block_1_9' title="bbox 445 934 2048 1008">
    <p class='ocr_par' dir='ltr' id='par_1_9' title="bbox 445 934 2048 1008">
     <span class='ocr_line' id='line_1_9' title="bbox 445 934 2048 1008; baseline -0.001 -15"><span class='ocrx_word' id='word_1_61' title='bbox 445 936 766 1008; x_wconf 84' lang='lat' dir='ltr'><strong>Namqueii,</strong></span> <span class='ocrx_word' id='word_1_62' title='bbox 792 936 983 1005; x_wconf 82' lang='lat' dir='ltr'><strong>quibus</strong></span> <span class='ocrx_word' id='word_1_63' title='bbox 1019 936 1069 988; x_wconf 89' lang='lat' dir='ltr'><strong>itt</strong></span> <span class='ocrx_word' id='word_1_64' title='bbox 1104 936 1435 1004; x_wconf 65' lang='lat' dir='ltr'><strong>praeteritum</strong></span> <span class='ocrx_word' id='word_1_65' title='bbox 1465 934 1747 1003; x_wconf 64' lang='lat' dir='ltr'><strong>praeSligize</strong></span> <span class='ocrx_word' id='word_1_66' title='bbox 1788 935 2048 991; x_wconf 85' lang='lat' dir='ltr'><strong>obtende-</strong></span> 
     </span>
    </p>
   </div>
   <div class='ocr_carea' id='block_1_10' title="bbox 444 1028 2047 1099">
    <p class='ocr_par' dir='ltr' id='par_1_10' title="bbox 444 1028 2047 1099">
     <span class='ocr_line' id='line_1_10' title="bbox 444 1028 2047 1099; baseline -0.001 -12"><span class='ocrx_word' id='word_1_67' title='bbox 444 1032 664 1095; x_wconf 78' lang='lat' dir='ltr'><strong>ltautttr,</strong></span> <span class='ocrx_word' id='word_1_68' title='bbox 705 1041 761 1086; x_wconf 82' lang='lat' dir='ltr'><strong>et.</strong></span> <span class='ocrx_word' id='word_1_69' title='bbox 800 1030 1067 1085; x_wconf 84' lang='lat' dir='ltr'><strong>dabantur</strong></span> <span class='ocrx_word' id='word_1_70' title='bbox 1096 1030 1257 1085; x_wconf 82' lang='lat' dir='ltr'><strong>verba</strong></span> <span class='ocrx_word' id='word_1_71' title='bbox 1307 1028 1532 1093; x_wconf 80' lang='lat' dir='ltr'><strong>fallacia,</strong></span> <span class='ocrx_word' id='word_1_72' title='bbox 1582 1028 1723 1099; x_wconf 81' lang='lat' dir='ltr'><strong>quod</strong></span> <span class='ocrx_word' id='word_1_73' title='bbox 1773 1030 1931 1084; x_wconf 75' lang='lat' dir='ltr'><strong>simul</strong></span> <span class='ocrx_word' id='word_1_74' title='bbox 1977 1030 2047 1085; x_wconf 90' lang='lat' dir='ltr'><strong>ad</strong></span> 
     </span>
    </p>
   </div>
   <div class='ocr_carea' id='block_1_11' title="bbox 443 1124 2041 1195">
    <p class='ocr_par' dir='ltr' id='par_1_11' title="bbox 443 1124 2041 1195">
     <span class='ocr_line' id='line_1_11' title="bbox 443 1124 2041 1195; baseline -0.001 -13"><span class='ocrx_word' id='word_1_75' title='bbox 443 1125 742 1182; x_wconf 85' lang='lat' dir='ltr'><strong>Ecclesiatn</strong></span> <span class='ocrx_word' id='word_1_76' title='bbox 771 1124 1067 1195; x_wconf 82' lang='lat' dir='ltr'><strong>regressnri</strong></span> <span class='ocrx_word' id='word_1_77' title='bbox 1096 1126 1438 1187; x_wconf 86' lang='lat' dir='ltr'><strong>dicerentur;</strong></span> <span class='ocrx_word' id='word_1_78' title='bbox 1475 1135 1660 1193; x_wconf 85' lang='lat' dir='ltr'><strong>postea</strong></span> <span class='ocrx_word' id='word_1_79' title='bbox 1691 1140 1849 1195; x_wconf 88' lang='lat' dir='ltr'><strong>quam</strong></span> <span class='ocrx_word' id='word_1_80' title='bbox 1895 1126 2041 1181; x_wconf 57' lang='lat' dir='ltr'><strong>video</strong></span> 
     </span>
    </p>
   </div>
   <div class='ocr_carea' id='block_1_12' title="bbox 444 1216 2049 1289">
    <p class='ocr_par' dir='ltr' id='par_1_12' title="bbox 444 1216 2049 1289">
     <span class='ocr_line' id='line_1_12' title="bbox 444 1216 2049 1289; baseline 0.001 -15"><span class='ocrx_word' id='word_1_81' title='bbox 444 1231 574 1274; x_wconf 88' lang='lat' dir='ltr'><strong>runt</strong></span> <span class='ocrx_word' id='word_1_82' title='bbox 613 1219 721 1274; x_wconf 90' lang='lat' dir='ltr'><strong>illic</strong></span> <span class='ocrx_word' id='word_1_83' title='bbox 778 1217 1297 1289; x_wconf 66' lang='lat' dir='ltr'><strong>pseudoepisctipnm</strong></span> <span class='ocrx_word' id='word_1_84' title='bbox 1369 1216 1585 1277; x_wconf 87' lang='lat' dir='ltr'><strong>factum.</strong></span> <span class='ocrx_word' id='word_1_85' title='bbox 1658 1217 1943 1274; x_wconf 74' lang='lat' dir='ltr'><strong>frustratos</strong></span> <span class='ocrx_word' id='word_1_86' title='bbox 1992 1228 2049 1275; x_wconf 83' lang='lat' dir='ltr'><strong>et</strong></span> 
     </span>
    </p>
   </div>
   <div class='ocr_carea' id='block_1_13' title="bbox 443 1310 2049 1381">
    <p class='ocr_par' dir='ltr' id='par_1_13' title="bbox 443 1310 2049 1381">
     <span class='ocr_line' id='line_1_13' title="bbox 443 1310 2049 1381; baseline -0.001 -14"><span class='ocrx_word' id='word_1_87' title='bbox 443 1312 700 1381; x_wconf 76' lang='lat' dir='ltr'><strong>deceptos</strong></span> <span class='ocrx_word' id='word_1_88' title='bbox 727 1328 785 1365; x_wconf 89' lang='lat' dir='ltr'><strong>se</strong></span> <span class='ocrx_word' id='word_1_89' title='bbox 807 1326 929 1367; x_wconf 89' lang='lat' dir='ltr'><strong>esse</strong></span> <span class='ocrx_word' id='word_1_90' title='bbox 958 1311 1285 1373; x_wconf 86' lang='lat' dir='ltr'><strong>didicerunt.</strong></span> <span class='ocrx_word' id='word_1_91' title='bbox 1317 1322 1370 1364; x_wconf 89' lang='lat' dir='ltr'><strong>et</strong></span> <span class='ocrx_word' id='word_1_92' title='bbox 1391 1318 1638 1365; x_wconf 89' lang='lat' dir='ltr'><strong>remeant</strong></span> <span class='ocrx_word' id='word_1_93' title='bbox 1671 1310 1928 1380; x_wconf 88' lang='lat' dir='ltr'><strong>quotidie,</strong></span> <span class='ocrx_word' id='word_1_94' title='bbox 1968 1320 2049 1366; x_wconf 88' lang='lat' dir='ltr'><strong>at—</strong></span> 
     </span>
    </p>
   </div>
   <div class='ocr_carea' id='block_1_14' title="bbox 442 1407 2048 1481">
    <p class='ocr_par' dir='ltr' id='par_1_14' title="bbox 442 1407 2048 1481">
     <span class='ocr_line' id='line_1_14' title="bbox 442 1407 2048 1481; baseline 0 -20"><span class='ocrx_word' id='word_1_95' title='bbox 442 1426 547 1481; x_wconf 87' lang='lat' dir='ltr'><strong>que</strong></span> <span class='ocrx_word' id='word_1_96' title='bbox 574 1410 639 1464; x_wconf 91' lang='lat' dir='ltr'><strong>ad</strong></span> <span class='ocrx_word' id='word_1_97' title='bbox 675 1409 974 1463; x_wconf 82' lang='lat' dir='ltr'><strong>Ecclesiam</strong></span> <span class='ocrx_word' id='word_1_98' title='bbox 1019 1409 1228 1478; x_wconf 61' lang='lat' dir='ltr'><strong>pulsant</strong></span> <span class='ocrx_word' id='word_1_99' title='bbox 1263 1424 1276 1461; x_wconf 89' lang='lat'><strong>:</strong></span> <span class='ocrx_word' id='word_1_100' title='bbox 1310 1408 1463 1463; x_wconf 87' lang='lat' dir='ltr'><strong>nobis</strong></span> <span class='ocrx_word' id='word_1_101' title='bbox 1518 1418 1719 1473; x_wconf 84' lang='lat' dir='ltr'><strong>tamen,</strong></span> <span class='ocrx_word' id='word_1_102' title='bbox 1769 1422 1799 1461; x_wconf 87' lang='lat' dir='ltr'><strong>a</strong></span> <span class='ocrx_word' id='word_1_103' title='bbox 1852 1407 2048 1475; x_wconf 82' lang='lat' dir='ltr'><strong>quibus</strong></span> 
     </span>
    </p>
   </div>
   <div class='ocr_carea' id='block_1_15' title="bbox 446 1499 2050 1567">
    <p class='ocr_par' dir='ltr' id='par_1_15' title="bbox 446 1499 2050 1567">
     <span class='ocr_line' id='line_1_15' title="bbox 446 1499 2050 1567; baseline -0.001 -12"><span class='ocrx_word' id='word_1_104' title='bbox 446 1503 585 1557; x_wconf 83' lang='lat' dir='ltr'><strong>ratio</strong></span> <span class='ocrx_word' id='word_1_105' title='bbox 615 1501 842 1556; x_wconf 83' lang='lat' dir='ltr'><strong>Domino</strong></span> <span class='ocrx_word' id='word_1_106' title='bbox 868 1500 1138 1556; x_wconf 89' lang='lat' dir='ltr'><strong>reddenda</strong></span> <span class='ocrx_word' id='word_1_107' title='bbox 1172 1509 1275 1566; x_wconf 88' lang='lat' dir='ltr'><strong>est,</strong></span> <span class='ocrx_word' id='word_1_108' title='bbox 1307 1499 1469 1554; x_wconf 89' lang='lat' dir='ltr'><strong>anxie</strong></span> <span class='ocrx_word' id='word_1_109' title='bbox 1513 1499 1940 1567; x_wconf 86' lang='lat' dir='ltr'><strong>ponderantibus</strong></span> <span class='ocrx_word' id='word_1_110' title='bbox 1993 1509 2050 1554; x_wconf 87' lang='lat' dir='ltr'><strong>et</strong></span> 
     </span>
    </p>
   </div>
   <div class='ocr_carea' id='block_1_16' title="bbox 443 1592 2050 1663">
    <p class='ocr_par' dir='ltr' id='par_1_16' title="bbox 443 1592 2050 1663">
     <span class='ocr_line' id='line_1_16' title="bbox 443 1592 2050 1663; baseline 0 -14"><span class='ocrx_word' id='word_1_111' title='bbox 443 1594 677 1649; x_wconf 83' lang='lat' dir='ltr'><strong>sollicite</strong></span> <span class='ocrx_word' id='word_1_112' title='bbox 729 1594 1185 1660; x_wconf 79' lang='lat' dir='ltr'><strong>exatninantibus,</strong></span> <span class='ocrx_word' id='word_1_113' title='bbox 1248 1593 1339 1661; x_wconf 88' lang='lat' dir='ltr'><strong>qtti</strong></span> <span class='ocrx_word' id='word_1_114' title='bbox 1391 1593 1557 1663; x_wconf 90' lang='lat' dir='ltr'><strong>recipi</strong></span> <span class='ocrx_word' id='word_1_115' title='bbox 1610 1602 1665 1649; x_wconf 88' lang='lat' dir='ltr'><strong>et</strong></span> <span class='ocrx_word' id='word_1_116' title='bbox 1717 1593 1925 1648; x_wconf 86' lang='lat' dir='ltr'><strong>admitti</strong></span> <span class='ocrx_word' id='word_1_117' title='bbox 1980 1592 2050 1649; x_wconf 88' lang='lat' dir='ltr'><strong>ad</strong></span> 
     </span>
    </p>
   </div>
   <div class='ocr_carea' id='block_1_17' title="bbox 442 1684 2049 1755">
    <p class='ocr_par' dir='ltr' id='par_1_17' title="bbox 442 1684 2049 1755">
     <span class='ocr_line' id='line_1_17' title="bbox 442 1684 2049 1755; baseline 0.001 -15"><span class='ocrx_word' id='word_1_118' title='bbox 442 1684 742 1741; x_wconf 75' lang='lat' dir='ltr'><strong>Ecclt&#39;Slaltl</strong></span> <span class='ocrx_word' id='word_1_119' title='bbox 779 1686 1032 1742; x_wconf 78' lang='lat' dir='ltr'><strong>debeant.</strong></span> <span class='ocrx_word' id='word_1_120' title='bbox 1054 1686 1385 1755; x_wconf 84' lang='lat' dir='ltr'><strong>Quibusdam</strong></span> <span class='ocrx_word' id='word_1_121' title='bbox 1410 1687 1554 1742; x_wconf 91' lang='lat' dir='ltr'><strong>enim</strong></span> <span class='ocrx_word' id='word_1_122' title='bbox 1585 1686 1654 1740; x_wconf 90' lang='lat' dir='ltr'><strong>ita</strong></span> <span class='ocrx_word' id='word_1_123' title='bbox 1684 1696 1777 1741; x_wconf 86' lang='lat' dir='ltr'><strong>aut</strong></span> <span class='ocrx_word' id='word_1_124' title='bbox 1824 1686 2049 1742; x_wconf 86' lang='lat' dir='ltr'><strong>crimina</strong></span> 
     </span>
    </p>
   </div>
   <div class='ocr_carea' id='block_1_18' title="bbox 2156 460 3705 532">
    <p class='ocr_par' dir='ltr' id='par_1_18' title="bbox 2156 460 3705 532">
     <span class='ocr_line' id='line_1_18' title="bbox 2156 460 3705 532; baseline -0.001 -15"><span class='ocrx_word' id='word_1_125' title='bbox 2156 464 2356 518; x_wconf 90' lang='lat' dir='ltr'><strong>tiantur</strong></span> <span class='ocrx_word' id='word_1_126' title='bbox 2376 463 2583 519; x_wconf 85' lang='lat' dir='ltr'><strong>admitti</strong></span> <span class='ocrx_word' id='word_1_127' title='bbox 2620 482 2634 520; x_wconf 91' lang='lat'><strong>:</strong></span> <span class='ocrx_word' id='word_1_128' title='bbox 2659 474 2712 518; x_wconf 90' lang='lat' dir='ltr'><strong>et</strong></span> <span class='ocrx_word' id='word_1_129' title='bbox 2736 463 2931 532; x_wconf 86' lang='lat' dir='ltr'><strong>justior</strong></span> <span class='ocrx_word' id='word_1_130' title='bbox 2970 464 3141 519; x_wconf 87' lang='lat' dir='ltr'><strong>lactus</strong></span> <span class='ocrx_word' id='word_1_131' title='bbox 3165 471 3247 518; x_wconf 91' lang='lat' dir='ltr'><strong>est</strong></span> <span class='ocrx_word' id='word_1_132' title='bbox 3270 460 3605 517; x_wconf 68' lang='lat' dir='ltr'><strong>fraternitatis</strong></span> <span class='ocrx_word' id='word_1_133' title='bbox 3630 461 3705 516; x_wconf 91' lang='lat' dir='ltr'><strong>do-</strong></span> 
     </span>
    </p>
   </div>
   <div class='ocr_carea' id='block_1_19' title="bbox 2152 555 3713 628">
    <p class='ocr_par' dir='ltr' id='par_1_19' title="bbox 2152 555 3713 628">
     <span class='ocr_line' id='line_1_19' title="bbox 2152 555 3713 628; baseline 0.001 -17"><span class='ocrx_word' id='word_1_134' title='bbox 2152 556 2236 611; x_wconf 83' lang='lat' dir='ltr'><strong>lor</strong></span> <span class='ocrx_word' id='word_1_135' title='bbox 2260 574 2324 611; x_wconf 80' lang='lat' dir='ltr'><strong>ex</strong></span> <span class='ocrx_word' id='word_1_136' title='bbox 2353 572 2441 622; x_wconf 90' lang='lat' dir='ltr'><strong>eo,</strong></span> <span class='ocrx_word' id='word_1_137' title='bbox 2474 555 2617 627; x_wconf 87' lang='lat' dir='ltr'><strong>quod</strong></span> <span class='ocrx_word' id='word_1_138' title='bbox 2656 574 2790 611; x_wconf 88' lang='lat' dir='ltr'><strong>unus</strong></span> <span class='ocrx_word' id='word_1_139' title='bbox 2821 557 3154 628; x_wconf 83' lang='lat' dir='ltr'><strong>atquealins.</strong></span> <span class='ocrx_word' id='word_1_140' title='bbox 3178 555 3452 610; x_wconf 80' lang='lat' dir='ltr'><strong>obnitente</strong></span> <span class='ocrx_word' id='word_1_141' title='bbox 3474 555 3616 626; x_wconf 82' lang='lat' dir='ltr'><strong>plebe</strong></span> <span class='ocrx_word' id='word_1_142' title='bbox 3636 565 3657 603; x_wconf 74' lang='grc' dir='ltr'>ε</span> <span class='ocrx_word' id='word_1_143' title='bbox 3674 564 3713 613; x_wconf 71' lang='grc' dir='ltr'><strong>α</strong></span> 
     </span>
    </p>
   </div>
   <div class='ocr_carea' id='block_1_20' title="bbox 2149 649 3714 719">
    <p class='ocr_par' dir='ltr' id='par_1_20' title="bbox 2149 649 3714 719">
     <span class='ocr_line' id='line_1_20' title="bbox 2149 649 3714 719; baseline 0.002 -16"><span class='ocrx_word' id='word_1_144' title='bbox 2149 651 2578 713; x_wconf 81' lang='lat' dir='ltr'><strong>contradicente,</strong></span> <span class='ocrx_word' id='word_1_145' title='bbox 2611 666 2729 706; x_wconf 89' lang='lat' dir='ltr'><strong>mea</strong></span> <span class='ocrx_word' id='word_1_146' title='bbox 2763 659 2944 705; x_wconf 86' lang='lat' dir='ltr'><strong>tamen</strong></span> <span class='ocrx_word' id='word_1_147' title='bbox 2975 650 3228 704; x_wconf 79' lang='lat' dir='ltr'><strong>facilitate</strong></span> <span class='ocrx_word' id='word_1_148' title='bbox 3249 653 3503 719; x_wconf 64' lang='lat' dir='ltr'><strong>suscepti,</strong></span> <span class='ocrx_word' id='word_1_149' title='bbox 3538 649 3714 719; x_wconf 73' lang='lat' dir='ltr'><strong>pejores</strong></span> 
     </span>
    </p>
   </div>
   <div class='ocr_carea' id='block_1_21' title="bbox 2148 744 3719 814">
    <p class='ocr_par' dir='ltr' id='par_1_21' title="bbox 2148 744 3719 814">
     <span class='ocr_line' id='line_1_21' title="bbox 2148 744 3719 814; baseline 0.003 -16"><span class='ocrx_word' id='word_1_150' title='bbox 2148 747 2469 800; x_wconf 84' lang='lat' dir='ltr'><strong>exstiterunt</strong></span> <span class='ocrx_word' id='word_1_151' title='bbox 2484 761 2642 814; x_wconf 89' lang='lat' dir='ltr'><strong>quam</strong></span> <span class='ocrx_word' id='word_1_152' title='bbox 2665 759 2812 813; x_wconf 80' lang='lat' dir='ltr'><strong>prius</strong></span> <span class='ocrx_word' id='word_1_153' title='bbox 2837 744 3047 799; x_wconf 89' lang='lat' dir='ltr'><strong>fuerant</strong></span> <span class='ocrx_word' id='word_1_154' title='bbox 3062 744 3113 811; x_wconf 70' lang='grc' dir='ltr'><strong>δ,</strong></span> <span class='ocrx_word' id='word_1_155' title='bbox 3143 759 3242 800; x_wconf 87' lang='lat' dir='ltr'><strong>nec</strong></span> <span class='ocrx_word' id='word_1_156' title='bbox 3258 744 3415 799; x_wconf 82' lang='lat' dir='ltr'><strong>fidem</strong></span> <span class='ocrx_word' id='word_1_157' title='bbox 3433 745 3719 814; x_wconf 70' lang='lat' dir='ltr'><strong>poenitentia</strong></span> 
     </span>
    </p>
   </div>
   <div class='ocr_carea' id='block_1_22' title="bbox 2150 838 3720 909">
    <p class='ocr_par' dir='ltr' id='par_1_22' title="bbox 2150 838 3720 909">
     <span class='ocr_line' id='line_1_22' title="bbox 2150 838 3720 909; baseline 0.002 -19"><span class='ocrx_word' id='word_1_158' title='bbox 2150 852 2371 892; x_wconf 89' lang='lat' dir='ltr'><strong>servare</strong></span> <span class='ocrx_word' id='word_1_159' title='bbox 2403 846 2713 908; x_wconf 88' lang='lat' dir='ltr'><strong>potuerunt,</strong></span> <span class='ocrx_word' id='word_1_160' title='bbox 2767 838 2893 907; x_wconf 89' lang='lat' dir='ltr'><strong>quia</strong></span> <span class='ocrx_word' id='word_1_161' title='bbox 2936 853 3037 893; x_wconf 87' lang='lat' dir='ltr'><strong>nec</strong></span> <span class='ocrx_word' id='word_1_162' title='bbox 3087 852 3210 893; x_wconf 88' lang='lat' dir='ltr'><strong>cum</strong></span> <span class='ocrx_word' id='word_1_163' title='bbox 3255 852 3379 893; x_wconf 87' lang='lat' dir='ltr'><strong>vera</strong></span> <span class='ocrx_word' id='word_1_164' title='bbox 3445 838 3720 909; x_wconf 71' lang='lat' dir='ltr'><strong>putuitentia</strong></span> 
     </span>
    </p>
   </div>
   <div class='ocr_carea' id='block_1_23' title="bbox 2156 942 2439 987">
    <p class='ocr_par' dir='ltr' id='par_1_23' title="bbox 2156 942 2439 987">
     <span class='ocr_line' id='line_1_23' title="bbox 2156 942 2439 987; baseline 0.004 -3"><span class='ocrx_word' id='word_1_165' title='bbox 2156 942 2439 987; x_wconf 86' lang='lat' dir='ltr'><strong>vettetant.</strong></span> 
     </span>
    </p>
   </div>
   <div class='ocr_carea' id='block_1_24' title="bbox 2225 1024 3721 1099">
    <p class='ocr_par' dir='ltr' id='par_1_24' title="bbox 2225 1024 3721 1099">
     <span class='ocr_line' id='line_1_24' title="bbox 2225 1024 3721 1099; baseline 0 -17"><span class='ocrx_word' id='word_1_166' title='bbox 2225 1025 2367 1082; x_wconf 72' lang='lat' dir='ltr'><strong>XVI.</strong></span> <span class='ocrx_word' id='word_1_167' title='bbox 2399 1026 2471 1082; x_wconf 89' lang='lat' dir='ltr'><strong>De</strong></span> <span class='ocrx_word' id='word_1_168' title='bbox 2494 1027 2612 1082; x_wconf 77' lang='lat' dir='ltr'><strong>istis</strong></span> <span class='ocrx_word' id='word_1_169' title='bbox 2631 1041 2762 1082; x_wconf 84' lang='lat' dir='ltr'><strong>vero</strong></span> <span class='ocrx_word' id='word_1_170' title='bbox 2790 1026 2916 1099; x_wconf 89' lang='lat' dir='ltr'><strong>quid</strong></span> <span class='ocrx_word' id='word_1_171' title='bbox 2946 1026 3145 1094; x_wconf 86' lang='lat' dir='ltr'><strong>dicant,</strong></span> <span class='ocrx_word' id='word_1_172' title='bbox 3177 1030 3266 1098; x_wconf 91' lang='lat' dir='ltr'><strong>qui</strong></span> <span class='ocrx_word' id='word_1_173' title='bbox 3294 1042 3436 1081; x_wconf 91' lang='lat' dir='ltr'><strong>nunc</strong></span> <span class='ocrx_word' id='word_1_174' title='bbox 3464 1024 3528 1081; x_wconf 89' lang='lat' dir='ltr'><strong>ad</strong></span> <span class='ocrx_word' id='word_1_175' title='bbox 3550 1034 3599 1081; x_wconf 90' lang='lat' dir='ltr'><strong>te</strong></span> <span class='ocrx_word' id='word_1_176' title='bbox 3619 1040 3721 1082; x_wconf 85' lang='lat' dir='ltr'><strong>cum</strong></span> 
     </span>
    </p>
   </div>
   <div class='ocr_carea' id='block_1_25' title="bbox 2156 1118 3730 1191">
    <p class='ocr_par' dir='ltr' id='par_1_25' title="bbox 2156 1118 3730 1191">
     <span class='ocr_line' id='line_1_25' title="bbox 2156 1118 3730 1191; baseline 0.001 -16"><span class='ocrx_word' id='word_1_177' title='bbox 2156 1118 2496 1175; x_wconf 79' lang='lat' dir='ltr'><strong>Felicissimo</strong></span> <span class='ocrx_word' id='word_1_178' title='bbox 2530 1119 2771 1175; x_wconf 87' lang='lat' dir='ltr'><strong>omnium</strong></span> <span class='ocrx_word' id='word_1_179' title='bbox 2804 1120 3089 1175; x_wconf 83' lang='lat' dir='ltr'><strong>criminum</strong></span> <span class='ocrx_word' id='word_1_180' title='bbox 3124 1135 3220 1175; x_wconf 67' lang='lat' dir='ltr'><strong>reo</strong></span> <span class='ocrx_word' id='word_1_181' title='bbox 3247 1120 3639 1191; x_wconf 76' lang='lat' dir='ltr'><strong>navigaverunt,</strong></span> <span class='ocrx_word' id='word_1_182' title='bbox 3670 1119 3730 1177; x_wconf 83' lang='lat' dir='ltr'><strong>le-</strong></span> 
     </span>
    </p>
   </div>
   <div class='ocr_carea' id='block_1_26' title="bbox 2150 1213 3731 1286">
    <p class='ocr_par' dir='ltr' id='par_1_26' title="bbox 2150 1213 3731 1286">
     <span class='ocr_line' id='line_1_26' title="bbox 2150 1213 3731 1286; baseline -0.001 -18"><span class='ocrx_word' id='word_1_183' title='bbox 2150 1215 2259 1286; x_wconf 77' lang='lat' dir='ltr'><strong>gali</strong></span> <span class='ocrx_word' id='word_1_184' title='bbox 2310 1233 2338 1269; x_wconf 89' lang='lat' dir='ltr'><strong>a</strong></span> <span class='ocrx_word' id='word_1_185' title='bbox 2390 1213 2684 1271; x_wconf 85' lang='lat' dir='ltr'><strong>Fortunato</strong></span> <span class='ocrx_word' id='word_1_186' title='bbox 2717 1215 3187 1286; x_wconf 68' lang='lat' dir='ltr'><strong>pSeudoepiscopo</strong></span> <span class='ocrx_word' id='word_1_187' title='bbox 3227 1216 3398 1281; x_wconf 83' lang='lat' dir='ltr'><strong>missi,</strong></span> <span class='ocrx_word' id='word_1_188' title='bbox 3446 1227 3548 1270; x_wconf 86' lang='lat' dir='ltr'><strong>tam</strong></span> <span class='ocrx_word' id='word_1_189' title='bbox 3598 1213 3731 1270; x_wconf 83' lang='lat' dir='ltr'><strong>falsas</strong></span> 
     </span>
    </p>
   </div>
   <div class='ocr_carea' id='block_1_27' title="bbox 2153 1307 3733 1380">
    <p class='ocr_par' dir='ltr' id='par_1_27' title="bbox 2153 1307 3733 1380">
     <span class='ocr_line' id='line_1_27' title="bbox 2153 1307 3733 1380; baseline 0.002 -20"><span class='ocrx_word' id='word_1_190' title='bbox 2153 1308 2218 1362; x_wconf 90' lang='lat' dir='ltr'><strong>ad</strong></span> <span class='ocrx_word' id='word_1_191' title='bbox 2248 1318 2301 1365; x_wconf 92' lang='lat' dir='ltr'><strong>te</strong></span> <span class='ocrx_word' id='word_1_192' title='bbox 2331 1308 2539 1363; x_wconf 86' lang='lat' dir='ltr'><strong>litteras</strong></span> <span class='ocrx_word' id='word_1_193' title='bbox 2556 1307 2873 1372; x_wconf 67' lang='lat' dir='ltr'><strong>alie-rentes,</strong></span> <span class='ocrx_word' id='word_1_194' title='bbox 2904 1324 3066 1380; x_wconf 90' lang='lat' dir='ltr'><strong>quam</strong></span> <span class='ocrx_word' id='word_1_195' title='bbox 3092 1321 3173 1364; x_wconf 88' lang='lat' dir='ltr'><strong>est</strong></span> <span class='ocrx_word' id='word_1_196' title='bbox 3205 1318 3259 1363; x_wconf 88' lang='lat' dir='ltr'><strong>et</strong></span> <span class='ocrx_word' id='word_1_197' title='bbox 3290 1308 3426 1379; x_wconf 85' lang='lat' dir='ltr'><strong>ipse,</strong></span> <span class='ocrx_word' id='word_1_198' title='bbox 3447 1307 3593 1378; x_wconf 60' lang='lat' dir='ltr'><strong>cujus</strong></span> <span class='ocrx_word' id='word_1_199' title='bbox 3618 1307 3733 1363; x_wconf 85' lang='lat' dir='ltr'><strong>litte-</strong></span> 
     </span>
    </p>
   </div>
   <div class='ocr_carea' id='block_1_28' title="bbox 2151 1398 3736 1472">
    <p class='ocr_par' dir='ltr' id='par_1_28' title="bbox 2151 1398 3736 1472">
     <span class='ocr_line' id='line_1_28' title="bbox 2151 1398 3736 1472; baseline 0.001 -18"><span class='ocrx_word' id='word_1_200' title='bbox 2151 1415 2240 1454; x_wconf 84' lang='lat' dir='ltr'><strong>ras</strong></span> <span class='ocrx_word' id='word_1_201' title='bbox 2261 1401 2459 1459; x_wconf 82' lang='lat' dir='ltr'><strong>lerunt.</strong></span> <span class='ocrx_word' id='word_1_202' title='bbox 2490 1400 2659 1455; x_wconf 86' lang='lat' dir='ltr'><strong>falsus</strong></span> <span class='ocrx_word' id='word_1_203' title='bbox 2679 1418 2694 1463; x_wconf 87' lang='lat'><strong>;</strong></span> <span class='ocrx_word' id='word_1_204' title='bbox 2718 1416 2879 1472; x_wconf 82' lang='lat' dir='ltr'><strong>quam</strong></span> <span class='ocrx_word' id='word_1_205' title='bbox 2904 1411 2986 1455; x_wconf 83' lang='lat' dir='ltr'><strong>est</strong></span> <span class='ocrx_word' id='word_1_206' title='bbox 3006 1400 3124 1471; x_wconf 82' lang='lat' dir='ltr'><strong>ejus</strong></span> <span class='ocrx_word' id='word_1_207' title='bbox 3157 1413 3501 1468; x_wconf 67' lang='lat' dir='ltr'><strong>peccatorum</strong></span> <span class='ocrx_word' id='word_1_208' title='bbox 3537 1398 3552 1437; x_wconf 70' lang='grc' dir='ltr'>ί</span> <span class='ocrx_word' id='word_1_209' title='bbox 3585 1401 3736 1455; x_wconf 88' lang='lat' dir='ltr'><strong>mulli-</strong></span> 
     </span>
    </p>
   </div>
   <div class='ocr_carea' id='block_1_29' title="bbox 2155 1492 3732 1565">
    <p class='ocr_par' dir='ltr' id='par_1_29' title="bbox 2155 1492 3732 1565">
     <span class='ocr_line' id='line_1_29' title="bbox 2155 1492 3732 1565; baseline 0.001 -20"><span class='ocrx_word' id='word_1_210' title='bbox 2155 1492 2276 1561; x_wconf 87' lang='lat' dir='ltr'><strong>plex</strong></span> <span class='ocrx_word' id='word_1_211' title='bbox 2303 1492 2655 1559; x_wconf 86' lang='lat' dir='ltr'><strong>conscientia,</strong></span> <span class='ocrx_word' id='word_1_212' title='bbox 2677 1508 2837 1565; x_wconf 87' lang='lat' dir='ltr'><strong>quam</strong></span> <span class='ocrx_word' id='word_1_213' title='bbox 2860 1494 3182 1549; x_wconf 75' lang='lat' dir='ltr'><strong>execrabilis</strong></span> <span class='ocrx_word' id='word_1_214' title='bbox 3207 1497 3339 1561; x_wconf 88' lang='lat' dir='ltr'><strong>vita,</strong></span> <span class='ocrx_word' id='word_1_215' title='bbox 3361 1508 3523 1565; x_wconf 90' lang='lat' dir='ltr'><strong>quam</strong></span> <span class='ocrx_word' id='word_1_216' title='bbox 3552 1494 3732 1564; x_wconf 85' lang='lat' dir='ltr'><strong>turpis:</strong></span> 
     </span>
    </p>
   </div>
   <div class='ocr_carea' id='block_1_30' title="bbox 2156 1586 3738 1660">
    <p class='ocr_par' dir='ltr' id='par_1_30' title="bbox 2156 1586 3738 1660">
     <span class='ocr_line' id='line_1_30' title="bbox 2156 1586 3738 1660; baseline 0.003 -19"><span class='ocrx_word' id='word_1_217' title='bbox 2156 1596 2213 1642; x_wconf 92' lang='lat' dir='ltr'><strong>ut</strong></span> <span class='ocrx_word' id='word_1_218' title='bbox 2241 1595 2294 1642; x_wconf 90' lang='lat' dir='ltr'><strong>et</strong></span> <span class='ocrx_word' id='word_1_219' title='bbox 2315 1588 2358 1642; x_wconf 89' lang='lat' dir='ltr'><strong>si</strong></span> <span class='ocrx_word' id='word_1_220' title='bbox 2380 1586 2433 1643; x_wconf 90' lang='lat' dir='ltr'><strong>in</strong></span> <span class='ocrx_word' id='word_1_221' title='bbox 2469 1588 2709 1644; x_wconf 82' lang='lat' dir='ltr'><strong>Ecclesia</strong></span> <span class='ocrx_word' id='word_1_222' title='bbox 2735 1599 2939 1655; x_wconf 89' lang='lat' dir='ltr'><strong>essent,</strong></span> <span class='ocrx_word' id='word_1_223' title='bbox 2968 1587 3093 1660; x_wconf 89' lang='lat' dir='ltr'><strong>ejici</strong></span> <span class='ocrx_word' id='word_1_224' title='bbox 3125 1589 3261 1648; x_wconf 89' lang='lat' dir='ltr'><strong>tales</strong></span> <span class='ocrx_word' id='word_1_225' title='bbox 3301 1590 3368 1647; x_wconf 87' lang='lat' dir='ltr'><strong>de</strong></span> <span class='ocrx_word' id='word_1_226' title='bbox 3410 1589 3639 1645; x_wconf 81' lang='lat' dir='ltr'><strong>Ecclesia</strong></span> <span class='ocrx_word' id='word_1_227' title='bbox 3661 1588 3738 1645; x_wconf 85' lang='lat' dir='ltr'><strong>de-</strong></span> 
     </span>
    </p>
   </div>
   <div class='ocr_carea' id='block_1_31' title="bbox 2155 1680 3736 1753">
    <p class='ocr_par' dir='ltr' id='par_1_31' title="bbox 2155 1680 3736 1753">
     <span class='ocr_line' id='line_1_31' title="bbox 2155 1680 3736 1753; baseline 0.002 -19"><span class='ocrx_word' id='word_1_228' title='bbox 2155 1680 2437 1736; x_wconf 76' lang='lat' dir='ltr'><strong>buissent?</strong></span> <span class='ocrx_word' id='word_1_229' title='bbox 2471 1680 2713 1752; x_wconf 66' lang='lat' dir='ltr'><strong>Denique</strong></span> <span class='ocrx_word' id='word_1_230' title='bbox 2751 1681 2876 1753; x_wconf 89' lang='lat' dir='ltr'><strong>quia</strong></span> <span class='ocrx_word' id='word_1_231' title='bbox 2906 1683 3298 1738; x_wconf 76' lang='lat' dir='ltr'><strong>conscientiam</strong></span> <span class='ocrx_word' id='word_1_232' title='bbox 3339 1698 3492 1737; x_wconf 90' lang='lat' dir='ltr'><strong>suam</strong></span> <span class='ocrx_word' id='word_1_233' title='bbox 3542 1690 3736 1749; x_wconf 84' lang='lat' dir='ltr'><strong>norunt,</strong></span> 
     </span>
    </p>
   </div>
   <div class='ocr_carea' id='block_1_32' title="bbox 441 1774 3737 1850">
    <p class='ocr_par' dir='ltr' id='par_1_32' title="bbox 441 1774 3737 1850">
     <span class='ocr_line' id='line_1_32' title="bbox 441 1774 3737 1850; baseline -0.001 -16"><span class='ocrx_word' id='word_1_234' title='bbox 441 1793 540 1835; x_wconf 86' lang='lat' dir='ltr'><strong>sua</strong></span> <span class='ocrx_word' id='word_1_235' title='bbox 562 1780 851 1841; x_wconf 85' lang='lat' dir='ltr'><strong>obsistunt.</strong></span> <span class='ocrx_word' id='word_1_236' title='bbox 882 1793 968 1834; x_wconf 90' lang='lat' dir='ltr'><strong>aut</strong></span> <span class='ocrx_word' id='word_1_237' title='bbox 1001 1779 1195 1835; x_wconf 85' lang='lat' dir='ltr'><strong>fratres</strong></span> <span class='ocrx_word' id='word_1_238' title='bbox 1225 1788 1253 1817; x_wconf 71' lang='grc' dir='ltr'><strong>ι</strong></span> <span class='ocrx_word' id='word_1_239' title='bbox 1283 1780 1553 1834; x_wconf 90' lang='lat' dir='ltr'><strong>obstinate</strong></span> <span class='ocrx_word' id='word_1_240' title='bbox 1600 1789 1654 1834; x_wconf 87' lang='lat' dir='ltr'><strong>et</strong></span> <span class='ocrx_word' id='word_1_241' title='bbox 1691 1781 1916 1835; x_wconf 83' lang='lat' dir='ltr'><strong>firmiter</strong></span> <span class='ocrx_word' id='word_1_242' title='bbox 1964 1796 2049 1834; x_wconf 80' lang='lat' dir='ltr'><strong>re—</strong></span> <span class='ocrx_word' id='word_1_243' title='bbox 2080 1790 2128 1850; x_wconf 82' lang='grc' dir='ltr'><strong>Β</strong></span> <span class='ocrx_word' id='word_1_244' title='bbox 2157 1791 2259 1831; x_wconf 90' lang='lat' dir='ltr'><strong>nec</strong></span> <span class='ocrx_word' id='word_1_245' title='bbox 2291 1775 2305 1826; x_wconf 87' lang='lat' dir='ltr'><strong>i</strong></span> <span class='ocrx_word' id='word_1_246' title='bbox 2346 1776 2547 1831; x_wconf 89' lang='lat' dir='ltr'><strong>audent</strong></span> <span class='ocrx_word' id='word_1_247' title='bbox 2568 1777 2885 1843; x_wconf 70' lang='lat' dir='ltr'><strong>venire,aut</strong></span> <span class='ocrx_word' id='word_1_248' title='bbox 2908 1778 2973 1831; x_wconf 89' lang='lat' dir='ltr'><strong>ad</strong></span> <span class='ocrx_word' id='word_1_249' title='bbox 2995 1776 3253 1831; x_wconf 66' lang='lat' dir='ltr'><strong>Ecclesia:</strong></span> <span class='ocrx_word' id='word_1_250' title='bbox 3281 1776 3446 1831; x_wconf 90' lang='lat' dir='ltr'><strong>limen</strong></span> <span class='ocrx_word' id='word_1_251' title='bbox 3474 1774 3737 1837; x_wconf 83' lang='lat' dir='ltr'><strong>accedere;</strong></span> 
     </span>
    </p>
   </div>
   <div class='ocr_carea' id='block_1_33' title="bbox 440 1869 2049 1943">
    <p class='ocr_par' dir='ltr' id='par_1_33' title="bbox 440 1869 2049 1943">
     <span class='ocr_line' id='line_1_33' title="bbox 440 1869 2049 1943; baseline 0.002 -18"><span class='ocrx_word' id='word_1_252' title='bbox 440 1871 709 1938; x_wconf 87' lang='lat' dir='ltr'><strong>nituntur,</strong></span> <span class='ocrx_word' id='word_1_253' title='bbox 737 1881 793 1926; x_wconf 90' lang='lat' dir='ltr'><strong>ut</strong></span> <span class='ocrx_word' id='word_1_254' title='bbox 824 1873 985 1943; x_wconf 85' lang='lat' dir='ltr'><strong>recipi</strong></span> <span class='ocrx_word' id='word_1_255' title='bbox 1015 1872 1237 1927; x_wconf 88' lang='lat' dir='ltr'><strong>omnino</strong></span> <span class='ocrx_word' id='word_1_256' title='bbox 1276 1888 1382 1927; x_wconf 90' lang='lat' dir='ltr'><strong>non</strong></span> <span class='ocrx_word' id='word_1_257' title='bbox 1433 1873 1638 1943; x_wconf 88' lang='lat' dir='ltr'><strong>possint</strong></span> <span class='ocrx_word' id='word_1_258' title='bbox 1676 1869 1706 1910; x_wconf 72' lang='grc' dir='ltr'>δ</span> <span class='ocrx_word' id='word_1_259' title='bbox 1734 1888 1855 1927; x_wconf 88' lang='lat' dir='ltr'><strong>cum</strong></span> <span class='ocrx_word' id='word_1_260' title='bbox 1891 1888 2049 1928; x_wconf 87' lang='lat' dir='ltr'><strong>scan-</strong></span> 
     </span>
    </p>
   </div>
   <div class='ocr_carea' id='block_1_34' title="bbox 439 1962 2052 2052">
    <p class='ocr_par' dir='ltr' id='par_1_34' title="bbox 439 1962 2052 2052">
     <span class='ocr_line' id='line_1_34' title="bbox 439 1962 2052 2052; baseline 0.003 -35"><span class='ocrx_word' id='word_1_261' title='bbox 439 1962 564 2017; x_wconf 85' lang='lat' dir='ltr'><strong>dalo</strong></span> <span class='ocrx_word' id='word_1_262' title='bbox 592 1974 645 2018; x_wconf 88' lang='lat' dir='ltr'><strong>et</strong></span> <span class='ocrx_word' id='word_1_263' title='bbox 676 1964 913 2034; x_wconf 89' lang='lat' dir='ltr'><strong>periculo</strong></span> <span class='ocrx_word' id='word_1_264' title='bbox 943 1964 1317 2035; x_wconf 87' lang='lat' dir='ltr'><strong>plurimorum.</strong></span> <span class='ocrx_word' id='word_1_265' title='bbox 1370 1962 1556 2052; x_wconf 77' lang='lat' dir='ltr'><strong>Neque</strong></span> <span class='ocrx_word' id='word_1_266' title='bbox 1596 1965 1739 2020; x_wconf 91' lang='lat' dir='ltr'><strong>enim</strong></span> <span class='ocrx_word' id='word_1_267' title='bbox 1785 1967 1863 2021; x_wconf 88' lang='lat' dir='ltr'><strong>sic</strong></span> <span class='ocrx_word' id='word_1_268' title='bbox 1892 1976 2052 2037; x_wconf 84' lang='lat' dir='ltr'><strong>puta-</strong></span> 
     </span>
    </p>
   </div>
   <div class='ocr_carea' id='block_1_35' title="bbox 439 2055 2054 2131">
    <p class='ocr_par' dir='ltr' id='par_1_35' title="bbox 439 2055 2054 2131">
     <span class='ocr_line' id='line_1_35' title="bbox 439 2055 2054 2131; baseline 0.004 -22"><span class='ocrx_word' id='word_1_269' title='bbox 439 2055 585 2110; x_wconf 84' lang='lat' dir='ltr'><strong>mina</strong></span> <span class='ocrx_word' id='word_1_270' title='bbox 617 2066 638 2093; x_wconf 80' lang='grc' dir='ltr'><strong>ο</strong></span> <span class='ocrx_word' id='word_1_271' title='bbox 666 2057 912 2127; x_wconf 68' lang='lat' dir='ltr'><strong>quaedam</strong></span> <span class='ocrx_word' id='word_1_272' title='bbox 961 2058 1260 2129; x_wconf 75' lang='lat' dir='ltr'><strong>colligenda</strong></span> <span class='ocrx_word' id='word_1_273' title='bbox 1310 2070 1455 2124; x_wconf 81' lang='lat' dir='ltr'><strong>sunt,</strong></span> <span class='ocrx_word' id='word_1_274' title='bbox 1484 2068 1542 2113; x_wconf 92' lang='lat' dir='ltr'><strong>ut</strong></span> <span class='ocrx_word' id='word_1_275' title='bbox 1589 2075 1707 2129; x_wconf 82' lang='lat' dir='ltr'><strong>qua:</strong></span> <span class='ocrx_word' id='word_1_276' title='bbox 1752 2059 1956 2131; x_wconf 80' lang='lat' dir='ltr'><strong>integra</strong></span> <span class='ocrx_word' id='word_1_277' title='bbox 1999 2069 2054 2115; x_wconf 90' lang='lat' dir='ltr'><strong>et</strong></span> 
     </span>
    </p>
   </div>
   <div class='ocr_carea' id='block_1_36' title="bbox 441 2150 1145 2210">
    <p class='ocr_par' dir='ltr' id='par_1_36' title="bbox 441 2150 1145 2210">
     <span class='ocr_line' id='line_1_36' title="bbox 441 2150 1145 2210; baseline 0.001 -8"><span class='ocrx_word' id='word_1_278' title='bbox 441 2162 571 2210; x_wconf 71' lang='lat' dir='ltr'><strong>sana</strong></span> <span class='ocrx_word' id='word_1_279' title='bbox 624 2159 745 2203; x_wconf 85' lang='lat' dir='ltr'><strong>sunt</strong></span> <span class='ocrx_word' id='word_1_280' title='bbox 796 2150 1145 2205; x_wconf 81' lang='lat' dir='ltr'><strong>vulnerentur</strong></span> 
     </span>
    </p>
   </div>
   <div class='ocr_carea' id='block_1_37' title="bbox 434 2244 2054 2314">
    <p class='ocr_par' dir='ltr' id='par_1_37' title="bbox 434 2244 2054 2314">
     <span class='ocr_line' id='line_1_37' title="bbox 434 2244 2054 2314; baseline 0.006 -19"><span class='ocrx_word' id='word_1_281' title='bbox 434 2252 522 2296; x_wconf 89' lang='lat' dir='ltr'><strong>est</strong></span> <span class='ocrx_word' id='word_1_282' title='bbox 560 2253 762 2312; x_wconf 78' lang='lat' dir='ltr'><strong>pastor,</strong></span> <span class='ocrx_word' id='word_1_283' title='bbox 825 2244 912 2314; x_wconf 78' lang='lat' dir='ltr'><strong>qui</strong></span> <span class='ocrx_word' id='word_1_284' title='bbox 967 2244 1038 2298; x_wconf 88' lang='lat' dir='ltr'><strong>ita</strong></span> <span class='ocrx_word' id='word_1_285' title='bbox 1098 2244 1371 2300; x_wconf 80' lang='lat' dir='ltr'><strong>mctbidas</strong></span> <span class='ocrx_word' id='word_1_286' title='bbox 1416 2257 1469 2299; x_wconf 89' lang='lat' dir='ltr'><strong>et</strong></span> <span class='ocrx_word' id='word_1_287' title='bbox 1500 2244 1527 2282; x_wconf 69' lang='grc' dir='ltr'><em>ά</em></span> <span class='ocrx_word' id='word_1_288' title='bbox 1566 2255 1844 2303; x_wconf 80' lang='lat' dir='ltr'><strong>contacuts</strong></span> <span class='ocrx_word' id='word_1_289' title='bbox 1919 2264 2054 2304; x_wconf 89' lang='lat' dir='ltr'><strong>oves</strong></span> 
     </span>
    </p>
   </div>
   <div class='ocr_carea' id='block_1_38' title="bbox 443 2323 2053 2410">
    <p class='ocr_par' dir='ltr' id='par_1_38' title="bbox 443 2323 2053 2410">
     <span class='ocr_line' id='line_1_38' title="bbox 443 2323 2053 2410; baseline 0.007 -22"><span class='ocrx_word' id='word_1_290' title='bbox 443 2323 590 2408; x_wconf 69' lang='lat' dir='ltr'><strong>gregi</strong></span> <span class='ocrx_word' id='word_1_291' title='bbox 641 2336 922 2406; x_wconf 73' lang='lat' dir='ltr'><strong>admiscet,</strong></span> <span class='ocrx_word' id='word_1_292' title='bbox 965 2348 1021 2394; x_wconf 88' lang='lat' dir='ltr'><strong>ttt</strong></span> <span class='ocrx_word' id='word_1_293' title='bbox 1058 2354 1272 2410; x_wconf 79' lang='lat' dir='ltr'><strong>gregem</strong></span> <span class='ocrx_word' id='word_1_294' title='bbox 1330 2350 1500 2395; x_wconf 88' lang='lat' dir='ltr'><strong>totum</strong></span> <span class='ocrx_word' id='word_1_295' title='bbox 1564 2342 1687 2395; x_wconf 90' lang='lat' dir='ltr'><strong>mali</strong></span> <span class='ocrx_word' id='word_1_296' title='bbox 1726 2342 2053 2399; x_wconf 67' lang='lat' dir='ltr'><strong>cobazrentis</strong></span> 
     </span>
    </p>
   </div>
   <div class='ocr_carea' id='block_1_39' title="bbox 438 2427 2054 2503">
    <p class='ocr_par' dir='ltr' id='par_1_39' title="bbox 438 2427 2054 2503">
     <span class='ocr_line' id='line_1_39' title="bbox 438 2427 2054 2503; baseline 0.006 -20"><span class='ocrx_word' id='word_1_297' title='bbox 438 2427 791 2487; x_wconf 80' lang='lat' dir='ltr'><strong>afllictatione</strong></span> <span class='ocrx_word' id='word_1_298' title='bbox 818 2434 1150 2488; x_wconf 86' lang='lat' dir='ltr'><strong>contaminet</strong></span> <span class='ocrx_word' id='word_1_299' title='bbox 1182 2442 1226 2487; x_wconf 78' lang='grc' dir='ltr'><strong>ο.</strong></span> <span class='ocrx_word' id='word_1_300' title='bbox 1263 2432 1308 2489; x_wconf 90' lang='grc' dir='ltr'><strong>Ο</strong></span> <span class='ocrx_word' id='word_1_301' title='bbox 1332 2434 1376 2487; x_wconf 88' lang='lat' dir='ltr'><strong>si</strong></span> <span class='ocrx_word' id='word_1_302' title='bbox 1406 2449 1613 2503; x_wconf 80' lang='lat' dir='ltr'><strong>posses,</strong></span> <span class='ocrx_word' id='word_1_303' title='bbox 1649 2436 1813 2491; x_wconf 84' lang='lat' dir='ltr'><strong>frater</strong></span> <span class='ocrx_word' id='word_1_304' title='bbox 1844 2437 2054 2493; x_wconf 86' lang='lat' dir='ltr'><strong>charis-</strong></span> 
     </span>
    </p>
   </div>
   <div class='ocr_carea' id='block_1_40' title="bbox 447 2524 2053 2598">
    <p class='ocr_par' dir='ltr' id='par_1_40' title="bbox 447 2524 2053 2598">
     <span class='ocr_line' id='line_1_40' title="bbox 447 2524 2053 2598; baseline 0.007 -22"><span class='ocrx_word' id='word_1_305' title='bbox 447 2524 606 2587; x_wconf 85' lang='lat' dir='ltr'><strong>sitne,</strong></span> <span class='ocrx_word' id='word_1_306' title='bbox 637 2526 754 2579; x_wconf 88' lang='lat' dir='ltr'><strong>istic</strong></span> <span class='ocrx_word' id='word_1_307' title='bbox 786 2526 1048 2580; x_wconf 75' lang='lat' dir='ltr'><strong>interesse</strong></span> <span class='ocrx_word' id='word_1_308' title='bbox 1078 2526 1380 2590; x_wconf 88' lang='lat' dir='ltr'><strong>nobiscum,</strong></span> <span class='ocrx_word' id='word_1_309' title='bbox 1405 2542 1525 2582; x_wconf 91' lang='lat' dir='ltr'><strong>cum</strong></span> <span class='ocrx_word' id='word_1_310' title='bbox 1550 2530 1695 2597; x_wconf 88' lang='lat' dir='ltr'><strong>pravi</strong></span> <span class='ocrx_word' id='word_1_311' title='bbox 1730 2530 1815 2583; x_wconf 92' lang='lat' dir='ltr'><strong>isti</strong></span> <span class='ocrx_word' id='word_1_312' title='bbox 1849 2540 1905 2584; x_wconf 91' lang='lat' dir='ltr'><strong>et</strong></span> <span class='ocrx_word' id='word_1_313' title='bbox 1931 2546 2053 2598; x_wconf 84' lang='lat' dir='ltr'><strong>per-</strong></span> 
     </span>
    </p>
   </div>
   <div class='ocr_carea' id='block_1_41' title="bbox 437 2613 2052 2692">
    <p class='ocr_par' dir='ltr' id='par_1_41' title="bbox 437 2613 2052 2692">
     <span class='ocr_line' id='line_1_41' title="bbox 437 2613 2052 2692; baseline 0.006 -23"><span class='ocrx_word' id='word_1_314' title='bbox 437 2616 582 2670; x_wconf 79' lang='lat' dir='ltr'><strong>versi</strong></span> <span class='ocrx_word' id='word_1_315' title='bbox 617 2613 727 2671; x_wconf 68' lang='lat' dir='ltr'><strong>lde</strong></span> <span class='ocrx_word' id='word_1_316' title='bbox 754 2619 1046 2673; x_wconf 66' lang='lat' dir='ltr'><strong>schismate</strong></span> <span class='ocrx_word' id='word_1_317' title='bbox 1079 2621 1454 2674; x_wconf 82' lang='lat' dir='ltr'><strong>revertuntur!</strong></span> <span class='ocrx_word' id='word_1_318' title='bbox 1501 2620 1713 2677; x_wconf 81' lang='lat' dir='ltr'><strong>videres</strong></span> <span class='ocrx_word' id='word_1_319' title='bbox 1748 2624 1871 2692; x_wconf 90' lang='lat' dir='ltr'><strong>quis</strong></span> <span class='ocrx_word' id='word_1_320' title='bbox 1920 2625 2052 2679; x_wconf 89' lang='lat' dir='ltr'><strong>mibi</strong></span> 
     </span>
    </p>
   </div>
   <div class='ocr_carea' id='block_1_42' title="bbox 439 2706 2048 2783">
    <p class='ocr_par' dir='ltr' id='par_1_42' title="bbox 439 2706 2048 2783">
     <span class='ocr_line' id='line_1_42' title="bbox 439 2706 2048 2783; baseline 0.004 -20"><span class='ocrx_word' id='word_1_321' title='bbox 439 2706 594 2764; x_wconf 88' lang='lat' dir='ltr'><strong>labor</strong></span> <span class='ocrx_word' id='word_1_322' title='bbox 625 2709 691 2764; x_wconf 90' lang='lat' dir='ltr'><strong>sit</strong></span> <span class='ocrx_word' id='word_1_323' title='bbox 736 2712 1063 2778; x_wconf 83' lang='lat' dir='ltr'><strong>persuadere</strong></span> <span class='ocrx_word' id='word_1_324' title='bbox 1096 2714 1405 2781; x_wconf 85' lang='lat' dir='ltr'><strong>patientiam</strong></span> <span class='ocrx_word' id='word_1_325' title='bbox 1430 2713 1687 2768; x_wconf 82' lang='lat' dir='ltr'><strong>fratribus</strong></span> <span class='ocrx_word' id='word_1_326' title='bbox 1711 2716 1932 2783; x_wconf 83' lang='lat' dir='ltr'><strong>nostris,</strong></span> <span class='ocrx_word' id='word_1_327' title='bbox 1971 2725 2048 2782; x_wconf 92' lang='lat' dir='ltr'><strong>ut,</strong></span> 
     </span>
    </p>
   </div>
   <div class='ocr_carea' id='block_1_43' title="bbox 1205 2152 2056 2210">
    <p class='ocr_par' dir='ltr' id='par_1_43' title="bbox 1205 2152 2056 2210">
     <span class='ocr_line' id='line_1_43' title="bbox 1205 2152 2056 2210; baseline 0.004 -4"><span class='ocrx_word' id='word_1_328' title='bbox 1205 2168 1220 2206; x_wconf 90' lang='lat'><strong>:</strong></span> <span class='ocrx_word' id='word_1_329' title='bbox 1276 2167 1375 2206; x_wconf 88' lang='lat' dir='ltr'><strong>nec</strong></span> <span class='ocrx_word' id='word_1_330' title='bbox 1441 2152 1585 2206; x_wconf 88' lang='lat' dir='ltr'><strong>utilis</strong></span> <span class='ocrx_word' id='word_1_331' title='bbox 1628 2161 1720 2207; x_wconf 92' lang='lat' dir='ltr'><strong>aut</strong></span> <span class='ocrx_word' id='word_1_332' title='bbox 1774 2154 2056 2210; x_wconf 85' lang='lat' dir='ltr'><strong>consultus</strong></span> 
     </span>
    </p>
   </div>
   <div class='ocr_carea' id='block_1_44' title="bbox 2158 1868 3742 1943">
    <p class='ocr_par' dir='ltr' id='par_1_44' title="bbox 2158 1868 3742 1943">
     <span class='ocr_line' id='line_1_44' title="bbox 2158 1868 3742 1943; baseline -0.002 -16"><span class='ocrx_word' id='word_1_333' title='bbox 2158 1871 2251 1927; x_wconf 88' lang='lat' dir='ltr'><strong>sed</strong></span> <span class='ocrx_word' id='word_1_334' title='bbox 2284 1869 2417 1926; x_wconf 81' lang='lat' dir='ltr'><strong>foris</strong></span> <span class='ocrx_word' id='word_1_335' title='bbox 2446 1886 2543 1941; x_wconf 88' lang='lat' dir='ltr'><strong>per</strong></span> <span class='ocrx_word' id='word_1_336' title='bbox 2584 1872 2914 1943; x_wconf 86' lang='lat' dir='ltr'><strong>provinciam</strong></span> <span class='ocrx_word' id='word_1_337' title='bbox 2968 1870 3466 1927; x_wconf 85' lang='lat' dir='ltr'><strong>circumveniendis</strong></span> <span class='ocrx_word' id='word_1_338' title='bbox 3518 1868 3742 1925; x_wconf 82' lang='lat' dir='ltr'><strong>fratribus</strong></span> 
     </span>
    </p>
   </div>
   <div class='ocr_carea' id='block_1_45' title="bbox 2156 1963 3736 2036">
    <p class='ocr_par' dir='ltr' id='par_1_45' title="bbox 2156 1963 3736 2036">
     <span class='ocr_line' id='line_1_45' title="bbox 2156 1963 3736 2036; baseline -0.004 -16"><span class='ocrx_word' id='word_1_339' title='bbox 2156 1974 2209 2021; x_wconf 91' lang='lat' dir='ltr'><strong>et</strong></span> <span class='ocrx_word' id='word_1_340' title='bbox 2240 1964 2542 2035; x_wconf 79' lang='lat' dir='ltr'><strong>spoliandis</strong></span> <span class='ocrx_word' id='word_1_341' title='bbox 2603 1972 2884 2036; x_wconf 81' lang='lat' dir='ltr'><strong>pererrant</strong></span> <span class='ocrx_word' id='word_1_342' title='bbox 2914 1982 2929 2018; x_wconf 91' lang='lat'><strong>:</strong></span> <span class='ocrx_word' id='word_1_343' title='bbox 2959 1977 3013 2020; x_wconf 87' lang='lat' dir='ltr'><strong>et</strong></span> <span class='ocrx_word' id='word_1_344' title='bbox 3049 1965 3301 2019; x_wconf 88' lang='lat' dir='ltr'><strong>omnibus</strong></span> <span class='ocrx_word' id='word_1_345' title='bbox 3326 1963 3441 2034; x_wconf 83' lang='lat' dir='ltr'><strong>jam</strong></span> <span class='ocrx_word' id='word_1_346' title='bbox 3469 1964 3599 2018; x_wconf 83' lang='lat' dir='ltr'><strong>satis</strong></span> <span class='ocrx_word' id='word_1_347' title='bbox 3625 1963 3736 2025; x_wconf 87' lang='lat' dir='ltr'><strong>noti,</strong></span> 
     </span>
    </p>
   </div>
   <div class='ocr_carea' id='block_1_46' title="bbox 2158 2054 3745 2130">
    <p class='ocr_par' dir='ltr' id='par_1_46' title="bbox 2158 2054 3745 2130">
     <span class='ocr_line' id='line_1_46' title="bbox 2158 2054 3745 2130; baseline -0.001 -19"><span class='ocrx_word' id='word_1_348' title='bbox 2158 2066 2321 2130; x_wconf 91' lang='lat' dir='ltr'><strong>atque</strong></span> <span class='ocrx_word' id='word_1_349' title='bbox 2375 2059 2616 2130; x_wconf 89' lang='lat' dir='ltr'><strong>undique</strong></span> <span class='ocrx_word' id='word_1_350' title='bbox 2670 2073 2768 2129; x_wconf 91' lang='lat' dir='ltr'><strong>pro</strong></span> <span class='ocrx_word' id='word_1_351' title='bbox 2826 2059 2937 2114; x_wconf 83' lang='lat' dir='ltr'><strong>suis</strong></span> <span class='ocrx_word' id='word_1_352' title='bbox 2980 2056 3311 2112; x_wconf 86' lang='lat' dir='ltr'><strong>facinoribus</strong></span> <span class='ocrx_word' id='word_1_353' title='bbox 3344 2056 3601 2122; x_wconf 78' lang='lat' dir='ltr'><strong>exclusi,</strong></span> <span class='ocrx_word' id='word_1_354' title='bbox 3642 2054 3745 2112; x_wconf 87' lang='lat' dir='ltr'><strong>illuc</strong></span> 
     </span>
    </p>
   </div>
   <div class='ocr_carea' id='block_1_47' title="bbox 2161 2148 3746 2224">
    <p class='ocr_par' dir='ltr' id='par_1_47' title="bbox 2161 2148 3746 2224">
     <span class='ocr_line' id='line_1_47' title="bbox 2161 2148 3746 2224; baseline -0.003 -18"><span class='ocrx_word' id='word_1_355' title='bbox 2161 2157 2322 2207; x_wconf 89' lang='lat' dir='ltr'><strong>etiam</strong></span> <span class='ocrx_word' id='word_1_356' title='bbox 2351 2152 2417 2207; x_wconf 89' lang='lat' dir='ltr'><strong>ad</strong></span> <span class='ocrx_word' id='word_1_357' title='bbox 2450 2169 2545 2208; x_wconf 84' lang='lat' dir='ltr'><strong>vos</strong></span> <span class='ocrx_word' id='word_1_358' title='bbox 2583 2154 2855 2224; x_wconf 80' lang='lat' dir='ltr'><strong>navigant.</strong></span> <span class='ocrx_word' id='word_1_359' title='bbox 2890 2150 3075 2222; x_wconf 74' lang='lat' dir='ltr'><strong>Neque</strong></span> <span class='ocrx_word' id='word_1_360' title='bbox 3101 2153 3246 2206; x_wconf 83' lang='lat' dir='ltr'><strong>enim</strong></span> <span class='ocrx_word' id='word_1_361' title='bbox 3275 2152 3379 2205; x_wconf 89' lang='lat' dir='ltr'><strong>illis</strong></span> <span class='ocrx_word' id='word_1_362' title='bbox 3411 2160 3588 2221; x_wconf 84' lang='lat' dir='ltr'><strong>potest</strong></span> <span class='ocrx_word' id='word_1_363' title='bbox 3622 2148 3746 2205; x_wconf 81' lang='lat' dir='ltr'><strong>frons</strong></span> 
     </span>
    </p>
   </div>
   <div class='ocr_carea' id='block_1_48' title="bbox 2160 2243 3741 2317">
    <p class='ocr_par' dir='ltr' id='par_1_48' title="bbox 2160 2243 3741 2317">
     <span class='ocr_line' id='line_1_48' title="bbox 2160 2243 3741 2317; baseline -0.003 -14"><span class='ocrx_word' id='word_1_364' title='bbox 2160 2261 2282 2303; x_wconf 88' lang='lat' dir='ltr'><strong>esse</strong></span> <span class='ocrx_word' id='word_1_365' title='bbox 2307 2247 2375 2302; x_wconf 91' lang='lat' dir='ltr'><strong>ad</strong></span> <span class='ocrx_word' id='word_1_366' title='bbox 2418 2263 2517 2303; x_wconf 87' lang='lat' dir='ltr'><strong>nos</strong></span> <span class='ocrx_word' id='word_1_367' title='bbox 2560 2247 2874 2313; x_wconf 83' lang='lat' dir='ltr'><strong>accedendi,</strong></span> <span class='ocrx_word' id='word_1_368' title='bbox 2911 2257 3003 2302; x_wconf 89' lang='lat' dir='ltr'><strong>aut</strong></span> <span class='ocrx_word' id='word_1_369' title='bbox 3053 2246 3193 2317; x_wconf 87' lang='lat' dir='ltr'><strong>apud</strong></span> <span class='ocrx_word' id='word_1_370' title='bbox 3241 2261 3341 2302; x_wconf 91' lang='lat' dir='ltr'><strong>nos</strong></span> <span class='ocrx_word' id='word_1_371' title='bbox 3394 2243 3741 2309; x_wconf 80' lang='lat' dir='ltr'><strong>consistendi;</strong></span> 
     </span>
    </p>
   </div>
   <div class='ocr_carea' id='block_1_49' title="bbox 2162 2338 3748 2414">
    <p class='ocr_par' dir='ltr' id='par_1_49' title="bbox 2162 2338 3748 2414">
     <span class='ocr_line' id='line_1_49' title="bbox 2162 2338 3748 2414; baseline -0.004 -17"><span class='ocrx_word' id='word_1_372' title='bbox 2162 2357 2284 2397; x_wconf 91' lang='lat' dir='ltr'><strong>cum</strong></span> <span class='ocrx_word' id='word_1_373' title='bbox 2319 2343 2426 2397; x_wconf 86' lang='lat' dir='ltr'><strong>sint</strong></span> <span class='ocrx_word' id='word_1_374' title='bbox 2454 2343 2801 2398; x_wconf 79' lang='lat' dir='ltr'><strong>acerbissima</strong></span> <span class='ocrx_word' id='word_1_375' title='bbox 2824 2351 2877 2397; x_wconf 90' lang='lat' dir='ltr'><strong>et</strong></span> <span class='ocrx_word' id='word_1_376' title='bbox 2902 2341 3216 2414; x_wconf 57' lang='lat' dir='ltr'><strong>gravissima</strong></span> <span class='ocrx_word' id='word_1_377' title='bbox 3248 2342 3503 2401; x_wconf 87' lang='lat' dir='ltr'><strong>crimina.</strong></span> <span class='ocrx_word' id='word_1_378' title='bbox 3534 2354 3643 2408; x_wconf 67' lang='lat' dir='ltr'><strong>qum</strong></span> <span class='ocrx_word' id='word_1_379' title='bbox 3685 2338 3748 2392; x_wconf 87' lang='lat' dir='ltr'><strong>eis</strong></span> 
     </span>
    </p>
   </div>
   <div class='ocr_carea' id='block_1_50' title="bbox 2158 2431 3745 2506">
    <p class='ocr_par' dir='ltr' id='par_1_50' title="bbox 2158 2431 3745 2506">
     <span class='ocr_line' id='line_1_50' title="bbox 2158 2431 3745 2506; baseline -0.002 -17"><span class='ocrx_word' id='word_1_380' title='bbox 2158 2451 2186 2489; x_wconf 89' lang='lat' dir='ltr'><strong>a</strong></span> <span class='ocrx_word' id='word_1_381' title='bbox 2219 2435 2472 2491; x_wconf 89' lang='lat' dir='ltr'><strong>fratribtts</strong></span> <span class='ocrx_word' id='word_1_382' title='bbox 2516 2437 2848 2506; x_wconf 80' lang='lat' dir='ltr'><strong>ingerantur.</strong></span> <span class='ocrx_word' id='word_1_383' title='bbox 2883 2434 2941 2490; x_wconf 87' lang='lat' dir='ltr'><strong>Si</strong></span> <span class='ocrx_word' id='word_1_384' title='bbox 2968 2435 3232 2503; x_wconf 89' lang='lat' dir='ltr'><strong>judicium</strong></span> <span class='ocrx_word' id='word_1_385' title='bbox 3288 2444 3537 2489; x_wconf 85' lang='lat' dir='ltr'><strong>nostrum</strong></span> <span class='ocrx_word' id='word_1_386' title='bbox 3582 2431 3745 2487; x_wconf 82' lang='lat' dir='ltr'><strong>voluc-</strong></span> 
     </span>
    </p>
   </div>
   <div class='ocr_carea' id='block_1_51' title="bbox 2159 2525 3747 2599">
    <p class='ocr_par' dir='ltr' id='par_1_51' title="bbox 2159 2525 3747 2599">
     <span class='ocr_line' id='line_1_51' title="bbox 2159 2525 3747 2599; baseline -0.005 -16"><span class='ocrx_word' id='word_1_387' title='bbox 2159 2531 2267 2583; x_wconf 83' lang='lat' dir='ltr'><strong>rint</strong></span> <span class='ocrx_word' id='word_1_388' title='bbox 2288 2528 2543 2598; x_wconf 84' lang='lat' dir='ltr'><strong>experiri,</strong></span> <span class='ocrx_word' id='word_1_389' title='bbox 2588 2529 2827 2583; x_wconf 80' lang='lat' dir='ltr'><strong>veniant.</strong></span> <span class='ocrx_word' id='word_1_390' title='bbox 2877 2529 3115 2599; x_wconf 80' lang='lat' dir='ltr'><strong>[leuique</strong></span> <span class='ocrx_word' id='word_1_391' title='bbox 3138 2530 3182 2583; x_wconf 88' lang='lat' dir='ltr'><strong>si</strong></span> <span class='ocrx_word' id='word_1_392' title='bbox 3215 2542 3320 2598; x_wconf 89' lang='lat' dir='ltr'><strong>qua</strong></span> <span class='ocrx_word' id='word_1_393' title='bbox 3350 2526 3458 2581; x_wconf 90' lang='lat' dir='ltr'><strong>illis</strong></span> <span class='ocrx_word' id='word_1_394' title='bbox 3492 2525 3747 2581; x_wconf 76' lang='lat' dir='ltr'><strong>excusttio</strong></span> 
     </span>
    </p>
   </div>
   <div class='ocr_carea' id='block_1_52' title="bbox 2158 2620 3742 2693">
    <p class='ocr_par' dir='ltr' id='par_1_52' title="bbox 2158 2620 3742 2693">
     <span class='ocr_line' id='line_1_52' title="bbox 2158 2620 3742 2693; baseline -0.004 -16"><span class='ocrx_word' id='word_1_395' title='bbox 2158 2632 2210 2677; x_wconf 91' lang='lat' dir='ltr'><strong>et</strong></span> <span class='ocrx_word' id='word_1_396' title='bbox 2238 2622 2484 2677; x_wconf 85' lang='lat' dir='ltr'><strong>defensio</strong></span> <span class='ocrx_word' id='word_1_397' title='bbox 2517 2632 2691 2693; x_wconf 87' lang='lat' dir='ltr'><strong>potest</strong></span> <span class='ocrx_word' id='word_1_398' title='bbox 2716 2637 2856 2683; x_wconf 86' lang='lat' dir='ltr'><strong>esse.</strong></span> <span class='ocrx_word' id='word_1_399' title='bbox 2913 2620 3189 2677; x_wconf 72' lang='lat' dir='ltr'><strong>videamus</strong></span> <span class='ocrx_word' id='word_1_400' title='bbox 3217 2637 3375 2689; x_wconf 90' lang='lat' dir='ltr'><strong>quem</strong></span> <span class='ocrx_word' id='word_1_401' title='bbox 3422 2621 3742 2676; x_wconf 78' lang='lat' dir='ltr'><strong>balteautsa-</strong></span> 
     </span>
    </p>
   </div>
   <div class='ocr_carea' id='block_1_53' title="bbox 2163 2712 3744 2785">
    <p class='ocr_par' dir='ltr' id='par_1_53' title="bbox 2163 2712 3744 2785">
     <span class='ocr_line' id='line_1_53' title="bbox 2163 2712 3744 2785; baseline -0.005 -14"><span class='ocrx_word' id='word_1_402' title='bbox 2163 2716 2484 2772; x_wconf 87' lang='lat' dir='ltr'><strong>tisfaetiouis</strong></span> <span class='ocrx_word' id='word_1_403' title='bbox 2514 2733 2624 2771; x_wconf 78' lang='lat' dir='ltr'><strong>sua-</strong></span> <span class='ocrx_word' id='word_1_404' title='bbox 2647 2732 2887 2781; x_wconf 83' lang='lat' dir='ltr'><strong>sensum,</strong></span> <span class='ocrx_word' id='word_1_405' title='bbox 2951 2732 3112 2784; x_wconf 89' lang='lat' dir='ltr'><strong>quem</strong></span> <span class='ocrx_word' id='word_1_406' title='bbox 3151 2715 3381 2770; x_wconf 84' lang='lat' dir='ltr'><strong>all&#39;erant</strong></span> <span class='ocrx_word' id='word_1_407' title='bbox 3433 2712 3744 2785; x_wconf 60' lang='lat' dir='ltr'><strong>pendentia:</strong></span> 
     </span>
    </p>
   </div>
   <div class='ocr_carea' id='block_1_54' title="bbox 2160 2805 3745 2878">
    <p class='ocr_par' dir='ltr' id='par_1_54' title="bbox 2160 2805 3745 2878">
     <span class='ocr_line' id='line_1_54' title="bbox 2160 2805 3745 2878; baseline -0.005 -13"><span class='ocrx_word' id='word_1_408' title='bbox 2160 2810 2390 2865; x_wconf 88' lang='lat' dir='ltr'><strong>fraetum</strong></span> <span class='ocrx_word' id='word_1_409' title='bbox 2427 2824 2566 2866; x_wconf 85' lang='lat' dir='ltr'><strong>:nec</strong></span> <span class='ocrx_word' id='word_1_410' title='bbox 2590 2809 2830 2865; x_wconf 87' lang='lat' dir='ltr'><strong>Ecclesia</strong></span> <span class='ocrx_word' id='word_1_411' title='bbox 2873 2809 2994 2863; x_wconf 87' lang='lat' dir='ltr'><strong>istic</strong></span> <span class='ocrx_word' id='word_1_412' title='bbox 3036 2809 3283 2878; x_wconf 87' lang='lat' dir='ltr'><strong>cuiquam</strong></span> <span class='ocrx_word' id='word_1_413' title='bbox 3314 2805 3339 2844; x_wconf 63' lang='grc' dir='ltr'><em>κ</em></span> <span class='ocrx_word' id='word_1_414' title='bbox 3383 2807 3745 2868; x_wconf 85' lang='lat' dir='ltr'><strong>cluditur,ncc</strong></span> 
     </span>
    </p>
   </div>
   <div class='ocr_carea' id='block_1_55' title="bbox 2156 2896 3750 2974">
    <p class='ocr_par' dir='ltr' id='par_1_55' title="bbox 2156 2896 3750 2974">
     <span class='ocr_line' id='line_1_55' title="bbox 2156 2896 3750 2974; baseline -0.006 -16"><span class='ocrx_word' id='word_1_415' title='bbox 2156 2905 2443 2974; x_wconf 85' lang='lat' dir='ltr'><strong>episc0pus</strong></span> <span class='ocrx_word' id='word_1_416' title='bbox 2482 2900 2498 2940; x_wconf 78' lang='lat'>1</span> <span class='ocrx_word' id='word_1_417' title='bbox 2533 2902 2691 2956; x_wconf 89' lang='lat' dir='ltr'><strong>alicui</strong></span> <span class='ocrx_word' id='word_1_418' title='bbox 2722 2902 3018 2973; x_wconf 83' lang='lat' dir='ltr'><strong>denegatur</strong></span> <span class='ocrx_word' id='word_1_419' title='bbox 3046 2918 3060 2965; x_wconf 91' lang='lat'><strong>;</strong></span> <span class='ocrx_word' id='word_1_420' title='bbox 3092 2899 3343 2969; x_wconf 87' lang='lat' dir='ltr'><strong>patientia</strong></span> <span class='ocrx_word' id='word_1_421' title='bbox 3369 2909 3421 2955; x_wconf 87' lang='lat' dir='ltr'><strong>et</strong></span> <span class='ocrx_word' id='word_1_422' title='bbox 3463 2896 3681 2953; x_wconf 77' lang='lat' dir='ltr'><strong>facilitas</strong></span> <span class='ocrx_word' id='word_1_423' title='bbox 3705 2904 3750 2949; x_wconf 89' lang='lat' dir='ltr'><strong>et</strong></span> 
     </span>
    </p>
   </div>
   <div class='ocr_carea' id='block_1_56' title="bbox 437 2801 2054 2878">
    <p class='ocr_par' dir='ltr' id='par_1_56' title="bbox 437 2801 2054 2878">
     <span class='ocr_line' id='line_1_56' title="bbox 437 2801 2054 2878; baseline 0.007 -24"><span class='ocrx_word' id='word_1_424' title='bbox 437 2802 608 2856; x_wconf 89' lang='lat' dir='ltr'><strong>animi</strong></span> <span class='ocrx_word' id='word_1_425' title='bbox 650 2801 841 2859; x_wconf 88' lang='lat' dir='ltr'><strong>dolore</strong></span> <span class='ocrx_word' id='word_1_426' title='bbox 891 2805 1089 2874; x_wconf 90' lang='lat' dir='ltr'><strong>sopito,</strong></span> <span class='ocrx_word' id='word_1_427' title='bbox 1128 2806 1451 2876; x_wconf 86' lang='lat' dir='ltr'><strong>recipiendis</strong></span> <span class='ocrx_word' id='word_1_428' title='bbox 1494 2808 1650 2861; x_wconf 89' lang='lat' dir='ltr'><strong>malis</strong></span> <span class='ocrx_word' id='word_1_429' title='bbox 1694 2808 2054 2878; x_wconf 86' lang='lat' dir='ltr'><strong>curandisque</strong></span> 
     </span>
    </p>
   </div>
   <div class='ocr_carea' id='block_1_57' title="bbox 440 2894 2052 2968">
    <p class='ocr_par' dir='ltr' id='par_1_57' title="bbox 440 2894 2052 2968">
     <span class='ocr_line' id='line_1_57' title="bbox 440 2894 2052 2968; baseline 0.005 -20"><span class='ocrx_word' id='word_1_430' title='bbox 440 2897 804 2950; x_wconf 81' lang='lat' dir='ltr'><strong>couscnliant.</strong></span> <span class='ocrx_word' id='word_1_431' title='bbox 835 2894 1078 2965; x_wconf 85' lang='lat' dir='ltr'><strong>Namque</strong></span> <span class='ocrx_word' id='word_1_432' title='bbox 1111 2906 1167 2951; x_wconf 86' lang='lat' dir='ltr'><strong>ut</strong></span> <span class='ocrx_word' id='word_1_433' title='bbox 1191 2898 1427 2968; x_wconf 82' lang='lat' dir='ltr'><strong>gaudent</strong></span> <span class='ocrx_word' id='word_1_434' title='bbox 1454 2906 1510 2952; x_wconf 82' lang='lat' dir='ltr'><strong>et</strong></span> <span class='ocrx_word' id='word_1_435' title='bbox 1538 2899 1789 2954; x_wconf 67' lang='lat' dir='ltr'><strong>liniantur</strong></span> <span class='ocrx_word' id='word_1_436' title='bbox 1816 2918 1937 2955; x_wconf 92' lang='lat' dir='ltr'><strong>cum</strong></span> <span class='ocrx_word' id='word_1_437' title='bbox 1969 2910 2052 2956; x_wconf 86' lang='lat' dir='ltr'><strong>to-</strong></span> 
     </span>
    </p>
   </div>
   <div class='ocr_carea' id='block_1_58' title="bbox 437 2990 3753 3066">
    <p class='ocr_par' dir='ltr' id='par_1_58' title="bbox 437 2990 3753 3066">
     <span class='ocr_line' id='line_1_58' title="bbox 437 2990 3753 3066; baseline 0.001 -21"><span class='ocrx_word' id='word_1_438' title='bbox 437 2990 687 3045; x_wconf 87' lang='lat' dir='ltr'><strong>lerabiles</strong></span> <span class='ocrx_word' id='word_1_439' title='bbox 735 3000 789 3045; x_wconf 90' lang='lat' dir='ltr'><strong>et</strong></span> <span class='ocrx_word' id='word_1_440' title='bbox 840 2992 1016 3045; x_wconf 87' lang='lat' dir='ltr'><strong>minus</strong></span> <span class='ocrx_word' id='word_1_441' title='bbox 1074 2991 1368 3062; x_wconf 68' lang='lat' dir='ltr'><strong>culpabiles</strong></span> <span class='ocrx_word' id='word_1_442' title='bbox 1420 2993 1691 3060; x_wconf 87' lang='lat' dir='ltr'><strong>redeunt,</strong></span> <span class='ocrx_word' id='word_1_443' title='bbox 1752 2995 1822 3049; x_wconf 85' lang='lat' dir='ltr'><strong>ita</strong></span> <span class='ocrx_word' id='word_1_444' title='bbox 1863 3005 2053 3051; x_wconf 82' lang='lat' dir='ltr'><strong>eontra</strong></span> <span class='ocrx_word' id='word_1_445' title='bbox 2157 2999 2675 3055; x_wconf 82' lang='lat' dir='ltr'><strong>ltutnauilnsnostra</strong></span> <span class='ocrx_word' id='word_1_446' title='bbox 2701 2998 3040 3053; x_wconf 81' lang='lat' dir='ltr'><strong>venientibus</strong></span> <span class='ocrx_word' id='word_1_447' title='bbox 3070 3005 3266 3066; x_wconf 73' lang='lat' dir='ltr'><strong>pra-stu</strong></span> <span class='ocrx_word' id='word_1_448' title='bbox 3292 3005 3395 3052; x_wconf 86' lang='lat' dir='ltr'><strong>est.</strong></span> <span class='ocrx_word' id='word_1_449' title='bbox 3424 2995 3569 3065; x_wconf 82' lang='lat' dir='ltr'><strong>Opto</strong></span> <span class='ocrx_word' id='word_1_450' title='bbox 3588 3006 3753 3047; x_wconf 80' lang='lat' dir='ltr'><strong>omnes</strong></span> 
     </span>
    </p>
   </div>
   <div class='ocr_carea' id='block_1_59' title="bbox 438 3082 3757 3161">
    <p class='ocr_par' dir='ltr' id='par_1_59' title="bbox 438 3082 3757 3161">
     <span class='ocr_line' id='line_1_59' title="bbox 438 3082 3757 3161; baseline 0.001 -26"><span class='ocrx_word' id='word_1_451' title='bbox 438 3082 682 3136; x_wconf 75' lang='lat' dir='ltr'><strong>fremunt</strong></span> <span class='ocrx_word' id='word_1_452' title='bbox 726 3092 782 3137; x_wconf 86' lang='lat' dir='ltr'><strong>et</strong></span> <span class='ocrx_word' id='word_1_453' title='bbox 839 3085 1196 3149; x_wconf 87' lang='lat' dir='ltr'><strong>reluctantur,</strong></span> <span class='ocrx_word' id='word_1_454' title='bbox 1249 3085 1462 3153; x_wconf 79' lang='lat' dir='ltr'><strong>quaties</strong></span> <span class='ocrx_word' id='word_1_455' title='bbox 1520 3086 1947 3146; x_wconf 86' lang='lat' dir='ltr'><strong>inemendabiles</strong></span> <span class='ocrx_word' id='word_1_456' title='bbox 1998 3098 2054 3144; x_wconf 88' lang='lat' dir='ltr'><strong>et</strong></span> <span class='ocrx_word' id='word_1_457' title='bbox 2159 3093 2211 3148; x_wconf 89' lang='lat' dir='ltr'><strong>in</strong></span> <span class='ocrx_word' id='word_1_458' title='bbox 2231 3092 2527 3147; x_wconf 85' lang='lat' dir='ltr'><strong>Ecclesiant</strong></span> <span class='ocrx_word' id='word_1_459' title='bbox 2558 3090 2786 3161; x_wconf 77' lang='lat' dir='ltr'><strong>regredi,</strong></span> <span class='ocrx_word' id='word_1_460' title='bbox 2809 3099 2936 3159; x_wconf 86' lang='lat' dir='ltr'><strong>opto</strong></span> <span class='ocrx_word' id='word_1_461' title='bbox 2957 3090 3240 3145; x_wconf 85' lang='lat' dir='ltr'><strong>universos</strong></span> <span class='ocrx_word' id='word_1_462' title='bbox 3259 3087 3655 3143; x_wconf 85' lang='lat' dir='ltr'><strong>commilitones</strong></span> <span class='ocrx_word' id='word_1_463' title='bbox 3678 3100 3757 3137; x_wconf 88' lang='lat' dir='ltr'><strong>no-</strong></span> 
     </span>
    </p>
   </div>
   <div class='ocr_carea' id='block_1_60' title="bbox 441 3175 3755 3260">
    <p class='ocr_par' dir='ltr' id='par_1_60' title="bbox 441 3175 3755 3260">
     <span class='ocr_line' id='line_1_60' title="bbox 441 3175 3755 3260; baseline 0.001 -29"><span class='ocrx_word' id='word_1_464' title='bbox 441 3179 700 3247; x_wconf 77' lang='lat' dir='ltr'><strong>protervi,</strong></span> <span class='ocrx_word' id='word_1_465' title='bbox 735 3187 790 3232; x_wconf 89' lang='lat' dir='ltr'><strong>et</strong></span> <span class='ocrx_word' id='word_1_466' title='bbox 822 3178 902 3233; x_wconf 85' lang='lat' dir='ltr'><strong>vel</strong></span> <span class='ocrx_word' id='word_1_467' title='bbox 932 3179 1212 3235; x_wconf 84' lang='lat' dir='ltr'><strong>adulteriis</strong></span> <span class='ocrx_word' id='word_1_468' title='bbox 1245 3181 1328 3235; x_wconf 88' lang='lat' dir='ltr'><strong>vel</strong></span> <span class='ocrx_word' id='word_1_469' title='bbox 1358 3180 1638 3236; x_wconf 82' lang='lat' dir='ltr'><strong>sacrificiis</strong></span> <span class='ocrx_word' id='word_1_470' title='bbox 1670 3185 2047 3251; x_wconf 86' lang='lat' dir='ltr'><strong>contaminati,</strong></span> <span class='ocrx_word' id='word_1_471' title='bbox 2079 3198 2124 3260; x_wconf 74' lang='grc' dir='ltr'><strong>ί]</strong></span> <span class='ocrx_word' id='word_1_472' title='bbox 2160 3183 2833 3241; x_wconf 87' lang='lat' dir='ltr'><strong>trosintraCbristicastra</strong></span> <span class='ocrx_word' id='word_1_473' title='bbox 2850 3192 2905 3239; x_wconf 91' lang='lat' dir='ltr'><strong>et</strong></span> <span class='ocrx_word' id='word_1_474' title='bbox 2921 3183 3011 3238; x_wconf 82' lang='lat' dir='ltr'><strong>Dei</strong></span> <span class='ocrx_word' id='word_1_475' title='bbox 3026 3181 3200 3236; x_wconf 89' lang='lat' dir='ltr'><strong>Patris</strong></span> <span class='ocrx_word' id='word_1_476' title='bbox 3219 3175 3755 3236; x_wconf 84' lang='lat' dir='ltr'><strong>domiciliaconclutli:</strong></span> 
     </span>
    </p>
   </div>
   <div class='ocr_carea' id='block_1_61' title="bbox 447 3269 3754 3343">
    <p class='ocr_par' dir='ltr' id='par_1_61' title="bbox 447 3269 3754 3343">
     <span class='ocr_line' id='line_1_61' title="bbox 447 3269 3754 3343; baseline -0.001 -18"><span class='ocrx_word' id='word_1_477' title='bbox 447 3279 502 3325; x_wconf 91' lang='lat' dir='ltr'><strong>et</strong></span> <span class='ocrx_word' id='word_1_478' title='bbox 532 3282 648 3339; x_wconf 89' lang='lat' dir='ltr'><strong>post</strong></span> <span class='ocrx_word' id='word_1_479' title='bbox 681 3270 795 3326; x_wconf 69' lang='lat' dir='ltr'><strong>hmc</strong></span> <span class='ocrx_word' id='word_1_480' title='bbox 826 3271 1003 3327; x_wconf 89' lang='lat' dir='ltr'><strong>adhuc</strong></span> <span class='ocrx_word' id='word_1_481' title='bbox 1031 3274 1252 3343; x_wconf 88' lang='lat' dir='ltr'><strong>insuper</strong></span> <span class='ocrx_word' id='word_1_482' title='bbox 1283 3284 1337 3328; x_wconf 90' lang='lat' dir='ltr'><strong>et</strong></span> <span class='ocrx_word' id='word_1_483' title='bbox 1363 3276 1603 3341; x_wconf 86' lang='lat' dir='ltr'><strong>superbi,</strong></span> <span class='ocrx_word' id='word_1_484' title='bbox 1637 3276 1716 3331; x_wconf 91' lang='lat' dir='ltr'><strong>sic</strong></span> <span class='ocrx_word' id='word_1_485' title='bbox 1760 3275 1826 3330; x_wconf 88' lang='lat' dir='ltr'><strong>ad</strong></span> <span class='ocrx_word' id='word_1_486' title='bbox 1864 3276 2052 3333; x_wconf 57' lang='lat' dir='ltr'><strong>Eccle.</strong></span> <span class='ocrx_word' id='word_1_487' title='bbox 2155 3278 2393 3335; x_wconf 82' lang='lat' dir='ltr'><strong>Remitto</strong></span> <span class='ocrx_word' id='word_1_488' title='bbox 2422 3278 2623 3343; x_wconf 87' lang='lat' dir='ltr'><strong>omnia,</strong></span> <span class='ocrx_word' id='word_1_489' title='bbox 2651 3277 2817 3332; x_wconf 90' lang='lat' dir='ltr'><strong>ntulta</strong></span> <span class='ocrx_word' id='word_1_490' title='bbox 2840 3274 3143 3337; x_wconf 84' lang='lat' dir='ltr'><strong>dissimulo,</strong></span> <span class='ocrx_word' id='word_1_491' title='bbox 3176 3274 3354 3328; x_wconf 84' lang='lat' dir='ltr'><strong>studio</strong></span> <span class='ocrx_word' id='word_1_492' title='bbox 3378 3284 3427 3328; x_wconf 89' lang='lat' dir='ltr'><strong>et</strong></span> <span class='ocrx_word' id='word_1_493' title='bbox 3454 3283 3583 3328; x_wconf 88' lang='lat' dir='ltr'><strong>voto</strong></span> <span class='ocrx_word' id='word_1_494' title='bbox 3618 3269 3754 3325; x_wconf 84' lang='lat' dir='ltr'><strong>colli-</strong></span> 
     </span>
    </p>
   </div>
   <div class='ocr_carea' id='block_1_62' title="bbox 449 3366 3755 3444">
    <p class='ocr_par' dir='ltr' id='par_1_62' title="bbox 449 3366 3755 3444">
     <span class='ocr_line' id='line_1_62' title="bbox 449 3366 3755 3444; baseline -0.001 -24"><span class='ocrx_word' id='word_1_495' title='bbox 449 3367 585 3420; x_wconf 90' lang='lat' dir='ltr'><strong>siam</strong></span> <span class='ocrx_word' id='word_1_496' title='bbox 612 3374 873 3435; x_wconf 88' lang='lat' dir='ltr'><strong>remeant,</strong></span> <span class='ocrx_word' id='word_1_497' title='bbox 931 3377 986 3421; x_wconf 91' lang='lat' dir='ltr'><strong>ut</strong></span> <span class='ocrx_word' id='word_1_498' title='bbox 1042 3368 1180 3422; x_wconf 87' lang='lat' dir='ltr'><strong>bona</strong></span> <span class='ocrx_word' id='word_1_499' title='bbox 1223 3370 1365 3422; x_wconf 88' lang='lat' dir='ltr'><strong>intus</strong></span> <span class='ocrx_word' id='word_1_500' title='bbox 1424 3369 1634 3440; x_wconf 81' lang='lat' dir='ltr'><strong>ingenia</strong></span> <span class='ocrx_word' id='word_1_501' title='bbox 1685 3380 2053 3442; x_wconf 87' lang='lat' dir='ltr'><strong>corrumpant.</strong></span> <span class='ocrx_word' id='word_1_502' title='bbox 2154 3375 2345 3444; x_wconf 64' lang='lat' dir='ltr'><strong>genitae</strong></span> <span class='ocrx_word' id='word_1_503' title='bbox 2374 3366 3755 3441; x_wconf 71' lang='lat' dir='ltr'><strong>fraternitatis,etiatnquteittDeumeutnmissasunt</strong></span> 
     </span>
    </p>
   </div>
   <div class='ocr_carea' id='block_1_63' title="bbox 1675 3484 2541 3545">
    <p class='ocr_par' dir='ltr' id='par_1_63' title="bbox 1675 3484 2541 3545">
     <span class='ocr_line' id='line_1_63' title="bbox 1675 3484 2541 3545; baseline 0.006 -6"><span class='ocrx_word' id='word_1_504' title='bbox 1675 3484 2060 3544; x_wconf 85' lang='lat' dir='ltr'><strong>LECTIONES</strong></span> <span class='ocrx_word' id='word_1_505' title='bbox 2123 3487 2541 3545; x_wconf 80' lang='lat' dir='ltr'><strong>VARIANTES.</strong></span> 
     </span>
    </p>
   </div>
   <div class='ocr_carea' id='block_1_64' title="bbox 518 3595 1700 3710">
    <p class='ocr_par' dir='ltr' id='par_1_64' title="bbox 518 3595 1700 3710">
     <span class='ocr_line' id='line_1_64' title="bbox 518 3595 1700 3650; baseline 0.003 -4"><span class='ocrx_word' id='word_1_506' title='bbox 518 3599 546 3628; x_wconf 73' lang='grc'><strong>⁸</strong></span> <span class='ocrx_word' id='word_1_507' title='bbox 572 3598 671 3647; x_wconf 77' lang='lat' dir='ltr'><strong>Aut</strong></span> <span class='ocrx_word' id='word_1_508' title='bbox 688 3595 923 3648; x_wconf 82' lang='lat' dir='ltr'><strong>fratribus</strong></span> <span class='ocrx_word' id='word_1_509' title='bbox 947 3598 1081 3648; x_wconf 88' lang='lat' dir='ltr'><strong>Lam.</strong></span> <span class='ocrx_word' id='word_1_510' title='bbox 1110 3597 1235 3649; x_wconf 82' lang='lat' dir='ltr'><strong>Bod.</strong></span> <span class='ocrx_word' id='word_1_511' title='bbox 1261 3598 1311 3647; x_wconf 76' lang='lat'><strong>2.</strong></span> <span class='ocrx_word' id='word_1_512' title='bbox 1347 3598 1494 3650; x_wconf 85' lang='lat' dir='ltr'><strong>Ebor.</strong></span> <span class='ocrx_word' id='word_1_513' title='bbox 1523 3599 1632 3650; x_wconf 78' lang='grc' dir='ltr'><strong>ΝΟ.</strong></span> <span class='ocrx_word' id='word_1_514' title='bbox 1654 3602 1700 3650; x_wconf 77' lang='grc'><strong>1.</strong></span> 
     </span>
     <span class='ocr_line' id='line_1_65' title="bbox 520 3658 1676 3710; baseline 0 0"><span class='ocrx_word' id='word_1_515' title='bbox 520 3658 550 3698; x_wconf 76' lang='grc'><strong>1³</strong></span> <span class='ocrx_word' id='word_1_516' title='bbox 578 3660 683 3710; x_wconf 75' lang='lat' dir='ltr'><strong>Non</strong></span> <span class='ocrx_word' id='word_1_517' title='bbox 723 3666 952 3710; x_wconf 79' lang='lat' dir='ltr'><strong>possunt.</strong></span> <span class='ocrx_word' id='word_1_518' title='bbox 1004 3661 1102 3710; x_wconf 79' lang='lat' dir='ltr'><strong>nisi</strong></span> <span class='ocrx_word' id='word_1_519' title='bbox 1138 3676 1250 3710; x_wconf 89' lang='lat' dir='ltr'><strong>cum</strong></span> <span class='ocrx_word' id='word_1_520' title='bbox 1287 3662 1516 3710; x_wconf 83' lang='lat' dir='ltr'><strong>seandalo</strong></span> <span class='ocrx_word' id='word_1_521' title='bbox 1542 3664 1676 3710; x_wconf 78' lang='lat' dir='ltr'><strong>Lam.</strong></span> 
     </span>
    </p>
   </div>
   <div class='ocr_carea' id='block_1_65' title="bbox 455 3724 814 3774">
    <p class='ocr_par' dir='ltr' id='par_1_65' title="bbox 455 3724 814 3774">
     <span class='ocr_line' id='line_1_66' title="bbox 455 3724 814 3774; baseline -0.006 0"><span class='ocrx_word' id='word_1_522' title='bbox 455 3724 601 3774; x_wconf 82' lang='lat' dir='ltr'><strong>Eltor.</strong></span> <span class='ocrx_word' id='word_1_523' title='bbox 629 3725 738 3774; x_wconf 81' lang='lat' dir='ltr'><strong>NG.</strong></span> <span class='ocrx_word' id='word_1_524' title='bbox 772 3726 814 3773; x_wconf 87' lang='lat' dir='ltr'><strong>l.</strong></span> 
     </span>
    </p>
   </div>
   <div class='ocr_carea' id='block_1_66' title="bbox 520 3784 2061 3854">
    <p class='ocr_par' dir='ltr' id='par_1_66' title="bbox 520 3784 2061 3854">
     <span class='ocr_line' id='line_1_67' title="bbox 520 3784 2061 3854; baseline 0.006 -21"><span class='ocrx_word' id='word_1_525' title='bbox 520 3788 543 3817; x_wconf 74' lang='grc' dir='ltr'><strong><em>ο</em></strong></span> <span class='ocrx_word' id='word_1_526' title='bbox 576 3787 856 3854; x_wconf 58' lang='lat' dir='ltr'><strong>Pugnantia</strong></span> <span class='ocrx_word' id='word_1_527' title='bbox 909 3788 1026 3837; x_wconf 76' lang='lat' dir='ltr'><strong>Ver.</strong></span> <span class='ocrx_word' id='word_1_528' title='bbox 1058 3784 1296 3850; x_wconf 83' lang='lat' dir='ltr'><strong>fragmina</strong></span> <span class='ocrx_word' id='word_1_529' title='bbox 1336 3788 1467 3838; x_wconf 82' lang='lat' dir='ltr'><strong>Lam.</strong></span> <span class='ocrx_word' id='word_1_530' title='bbox 1514 3790 1634 3840; x_wconf 79' lang='lat' dir='ltr'><strong>Ben.</strong></span> <span class='ocrx_word' id='word_1_531' title='bbox 1666 3790 1792 3841; x_wconf 84' lang='lat' dir='ltr'><strong>Bod.</strong></span> <span class='ocrx_word' id='word_1_532' title='bbox 1839 3792 1882 3853; x_wconf 89' lang='lat' dir='ltr'><strong>l,</strong></span> <span class='ocrx_word' id='word_1_533' title='bbox 1926 3792 1975 3854; x_wconf 75' lang='lat'><strong>2,</strong></span> <span class='ocrx_word' id='word_1_534' title='bbox 2014 3792 2061 3843; x_wconf 79' lang='grc'><strong>5.</strong></span> 
     </span>
    </p>
   </div>
   <div class='ocr_carea' id='block_1_67' title="bbox 462 3847 776 3901">
    <p class='ocr_par' dir='ltr' id='par_1_67' title="bbox 462 3847 776 3901">
     <span class='ocr_line' id='line_1_68' title="bbox 462 3847 776 3901; baseline -0.006 -3"><span class='ocrx_word' id='word_1_535' title='bbox 462 3847 565 3901; x_wconf 83' lang='lat' dir='ltr'><strong>Litt.</strong></span> <span class='ocrx_word' id='word_1_536' title='bbox 592 3850 699 3901; x_wconf 70' lang='grc' dir='ltr'><strong>ΝΟ.</strong></span> <span class='ocrx_word' id='word_1_537' title='bbox 727 3848 776 3896; x_wconf 75' lang='lat'><strong>2.</strong></span> 
     </span>
    </p>
   </div>
   <div class='ocr_carea' id='block_1_68' title="bbox 524 3910 2059 3970">
    <p class='ocr_par' dir='ltr' id='par_1_68' title="bbox 524 3910 2059 3970">
     <span class='ocr_line' id='line_1_69' title="bbox 524 3910 2059 3970; baseline 0.003 -7"><span class='ocrx_word' id='word_1_538' title='bbox 524 3910 550 3951; x_wconf 73' lang='grc' dir='ltr'>(ι</span> <span class='ocrx_word' id='word_1_539' title='bbox 576 3911 871 3963; x_wconf 77' lang='lat' dir='ltr'><strong>COntraetas.</strong></span> <span class='ocrx_word' id='word_1_540' title='bbox 900 3910 1163 3970; x_wconf 78' lang='lat' dir='ltr'><strong>Compend.</strong></span> <span class='ocrx_word' id='word_1_541' title='bbox 1195 3924 1286 3963; x_wconf 80' lang='lat' dir='ltr'><strong>ms.</strong></span> <span class='ocrx_word' id='word_1_542' title='bbox 1314 3913 1458 3963; x_wconf 82' lang='lat' dir='ltr'><strong>Ideni</strong></span> <span class='ocrx_word' id='word_1_543' title='bbox 1487 3912 1651 3965; x_wconf 80' lang='lat' dir='ltr'><strong>habuit</strong></span> <span class='ocrx_word' id='word_1_544' title='bbox 1692 3923 1733 3966; x_wconf 84' lang='lat' dir='ltr'><strong>et</strong></span> <span class='ocrx_word' id='word_1_545' title='bbox 1787 3915 1929 3967; x_wconf 86' lang='lat' dir='ltr'><strong>Corb.</strong></span> <span class='ocrx_word' id='word_1_546' title='bbox 1972 3918 2059 3968; x_wconf 85' lang='lat' dir='ltr'><strong>sed</strong></span> 
     </span>
    </p>
   </div>
   <div class='ocr_carea' id='block_1_69' title="bbox 458 3970 1432 4039">
    <p class='ocr_par' dir='ltr' id='par_1_69' title="bbox 458 3970 1432 4039">
     <span class='ocr_line' id='line_1_70' title="bbox 458 3970 1432 4039; baseline 0 -14"><span class='ocrx_word' id='word_1_547' title='bbox 458 3974 660 4039; x_wconf 77' lang='lat' dir='ltr'><strong>subinde</strong></span> <span class='ocrx_word' id='word_1_548' title='bbox 682 3973 733 4025; x_wconf 85' lang='lat' dir='ltr'><strong>in</strong></span> <span class='ocrx_word' id='word_1_549' title='bbox 770 3986 827 4025; x_wconf 87' lang='lat' dir='ltr'><strong>eo</strong></span> <span class='ocrx_word' id='word_1_550' title='bbox 850 3970 1010 4039; x_wconf 76' lang='lat' dir='ltr'><strong>littera</strong></span> <span class='ocrx_word' id='word_1_551' title='bbox 1034 3990 1056 4022; x_wconf 90' lang='lat' dir='ltr'><strong>r</strong></span> <span class='ocrx_word' id='word_1_552' title='bbox 1081 3982 1325 4039; x_wconf 70' lang='lat' dir='ltr'><strong>expuncto</strong></span> <span class='ocrx_word' id='word_1_553' title='bbox 1347 3982 1432 4027; x_wconf 82' lang='lat' dir='ltr'><strong>est.</strong></span> 
     </span>
    </p>
   </div>
   <div class='ocr_carea' id='block_1_70' title="bbox 532 4036 2062 4092">
    <p class='ocr_par' dir='ltr' id='par_1_70' title="bbox 532 4036 2062 4092">
     <span class='ocr_line' id='line_1_71' title="bbox 532 4036 2062 4092; baseline 0.003 -5"><span class='ocrx_word' id='word_1_554' title='bbox 532 4041 555 4069; x_wconf 70' lang='grc' dir='ltr'>θ</span> <span class='ocrx_word' id='word_1_555' title='bbox 583 4038 688 4087; x_wconf 71' lang='lat' dir='ltr'><strong>Non</strong></span> <span class='ocrx_word' id='word_1_556' title='bbox 704 4036 931 4087; x_wconf 75' lang='lat' dir='ltr'><strong>attendas</strong></span> <span class='ocrx_word' id='word_1_557' title='bbox 952 4036 1209 4088; x_wconf 75' lang='lat' dir='ltr'><strong>numerum</strong></span> <span class='ocrx_word' id='word_1_558' title='bbox 1246 4040 1455 4088; x_wconf 86' lang='lat' dir='ltr'><strong>illorum.</strong></span> <span class='ocrx_word' id='word_1_559' title='bbox 1477 4039 1654 4090; x_wconf 80' lang='lat' dir='ltr'><strong>Melior</strong></span> <span class='ocrx_word' id='word_1_560' title='bbox 1680 4046 1758 4091; x_wconf 84' lang='lat' dir='ltr'><strong>est</strong></span> <span class='ocrx_word' id='word_1_561' title='bbox 1783 4043 1914 4091; x_wconf 86' lang='lat' dir='ltr'><strong>enim</strong></span> <span class='ocrx_word' id='word_1_562' title='bbox 1936 4056 2062 4092; x_wconf 83' lang='lat' dir='ltr'><strong>unus</strong></span> 
     </span>
    </p>
   </div>
   <div class='ocr_carea' id='block_1_71' title="bbox 462 4099 2062 4163">
    <p class='ocr_par' dir='ltr' id='par_1_71' title="bbox 462 4099 2062 4163">
     <span class='ocr_line' id='line_1_72' title="bbox 462 4099 2062 4163; baseline 0.003 -12"><span class='ocrx_word' id='word_1_563' title='bbox 462 4102 661 4162; x_wconf 73' lang='lat' dir='ltr'><strong>timens,</strong></span> <span class='ocrx_word' id='word_1_564' title='bbox 685 4115 829 4163; x_wconf 89' lang='lat' dir='ltr'><strong>quam</strong></span> <span class='ocrx_word' id='word_1_565' title='bbox 867 4099 999 4163; x_wconf 84' lang='lat' dir='ltr'><strong>mille</strong></span> <span class='ocrx_word' id='word_1_566' title='bbox 1039 4100 1121 4150; x_wconf 89' lang='lat' dir='ltr'><strong>lilii</strong></span> <span class='ocrx_word' id='word_1_567' title='bbox 1150 4103 1301 4163; x_wconf 80' lang='lat' dir='ltr'><strong>impii,</strong></span> <span class='ocrx_word' id='word_1_568' title='bbox 1340 4104 1469 4152; x_wconf 90' lang='lat' dir='ltr'><strong>sicut</strong></span> <span class='ocrx_word' id='word_1_569' title='bbox 1503 4103 1695 4153; x_wconf 82' lang='lat' dir='ltr'><strong>locutus</strong></span> <span class='ocrx_word' id='word_1_570' title='bbox 1728 4114 1805 4153; x_wconf 81' lang='lat' dir='ltr'><strong>est</strong></span> <span class='ocrx_word' id='word_1_571' title='bbox 1826 4105 2062 4156; x_wconf 84' lang='lat' dir='ltr'><strong>Dominus</strong></span> 
     </span>
    </p>
   </div>
   <div class='ocr_carea' id='block_1_72' title="bbox 465 4162 2058 4228">
    <p class='ocr_par' dir='ltr' id='par_1_72' title="bbox 465 4162 2058 4228">
     <span class='ocr_line' id='line_1_73' title="bbox 465 4162 2058 4228; baseline 0.004 -17"><span class='ocrx_word' id='word_1_572' title='bbox 465 4177 559 4228; x_wconf 81' lang='lat' dir='ltr'><strong>per</strong></span> <span class='ocrx_word' id='word_1_573' title='bbox 586 4163 882 4228; x_wconf 75' lang='lat' dir='ltr'><strong>Propltelatu</strong></span> <span class='ocrx_word' id='word_1_574' title='bbox 903 4162 1077 4228; x_wconf 86' lang='lat' dir='ltr'><strong>dicens</strong></span> <span class='ocrx_word' id='word_1_575' title='bbox 1101 4178 1112 4212; x_wconf 88' lang='lat'>:</span> <span class='ocrx_word' id='word_1_576' title='bbox 1146 4163 1253 4225; x_wconf 76' lang='lat' dir='ltr'><strong>Fili,</strong></span> <span class='ocrx_word' id='word_1_577' title='bbox 1280 4179 1345 4214; x_wconf 86' lang='lat' dir='ltr'><strong>ne</strong></span> <span class='ocrx_word' id='word_1_578' title='bbox 1364 4167 1651 4228; x_wconf 69' lang='lat' dir='ltr'><strong>jucunderis</strong></span> <span class='ocrx_word' id='word_1_579' title='bbox 1677 4169 1722 4216; x_wconf 90' lang='lat' dir='ltr'><strong>in</strong></span> <span class='ocrx_word' id='word_1_580' title='bbox 1750 4166 1861 4218; x_wconf 88' lang='lat' dir='ltr'><strong>filiis</strong></span> <span class='ocrx_word' id='word_1_581' title='bbox 1880 4170 2058 4228; x_wconf 54' lang='lat' dir='ltr'><strong>initiis,</strong></span> 
     </span>
    </p>
   </div>
   <div class='ocr_carea' id='block_1_73' title="bbox 468 4225 2063 4294">
    <p class='ocr_par' dir='ltr' id='par_1_73' title="bbox 468 4225 2063 4294">
     <span class='ocr_line' id='line_1_74' title="bbox 468 4225 2063 4294; baseline 0.004 -19"><span class='ocrx_word' id='word_1_582' title='bbox 468 4227 510 4275; x_wconf 87' lang='lat' dir='ltr'><strong>si</strong></span> <span class='ocrx_word' id='word_1_583' title='bbox 536 4225 926 4289; x_wconf 82' lang='lat' dir='ltr'><strong>multiplicemur</strong></span> <span class='ocrx_word' id='word_1_584' title='bbox 957 4227 1071 4287; x_wconf 89' lang='lat' dir='ltr'><strong>tibi,</strong></span> <span class='ocrx_word' id='word_1_585' title='bbox 1113 4241 1223 4277; x_wconf 86' lang='lat' dir='ltr'><strong>cum</strong></span> <span class='ocrx_word' id='word_1_586' title='bbox 1257 4225 1537 4280; x_wconf 57' lang='lat' dir='ltr'><strong>nou&#39;fuerit</strong></span> <span class='ocrx_word' id='word_1_587' title='bbox 1563 4233 1707 4279; x_wconf 84' lang='lat' dir='ltr'><strong>timor</strong></span> <span class='ocrx_word' id='word_1_588' title='bbox 1730 4230 1826 4279; x_wconf 87' lang='lat' dir='ltr'><strong>Dei</strong></span> <span class='ocrx_word' id='word_1_589' title='bbox 1859 4231 1907 4280; x_wconf 91' lang='lat' dir='ltr'><strong>in</strong></span> <span class='ocrx_word' id='word_1_590' title='bbox 1941 4225 2063 4294; x_wconf 83' lang='lat' dir='ltr'><strong>ipsis</strong></span> 
     </span>
    </p>
   </div>
   <div class='ocr_carea' id='block_1_74' title="bbox 723 3661 2063 3729">
    <p class='ocr_par' dir='ltr' id='par_1_74' title="bbox 723 3661 2063 3729">
     <span class='ocr_line' id='line_1_75' title="bbox 723 3661 2063 3729; baseline 0.007 -21"><span class='ocrx_word' id='word_1_591' title='bbox 723 3666 952 3729; x_wconf 79' lang='lat' dir='ltr'><strong>possunt,</strong></span> <span class='ocrx_word' id='word_1_592' title='bbox 1004 3661 1102 3711; x_wconf 78' lang='lat' dir='ltr'><strong>nisi</strong></span> <span class='ocrx_word' id='word_1_593' title='bbox 1138 3676 1250 3711; x_wconf 89' lang='lat' dir='ltr'><strong>cum</strong></span> <span class='ocrx_word' id='word_1_594' title='bbox 1287 3662 1516 3712; x_wconf 85' lang='lat' dir='ltr'><strong>seandalo</strong></span> <span class='ocrx_word' id='word_1_595' title='bbox 1542 3664 1676 3714; x_wconf 81' lang='lat' dir='ltr'><strong>Lam.</strong></span> <span class='ocrx_word' id='word_1_596' title='bbox 1705 3664 1828 3716; x_wconf 86' lang='lat' dir='ltr'><strong>Bod.</strong></span> <span class='ocrx_word' id='word_1_597' title='bbox 1857 3666 1904 3729; x_wconf 84' lang='grc'><strong>1,</strong></span> <span class='ocrx_word' id='word_1_598' title='bbox 1942 3665 1988 3729; x_wconf 75' lang='lat'><strong>2,</strong></span> <span class='ocrx_word' id='word_1_599' title='bbox 2014 3666 2063 3716; x_wconf 77' lang='grc'><strong>5.</strong></span> 
     </span>
    </p>
   </div>
   <div class='ocr_carea' id='block_1_75' title="bbox 2164 3604 2307 3656">
    <p class='ocr_par' dir='ltr' id='par_1_75' title="bbox 2164 3604 2307 3656">
     <span class='ocr_line' id='line_1_76' title="bbox 2164 3604 2307 3656; baseline 0.007 -3"><span class='ocrx_word' id='word_1_600' title='bbox 2164 3604 2307 3656; x_wconf 78' lang='lat' dir='ltr'><strong>Foss.</strong></span> 
     </span>
    </p>
   </div>
   <div class='ocr_carea' id='block_1_76' title="bbox 2234 3664 2730 3717">
    <p class='ocr_par' dir='ltr' id='par_1_76' title="bbox 2234 3664 2730 3717">
     <span class='ocr_line' id='line_1_77' title="bbox 2234 3664 2730 3717; baseline -0.004 0"><span class='ocrx_word' id='word_1_601' title='bbox 2234 3664 2255 3704; x_wconf 71' lang='grc' dir='ltr'>ί</span> <span class='ocrx_word' id='word_1_602' title='bbox 2282 3667 2521 3717; x_wconf 86' lang='lat' dir='ltr'><strong>Subversi</strong></span> <span class='ocrx_word' id='word_1_603' title='bbox 2552 3668 2730 3717; x_wconf 80' lang='lat' dir='ltr'><strong>Beneu.</strong></span> 
     </span>
    </p>
   </div>
   <div class='ocr_carea' id='block_1_77' title="bbox 2232 3729 2829 3780">
    <p class='ocr_par' dir='ltr' id='par_1_77' title="bbox 2232 3729 2829 3780">
     <span class='ocr_line' id='line_1_78' title="bbox 2232 3729 2829 3780; baseline -0.005 0"><span class='ocrx_word' id='word_1_604' title='bbox 2232 3732 2258 3772; x_wconf 73' lang='grc' dir='ltr'><strong><em>κ</em></strong></span> <span class='ocrx_word' id='word_1_605' title='bbox 2284 3730 2603 3780; x_wconf 82' lang='lat' dir='ltr'><strong>Obtettdente</strong></span> <span class='ocrx_word' id='word_1_606' title='bbox 2631 3729 2755 3780; x_wconf 86' lang='lat' dir='ltr'><strong>Bod.</strong></span> <span class='ocrx_word' id='word_1_607' title='bbox 2781 3729 2829 3777; x_wconf 77' lang='lat'><strong>3.</strong></span> 
     </span>
    </p>
   </div>
   <div class='ocr_carea' id='block_1_78' title="bbox 2229 3789 3686 3856">
    <p class='ocr_par' dir='ltr' id='par_1_78' title="bbox 2229 3789 3686 3856">
     <span class='ocr_line' id='line_1_79' title="bbox 2229 3789 3686 3856; baseline 0 -15"><span class='ocrx_word' id='word_1_608' title='bbox 2229 3791 2261 3831; x_wconf 74' lang='grc' dir='ltr'><strong>ιι</strong></span> <span class='ocrx_word' id='word_1_609' title='bbox 2284 3793 2524 3845; x_wconf 82' lang='lat' dir='ltr'><strong>Fuerunt.</strong></span> <span class='ocrx_word' id='word_1_610' title='bbox 2550 3795 2633 3856; x_wconf 86' lang='lat' dir='ltr'><strong>qui</strong></span> <span class='ocrx_word' id='word_1_611' title='bbox 2660 3808 2752 3842; x_wconf 87' lang='lat' dir='ltr'><strong>nec</strong></span> <span class='ocrx_word' id='word_1_612' title='bbox 2774 3790 2919 3842; x_wconf 86' lang='lat' dir='ltr'><strong>ﬁdem</strong></span> <span class='ocrx_word' id='word_1_613' title='bbox 2948 3793 3080 3856; x_wconf 81' lang='lat' dir='ltr'><strong>Lam.</strong></span> <span class='ocrx_word' id='word_1_614' title='bbox 3112 3790 3260 3842; x_wconf 85' lang='lat' dir='ltr'><strong>Ebor.</strong></span> <span class='ocrx_word' id='word_1_615' title='bbox 3288 3789 3415 3842; x_wconf 86' lang='lat' dir='ltr'><strong>Bod.</strong></span> <span class='ocrx_word' id='word_1_616' title='bbox 3436 3790 3484 3841; x_wconf 74' lang='grc' dir='ltr'><strong>Ξ.</strong></span> <span class='ocrx_word' id='word_1_617' title='bbox 3513 3791 3618 3843; x_wconf 79' lang='lat' dir='ltr'><strong>NC.</strong></span> <span class='ocrx_word' id='word_1_618' title='bbox 3644 3792 3686 3843; x_wconf 83' lang='lat' dir='ltr'><strong>l.</strong></span> 
     </span>
    </p>
   </div>
   <div class='ocr_carea' id='block_1_79' title="bbox 2235 3854 3147 3917">
    <p class='ocr_par' dir='ltr' id='par_1_79' title="bbox 2235 3854 3147 3917">
     <span class='ocr_line' id='line_1_80' title="bbox 2235 3854 3147 3917; baseline -0.003 -13"><span class='ocrx_word' id='word_1_619' title='bbox 2235 3856 2254 3897; x_wconf 70' lang='grc' dir='ltr'><strong>ί</strong></span> <span class='ocrx_word' id='word_1_620' title='bbox 2286 3856 2451 3904; x_wconf 85' lang='lat' dir='ltr'><strong>&#39;l‘estis</strong></span> <span class='ocrx_word' id='word_1_621' title='bbox 2477 3854 2584 3912; x_wconf 73' lang='lat' dir='ltr'><strong>ejus</strong></span> <span class='ocrx_word' id='word_1_622' title='bbox 2610 3864 2920 3917; x_wconf 74' lang='lat' dir='ltr'><strong>peceatortnn</strong></span> <span class='ocrx_word' id='word_1_623' title='bbox 2952 3854 3075 3905; x_wconf 81' lang='lat' dir='ltr'><strong>Bod.</strong></span> <span class='ocrx_word' id='word_1_624' title='bbox 3102 3855 3147 3903; x_wconf 75' lang='lat'><strong>2.</strong></span> 
     </span>
    </p>
   </div>
   <div class='ocr_carea' id='block_1_80' title="bbox 2235 3915 3553 3975">
    <p class='ocr_par' dir='ltr' id='par_1_80' title="bbox 2235 3915 3553 3975">
     <span class='ocr_line' id='line_1_81' title="bbox 2235 3915 3553 3975; baseline -0.002 -5"><span class='ocrx_word' id='word_1_625' title='bbox 2235 3921 2248 3970; x_wconf 83' lang='lat' dir='ltr'><strong>l</strong></span> <span class='ocrx_word' id='word_1_626' title='bbox 2286 3919 2366 3968; x_wconf 84' lang='lat' dir='ltr'><strong>Ita</strong></span> <span class='ocrx_word' id='word_1_627' title='bbox 2390 3918 2542 3967; x_wconf 81' lang='lat' dir='ltr'><strong>tto-.tri</strong></span> <span class='ocrx_word' id='word_1_628' title='bbox 2563 3915 2677 3969; x_wconf 63' lang='lat' dir='ltr'><strong>mss.</strong></span> <span class='ocrx_word' id='word_1_629' title='bbox 2705 3919 2765 3967; x_wconf 75' lang='lat' dir='ltr'><strong>At</strong></span> <span class='ocrx_word' id='word_1_630' title='bbox 2790 3915 2928 3975; x_wconf 82' lang='lat' dir='ltr'><strong>editi.</strong></span> <span class='ocrx_word' id='word_1_631' title='bbox 2954 3931 3047 3967; x_wconf 72' lang='lat' dir='ltr'><strong>ncc</strong></span> <span class='ocrx_word' id='word_1_632' title='bbox 3071 3930 3159 3965; x_wconf 80' lang='lat' dir='ltr'><strong>nos</strong></span> <span class='ocrx_word' id='word_1_633' title='bbox 3182 3917 3363 3967; x_wconf 79' lang='lat' dir='ltr'><strong>audent</strong></span> <span class='ocrx_word' id='word_1_634' title='bbox 3389 3917 3553 3968; x_wconf 82' lang='lat' dir='ltr'><strong>alire.</strong></span> 
     </span>
    </p>
   </div>
   <div class='ocr_carea' id='block_1_81' title="bbox 2233 3977 3763 4047">
    <p class='ocr_par' dir='ltr' id='par_1_81' title="bbox 2233 3977 3763 4047">
     <span class='ocr_line' id='line_1_82' title="bbox 2233 3977 3763 4047; baseline -0.003 -16"><span class='ocrx_word' id='word_1_635' title='bbox 2233 3983 2261 4022; x_wconf 80' lang='grc' dir='ltr'><strong>ιι</strong></span> <span class='ocrx_word' id='word_1_636' title='bbox 2291 3977 2421 4047; x_wconf 66' lang='grc' dir='ltr'><strong>Εςιὶζξ</strong></span> <span class='ocrx_word' id='word_1_637' title='bbox 2457 3981 2726 4047; x_wconf 78' lang='lat' dir='ltr'><strong>clauditur:</strong></span> <span class='ocrx_word' id='word_1_638' title='bbox 2752 3978 3110 4047; x_wconf 67' lang='lat' dir='ltr'><strong>refragatuilms</strong></span> <span class='ocrx_word' id='word_1_639' title='bbox 3138 3994 3279 4047; x_wconf 55' lang='lat' dir='ltr'><strong>nisa.</strong></span> <span class='ocrx_word' id='word_1_640' title='bbox 3302 3978 3498 4047; x_wconf 65' lang='lat' dir='ltr'><strong>Deinde</strong></span> <span class='ocrx_word' id='word_1_641' title='bbox 3534 3979 3584 4031; x_wconf 83' lang='lat' dir='ltr'><strong>in</strong></span> <span class='ocrx_word' id='word_1_642' title='bbox 3617 3990 3763 4047; x_wconf 68' lang='lat' dir='ltr'><strong>recen-</strong></span> 
     </span>
    </p>
   </div>
   <div class='ocr_carea' id='block_1_82' title="bbox 2164 4040 3762 4108">
    <p class='ocr_par' dir='ltr' id='par_1_82' title="bbox 2164 4040 3762 4108">
     <span class='ocr_line' id='line_1_83' title="bbox 2164 4040 3762 4108; baseline -0.002 -14"><span class='ocrx_word' id='word_1_643' title='bbox 2164 4041 2291 4095; x_wconf 78' lang='lat' dir='ltr'><strong>tiore</strong></span> <span class='ocrx_word' id='word_1_644' title='bbox 2317 4044 2448 4096; x_wconf 69' lang='lat' dir='ltr'><strong>Colb.</strong></span> <span class='ocrx_word' id='word_1_645' title='bbox 2474 4057 2567 4093; x_wconf 89' lang='lat' dir='ltr'><strong>nec</strong></span> <span class='ocrx_word' id='word_1_646' title='bbox 2593 4040 2843 4107; x_wconf 64' lang='lat' dir='ltr'><strong>episco,.o,</strong></span> <span class='ocrx_word' id='word_1_647' title='bbox 2866 4040 2915 4095; x_wconf 68' lang='lat' dir='ltr'><strong>iit</strong></span> <span class='ocrx_word' id='word_1_648' title='bbox 2939 4041 3229 4106; x_wconf 79' lang='lat' dir='ltr'><strong>quibusdam</strong></span> <span class='ocrx_word' id='word_1_649' title='bbox 3248 4040 3444 4108; x_wconf 78' lang='lat' dir='ltr'><strong>Anglic.</strong></span> <span class='ocrx_word' id='word_1_650' title='bbox 3472 4058 3567 4093; x_wconf 87' lang='lat' dir='ltr'><strong>nec</strong></span> <span class='ocrx_word' id='word_1_651' title='bbox 3593 4046 3762 4108; x_wconf 78' lang='lat' dir='ltr'><strong>episco-</strong></span> 
     </span>
    </p>
   </div>
   <div class='ocr_carea' id='block_1_83' title="bbox 2200 4116 2329 4157">
    <p class='ocr_par' dir='ltr' id='par_1_83' title="bbox 2200 4116 2329 4157">
     <span class='ocr_line' id='line_1_84' title="bbox 2200 4116 2329 4157; baseline 0.008 -1"><span class='ocrx_word' id='word_1_652' title='bbox 2200 4116 2329 4157; x_wconf 83' lang='lat' dir='ltr'><strong>aliis.</strong></span> 
     </span>
    </p>
   </div>
   <div class='ocr_carea' id='block_1_84' title="bbox 2167 4121 3284 4234">
    <p class='ocr_par' dir='ltr' id='par_1_84' title="bbox 2167 4121 3284 4234">
     <span class='ocr_line' id='line_1_85' title="bbox 2167 4121 3284 4234; baseline -0.002 -14"><span class='ocrx_word' id='word_1_653' title='bbox 2167 4121 2603 4234; x_wconf 45' lang='lat' dir='ltr'><strong>painlsjpiseopatns</strong></span> <span class='ocrx_word' id='word_1_654' title='bbox 2627 4171 2805 4220; x_wconf 83' lang='lat' dir='ltr'><strong>Benev.</strong></span> <span class='ocrx_word' id='word_1_655' title='bbox 2842 4172 2981 4222; x_wconf 78' lang='lat' dir='ltr'><strong>Voss.</strong></span> <span class='ocrx_word' id='word_1_656' title='bbox 3008 4170 3055 4220; x_wconf 74' lang='grc'><strong>2.</strong></span> <span class='ocrx_word' id='word_1_657' title='bbox 3084 4168 3207 4220; x_wconf 83' lang='lat' dir='ltr'><strong>Bod.</strong></span> <span class='ocrx_word' id='word_1_658' title='bbox 3236 4170 3284 4218; x_wconf 81' lang='grc'><strong>5.</strong></span> 
     </span>
    </p>
   </div>
   <div class='ocr_carea' id='block_1_85' title="bbox 1764 4336 2394 4395">
    <p class='ocr_par' dir='ltr' id='par_1_85' title="bbox 1764 4336 2394 4395">
     <span class='ocr_line' id='line_1_86' title="bbox 1764 4336 2394 4395; baseline -0.003 -2"><span class='ocrx_word' id='word_1_659' title='bbox 1764 4336 2128 4395; x_wconf 79' lang='lat' dir='ltr'><strong>VARIORUM</strong></span> <span class='ocrx_word' id='word_1_660' title='bbox 2166 4337 2394 4394; x_wconf 72' lang='grc' dir='ltr'><strong>ΝΟΤᾸΞ.</strong></span> 
     </span>
    </p>
   </div>
   <div class='ocr_carea' id='block_1_86' title="bbox 544 4450 3756 4530">
    <p class='ocr_par' dir='ltr' id='par_1_86' title="bbox 544 4450 3756 4530">
     <span class='ocr_line' id='line_1_87' title="bbox 544 4450 3756 4530; baseline 0 -24"><span class='ocrx_word' id='word_1_661' title='bbox 544 4451 665 4530; x_wconf 76' lang='lat' dir='ltr'><strong>Non</strong></span> <span class='ocrx_word' id='word_1_662' title='bbox 694 4453 909 4530; x_wconf 75' lang='lat' dir='ltr'><strong>possint.</strong></span> <span class='ocrx_word' id='word_1_663' title='bbox 942 4450 999 4507; x_wconf 88' lang='lat' dir='ltr'><strong>lu</strong></span> <span class='ocrx_word' id='word_1_664' title='bbox 1018 4467 1116 4530; x_wconf 82' lang='lat' dir='ltr'><strong>sex</strong></span> <span class='ocrx_word' id='word_1_665' title='bbox 1147 4469 1277 4509; x_wconf 90' lang='lat' dir='ltr'><strong>mss.</strong></span> <span class='ocrx_word' id='word_1_666' title='bbox 1304 4455 1518 4530; x_wconf 57' lang='lat' dir='ltr'><strong>Anglic.</strong></span> <span class='ocrx_word' id='word_1_667' title='bbox 1549 4455 1640 4530; x_wconf 76' lang='lat' dir='ltr'><strong>hic</strong></span> <span class='ocrx_word' id='word_1_668' title='bbox 1660 4454 1918 4530; x_wconf 72' lang='lat' dir='ltr'><strong>adjicitur</strong></span> <span class='ocrx_word' id='word_1_669' title='bbox 1932 4455 2073 4510; x_wconf 81' lang='lat' dir='ltr'><strong>nisi:</strong></span> <span class='ocrx_word' id='word_1_670' title='bbox 2104 4470 2154 4530; x_wconf 81' lang='grc' dir='ltr'>υ</span> <span class='ocrx_word' id='word_1_671' title='bbox 2179 4455 2331 4530; x_wconf 77' lang='lat' dir='ltr'><strong>libris</strong></span> <span class='ocrx_word' id='word_1_672' title='bbox 2355 4456 2657 4530; x_wconf 74' lang='lat' dir='ltr'><strong>veteribus.</strong></span> <span class='ocrx_word' id='word_1_673' title='bbox 2694 4456 2960 4511; x_wconf 64' lang='lat' dir='ltr'><strong>Prteterea</strong></span> <span class='ocrx_word' id='word_1_674' title='bbox 2986 4456 3247 4527; x_wconf 77' lang='lat' dir='ltr'><strong>Rigaltins</strong></span> <span class='ocrx_word' id='word_1_675' title='bbox 3267 4456 3528 4530; x_wconf 81' lang='lat' dir='ltr'><strong>:ulmonct</strong></span> <span class='ocrx_word' id='word_1_676' title='bbox 3551 4471 3608 4511; x_wconf 89' lang='lat' dir='ltr'><strong>se</strong></span> <span class='ocrx_word' id='word_1_677' title='bbox 3635 4454 3756 4530; x_wconf 79' lang='lat' dir='ltr'><strong>illam</strong></span> 
     </span>
    </p>
   </div>
   <div class='ocr_carea' id='block_1_87' title="bbox 470 4524 2077 4595">
    <p class='ocr_par' dir='ltr' id='par_1_87' title="bbox 470 4524 2077 4595">
     <span class='ocr_line' id='line_1_88' title="bbox 470 4524 2077 4595; baseline 0.003 -18"><span class='ocrx_word' id='word_1_678' title='bbox 470 4524 611 4595; x_wconf 87' lang='lat' dir='ltr'><strong>quod</strong></span> <span class='ocrx_word' id='word_1_679' title='bbox 662 4525 866 4580; x_wconf 78' lang='lat' dir='ltr'><strong>abesta</strong></span> <span class='ocrx_word' id='word_1_680' title='bbox 922 4527 1120 4579; x_wconf 87' lang='lat' dir='ltr'><strong>nostris</strong></span> <span class='ocrx_word' id='word_1_681' title='bbox 1170 4540 1306 4589; x_wconf 84' lang='lat' dir='ltr'><strong>mss.</strong></span> <span class='ocrx_word' id='word_1_682' title='bbox 1339 4524 1457 4581; x_wconf 80' lang='lat' dir='ltr'><strong>Mox</strong></span> <span class='ocrx_word' id='word_1_683' title='bbox 1511 4526 1733 4580; x_wconf 85' lang='lat' dir='ltr'><strong>totidem</strong></span> <span class='ocrx_word' id='word_1_684' title='bbox 1786 4528 2077 4595; x_wconf 64' lang='grc' dir='ltr'>ιιιοειιῐιινιιηι</span> 
     </span>
    </p>
   </div>
   <div class='ocr_carea' id='block_1_88' title="bbox 471 4597 2074 4668">
    <p class='ocr_par' dir='ltr' id='par_1_88' title="bbox 471 4597 2074 4668">
     <span class='ocr_line' id='line_1_89' title="bbox 471 4597 2074 4668; baseline 0.003 -19"><span class='ocrx_word' id='word_1_685' title='bbox 471 4599 729 4668; x_wconf 74' lang='lat' dir='ltr'><strong>fragmina</strong></span> <span class='ocrx_word' id='word_1_686' title='bbox 764 4612 862 4665; x_wconf 89' lang='lat' dir='ltr'><strong>pro</strong></span> <span class='ocrx_word' id='word_1_687' title='bbox 886 4613 1017 4652; x_wconf 85' lang='lat' dir='ltr'><strong>voce</strong></span> <span class='ocrx_word' id='word_1_688' title='bbox 1041 4602 1329 4668; x_wconf 81' lang='lat' dir='ltr'><strong>putamina,</strong></span> <span class='ocrx_word' id='word_1_689' title='bbox 1363 4600 1517 4665; x_wconf 86' lang='lat' dir='ltr'><strong>cujus</strong></span> <span class='ocrx_word' id='word_1_690' title='bbox 1544 4598 1665 4652; x_wconf 70' lang='lat' dir='ltr'><strong>loco</strong></span> <span class='ocrx_word' id='word_1_691' title='bbox 1708 4612 1840 4663; x_wconf 71' lang='lat' dir='ltr'><strong>mss.</strong></span> <span class='ocrx_word' id='word_1_692' title='bbox 1874 4597 2074 4653; x_wconf 77' lang='lat' dir='ltr'><strong>Veron.</strong></span> 
     </span>
    </p>
   </div>
   <div class='ocr_carea' id='block_1_89' title="bbox 469 4666 2076 4741">
    <p class='ocr_par' dir='ltr' id='par_1_89' title="bbox 469 4666 2076 4741">
     <span class='ocr_line' id='line_1_90' title="bbox 469 4666 2076 4741; baseline 0 -17"><span class='ocrx_word' id='word_1_693' title='bbox 469 4666 578 4723; x_wconf 81' lang='lat' dir='ltr'><strong>duo</strong></span> <span class='ocrx_word' id='word_1_694' title='bbox 599 4669 754 4723; x_wconf 81' lang='lat' dir='ltr'><strong>(:olb.</strong></span> <span class='ocrx_word' id='word_1_695' title='bbox 788 4685 996 4723; x_wconf 77' lang='lat' dir='ltr'><strong>neran</strong></span> <span class='ocrx_word' id='word_1_696' title='bbox 1025 4666 1189 4723; x_wconf 87' lang='lat' dir='ltr'><strong>Corb.</strong></span> <span class='ocrx_word' id='word_1_697' title='bbox 1227 4686 1254 4723; x_wconf 89' lang='lat' dir='ltr'><strong>a</strong></span> <span class='ocrx_word' id='word_1_698' title='bbox 1287 4669 1458 4740; x_wconf 86' lang='lat' dir='ltr'><strong>prima</strong></span> <span class='ocrx_word' id='word_1_699' title='bbox 1497 4686 1657 4726; x_wconf 88' lang='lat' dir='ltr'><strong>manu</strong></span> <span class='ocrx_word' id='word_1_700' title='bbox 1685 4669 1941 4726; x_wconf 79' lang='lat' dir='ltr'><strong>exhibent</strong></span> <span class='ocrx_word' id='word_1_701' title='bbox 1976 4688 2076 4741; x_wconf 87' lang='lat' dir='ltr'><strong>pn-</strong></span> 
     </span>
    </p>
   </div>
   <div class='ocr_carea' id='block_1_90' title="bbox 470 4740 1057 4795">
    <p class='ocr_par' dir='ltr' id='par_1_90' title="bbox 470 4740 1057 4795">
     <span class='ocr_line' id='line_1_91' title="bbox 470 4740 1057 4795; baseline 0.003 -2"><span class='ocrx_word' id='word_1_702' title='bbox 470 4741 710 4795; x_wconf 85' lang='lat' dir='ltr'><strong>tramina.</strong></span> <span class='ocrx_word' id='word_1_703' title='bbox 752 4740 1057 4795; x_wconf 68' lang='lat' dir='ltr'><strong>Consum.</strong></span> 
     </span>
    </p>
   </div>
   <div class='ocr_carea' id='block_1_91' title="bbox 543 4811 2070 4878">
    <p class='ocr_par' dir='ltr' id='par_1_91' title="bbox 543 4811 2070 4878">
     <span class='ocr_line' id='line_1_92' title="bbox 543 4811 2070 4878; baseline 0.003 -12"><span class='ocrx_word' id='word_1_704' title='bbox 543 4811 637 4866; x_wconf 77' lang='lat' dir='ltr'><strong>XV</strong></span> <span class='ocrx_word' id='word_1_705' title='bbox 678 4812 883 4866; x_wconf 77' lang='lat' dir='ltr'><strong>—Nisi</strong></span> <span class='ocrx_word' id='word_1_706' title='bbox 910 4830 1026 4866; x_wconf 82' lang='lat' dir='ltr'><strong>cum</strong></span> <span class='ocrx_word' id='word_1_707' title='bbox 1053 4813 1526 4869; x_wconf 68' lang='lat' dir='ltr'><strong>scandalaNocem</strong></span> <span class='ocrx_word' id='word_1_708' title='bbox 1557 4813 1677 4878; x_wconf 80' lang='lat' dir='ltr'><strong>nisi,</strong></span> <span class='ocrx_word' id='word_1_709' title='bbox 1706 4829 1824 4877; x_wconf 77' lang='lat' dir='ltr'><strong>nine</strong></span> <span class='ocrx_word' id='word_1_710' title='bbox 1854 4812 2070 4869; x_wconf 86' lang='lat' dir='ltr'><strong>videba-</strong></span> 
     </span>
    </p>
   </div>
   <div class='ocr_carea' id='block_1_92' title="bbox 470 4884 2070 4952">
    <p class='ocr_par' dir='ltr' id='par_1_92' title="bbox 470 4884 2070 4952">
     <span class='ocr_line' id='line_1_93' title="bbox 470 4884 2070 4952; baseline 0.002 -15"><span class='ocrx_word' id='word_1_711' title='bbox 470 4891 558 4937; x_wconf 86' lang='lat' dir='ltr'><strong>tur</strong></span> <span class='ocrx_word' id='word_1_712' title='bbox 586 4885 778 4939; x_wconf 81' lang='lat' dir='ltr'><strong>deesse</strong></span> <span class='ocrx_word' id='word_1_713' title='bbox 826 4886 874 4937; x_wconf 93' lang='lat' dir='ltr'><strong>in</strong></span> <span class='ocrx_word' id='word_1_714' title='bbox 911 4884 1013 4939; x_wconf 79' lang='lat' dir='ltr'><strong>hoc</strong></span> <span class='ocrx_word' id='word_1_715' title='bbox 1041 4886 1176 4948; x_wconf 88' lang='lat' dir='ltr'><strong>loco,</strong></span> <span class='ocrx_word' id='word_1_716' title='bbox 1212 4886 1554 4952; x_wconf 79' lang='lat' dir='ltr'><strong>reposuimus</strong></span> <span class='ocrx_word' id='word_1_717' title='bbox 1582 4885 1751 4940; x_wconf 74' lang='lat' dir='ltr'><strong>secuti</strong></span> <span class='ocrx_word' id='word_1_718' title='bbox 1780 4894 2070 4941; x_wconf 83' lang='lat' dir='ltr'><strong>auctorita-</strong></span> 
     </span>
    </p>
   </div>
   <div class='ocr_carea' id='block_1_93' title="bbox 470 4957 1786 5025">
    <p class='ocr_par' dir='ltr' id='par_1_93' title="bbox 470 4957 1786 5025">
     <span class='ocr_line' id='line_1_94' title="bbox 470 4957 1786 5025; baseline 0.002 -18"><span class='ocrx_word' id='word_1_719' title='bbox 470 4963 577 5025; x_wconf 87' lang='lat' dir='ltr'><strong>tem</strong></span> <span class='ocrx_word' id='word_1_720' title='bbox 606 4968 835 5023; x_wconf 81' lang='lat' dir='ltr'><strong>quatuor</strong></span> <span class='ocrx_word' id='word_1_721' title='bbox 861 4966 1111 5011; x_wconf 70' lang='lat' dir='ltr'><strong>veterum</strong></span> <span class='ocrx_word' id='word_1_722' title='bbox 1138 4958 1556 5025; x_wconf 66' lang='lat' dir='ltr'><strong>estentplartutn.</strong></span> <span class='ocrx_word' id='word_1_723' title='bbox 1587 4957 1786 5012; x_wconf 77' lang='grc' dir='ltr'><strong>ΒΑιυῑ.</strong></span> 
     </span>
    </p>
   </div>
   <div class='ocr_carea' id='block_1_94' title="bbox 544 5024 2068 5098">
    <p class='ocr_par' dir='ltr' id='par_1_94' title="bbox 544 5024 2068 5098">
     <span class='ocr_line' id='line_1_95' title="bbox 544 5024 2068 5098; baseline 0.003 -20"><span class='ocrx_word' id='word_1_724' title='bbox 544 5024 861 5081; x_wconf 52' lang='lat' dir='ltr'><strong>l’ntrantina.</strong></span> <span class='ocrx_word' id='word_1_725' title='bbox 895 5028 1033 5084; x_wconf 81' lang='lat' dir='ltr'><strong>l.tfra</strong></span> <span class='ocrx_word' id='word_1_726' title='bbox 1065 5032 1115 5082; x_wconf 90' lang='lat' dir='ltr'><strong>in</strong></span> <span class='ocrx_word' id='word_1_727' title='bbox 1145 5028 1285 5082; x_wconf 79' lang='lat' dir='ltr'><strong>libro</strong></span> <span class='ocrx_word' id='word_1_728' title='bbox 1310 5024 1382 5083; x_wconf 10' lang='lat' dir='ltr'><strong>ide</strong></span> <span class='ocrx_word' id='word_1_729' title='bbox 1412 5027 1615 5098; x_wconf 77' lang='lat' dir='ltr'><strong>ansis,</strong></span> <span class='ocrx_word' id='word_1_730' title='bbox 1666 5045 1785 5098; x_wconf 80' lang='lat' dir='ltr'><strong>pag.</strong></span> <span class='ocrx_word' id='word_1_731' title='bbox 1818 5027 1943 5091; x_wconf 79' lang='grc'><strong>186,</strong></span> <span class='ocrx_word' id='word_1_732' title='bbox 1970 5047 2068 5096; x_wconf 84' lang='lat' dir='ltr'><strong>pn-</strong></span> 
     </span>
    </p>
   </div>
   <div class='ocr_carea' id='block_1_95' title="bbox 462 5101 2065 5170">
    <p class='ocr_par' dir='ltr' id='par_1_95' title="bbox 462 5101 2065 5170">
     <span class='ocr_line' id='line_1_96' title="bbox 462 5101 2065 5170; baseline 0.004 -20"><span class='ocrx_word' id='word_1_733' title='bbox 462 5101 767 5170; x_wconf 74' lang='lat' dir='ltr'><strong>lraminibns</strong></span> <span class='ocrx_word' id='word_1_734' title='bbox 794 5102 1094 5169; x_wconf 80' lang='lat' dir='ltr'><strong>amputatis.</strong></span> <span class='ocrx_word' id='word_1_735' title='bbox 1121 5101 1385 5167; x_wconf 74' lang='lat' dir='ltr'><strong>Quicquid</strong></span> <span class='ocrx_word' id='word_1_736' title='bbox 1415 5102 1505 5155; x_wconf 86' lang='lat' dir='ltr'><strong>alii</strong></span> <span class='ocrx_word' id='word_1_737' title='bbox 1530 5109 1787 5164; x_wconf 62' lang='lat' dir='ltr'><strong>&gt;8ttllattl,</strong></span> <span class='ocrx_word' id='word_1_738' title='bbox 1808 5117 1907 5170; x_wconf 74' lang='lat' dir='ltr'><strong>ego</strong></span> <span class='ocrx_word' id='word_1_739' title='bbox 1939 5113 2065 5168; x_wconf 82' lang='lat' dir='ltr'><strong>puto</strong></span> 
     </span>
    </p>
   </div>
   <div class='ocr_carea' id='block_1_96' title="bbox 463 5166 2062 5240">
    <p class='ocr_par' dir='ltr' id='par_1_96' title="bbox 463 5166 2062 5240">
     <span class='ocr_line' id='line_1_97' title="bbox 463 5166 2062 5240; baseline 0.005 -21"><span class='ocrx_word' id='word_1_740' title='bbox 463 5166 604 5240; x_wconf 80' lang='lat' dir='ltr'><strong>hanc</strong></span> <span class='ocrx_word' id='word_1_741' title='bbox 627 5166 908 5224; x_wconf 86' lang='lat' dir='ltr'><strong>lectionem</strong></span> <span class='ocrx_word' id='word_1_742' title='bbox 940 5188 1060 5226; x_wconf 67' lang='lat' dir='ltr'><strong>essa-</strong></span> <span class='ocrx_word' id='word_1_743' title='bbox 1102 5166 1462 5233; x_wconf 78' lang='lat' dir='ltr'><strong>retinendam,</strong></span> <span class='ocrx_word' id='word_1_744' title='bbox 1510 5188 1629 5225; x_wconf 87' lang='lat' dir='ltr'><strong>cum</strong></span> <span class='ocrx_word' id='word_1_745' title='bbox 1679 5166 1980 5240; x_wconf 67' lang='lat' dir='ltr'><strong>reperiatur</strong></span> <span class='ocrx_word' id='word_1_746' title='bbox 2011 5174 2062 5227; x_wconf 95' lang='lat' dir='ltr'><strong>in</strong></span> 
     </span>
    </p>
   </div>
   <div class='ocr_carea' id='block_1_97' title="bbox 457 5239 2062 5311">
    <p class='ocr_par' dir='ltr' id='par_1_97' title="bbox 457 5239 2062 5311">
     <span class='ocr_line' id='line_1_98' title="bbox 457 5239 2062 5311; baseline 0.004 -19"><span class='ocrx_word' id='word_1_747' title='bbox 457 5239 512 5292; x_wconf 90' lang='lat' dir='ltr'><strong>in</strong></span> <span class='ocrx_word' id='word_1_748' title='bbox 539 5242 790 5295; x_wconf 71' lang='lat' dir='ltr'><strong>omnibus</strong></span> <span class='ocrx_word' id='word_1_749' title='bbox 817 5245 1053 5308; x_wconf 86' lang='lat' dir='ltr'><strong>antiquis</strong></span> <span class='ocrx_word' id='word_1_750' title='bbox 1081 5246 1488 5311; x_wconf 66' lang='lat' dir='ltr'><strong>eXtetttplaribtts</strong></span> <span class='ocrx_word' id='word_1_751' title='bbox 1514 5256 1567 5298; x_wconf 85' lang='lat' dir='ltr'><strong>ct</strong></span> <span class='ocrx_word' id='word_1_752' title='bbox 1598 5244 1647 5298; x_wconf 91' lang='lat' dir='ltr'><strong>in</strong></span> <span class='ocrx_word' id='word_1_753' title='bbox 1682 5239 1917 5311; x_wconf 79' lang='lat' dir='ltr'><strong>antiquis</strong></span> <span class='ocrx_word' id='word_1_754' title='bbox 1945 5244 2062 5299; x_wconf 85' lang='lat' dir='ltr'><strong>edi-</strong></span> 
     </span>
    </p>
   </div>
   <div class='ocr_carea' id='block_1_98' title="bbox 458 5312 2055 5387">
    <p class='ocr_par' dir='ltr' id='par_1_98' title="bbox 458 5312 2055 5387">
     <span class='ocr_line' id='line_1_99' title="bbox 458 5312 2055 5387; baseline 0.004 -23"><span class='ocrx_word' id='word_1_755' title='bbox 458 5313 713 5387; x_wconf 81' lang='lat' dir='ltr'><strong>ttouibus.</strong></span> <span class='ocrx_word' id='word_1_756' title='bbox 766 5312 822 5387; x_wconf 82' lang='lat' dir='ltr'><strong>In</strong></span> <span class='ocrx_word' id='word_1_757' title='bbox 872 5314 1057 5387; x_wconf 73' lang='lat' dir='ltr'><strong>COdlCP</strong></span> <span class='ocrx_word' id='word_1_758' title='bbox 1097 5316 1341 5373; x_wconf 82' lang='lat' dir='ltr'><strong>Latnonii</strong></span> <span class='ocrx_word' id='word_1_759' title='bbox 1390 5316 1599 5387; x_wconf 72' lang='lat' dir='ltr'><strong>legitur,</strong></span> <span class='ocrx_word' id='word_1_760' title='bbox 1638 5316 1716 5371; x_wconf 82' lang='lat' dir='ltr'><strong>vel</strong></span> <span class='ocrx_word' id='word_1_761' title='bbox 1745 5320 2055 5387; x_wconf 77' lang='lat' dir='ltr'><strong>fragmenta,</strong></span> 
     </span>
    </p>
   </div>
   <div class='ocr_carea' id='block_1_99' title="bbox 455 5382 1118 5454">
    <p class='ocr_par' dir='ltr' id='par_1_99' title="bbox 455 5382 1118 5454">
     <span class='ocr_line' id='line_1_100' title="bbox 455 5382 1118 5454; baseline 0.012 -19"><span class='ocrx_word' id='word_1_762' title='bbox 455 5382 535 5436; x_wconf 78' lang='lat' dir='ltr'><strong>vel</strong></span> <span class='ocrx_word' id='word_1_763' title='bbox 552 5385 881 5454; x_wconf 73' lang='lat' dir='ltr'><strong>sputamiua.</strong></span> <span class='ocrx_word' id='word_1_764' title='bbox 919 5386 1118 5443; x_wconf 77' lang='lat' dir='ltr'><strong>BALUZ.</strong></span> 
     </span>
    </p>
   </div>
   <div class='ocr_carea' id='block_1_100' title="bbox 526 5453 2056 5528">
    <p class='ocr_par' dir='ltr' id='par_1_100' title="bbox 526 5453 2056 5528">
     <span class='ocr_line' id='line_1_101' title="bbox 526 5453 2056 5528; baseline 0.006 -21"><span class='ocrx_word' id='word_1_765' title='bbox 526 5453 849 5527; x_wconf 25' lang='lat' dir='ltr'><strong>Co’lligeuda.</strong></span> <span class='ocrx_word' id='word_1_766' title='bbox 919 5458 1320 5521; x_wconf 70' lang='lat' dir='ltr'><strong>lllttstrissitntts</strong></span> <span class='ocrx_word' id='word_1_767' title='bbox 1373 5460 1660 5528; x_wconf 57' lang='lat' dir='ltr'><strong>episconns</strong></span> <span class='ocrx_word' id='word_1_768' title='bbox 1730 5458 2056 5516; x_wconf 78' lang='lat' dir='ltr'><strong>Oxoniensis</strong></span> 
     </span>
    </p>
   </div>
   <div class='ocr_carea' id='block_1_101' title="bbox 451 5528 2051 5601">
    <p class='ocr_par' dir='ltr' id='par_1_101' title="bbox 451 5528 2051 5601">
     <span class='ocr_line' id='line_1_102' title="bbox 451 5528 2051 5601; baseline 0.004 -22"><span class='ocrx_word' id='word_1_769' title='bbox 451 5528 673 5595; x_wconf 83' lang='lat' dir='ltr'><strong>putabat</strong></span> <span class='ocrx_word' id='word_1_770' title='bbox 702 5528 864 5582; x_wconf 74' lang='lat' dir='ltr'><strong>scribi</strong></span> <span class='ocrx_word' id='word_1_771' title='bbox 894 5529 1093 5585; x_wconf 69' lang='lat' dir='ltr'><strong>debere</strong></span> <span class='ocrx_word' id='word_1_772' title='bbox 1130 5533 1444 5601; x_wconf 74' lang='lat' dir='ltr'><strong>colligatum.</strong></span> <span class='ocrx_word' id='word_1_773' title='bbox 1480 5532 1676 5587; x_wconf 83' lang='lat' dir='ltr'><strong>Verum</strong></span> <span class='ocrx_word' id='word_1_774' title='bbox 1708 5547 1899 5586; x_wconf 90' lang='lat' dir='ltr'><strong>omnes</strong></span> <span class='ocrx_word' id='word_1_775' title='bbox 1931 5532 2051 5586; x_wconf 89' lang='lat' dir='ltr'><strong>libri</strong></span> 
     </span>
    </p>
   </div>
   <div class='ocr_carea' id='block_1_102' title="bbox 456 5602 2055 5673">
    <p class='ocr_par' dir='ltr' id='par_1_102' title="bbox 456 5602 2055 5673">
     <span class='ocr_line' id='line_1_103' title="bbox 456 5602 2055 5673; baseline 0.003 -22"><span class='ocrx_word' id='word_1_776' title='bbox 456 5609 680 5673; x_wconf 75' lang='lat' dir='ltr'><strong>veteres</strong></span> <span class='ocrx_word' id='word_1_777' title='bbox 700 5611 751 5673; x_wconf 65' lang='lat' dir='ltr'><strong>et</strong></span> <span class='ocrx_word' id='word_1_778' title='bbox 778 5617 967 5654; x_wconf 77' lang='lat' dir='ltr'><strong>tunnes</strong></span> <span class='ocrx_word' id='word_1_779' title='bbox 986 5602 1252 5657; x_wconf 83' lang='lat' dir='ltr'><strong>editiones</strong></span> <span class='ocrx_word' id='word_1_780' title='bbox 1284 5620 1488 5673; x_wconf 81' lang='lat' dir='ltr'><strong>repugn</strong></span> <span class='ocrx_word' id='word_1_781' title='bbox 1530 5602 1944 5657; x_wconf 55' lang='lat' dir='ltr'><strong>nulli-inhartus</strong></span> <span class='ocrx_word' id='word_1_782' title='bbox 1968 5620 2055 5671; x_wconf 83' lang='lat' dir='ltr'><strong>po-</strong></span> 
     </span>
    </p>
   </div>
   <div class='ocr_carea' id='block_1_103' title="bbox 453 5670 2050 5747">
    <p class='ocr_par' dir='ltr' id='par_1_103' title="bbox 453 5670 2050 5747">
     <span class='ocr_line' id='line_1_104' title="bbox 453 5670 2050 5747; baseline 0.004 -22"><span class='ocrx_word' id='word_1_783' title='bbox 453 5670 1159 5747; x_wconf 51' lang='lat' dir='ltr'><strong>Slti_l_tfollt&#39;dettda,ftitjtéper</strong></span> <span class='ocrx_word' id='word_1_784' title='bbox 1200 5670 1441 5747; x_wconf 64' lang='lat' dir='ltr'><strong>t‘l‘l‘tll‘t‘lll</strong></span> <span class='ocrx_word' id='word_1_785' title='bbox 1469 5674 1809 5747; x_wconf 71' lang='lat' dir='ltr'><strong>typttgtaplti.</strong></span> <span class='ocrx_word' id='word_1_786' title='bbox 1846 5670 2050 5733; x_wconf 72' lang='grc' dir='ltr'><strong>ΒΑιὺκ.</strong></span> 
     </span>
    </p>
   </div>
   <div class='ocr_carea' id='block_1_104' title="bbox 523 5740 2044 5817">
    <p class='ocr_par' dir='ltr' id='par_1_104' title="bbox 523 5740 2044 5817">
     <span class='ocr_line' id='line_1_105' title="bbox 523 5740 2044 5817; baseline 0.004 -20"><span class='ocrx_word' id='word_1_787' title='bbox 523 5740 642 5817; x_wconf 77' lang='lat' dir='ltr'><strong>Non</strong></span> <span class='ocrx_word' id='word_1_788' title='bbox 681 5747 936 5798; x_wconf 81' lang='lat' dir='ltr'><strong>attendas.</strong></span> <span class='ocrx_word' id='word_1_789' title='bbox 976 5743 1317 5800; x_wconf 79' lang='lat' dir='ltr'><strong>Rettnuitnns</strong></span> <span class='ocrx_word' id='word_1_790' title='bbox 1365 5740 1506 5802; x_wconf 74' lang='lat' dir='ltr'><strong>hane</strong></span> <span class='ocrx_word' id='word_1_791' title='bbox 1530 5740 1870 5817; x_wconf 38' lang='lat' dir='ltr'><strong>peric—open,</strong></span> <span class='ocrx_word' id='word_1_792' title='bbox 1918 5764 2044 5817; x_wconf 84' lang='lat' dir='ltr'><strong>quia</strong></span> 
     </span>
    </p>
   </div>
   <div class='ocr_carea' id='block_1_105' title="bbox 440 5811 2040 5889">
    <p class='ocr_par' dir='ltr' id='par_1_105' title="bbox 440 5811 2040 5889">
     <span class='ocr_line' id='line_1_106' title="bbox 440 5811 2040 5889; baseline 0.007 -22"><span class='ocrx_word' id='word_1_793' title='bbox 440 5811 587 5868; x_wconf 87' lang='lat' dir='ltr'><strong>illam</strong></span> <span class='ocrx_word' id='word_1_794' title='bbox 624 5815 926 5874; x_wconf 87' lang='lat' dir='ltr'><strong>invenimus</strong></span> <span class='ocrx_word' id='word_1_795' title='bbox 970 5818 1021 5873; x_wconf 92' lang='lat' dir='ltr'><strong>in</strong></span> <span class='ocrx_word' id='word_1_796' title='bbox 1052 5820 1284 5889; x_wconf 85' lang='lat' dir='ltr'><strong>antiquis</strong></span> <span class='ocrx_word' id='word_1_797' title='bbox 1310 5811 1636 5878; x_wconf 71' lang='lat' dir='ltr'><strong>editiouilitts</strong></span> <span class='ocrx_word' id='word_1_798' title='bbox 1686 5811 1821 5876; x_wconf 45' lang='lat' dir='ltr'><strong>et&#39;in</strong></span> <span class='ocrx_word' id='word_1_799' title='bbox 1850 5811 2040 5877; x_wconf 72' lang='lat' dir='ltr'><strong>decem</strong></span> 
     </span>
    </p>
   </div>
   <div class='ocr_carea' id='block_1_106' title="bbox 2188 4525 3762 4597">
    <p class='ocr_par' dir='ltr' id='par_1_106' title="bbox 2188 4525 3762 4597">
     <span class='ocr_line' id='line_1_107' title="bbox 2188 4525 3762 4597; baseline -0.002 -15"><span class='ocrx_word' id='word_1_800' title='bbox 2188 4529 2458 4583; x_wconf 77' lang='lat' dir='ltr'><strong>invenisse</strong></span> <span class='ocrx_word' id='word_1_801' title='bbox 2500 4528 2549 4581; x_wconf 87' lang='lat' dir='ltr'><strong>in</strong></span> <span class='ocrx_word' id='word_1_802' title='bbox 2595 4544 2702 4583; x_wconf 90' lang='lat' dir='ltr'><strong>uno</strong></span> <span class='ocrx_word' id='word_1_803' title='bbox 2750 4525 3339 4597; x_wconf 31' lang='lat' dir='ltr'><strong>exentplari&#39;editionis</strong></span> <span class='ocrx_word' id='word_1_804' title='bbox 3371 4528 3686 4582; x_wconf 71' lang='lat' dir='ltr'><strong>Mantttianze</strong></span> <span class='ocrx_word' id='word_1_805' title='bbox 3720 4525 3762 4577; x_wconf 86' lang='lat' dir='ltr'><strong>in</strong></span> 
     </span>
    </p>
   </div>
   <div class='ocr_carea' id='block_1_107' title="bbox 2185 4600 3759 4669">
    <p class='ocr_par' dir='ltr' id='par_1_107' title="bbox 2185 4600 3759 4669">
     <span class='ocr_line' id='line_1_108' title="bbox 2185 4600 3759 4669; baseline -0.003 -16"><span class='ocrx_word' id='word_1_806' title='bbox 2185 4614 2292 4668; x_wconf 90' lang='lat' dir='ltr'><strong>quo</strong></span> <span class='ocrx_word' id='word_1_807' title='bbox 2317 4616 2379 4654; x_wconf 88' lang='lat' dir='ltr'><strong>ea</strong></span> <span class='ocrx_word' id='word_1_808' title='bbox 2405 4600 2589 4654; x_wconf 88' lang='lat' dir='ltr'><strong>addita</strong></span> <span class='ocrx_word' id='word_1_809' title='bbox 2617 4600 2791 4655; x_wconf 89' lang='lat' dir='ltr'><strong>fuerat</strong></span> <span class='ocrx_word' id='word_1_810' title='bbox 2829 4617 2894 4656; x_wconf 89' lang='lat' dir='ltr'><strong>ex</strong></span> <span class='ocrx_word' id='word_1_811' title='bbox 2928 4601 3161 4669; x_wconf 89' lang='lat' dir='ltr'><strong>quodam</strong></span> <span class='ocrx_word' id='word_1_812' title='bbox 3212 4601 3353 4654; x_wconf 91' lang='lat' dir='ltr'><strong>libro</strong></span> <span class='ocrx_word' id='word_1_813' title='bbox 3387 4602 3579 4654; x_wconf 87' lang='lat' dir='ltr'><strong>veteri.</strong></span> <span class='ocrx_word' id='word_1_814' title='bbox 3612 4600 3669 4651; x_wconf 57' lang='lat' dir='ltr'><strong>lit</strong></span> <span class='ocrx_word' id='word_1_815' title='bbox 3693 4606 3759 4649; x_wconf 82' lang='lat' dir='ltr'><strong>ta-</strong></span> 
     </span>
    </p>
   </div>
   <div class='ocr_carea' id='block_1_108' title="bbox 2184 4671 3751 4736">
    <p class='ocr_par' dir='ltr' id='par_1_108' title="bbox 2184 4671 3751 4736">
     <span class='ocr_line' id='line_1_109' title="bbox 2184 4671 3751 4736; baseline -0.004 -12"><span class='ocrx_word' id='word_1_816' title='bbox 2184 4689 2305 4725; x_wconf 83' lang='lat' dir='ltr'><strong>nien</strong></span> <span class='ocrx_word' id='word_1_817' title='bbox 2340 4688 2455 4725; x_wconf 80' lang='lat' dir='ltr'><strong>eam</strong></span> <span class='ocrx_word' id='word_1_818' title='bbox 2482 4688 2585 4725; x_wconf 76' lang='lat' dir='ltr'><strong>neu</strong></span> <span class='ocrx_word' id='word_1_819' title='bbox 2613 4672 2788 4735; x_wconf 82' lang='lat' dir='ltr'><strong>posuit</strong></span> <span class='ocrx_word' id='word_1_820' title='bbox 2821 4673 2872 4726; x_wconf 91' lang='lat' dir='ltr'><strong>in</strong></span> <span class='ocrx_word' id='word_1_821' title='bbox 2903 4682 3184 4736; x_wconf 79' lang='lat' dir='ltr'><strong>contexui,</strong></span> <span class='ocrx_word' id='word_1_822' title='bbox 3220 4671 3313 4725; x_wconf 88' lang='lat' dir='ltr'><strong>sed</strong></span> <span class='ocrx_word' id='word_1_823' title='bbox 3343 4674 3486 4726; x_wconf 86' lang='lat' dir='ltr'><strong>inter</strong></span> <span class='ocrx_word' id='word_1_824' title='bbox 3512 4672 3751 4724; x_wconf 77' lang='lat' dir='ltr'><strong>observa-</strong></span> 
     </span>
    </p>
   </div>
   <div class='ocr_carea' id='block_1_109' title="bbox 2182 4742 3763 4815">
    <p class='ocr_par' dir='ltr' id='par_1_109' title="bbox 2182 4742 3763 4815">
     <span class='ocr_line' id='line_1_110' title="bbox 2182 4742 3763 4815; baseline -0.003 -19"><span class='ocrx_word' id='word_1_825' title='bbox 2182 4744 2377 4798; x_wconf 82' lang='lat' dir='ltr'><strong>tiones.</strong></span> <span class='ocrx_word' id='word_1_826' title='bbox 2409 4743 2685 4798; x_wconf 78' lang='lat' dir='ltr'><strong>Manucius</strong></span> <span class='ocrx_word' id='word_1_827' title='bbox 2706 4760 2824 4798; x_wconf 88' lang='lat' dir='ltr'><strong>eam</strong></span> <span class='ocrx_word' id='word_1_828' title='bbox 2856 4743 3139 4815; x_wconf 84' lang='lat' dir='ltr'><strong>rejecerat,</strong></span> <span class='ocrx_word' id='word_1_829' title='bbox 3197 4742 3443 4797; x_wconf 64' lang='lat' dir='ltr'><strong>laudatus</strong></span> <span class='ocrx_word' id='word_1_830' title='bbox 3502 4752 3763 4815; x_wconf 77' lang='lat' dir='ltr'><strong>propterea</strong></span> 
     </span>
    </p>
   </div>
   <div class='ocr_carea' id='block_1_110' title="bbox 2179 4810 3762 4885">
    <p class='ocr_par' dir='ltr' id='par_1_110' title="bbox 2179 4810 3762 4885">
     <span class='ocr_line' id='line_1_111' title="bbox 2179 4810 3762 4885; baseline -0.003 -19"><span class='ocrx_word' id='word_1_831' title='bbox 2179 4830 2206 4867; x_wconf 72' lang='grc' dir='ltr'>ει</span> <span class='ocrx_word' id='word_1_832' title='bbox 2281 4815 2540 4873; x_wconf 86' lang='lat' dir='ltr'><strong>Pamclio.</strong></span> <span class='ocrx_word' id='word_1_833' title='bbox 2608 4824 2716 4868; x_wconf 89' lang='lat' dir='ltr'><strong>tum</strong></span> <span class='ocrx_word' id='word_1_834' title='bbox 2774 4810 3007 4885; x_wconf 46' lang='lat' dir='ltr'><strong>quiaIut</strong></span> <span class='ocrx_word' id='word_1_835' title='bbox 3056 4816 3144 4870; x_wconf 88' lang='lat' dir='ltr'><strong>ille</strong></span> <span class='ocrx_word' id='word_1_836' title='bbox 3200 4822 3294 4877; x_wconf 83' lang='lat' dir='ltr'><strong>ait.</strong></span> <span class='ocrx_word' id='word_1_837' title='bbox 3344 4810 3679 4869; x_wconf 79' lang='lat' dir='ltr'><strong>desideratur</strong></span> <span class='ocrx_word' id='word_1_838' title='bbox 3721 4810 3762 4885; x_wconf 76' lang='lat' dir='ltr'><strong>in</strong></span> 
     </span>
    </p>
   </div>
   <div class='ocr_carea' id='block_1_111' title="bbox 2177 4880 3762 4957">
    <p class='ocr_par' dir='ltr' id='par_1_111' title="bbox 2177 4880 3762 4957">
     <span class='ocr_line' id='line_1_112' title="bbox 2177 4880 3762 4957; baseline -0.001 -16"><span class='ocrx_word' id='word_1_839' title='bbox 2177 4889 2561 4955; x_wconf 80' lang='lat' dir='ltr'><strong>mattuscriptis</strong></span> <span class='ocrx_word' id='word_1_840' title='bbox 2588 4880 2859 4951; x_wconf 77' lang='lat' dir='ltr'><strong>omnibus,</strong></span> <span class='ocrx_word' id='word_1_841' title='bbox 2906 4902 3015 4941; x_wconf 90' lang='lat' dir='ltr'><strong>ttnn</strong></span> <span class='ocrx_word' id='word_1_842' title='bbox 3048 4887 3191 4957; x_wconf 88' lang='lat' dir='ltr'><strong>quod</strong></span> <span class='ocrx_word' id='word_1_843' title='bbox 3238 4886 3370 4940; x_wconf 89' lang='lat' dir='ltr'><strong>niltil</strong></span> <span class='ocrx_word' id='word_1_844' title='bbox 3402 4888 3509 4941; x_wconf 85' lang='lat' dir='ltr'><strong>boc</strong></span> <span class='ocrx_word' id='word_1_845' title='bbox 3556 4887 3667 4940; x_wconf 72' lang='lat' dir='ltr'><strong>loco</strong></span> <span class='ocrx_word' id='word_1_846' title='bbox 3708 4880 3762 4933; x_wconf 65' lang='lat' dir='ltr'><strong>tul</strong></span> 
     </span>
    </p>
   </div>
   <div class='ocr_carea' id='block_1_112' title="bbox 2176 4958 3759 5014">
    <p class='ocr_par' dir='ltr' id='par_1_112' title="bbox 2176 4958 3759 5014">
     <span class='ocr_line' id='line_1_113' title="bbox 2176 4958 3759 5014; baseline -0.004 -3"><span class='ocrx_word' id='word_1_847' title='bbox 2176 4958 2481 5013; x_wconf 85' lang='lat' dir='ltr'><strong>institutum</strong></span> <span class='ocrx_word' id='word_1_848' title='bbox 2513 4958 2692 5014; x_wconf 83' lang='lat' dir='ltr'><strong>facere</strong></span> <span class='ocrx_word' id='word_1_849' title='bbox 2716 4961 2947 5013; x_wconf 88' lang='lat' dir='ltr'><strong>videtur.</strong></span> <span class='ocrx_word' id='word_1_850' title='bbox 2977 4960 3235 5014; x_wconf 81' lang='lat' dir='ltr'><strong>Mutasset</strong></span> <span class='ocrx_word' id='word_1_851' title='bbox 3265 4960 3401 5013; x_wconf 58' lang='lat' dir='ltr'><strong>forte</strong></span> <span class='ocrx_word' id='word_1_852' title='bbox 3453 4958 3759 5012; x_wconf 68' lang='grc' dir='ltr'>διιιιιειιιῐτιιιι</span> 
     </span>
    </p>
   </div>
   <div class='ocr_carea' id='block_1_113' title="bbox 2171 5027 3760 5087">
    <p class='ocr_par' dir='ltr' id='par_1_113' title="bbox 2171 5027 3760 5087">
     <span class='ocr_line' id='line_1_114' title="bbox 2171 5027 3760 5087; baseline -0.004 -4"><span class='ocrx_word' id='word_1_853' title='bbox 2171 5042 2324 5084; x_wconf 87' lang='lat' dir='ltr'><strong>suam</strong></span> <span class='ocrx_word' id='word_1_854' title='bbox 2371 5030 2663 5087; x_wconf 72' lang='lat' dir='ltr'><strong>Pauwlius.</strong></span> <span class='ocrx_word' id='word_1_855' title='bbox 2710 5031 2755 5085; x_wconf 82' lang='lat' dir='ltr'><strong>si</strong></span> <span class='ocrx_word' id='word_1_856' title='bbox 2786 5030 3035 5086; x_wconf 81' lang='lat' dir='ltr'><strong>scivisset</strong></span> <span class='ocrx_word' id='word_1_857' title='bbox 3080 5032 3223 5085; x_wconf 89' lang='lat' dir='ltr'><strong>illam</strong></span> <span class='ocrx_word' id='word_1_858' title='bbox 3249 5041 3464 5085; x_wconf 79' lang='lat' dir='ltr'><strong>exstare</strong></span> <span class='ocrx_word' id='word_1_859' title='bbox 3508 5030 3560 5083; x_wconf 92' lang='lat' dir='ltr'><strong>in</strong></span> <span class='ocrx_word' id='word_1_860' title='bbox 3596 5027 3760 5081; x_wconf 86' lang='lat' dir='ltr'><strong>decent</strong></span> 
     </span>
    </p>
   </div>
   <div class='ocr_carea' id='block_1_114' title="bbox 2167 5098 3754 5171">
    <p class='ocr_par' dir='ltr' id='par_1_114' title="bbox 2167 5098 3754 5171">
     <span class='ocr_line' id='line_1_115' title="bbox 2167 5098 3754 5171; baseline -0.003 -18"><span class='ocrx_word' id='word_1_861' title='bbox 2167 5104 2406 5171; x_wconf 69' lang='lat' dir='ltr'><strong>antiquis</strong></span> <span class='ocrx_word' id='word_1_862' title='bbox 2438 5101 2715 5158; x_wconf 72' lang='lat' dir='ltr'><strong>codicibus</strong></span> <span class='ocrx_word' id='word_1_863' title='bbox 2769 5112 2821 5154; x_wconf 72' lang='lat' dir='ltr'><strong>et</strong></span> <span class='ocrx_word' id='word_1_864' title='bbox 2867 5102 2919 5156; x_wconf 93' lang='lat' dir='ltr'><strong>iu</strong></span> <span class='ocrx_word' id='word_1_865' title='bbox 2974 5118 3039 5156; x_wconf 80' lang='lat' dir='ltr'><strong>eo</strong></span> <span class='ocrx_word' id='word_1_866' title='bbox 3080 5117 3240 5171; x_wconf 87' lang='lat' dir='ltr'><strong>quem</strong></span> <span class='ocrx_word' id='word_1_867' title='bbox 3300 5104 3432 5155; x_wconf 78' lang='lat' dir='ltr'><strong>citat</strong></span> <span class='ocrx_word' id='word_1_868' title='bbox 3490 5098 3754 5169; x_wconf 73' lang='lat' dir='ltr'><strong>Rigaltitts.</strong></span> 
     </span>
    </p>
   </div>
   <div class='ocr_carea' id='block_1_115' title="bbox 2169 5170 3757 5243">
    <p class='ocr_par' dir='ltr' id='par_1_115' title="bbox 2169 5170 3757 5243">
     <span class='ocr_line' id='line_1_116' title="bbox 2169 5170 3757 5243; baseline -0.004 -16"><span class='ocrx_word' id='word_1_869' title='bbox 2169 5170 2446 5228; x_wconf 77' lang='lat' dir='ltr'><strong>Morellius</strong></span> <span class='ocrx_word' id='word_1_870' title='bbox 2474 5191 2579 5227; x_wconf 78' lang='lat' dir='ltr'><strong>non</strong></span> <span class='ocrx_word' id='word_1_871' title='bbox 2626 5175 2876 5242; x_wconf 87' lang='lat' dir='ltr'><strong>probavit</strong></span> <span class='ocrx_word' id='word_1_872' title='bbox 2903 5175 3045 5243; x_wconf 72' lang='lat' dir='ltr'><strong>quod</strong></span> <span class='ocrx_word' id='word_1_873' title='bbox 3075 5170 3273 5228; x_wconf 83' lang='lat' dir='ltr'><strong>factum</strong></span> <span class='ocrx_word' id='word_1_874' title='bbox 3324 5176 3499 5229; x_wconf 83' lang='lat' dir='ltr'><strong>fuerat</strong></span> <span class='ocrx_word' id='word_1_875' title='bbox 3524 5187 3556 5225; x_wconf 88' lang='lat' dir='ltr'><strong>a</strong></span> <span class='ocrx_word' id='word_1_876' title='bbox 3592 5172 3757 5225; x_wconf 78' lang='lat' dir='ltr'><strong>Manu-</strong></span> 
     </span>
    </p>
   </div>
   <div class='ocr_carea' id='block_1_116' title="bbox 2167 5244 3753 5311">
    <p class='ocr_par' dir='ltr' id='par_1_116' title="bbox 2167 5244 3753 5311">
     <span class='ocr_line' id='line_1_117' title="bbox 2167 5244 3753 5311; baseline -0.007 -13"><span class='ocrx_word' id='word_1_877' title='bbox 2167 5245 2265 5301; x_wconf 86' lang='lat' dir='ltr'><strong>lio.</strong></span> <span class='ocrx_word' id='word_1_878' title='bbox 2295 5247 2357 5300; x_wconf 87' lang='lat' dir='ltr'><strong>Et</strong></span> <span class='ocrx_word' id='word_1_879' title='bbox 2383 5247 2527 5299; x_wconf 87' lang='lat' dir='ltr'><strong>enim</strong></span> <span class='ocrx_word' id='word_1_880' title='bbox 2555 5250 2656 5301; x_wconf 88' lang='lat' dir='ltr'><strong>ltuc</strong></span> <span class='ocrx_word' id='word_1_881' title='bbox 2679 5257 3017 5311; x_wconf 73' lang='lat' dir='ltr'><strong>segmentum</strong></span> <span class='ocrx_word' id='word_1_882' title='bbox 3051 5246 3273 5301; x_wconf 85' lang='lat' dir='ltr'><strong>retinuit</strong></span> <span class='ocrx_word' id='word_1_883' title='bbox 3298 5246 3349 5299; x_wconf 88' lang='lat' dir='ltr'><strong>itt</strong></span> <span class='ocrx_word' id='word_1_884' title='bbox 3377 5244 3617 5299; x_wconf 82' lang='lat' dir='ltr'><strong>editione</strong></span> <span class='ocrx_word' id='word_1_885' title='bbox 3651 5257 3753 5311; x_wconf 70' lang='lat' dir='ltr'><strong>sua.</strong></span> 
     </span>
    </p>
   </div>
   <div class='ocr_carea' id='block_1_117' title="bbox 2164 5307 3755 5383">
    <p class='ocr_par' dir='ltr' id='par_1_117' title="bbox 2164 5307 3755 5383">
     <span class='ocr_line' id='line_1_118' title="bbox 2164 5307 3755 5383; baseline -0.004 -12"><span class='ocrx_word' id='word_1_886' title='bbox 2164 5314 2322 5383; x_wconf 72' lang='lat' dir='ltr'><strong>Angli</strong></span> <span class='ocrx_word' id='word_1_887' title='bbox 2366 5318 2689 5371; x_wconf 67' lang='lat' dir='ltr'><strong>omiserunt.</strong></span> <span class='ocrx_word' id='word_1_888' title='bbox 2725 5307 2994 5371; x_wconf 46' lang='lat' dir='ltr'><strong>Caeterum</strong></span> <span class='ocrx_word' id='word_1_889' title='bbox 3040 5318 3306 5372; x_wconf 86' lang='lat' dir='ltr'><strong>silendum</strong></span> <span class='ocrx_word' id='word_1_890' title='bbox 3362 5332 3468 5370; x_wconf 93' lang='lat' dir='ltr'><strong>non</strong></span> <span class='ocrx_word' id='word_1_891' title='bbox 3514 5324 3599 5369; x_wconf 71' lang='lat' dir='ltr'><strong>est</strong></span> <span class='ocrx_word' id='word_1_892' title='bbox 3643 5307 3755 5366; x_wconf 87' lang='lat' dir='ltr'><strong>illud</strong></span> 
     </span>
    </p>
   </div>
   <div class='ocr_carea' id='block_1_118' title="bbox 2160 5387 3590 5445">
    <p class='ocr_par' dir='ltr' id='par_1_118' title="bbox 2160 5387 3590 5445">
     <span class='ocr_line' id='line_1_119' title="bbox 2160 5387 3590 5445; baseline -0.003 -3"><span class='ocrx_word' id='word_1_893' title='bbox 2160 5388 2460 5443; x_wconf 66' lang='lat' dir='ltr'><strong>de~itlerari</strong></span> <span class='ocrx_word' id='word_1_894' title='bbox 2503 5389 2553 5441; x_wconf 92' lang='lat' dir='ltr'><strong>in</strong></span> <span class='ocrx_word' id='word_1_895' title='bbox 2590 5388 2853 5444; x_wconf 81' lang='lat' dir='ltr'><strong>tredecim</strong></span> <span class='ocrx_word' id='word_1_896' title='bbox 2884 5390 3037 5444; x_wconf 87' lang='lat' dir='ltr'><strong>libris</strong></span> <span class='ocrx_word' id='word_1_897' title='bbox 3064 5389 3359 5445; x_wconf 65' lang='lat' dir='ltr'><strong>veteribus.</strong></span> <span class='ocrx_word' id='word_1_898' title='bbox 3392 5387 3590 5443; x_wconf 73' lang='lat' dir='ltr'><strong>BALUZ.</strong></span> 
     </span>
    </p>
   </div>
   <div class='ocr_carea' id='block_1_119' title="bbox 2232 5456 3755 5532">
    <p class='ocr_par' dir='ltr' id='par_1_119' title="bbox 2232 5456 3755 5532">
     <span class='ocr_line' id='line_1_120' title="bbox 2232 5456 3755 5532; baseline -0.005 -17"><span class='ocrx_word' id='word_1_899' title='bbox 2232 5459 2371 5515; x_wconf 76' lang='lat' dir='ltr'><strong>XVI.</strong></span> <span class='ocrx_word' id='word_1_900' title='bbox 2415 5490 2485 5501; x_wconf 89' lang='lat'><strong>—-</strong></span> <span class='ocrx_word' id='word_1_901' title='bbox 2513 5459 2829 5529; x_wconf 64' lang='lat' dir='ltr'><strong>Colligendre</strong></span> <span class='ocrx_word' id='word_1_902' title='bbox 2859 5463 3208 5532; x_wconf 79' lang='lat' dir='ltr'><strong>fraternitatis.</strong></span> <span class='ocrx_word' id='word_1_903' title='bbox 3255 5458 3470 5532; x_wconf 19' lang='lat' dir='ltr'><strong>Codex;</strong></span> <span class='ocrx_word' id='word_1_904' title='bbox 3490 5456 3755 5514; x_wconf 83' lang='lat' dir='ltr'><strong>Gratiano-</strong></span> 
     </span>
    </p>
   </div>
   <div class='ocr_carea' id='block_1_120' title="bbox 2159 5529 3753 5601">
    <p class='ocr_par' dir='ltr' id='par_1_120' title="bbox 2159 5529 3753 5601">
     <span class='ocr_line' id='line_1_121' title="bbox 2159 5529 3753 5601; baseline -0.005 -16"><span class='ocrx_word' id='word_1_905' title='bbox 2159 5535 2431 5601; x_wconf 83' lang='lat' dir='ltr'><strong>polttanus</strong></span> <span class='ocrx_word' id='word_1_906' title='bbox 2486 5533 2714 5586; x_wconf 74' lang='lat' dir='ltr'><strong>unitatis.</strong></span> <span class='ocrx_word' id='word_1_907' title='bbox 2751 5529 2867 5589; x_wconf 79' lang='lat' dir='ltr'><strong>Sed</strong></span> <span class='ocrx_word' id='word_1_908' title='bbox 2890 5534 2990 5586; x_wconf 87' lang='lat' dir='ltr'><strong>alia</strong></span> <span class='ocrx_word' id='word_1_909' title='bbox 3023 5534 3181 5589; x_wconf 84' lang='lat' dir='ltr'><strong>lectio</strong></span> <span class='ocrx_word' id='word_1_910' title='bbox 3208 5532 3419 5589; x_wconf 88' lang='lat' dir='ltr'><strong>melior.</strong></span> <span class='ocrx_word' id='word_1_911' title='bbox 3450 5529 3556 5587; x_wconf 83' lang='lat' dir='ltr'><strong>Ista</strong></span> <span class='ocrx_word' id='word_1_912' title='bbox 3596 5538 3753 5582; x_wconf 83' lang='lat' dir='ltr'><strong>tamen</strong></span> 
     </span>
    </p>
   </div>
   <div class='ocr_carea' id='block_1_121' title="bbox 2155 5604 3015 5672">
    <p class='ocr_par' dir='ltr' id='par_1_121' title="bbox 2155 5604 3015 5672">
     <span class='ocr_line' id='line_1_122' title="bbox 2155 5604 3015 5672; baseline 0.003 -15"><span class='ocrx_word' id='word_1_913' title='bbox 2155 5620 2262 5657; x_wconf 85' lang='lat' dir='ltr'><strong>non</strong></span> <span class='ocrx_word' id='word_1_914' title='bbox 2294 5613 2410 5659; x_wconf 85' lang='lat' dir='ltr'><strong>erat</strong></span> <span class='ocrx_word' id='word_1_915' title='bbox 2441 5604 2780 5672; x_wconf 72' lang='lat' dir='ltr'><strong>negligenda.</strong></span> <span class='ocrx_word' id='word_1_916' title='bbox 2816 5605 3015 5660; x_wconf 70' lang='lat' dir='ltr'><strong>Bawz.</strong></span> 
     </span>
    </p>
   </div>
   <div class='ocr_carea' id='block_1_122' title="bbox 2228 5667 3750 5746">
    <p class='ocr_par' dir='ltr' id='par_1_122' title="bbox 2228 5667 3750 5746">
     <span class='ocr_line' id='line_1_123' title="bbox 2228 5667 3750 5746; baseline -0.003 -16"><span class='ocrx_word' id='word_1_917' title='bbox 2228 5675 2329 5732; x_wconf 78' lang='lat' dir='ltr'><strong>Per</strong></span> <span class='ocrx_word' id='word_1_918' title='bbox 2358 5667 2676 5746; x_wconf 61' lang='lat' dir='ltr'><strong>prophetam.</strong></span> <span class='ocrx_word' id='word_1_919' title='bbox 2702 5676 2757 5730; x_wconf 88' lang='lat' dir='ltr'><strong>In</strong></span> <span class='ocrx_word' id='word_1_920' title='bbox 2788 5692 2895 5731; x_wconf 86' lang='lat' dir='ltr'><strong>uno</strong></span> <span class='ocrx_word' id='word_1_921' title='bbox 2925 5678 3063 5731; x_wconf 85' lang='lat' dir='ltr'><strong>libro</strong></span> <span class='ocrx_word' id='word_1_922' title='bbox 3094 5692 3215 5732; x_wconf 89' lang='lat' dir='ltr'><strong>meo</strong></span> <span class='ocrx_word' id='word_1_923' title='bbox 3243 5686 3445 5732; x_wconf 86' lang='lat' dir='ltr'><strong>vetere.</strong></span> <span class='ocrx_word' id='word_1_924' title='bbox 3475 5691 3565 5742; x_wconf 79' lang='lat' dir='ltr'><strong>per</strong></span> <span class='ocrx_word' id='word_1_925' title='bbox 3581 5667 3750 5746; x_wconf 84' lang='lat' dir='ltr'><strong>_Sa_la-</strong></span> 
     </span>
    </p>
   </div>
   <div class='ocr_carea' id='block_1_123' title="bbox 2150 5741 3749 5820">
    <p class='ocr_par' dir='ltr' id='par_1_123' title="bbox 2150 5741 3749 5820">
     <span class='ocr_line' id='line_1_124' title="bbox 2150 5741 3749 5820; baseline -0.003 -20"><span class='ocrx_word' id='word_1_926' title='bbox 2150 5741 2370 5803; x_wconf 65' lang='lat' dir='ltr'><strong>monent.</strong></span> <span class='ocrx_word' id='word_1_927' title='bbox 2402 5749 2586 5820; x_wconf 72' lang='lat' dir='ltr'><strong>llt&#39;ttlc.</strong></span> <span class='ocrx_word' id='word_1_928' title='bbox 2612 5746 2744 5804; x_wconf 84' lang='lat' dir='ltr'><strong>Nam</strong></span> <span class='ocrx_word' id='word_1_929' title='bbox 2778 5750 2876 5805; x_wconf 85' lang='lat' dir='ltr'><strong>ista</strong></span> <span class='ocrx_word' id='word_1_930' title='bbox 2908 5759 3124 5820; x_wconf 90' lang='lat' dir='ltr'><strong>sumpta</strong></span> <span class='ocrx_word' id='word_1_931' title='bbox 3153 5763 3279 5805; x_wconf 78' lang='lat' dir='ltr'><strong>sunt</strong></span> <span class='ocrx_word' id='word_1_932' title='bbox 3306 5766 3372 5805; x_wconf 83' lang='lat' dir='ltr'><strong>ex</strong></span> <span class='ocrx_word' id='word_1_933' title='bbox 3398 5741 3535 5804; x_wconf 87' lang='lat' dir='ltr'><strong>libro</strong></span> <span class='ocrx_word' id='word_1_934' title='bbox 3579 5741 3749 5798; x_wconf 83' lang='lat' dir='ltr'><strong>Eccle-</strong></span> 
     </span>
    </p>
   </div>
   <div class='ocr_carea' id='block_1_124' title="bbox 2145 5819 2600 5877">
    <p class='ocr_par' dir='ltr' id='par_1_124' title="bbox 2145 5819 2600 5877">
     <span class='ocr_line' id='line_1_125' title="bbox 2145 5819 2600 5877; baseline -0.002 -1"><span class='ocrx_word' id='word_1_935' title='bbox 2145 5821 2366 5877; x_wconf 84' lang='lat' dir='ltr'><strong>siastici.</strong></span> <span class='ocrx_word' id='word_1_936' title='bbox 2401 5819 2600 5876; x_wconf 74' lang='grc' dir='ltr'><strong>ΒΑιυι.</strong></span> 
     </span>
    </p>
   </div>
  </div>
