4068 6324
302 295 432 354 εει.

1065 295 1401 360 EPISTULA
1443 296 1562 357 XII.
1592 297 1651 358 S.
1685 295 2012 358 CYPRIANI
2049 300 2144 358 AD
2179 300 2584 365 CODNELIUM
2620 305 2874 367 ΡΑΡΔΜ.

3499 315 3608 376 826

301 431 414 472 non
429 415 589 489 pleno
601 415 804 488 judicio
817 417 1092 490 religionis
1107 420 1538 486 examino,delict
1549 422 1592 476 is
1606 421 1896 493 plusquam
1924 425 1973 484 Α
2001 437 2258 492 na,quam
2273 423 2415 495 quod
2431 433 2456 472 ε
2469 422 2536 478 ad
2557 425 2942 498 protegendum
2958 430 3213 500 praevalet
3225 432 3404 490 divina
3427 437 3614 494 lulela.

299 521 518 580 oportet
540 513 876 570 remitteadis
926 529 1064 584 pene
1103 515 1217 584 ipse
1253 515 1509 587 delinqno
1550 534 1564 570 :
1611 517 1910 585 amplector

303 617 553 677 prompta
586 618 641 664 et
685 610 838 679 plena
875 609 1160 667 dilectione
1187 627 1308 668 cum
1361 613 1676 683 pmnitentia
1731 627 1910 667 rever-

302 711 502 768 tentes,
528 712 802 772 peccatum
825 718 979 760 suum
1008 704 1370 763 satisfactione
1397 705 1584 762 humili
1605 716 1658 762 et
1683 704 1911 777 simplici

297 795 647 852 conﬁtentes.

379 889 543 944 XVII.
573 890 628 946 Si
658 889 748 962 qui
777 901 958 949 autem
987 902 1134 961 sunt,
1161 896 1250 966 qui
1281 902 1469 964 putant
1509 908 1567 950 se
1609 893 1676 950 ad
1727 893 1911 950 Eccle-

296 981 436 1038 siam
497 1000 602 1038 non
645 987 915 1056 precibus,
974 988 1068 1044 sed
1110 990 1270 1046 minis
1315 991 1524 1061 regredi
1567 1005 1766 1060 posse;
1819 997 1912 1046 aut

296 1076 615 1132 existimant
635 1077 836 1134 aditum
867 1095 926 1136 se
955 1080 1056 1136 sibi
1085 1096 1194 1138 non
1226 1082 1704 1138 lamentationibus
1733 1089 1790 1138 et
1825 1096 1914 1138 sa-

295 1169 712 1242 tisfactionibus,
745 1174 841 1230 sed
880 1175 1175 1232 terroribus
1228 1177 1408 1235 facere
1446 1193 1460 1233 :
1515 1193 1614 1249 pro
1638 1187 1788 1233 certo
1816 1177 1912 1232 ha-

294 1263 485 1331 beant,
511 1277 699 1322 contra
729 1268 862 1324 tales
883 1269 1088 1326 elusam
1127 1281 1275 1328 stare
1321 1270 1620 1327 Ecelesiam
1671 1270 1905 1336 Domini,

294 1374 401 1416 nec
419 1371 597 1416 castra
623 1360 819 1418 Christi
873 1363 1068 1420 invicta
1090 1373 1146 1420 et
1171 1363 1352 1431 t‘nrtia,
1383 1373 1438 1420 et
1470 1364 1700 1420 Domino
1727 1372 1912 1420 tuente

295 1459 528 1521 munita.
559 1459 720 1516 minis
749 1459 969 1518 cedere.
1003 1460 1272 1518 Sacerdos
1310 1460 1406 1518 Dei
1449 1461 1798 1533 Evangelium
1833 1469 1913 1518 te-

295 1567 459 1620 nens,
479 1561 536 1609 et
555 1551 752 1608 Christi
771 1563 1039 1626 praecepta
1059 1554 1394 1621 custodiens,
1410 1554 1585 1610 occidi
1604 1563 1912 1626 potest,non

297 1657 478 1719 potest
507 1648 676 1706 vinci.
707 1649 955 1720 Suggerit
984 1659 1041 1707 et
1064 1649 1442 1707 subministrat
1463 1649 1620 1707 nobis
1658 1649 1910 1719 exempla

298 1743 516 1800 virtutis
533 1759 597 1800 ac
611 1744 732 1801 tidei
745 1743 1034 1802 Zacharias
1047 1754 1076 1784 ι
1091 1749 1318 1804 antistes
1336 1746 1454 1810 Dei,
1475 1747 1702 1818 quicum
1718 1741 1913 1803 terreri

2083 515 2271 572 XVIII.
2307 520 2388 573 An
2411 517 2476 571 ad
2509 517 2632 583 hoc,
2677 520 2842 576 frater
2873 523 3192 582 eharissime
3219 569 3236 594 ,
3293 529 3612 600 deponenda

2011 621 2090 663 est
2116 609 2396 666 catholica:
2421 610 2676 667 Ecclesia:
2695 612 2947 685 dignitas,
2976 626 3032 672 et
3057 618 3228 688 plebis
3257 621 3400 676 intus
3422 623 3611 693 posiae

2012 704 2188 761 ﬁdelis
2207 716 2367 778 atque
2398 707 2704 779 ineorrupta
2736 709 3009 781 majestas,
3035 721 3090 768 et
3111 715 3459 771 sacerdotalis
3481 731 3618 790 quo-

2012 813 2116 867 que
2143 799 2432 854 auctoritas
2459 815 2521 856 ac
2551 811 2806 872 potestas,
2834 813 2890 859 ut
2914 803 3161 876 judicare
3181 808 3321 865 velle
3349 824 3411 865 se
3435 809 3621 868 dicant

2011 891 2078 947 de
2103 893 2360 949 Ecclesia:
2389 896 2676 964 prteposito
2718 907 2867 953 extra
2915 899 3211 958 Ecclesiam
3260 903 3534 961 constituti
3561 901 3616 974 δ,

2011 988 2080 1044 de
2127 987 2434 1046 Christiano
2463 989 2727 1058 haeretici,
2760 993 2830 1050 de
2859 1009 2992 1050 sano
3043 996 3236 1066 saucii,
3289 999 3356 1056 de
3411 1001 3621 1071 integro

2014 1085 2300 1153 vulnerati,
2349 1085 2419 1143 de
2459 1097 2635 1144 stante
2665 1088 2819 1159 lapsi,
2875 1089 2942 1144 de
2976 1091 3158 1160 judice
3183 1091 3284 1158 rei,
3332 1091 3402 1150 de
3443 1107 3624 1151 sacer-

2012 1178 2138 1235 dote
2165 1180 2452 1250 sacrilegi?
2477 1181 2615 1248 Quid
2646 1194 2916 1252 superest,
2951 1199 3110 1256 quam
3142 1194 3202 1240 ut
3241 1185 3478 1242 Ecclesia
3517 1185 3623 1242 Ca-

2015 1271 2200 1341 pitolio
2228 1271 2386 1328 cedat
2433 1283 2487 1328 et
2540 1275 2916 1332 recedentibus
2959 1277 3353 1344 sacerdotibus,
3399 1293 3466 1336 ac
3515 1278 3622 1335 Do-

2015 1364 2147 1419 mini
2174 1364 2346 1422 altare
2387 1369 2798 1446 removentibus
2836 1367 2884 1438 ί,
2929 1369 2984 1426 in
3011 1371 3142 1428 cleri
3193 1374 3364 1428 nostri
3412 1387 3626 1430 sacrum

2013 1460 2484 1533 venerantiumque
2521 1477 2833 1520 consessum
2883 1465 3208 1523 simulacbra
3261 1476 3426 1540 atque
3475 1466 3620 1524 idola

2011 1563 2135 1607 cum
2171 1553 2283 1608 aris
2316 1552 2430 1609 suis
2487 1563 2782 1622 transeant,
2824 1565 2883 1612 et
2931 1555 3234 1615 Novatiano
3281 1557 3626 1617 declamandi

2013 1642 2304 1700 adversum
2355 1659 2457 1701 nos
2495 1657 2655 1718 atque
2696 1647 3010 1719 increpandi
3061 1649 3262 1722 largior
3307 1659 3365 1709 et
3409 1651 3624 1725 plenior

2017 1739 2239 1794 materia
2301 1753 2622 1811 praestetur;
2683 1743 2730 1798 si
2789 1742 2826 1799 ii
2882 1743 2974 1816 qui
3047 1743 3506 1812 sacriﬁcaverunt,
3564 1754 3622 1803 et

295 1837 460 1895 minis
483 1847 539 1894 et
561 1839 888 1911 lapidatione
916 1839 946 1881 δ
974 1856 1081 1896 non
1107 1849 1314 1914 posset,
1347 1841 1400 1898 in
1424 1841 1626 1914 templo
1676 1841 1768 1897 Dei
1813 1856 1904 1898 oc-

2019 1829 2293 1888 Cbristum
2323 1834 2540 1904 publice
2570 1849 2926 1906 negaverunt,
2960 1850 3065 1892 non
3092 1847 3296 1894 tantum
3339 1838 3542 1910 rogari,
3571 1846 3627 1894 et

293 1935 445 1992 cisus
474 1945 590 1999 est;
635 1936 874 1994 clamans
892 1947 948 1994 et
990 1937 1282 1994 identidem
1333 1937 1559 2005 dicens,
1609 1936 1754 2008 quod
1811 1951 1912 1995 nos

297 2045 517 2102 qunque
543 2039 728 2085 contra
764 2031 1050 2088 ha'reticos
1079 2033 1379 2088 clamamus
1398 2041 1453 2088 et
1471 2031 1700 2087 dicimus
1733 2047 1747 2084 :
1784 2029 1913 2086 Hac

295 2124 421 2179 dicit
455 2123 704 2180 Dominus
737 2136 785 2193 ο,
817 2123 1159 2198 dereliquistis
1185 2127 1294 2182 vias
1324 2127 1556 2192 Domini,
1583 2136 1628 2181 et
1656 2125 1909 2184 Dominus

293 2215 710 2287 derelinquetvos
739 2215 767 2256 τι
798 2217 868 2294 (Il
897 2217 1080 2274 Paral.
1116 2219 1583 2292 xstv,it).Ncqne
1601 2221 1766 2288 enim,
1789 2221 1912 2291 quia

297 2312 455 2382 pauci
479 2312 748 2368 temerarii
771 2323 825 2368 et
845 2313 1096 2383 improbi,
1119 2314 1374 2370 cmlestes
1397 2323 1420 2352 ο
1445 2324 1498 2368 et
1517 2315 1781 2371 salutares
1800 2313 1915 2370 vias

300 2403 519 2462 Domini
552 2404 996 2478 derelinquunt‘,
1023 2417 1078 2465 et
1102 2416 1290 2466 sancta
1307 2424 1414 2466 non
1429 2417 1650 2481 agentes
1675 2425 1703 2464 a
1725 2418 1915 2467 sancto

292 2499 503 2572 Spiritu
552 2503 909 2572 deseruntur;
963 2505 1088 2560 ideo
1143 2515 1193 2560 et
1237 2522 1338 2562 nos
1375 2505 1572 2562 divinae
1605 2505 1913 2562 traditionis

292 2593 646 2654 immemores
676 2613 798 2655 esse
826 2599 1107 2665 debemus,
1135 2610 1188 2656 nt
1218 2600 1423 2671 majora
1467 2617 1588 2658 esse
1616 2601 1910 2657 furentium

293 2689 528 2754 scelera,
549 2707 707 2760 quam
727 2695 1070 2751 sacerdotum
1096 2695 1292 2766 judicia
1311 2711 1652 2761 censeamus;
1671 2706 1764 2753 aut
1795 2696 1914 2767 plus

293 2783 666 2842 existimemus
679 2785 746 2842 ad
777 2787 1196 2859 impugnandum
1227 2803 1387 2862 posse
1415 2789 1647 2846 humana
1677 2789 1917 2846 conami-

2015 1925 2135 1980 sine
2161 1935 2276 1982 acta
2310 1928 2625 1996 paenitentia
2657 1928 2892 1994 admitti,
2934 1927 3030 1985 sed
3058 1928 3234 1984 adhuc
3257 1929 3480 2002 insuper
3512 1943 3626 1986 cte-

2018 2023 2194 2092 pcrint
2215 2023 2436 2078 terroris
2457 2023 2536 2078 sai
2563 2031 2825 2094 poteState
2850 2022 3116 2080 dominari
3135 2025 3160 2080 ?

2087 2115 2232 2172 XIX.
2259 2115 2315 2170 Si
2347 2131 2532 2186 pacem
2577 2117 2872 2186 postulant,
2899 2133 3050 2173 arma
3093 2117 3408 2189 deponant:
3449 2117 3497 2174 si
3539 2133 3624 2176 sa-

2020 2214 2308 2277 tisfaciunt,
2368 2212 2496 2283 quid
2569 2211 2877 2268 minantur?
2927 2211 3033 2269 Aut
3089 2214 3135 2270 si
3203 2213 3621 2281 comminantur,

2017 2311 2192 2367 sciant
2241 2309 2362 2380 quia
2394 2324 2421 2361 a
2464 2308 2832 2365 sacerdotibus
2866 2308 2958 2364 Dei
2983 2323 3088 2364 non
3131 2307 3408 2365 timentur.
3439 2307 3625 2380 Neque

2019 2403 2160 2458 enim
2190 2410 2247 2458 et
2291 2399 2656 2456 Antichrisltts
2685 2416 2805 2456 cum
2853 2401 3038 2456 venire
3081 2401 3328 2473 cmperit,
3383 2401 3628 2458 introibit

2020 2497 2072 2553 in
2099 2497 2416 2559 Ecclesiam,
2440 2495 2564 2568 quia
2594 2496 2866 2561 minatur;
2906 2507 2996 2550 aut
3044 2495 3211 2551 armis
3256 2495 3376 2566 ejus
3416 2505 3469 2552 et
3510 2495 3626 2553 vio-

2021 2591 2202 2646 lentize
2253 2589 2482 2657 ceditur,
2549 2588 2672 2659 quia
2732 2588 3044 2644 resistentes
3093 2597 3494 2660 perempturum
3563 2599 3626 2644 se

2021 2701 2142 2742 esse
2173 2684 2467 2755 proti:etur.
2512 2685 2734 2738 Armaut
2774 2697 2870 2736 nos
2901 2683 3162 2749 haeretici,
3215 2682 3341 2737 dum
3381 2695 3480 2737 nos
3525 2697 3626 2752 pu-

2022 2794 2134 2840 tant
2163 2797 2256 2838 sua
2284 2777 2701 2836 comminatione
2725 2776 2914 2834 terreri
2946 2793 2960 2830 :
2989 2791 3088 2832 nec
3117 2775 3166 2832 in
3193 2773 3206 2828 i
3237 2789 3369 2847 pace
3401 2789 3502 2831 nos
3527 2771 3624 2831 de,

1523 2905 1912 2964 LECTIONES
1969 2895 2385 2958 VARI.\NTES.

361 3041 391 3072 ⁸
413 3039 620 3094 Virtutis
651 3045 780 3095 acris
800 3042 1058 3094 Zacharias
1081 3046 1205 3098 Bod.
1227 3049 1277 3097 5.

358 3099 493 3172 libat
515 3107 964 3172 illationibnshbaim.
991 3109 1038 3160 Ν
1045 3108 1098 3172 C.
1129 3111 1172 3162 I.
1201 3109 1319 3160 Bod.
1348 3109 1395 3172 2,
1423 3112 1472 3161 5.
1499 3109 1644 3162 Ebur.

360 3170 386 3237 ε
413 3144 500 3237 si.
517 3144 1025 3237 suaserim?
1043 3144 1186 3237 ass.
1201 3144 1324 3224 '1in
1352 3144 1398 3232 ῑζ
1420 3144 1472 3224 ξς
1492 3144 1815 3237 meum.
1926 3144 1971 3206 α

361 3229 390 3300 (ι
414 3229 515 3300 ξὶε,
527 3233 659 3282 Lam.
686 3233 834 3300 liber.
864 3231 1249 3300 Lintrelinquet
1274 3229 1432 3288 Oxon.

363 3299 390 3328 ε
415 3294 658 3346 (ἶφιρειρε
680 3296 939 3348 thesauros
967 3298 1097 3349 Lam.
1126 3294 1270 3350 Ebor.
1299 3300 1424 3352 Bod.
1448 3300 1498 3350 2.
1523 3301 1634 3353 NG.
1663 3300 1710 3349 1.

365 3354 386 3395 ι
417 3356 810 3421 Dereliqncrunt
833 3359 1024 3412 30:135.
1539 3393 1543 3396 -

359 3423 391 3523 ζ
413 3421 565 3480 Quam
585 3421 648 3496 ad
669 3425 806 3474 Voss.
832 3424 880 3474 2.
904 3426 1036 3500 Lam.
1052 3423 1194 3477 Ebor.
1217 3427 1263 3477 Ν
1269 3424 1372 3481 6.1.
1393 3425 1443 3476 2.
1463 3437 1606 3490 quam
1619 3423 1902 3538 quodJng.

415 3483 492 3535 De
516 3497 750 3538 eotscooo
775 3485 995 3538 haeretici
1022 3487 1164 3538 Coro.
1191 3503 1305 3538 nisa.
1330 3501 1443 3538 cum
1466 3494 1734 3538 recentiore
1768 3489 1834 3538 Co
1888 3525 1900 3538 .

359 3480 391 3523 ιι
415 3483 492 3535 De
516 3485 750 3552 episcopo
775 3485 995 3540 haeretici
1022 3487 1164 3540 Coro.
1191 3503 1305 3542 mss.
1330 3480 1443 3541 cum
1466 3480 1734 3541 recentiore
1757 3480 1900 3539 συιδ.

1999 3045 2043 3092 et
2088 3041 2207 3090 Ver.
2231 3061 2295 3072 ——
2317 3033 2577 3086 Constituti
2600 3031 2838 3082 haeretici.
2872 3033 3012 3084 Voss.
3040 3030 3090 3082 2.

2071 3102 2088 3143 ὶ
2123 3101 2198 3150 De
2219 3097 2356 3148 altari
2377 3095 2569 3148 Domini
2591 3092 2715 3146 Fab.

2076 3165 2090 3218 i
2134 3163 2189 3214 In
2216 3161 2389 3211 faciem
2414 3173 2502 3209 nos
2533 3156 2662 3210 Bait.
2703 3159 2862 3211 Oxon.
2893 3168 2958 3208 ea:
3001 3155 3170 3218 codd,
3197 3158 3338 3209 Voss.
3381 3155 3432 3207 2.
3482 3155 3617 3208 Lam.

2007 3217 2152 3280 Ebur.
2186 3224 2308 3277 Bod.
2342 3223 2457 3276 1.2.
2487 3219 2592 3274 Lin.
2622 3223 2728 3274 NG.
2775 3219 3054 3277 1,2.Τ1ιιι.
3100 3217 3217 3272 Mic.
3267 3218 3396 3272 Vict.
3441 3223 3618 3272 retus-

2007 3279 2100 3347 tior
2133 3303 2222 3342 ms.
2251 3285 2383 3340 Colb.
2412 3299 2521 3338 cum
2543 3282 2657 3338 aliis
2703 3299 2734 3335 a
2779 3281 3002 3348 Pometia
3033 3279 3320 3348 appellatis,
3373 3285 3430 3348 in,
3469 3281 3616 3332 facie.

2010 3343 2247 3418 Subitam
2261 3348 2501 3418 postulant
2527 3349 2579 3400 in
2615 3361 2772 3414 pace:
2798 3346 2928 3414 quod
2949 3352 2994 3398 et
3015 3343 3184 3399 ueteri
3226 3360 3253 3398 e
3276 3343 3456 3399 nostris
3493 3359 3608 3398 mss.

2010 3415 2258 3474 exhibent.

1583 3593 1944 3655 VARIORUM
1989 3590 2222 3650 ΝΟΤᾸΕ.

371 3729 501 3786 Cum
527 3747 644 3788 ocra
671 3735 847 3802 posuit.
879 3733 1061 3790 Codex
1093 3735 1374 3798 Fuxensis,
1405 3735 1620 3789 necdum
1640 3749 1809 3789 verant
1829 3731 1898 3787 ad

297 3805 664 3874 paenitentiam.
691 3805 890 3862 Bawz.

369 3875 611 3932 XVII.—-
633 3876 810 3932 Occidi
841 3887 1020 3944 potest.
1053 3877 1215 3945 Infra,
1247 3877 1401 3948 epist.
1441 3893 1550 3939 LVI,
1583 3893 1634 3944 p.
1663 3877 1761 3933 91:
1786 3875 1897 3930 Nec

293 3961 564 4002 vereamur
591 3950 772 4011 occidi,
801 3966 926 4020 quos
951 3961 1150 4004 constat
1184 3951 1389 4021 quando
1437 3951 1715 4004 occidimur
1740 3965 1888 4002 coro-

293 4021 445 4084 nari;
476 4029 530 4075 et
559 4022 782 4088 epistola
816 4037 938 4084 Lvn,
965 4023 1208 4092 pag.95:
1246 4021 1504 4076 Intellexi!
1530 4023 1714 4074 milites
1745 4021 1894 4074 (IIui-

292 4091 362 4164 sti
387 4093 518 4145 vinci
539 4110 640 4164 non
668 4109 834 4164 posse,
865 4095 996 4148 mori
1025 4091 1191 4162 posse.
1242 4095 1602 4164 Ilii-ronymus
1651 4094 1896 4164 inAcaIce

293 4161 416 4217 libri
467 4164 532 4218 de
574 4162 686 4218 Vita
726 4163 917 4220 Malchi
949 4161 1196 4220 ntOnaebi
1229 4167 1301 4220 ait
1337 4184 1348 4217 :
1385 4161 1660 4219 Hominem
1695 4162 1897 4218 Christo

293 4235 522 4308 deditum
552 4253 700 4306 posse
725 4241 876 4308 mori,
911 4253 1008 4291 non
1041 4255 1187 4308 posse
1236 4239 1489 4303 superari.
1533 4238 1898 4290 'l'ertnllianns

293 4306 348 4360 in
377 4307 728 4379 Apolngctico
761 4327 772 4362 :
811 4306 1068 4364 Vincimus
1093 4327 1210 4364 cum
1237 4311 1536 4364 accidimur.
1575 4308 1900 4364 Prudentius

294 4379 350 4433 in
377 4384 618 4436 carmine
647 4382 714 4436 de
743 4380 986 4436 Romano
1007 4392 1244 4455 martyre
1282 4401 1295 4436 :

451 4496 506 4549 Si
531 4509 617 4548 vos
639 4497 825 4557 sinatis,
855 4499 1119 4548 incruente
1145 4499 1369 4548 vivimus.

448 4563 514 4613 At
535 4563 578 4612 si
603 4569 812 4612 cruente
835 4561 1110 4625 puniamur,
1142 4562 1397 4612 vincimus.

291 4671 581 4742 Sulpitius_
610 4669 846 4724 Severus
897 4668 946 4720 in
997 4667 1252 4742 epistola-
1270 4667 1339 4722 ad
1392 4665 1666 4721 Eusebium
1709 4666 1896 4742 scribit

286 4739 486 4816 justus,
533 4740 584 4816 id
635 4749 718 4816 est
774 4749 1059 4816 martyres,
1101 4740 1279 4816 quinia
1322 4749 1593 4816 tormenta
1632 4739 1897 4816 patientes

291 4809 515 4883 semper
546 4811 772 4867 invictos
791 4855 805 4876 ,
838 4809 988 4864 tanto
1017 4809 1206 4865 fortius
1233 4811 1426 4866 vicisse
1456 4823 1659 4882 quanto
1685 4811 1896 4883 gravius

291 4881 662 4958 pertulissent.
721 4883 875 4958 Idem
925 4883 1082 4958 lib._tt
1127 4883 1376 4938 Historiae
1418 4881 1600 4938 sacrm
1645 4901 1658 4933 :
1698 4881 1898 4958 Neque

289 4955 492 5032 inajore
533 4971 774 5032 umquam
813 4955 1070 5032 triumpho
1111 4958 1320 5032 vicimus
1358 4973 1515 5032 quam
1563 4972 1680 5032 cum
1729 4957 1900 5032 decem

289 5026 548 5084 annorum
575 5026 830 5099 stragibus
873 5027 1006 5099 vinci
1043 5043 1142 5081 non
1176 5028 1455 5099 potuimus.
1495 5029 1809 5098 Agebat-dus
1842 5027 1893 5080 in

293 5102 438 5158 libro
464 5101 726 5156 adxcrsns
754 5099 923 5166 legem
949 5098 1288 5162 Gundebadi,
1310 5115 1428 5167 cap.
1455 5099 1488 5154 9
1515 5099 1764 5164 :Qnamlo
1785 5107 1895 5152 erat

292 5175 501 5245 publica
519 5173 774 5245 contentio
797 5171 862 5224 de
879 5171 1084 5224 veritate
1104 5171 1520 5245 retigionis,_c-um
1547 5173 1639 5224 alii
1662 5179 1894 5245 putarent

291 5241 560 5301 colendum
609 5261 701 5314 pro
751 5241 855 5295 Deo
903 5253 1188 5296 creaturam
1218 5243 1514 5314 quamlibet,
1547 5245 1638 5298 alii
1669 5242 1894 5314 dicereut

292 5323 458 5373 solum
493 5312 780 5371 Creatorem
831 5313 1119 5378 colendum,
1161 5312 1242 5367 illi
1295 5320 1499 5384 {uerunt
1548 5317 1759 5370 victores
1807 5312 1896 5383 qui

293 5391 450 5444 occisi
498 5397 634 5446 sunt.
671 5403 769 5439 non
817 5385 903 5451 qui
949 5386 1261 5439 occiderunt.
1299 5385 1501 5442 Seneca
1553 5402 1670 5457 cap.
1699 5386 1792 5446 ‘27.
1826 5385 1894 5439 de

294 5461 417 5515 Vita
451 5462 611 5514 licata
641 5475 653 5513 τ
689 5457 908 5524 Αδεῦιὲιε,
946 5457 1096 5523 {urite
1114 5459 1373 5528 impetum.
1403 5457 1637 5512 Ferentio
1667 5473 1754 5512 vos
1779 5457 1894 5510 υἱηο

291 5549 426 5588 cam.
491 5531 633 5586 [dum
677 5531 726 5584 in
775 5531 1148 5584 consolatioiie
1193 5530 1257 5583 ad
1288 5531 1570 5602 I'olybium
1607 5529 1900 5602 :lutelligil

293 5606 415 5662 lardi
445 5621 524 5658 me
553 5617 703 5674 posse
723 5639 735 5663 ,
774 5603 903 5656 vtuci
931 5618 1032 5656 non
1081 5618 1245 5671 posse.
1283 5601 1414 5658 Vide
1440 5601 1727 5728 iniralgmg.
1763 5601 1893 5656 465.

1630 5689 1784 5728 Αιυῑ.

1630 5689 1784 5729 Αιυῑ.

372 5747 680 5802 Ιιιιςηιὶάεηι.
713 5744 768 5800 1η
795 5745 984 5801 codice
1024 5747 1194 5800 sancti
1224 5745 1499 5800 Michaelis
1526 5748 1784 5816 scriptum
1809 5754 1894 5800 est

295 5819 596 5889 antitpiitns
624 5833 784 5884 sin-ra
813 5819 1035 5885 lineam,
1061 5818 1114 5872 id
1138 5829 1209 5872 est
1231 5818 1484 5872 similiter.
1515 5818 1786 5873 Lubenter
1815 5819 1894 5872 in-

293 5893 508 5948 terdqu
537 5899 740 5946 annoto
769 5889 868 5945 ista
901 5891 1152 5959 levicula,
1180 5893 1304 5960 quia
1335 5905 1399 5946 ex
1435 5889 1502 5946 iis
1557 5900 1650 5946 aut
1703 5889 1896 5947 simili-

2000 3727 2102 3784 bus
2131 3725 2366 3782 fontibus
2392 3725 2494 3781 orti
2525 3732 2652 3781 sunt
2677 3723 2918 3795 plerique
2946 3737 3162 3779 errores
3188 3721 3278 3792 qui
3305 3730 3522 3778 exstant
3545 3723 3598 3778 in

2001 3799 2282 3854 codicibus
2307 3813 2528 3865 cperunt
2558 3797 2727 3851 sancti
2755 3795 3006 3868 Cypriani
3033 3803 3084 3850 et
3109 3795 3336 3850 aliorum
3361 3802 3606 3850 veterum

2002 3873 2348 3933 scriptarum.
2393 3869 2591 3924 Bawz.

2075 3940 2258 3998 XVIII.
2290 3971 2359 3982 —
2384 3941 2670 3994 Auctoritas
2704 3955 2764 3992 ac
2793 3947 3036 4007 potestas.
3069 3937 3185 3993 Duo
3213 3945 3483 4004 postrema
3513 3951 3610 3992 vo-

1998 4015 2189 4070 cabula
2247 4014 2439 4067 desunt
2481 4015 2530 4066 in
2579 4027 2685 4066 uno
2711 4011 2896 4065 cndiee
2943 4009 3112 4081 rt-gio.
3140 4008 3406 4062 Fortassis
3451 4007 3612 4080 igitur

2003 4086 2145 4141 istud
2189 4084 2533 4139 referendum
2585 4093 2667 4137 est
2717 4085 2854 4136 inter
2881 4097 3178 4154 synonyma
3207 4081 3404 4152 quibus
3433 4081 3608 4136 abun-

2004 4158 2132 4212 dant
2161 4175 2229 4224 op
2251 4172 2322 4210 -ra
2363 4157 2530 4210 sant-ti
2560 4155 2829 4226 Martyris.
2867 4155 3062 4226 Bawz.

2082 4229 2156 4283 De
2194 4229 2508 4282 Christiano.
2544 4223 2722 4282 (ludes
2765 4223 3112 4289 Veronensis,
3153 4223 3216 4279 de
3245 4225 3508 4295 episcopo.
3536 4223 3609 4280 Ita

2005 4304 2165 4356 etiam
2201 4297 2618 4356 anensis.Vox
2644 4298 2922 4352 christiano
2950 4314 3054 4353 non
3089 4297 3314 4350 habetur
3347 4297 3396 4350 in
3421 4295 3609 4351 codice

2008 4375 2152 4434 regio
2185 4388 2360 4437 neque
2391 4373 2442 4426 in
2473 4371 2718 4426 'l‘hnauo.
2757 4371 2813 4424 In
2855 4367 3356 4440 Gratianopolitano
3387 4377 3472 4424 est
3513 4383 3602 4422 ca-

2005 4446 2215 4500 lltoliro.
2250 4443 2444 4499 Baros.

2082 4516 2317 4572 Ecclesia
2347 4517 2589 4578 capitolia
2610 4514 2780 4569 cedat.
2800 4513 3162 4584 Hieronymus
3188 4511 3238 4566 in
3269 4510 3484 4581 dialogo
3508 4509 3608 4565 ad.

1925 4565 1980 4626 D
2008 4606 2196 4644 versus
2228 4565 2596 4644 Luciferianos
2623 4587 2757 4642 dixit
2787 4583 2990 4640 :Homo
3003 4565 3118 4658 3am
3143 4585 3350 4638 edoctus
3371 4565 3446 4637 in"
3461 4584 3608 4654 capi-

2001 4661 2145 4717 tolia.
2173 4661 2368 4716 Bawz.

2073 4732 2399 4803 Congesticia.
2421 4732 2530 4800 Ego
2553 4745 2657 4786 non
2681 4729 2869 4803 dubito
2885 4727 3198 4803 quinlectio
3220 4728 3455 4798 vulgata,
3478 4741 3610 4803 qua:

2006 4805 2165 4860 habet
2183 4799 2504 4869 consessum,
2554 4804 2726 4858 multo
2768 4799 2960 4856 melior
2989 4800 3234 4856 videatur
3280 4815 3441 4869 quam
3477 4799 3605 4853 ista.

2004 4875 2204 4932 Verum
2240 4892 2361 4930 cum
2394 4878 2628 4945 antiquae
2677 4875 2946 4930 editiones
2992 4883 3048 4928 et
3095 4871 3396 4926 octodecim
3422 4879 3606 4945 vetera

2005 4948 2336 5020 exetnplaria
2387 4943 2619 5020 habeant
2667 4958 2939 5020 nostram,
2989 4960 3116 5020 non
3149 4945 3352 5012 absque
3399 4943 3608 4998 ratione

2005 5036 2122 5076 eam
2153 5016 2402 5092 prndero.
2427 5019 2609 5074 Facile
2627 5028 2806 5092 autem
2831 5018 2942 5092 fieri
2973 5016 3144 5087 putuit
3173 5025 3227 5092 ut
3248 5031 3307 5092 ea
3332 5029 3462 5092 vox,
3487 5030 3608 5092 qua:

1999 5086 2168 5147 aliant
2212 5092 2659 5163 significationem
2721 5090 2880 5146 habet
2927 5086 2986 5163 in:
3023 5104 3151 5156 pum
3196 5087 3479 5163 latinitate.
3509 5086 3606 5141 de-

2001 5164 2212 5220 ﬂexerit
2252 5158 2390 5234 apud
2428 5165 2604 5227 Afros,
2640 5164 2896 5218 ut'multa
2941 5158 3600 5234 alia,voCaImIaal’i-imns

2001 5237 2258 5294 Erasmus
2289 5229 2466 5308 posuit
2495 5253 2808 5302 concessum,
2841 5233 3088 5288 fortassis
3140 5247 3210 5286 ex
3267 5229 3604 5356 cgnjectura.

3337 5311 3495 5356 Αιυῑ.

3337 5311 3495 5358 aLUz.

2073 5379 2638 5434 XlX.-—-Antic/rristus
2669 5377 2912 5432 minatur.
2931 5376 3076 5431 Multi
3103 5374 3266 5429 multa
3287 5383 3342 5428 et
3365 5375 3515 5428 varia
3539 5372 3608 5428 tle

2009 5454 2338 5508 Antichristi)
2361 5452 2631 5506 dixeram.
2649 5450 2804 5518 Sznpe
2830 5450 3092 5506 creditum
3127 5458 3210 5502 est
3239 5447 3388 5502 illum
3407 5445 3610 5500 adien-

2007 5535 2139 5589 tare,
2167 5527 2332 5578 ittlmu
2364 5535 2544 5577 natum
2575 5539 2716 5578 esse.
2738 5521 2934 5586 Fuere,
2958 5524 3029 5576 uti
3057 5519 3288 5575 diximus
3317 5519 3380 5572 ad
3407 5518 3604 5573 librum

1999 5595 2264 5652 Lactantii
2295 5596 2358 5650 de
2389 5595 2636 5648 .llortiims
2661 5605 3060 5666 prrsccutorunt,
3086 5591 3479 5661 quiet-ederent
3501 5589 3606 5645 Nc-

2003 5684 2189 5724 ronem
2236 5685 2337 5718 non
2367 5683 2488 5721 esse
2513 5665 2806 5730 mortuum,
2835 5669 2929 5720 sed
2958 5665 3134 5718 adhuc
3161 5666 3361 5725 \'i\’t‘l'l'.,
3392 5671 3447 5716 et
3473 5676 3607 5716 ven-

2001 5751 2179 5796 turum
2209 5753 2333 5794 ante
2359 5740 2541 5794 saicnli
2575 5743 2754 5802 tinem,
2779 5738 3022 5804 etipsnm
3049 5736 3162 5792 fore
3187 5733 3598 5789 Antichristum.

2003 5813 2134 5869 Vide
2165 5811 2504 5868 Catecltcsim
2524 5812 2592 5866 15
2613 5811 2798 5880 (Iyrilli
2839 5809 3331 5880 Ilicrostilymitani.
3357 5805 3562 5880 ngz.

2070 5885 2484 5956 Perempturum.
2504 5883 2618 5940 Duo
2643 5876 2765 5940 libri
2794 5892 3029 5952 veteres,
3047 5876 3600 5953 perditur-amilum.
