4000 6322
1532 265 1968 327 ΒΟΜΑΝΟΒΗΜ
2009 267 2425 331 ροΝτιπιρωί
2465 271 2848 336 ΕΡῙΒΤΟΙΑΕ.
3696 284 3774 365 ωε

541 385 622 442 bis
649 386 836 443 beatus
862 382 1157 457 Apostolus
1201 382 1535 456 pradicant.
1586 384 1734 441 Hanc
1778 385 1992 442 laudern
2021 386 2132 442 vir-
2160 393 2210 452 Α
2240 402 2490 458 separare
2539 400 2841 451 tentaverat
2874 391 2895 433 ί
2933 412 2947 451 :
2979 408 3101 451 nam
3153 396 3240 454 cui
3291 412 3401 455 non
3453 409 3531 458 est
3570 402 3775 466 adversus

542 483 671 539 tutis
698 491 753 539 et
776 482 991 540 roboris
1018 482 1321 537 firmitatem
1348 480 1460 552 jam
1492 491 1617 535 tunc
1641 481 1693 536 in
1721 482 1914 552 spiritu
1946 483 2145 553 prrcvi-

542 575 727 644 debat,
759 585 816 633 et
842 579 1115 647 praeconio
1158 574 1456 630 futurorum
1506 576 1692 630 merita
1734 584 1911 631 vestra
1957 587 2141 632 corde-

538 679 707 736 stans,
732 669 857 727 dum
880 679 1131 742 parentes
1156 669 1357 737 laudat,
1394 670 1531 726 tilios
1561 673 1888 740 provocabat
1921 681 1970 728 α.
2002 673 2136 729 Dum

537 768 618 823 sic
647 768 927 824 unanimes
956 767 1006 834 δ,
1039 767 1166 824 dum
1208 768 1288 824 sic
1338 766 1505 824 fortes
1534 769 1685 834 estis.
1719 786 1911 842 magna
1940 784 1995 828 et
2030 788 2138 828 ca:-

541 863 674 920 teris
729 862 981 917 fratribus
1025 863 1397 918 unanimitatis
1449 872 1505 918 et
1536 864 1864 919 fortitudinis
1890 868 2136 935 exempla

541 955 826 1011 tribuistis.
858 955 1126 1010 Docuistis
1167 956 1445 1025 granditer
1473 956 1642 1013 Deum
1673 958 1883 1024 timere,
1922 961 2138 1017 Christo

543 1052 772 1107 firmiter
791 1050 1095 1116 adhaerere.
1123 1051 1335 1124 plebem
1384 1052 1757 1108 sacerdotibus
1804 1054 1855 1108 in
1901 1056 2139 1125 periculo

529 1146 706 1219 jungi,
726 1147 779 1201 in
804 1147 1176 1218 persecutione
1203 1148 1395 1203 fratres
1412 1164 1439 1203 a
1460 1146 1715 1203 fratribus
1737 1163 1842 1203 non
1873 1151 2135 1221 separari;

537 1240 882 1296 concordiam
933 1240 1093 1296 simul
1118 1240 1358 1310 junctam
1396 1241 1535 1297 vinci
1566 1245 1789 1297 omnino
1807 1258 1912 1298 non
1935 1259 2095 1315 posse
2121 1262 2134 1313 ;

535 1334 792 1406 quidquid
824 1333 985 1389 simul
1018 1335 1215 1403 petitur
1241 1350 1271 1389 a
1311 1336 1543 1403 cunctis,
1575 1337 1745 1392 Deum
1797 1340 1943 1410 pacis
1989 1340 2137 1411 paci-

542 1424 660 1482 llcis
684 1426 965 1484 exhibere.
1000 1427 1316 1484 Prosilierat
1369 1427 1713 1486 adversarius
1751 1439 1959 1488 terrore
2012 1434 2135 1489 vio-

540 1517 689 1575 lento
725 1518 925 1576 Christi
954 1528 1129 1576 castra
1162 1520 1417 1589 turbare;
1444 1521 1541 1578 sed
1572 1537 1681 1594 quo
1733 1522 1937 1595 impetu
1968 1540 2137 1582 vene-

536 1620 641 1677 rat,
664 1611 856 1669 eodem
902 1613 1107 1684 impetu
1136 1612 1325 1685 pulsus
1350 1624 1434 1669 est
1464 1624 1488 1654 ο
1516 1631 1532 1683 ;
1562 1625 1617 1671 et
1644 1627 1901 1688 quantum
1946 1616 2137 1674 formi-

540 1705 681 1762 dinis
710 1714 767 1761 et
795 1707 1018 1762 terroris
1063 1706 1266 1774 attulit,
1296 1717 1499 1763 tantum
1553 1705 1881 1765 fortitudinis
1929 1711 2137 1768 invenit

538 1806 597 1854 et
632 1799 867 1855 roboris.
900 1798 1262 1871 Supplantare
1308 1815 1369 1857 se
1409 1801 1600 1857 iterum
1643 1818 1802 1874 posse
1830 1804 2140 1862 crediderat

544 1893 637 1949 Dei
679 1908 887 1961 servos,
916 1901 973 1951 et
1014 1894 1161 1950 velut
1212 1904 1432 1968 tyrones
1457 1904 1514 1952 et
1540 1895 1721 1965 rudes,
1754 1899 1905 1970 quasi
1956 1900 2137 1955 minus

534 1985 791 2059 paratosd
821 1998 876 2045 et
903 1990 1083 2045 minus
1109 2002 1317 2058 cautos,
1338 1990 1500 2046 solito
1516 2007 1614 2047 suo
1641 2006 1794 2047 more
1819 2001 2134 2050 concutere.

536 2081 712 2140 Unum
741 2084 917 2156 primo
945 2100 1232 2158 aggressus
1262 2096 1311 2155 °,
1339 2097 1395 2142 ιιι
1421 2087 1575 2159 lupus
1603 2103 1760 2144 ovem
1788 2103 2076 2146 secernere
2104 2106 2133 2145 a

531 2192 720 2250 grege,
763 2185 821 2233 ut
844 2177 1101 2251 accipiter
1138 2179 1443 2237 columbam
1475 2180 1544 2236 ab
1573 2180 1789 2253 agmine
1832 2181 2133 2238 volantium

2248 496 2438 539 omnes
2466 485 2598 541 satis
2621 487 2835 554 virium,
2861 487 3255 548 circumvenire
3278 494 3468 564 quaerit
3491 496 3772 557 solitudinem

2245 578 2601 651 singulorum.
2637 582 2741 639 Sed
2802 596 3016 641 retusus
3050 588 3270 644 adunati
3298 591 3561 647 exercitus
3597 594 3686 651 fide
3707 613 3778 666 pt-

2246 672 2377 729 riter
2402 685 2457 730 et
2488 676 2688 746 vigore,
2718 676 2981 736 intellexit
3020 682 3219 738 milites
3243 680 3445 739 Citriin
3473 686 3772 760 vigilarejam

2245 767 2478 834 sobrios,
2535 779 2590 825 et
2630 782 2872 828 armatus
2918 773 2986 828 ad
3048 775 3291 845 praelium
3344 786 3528 844 stare;
3556 780 3678 837 vinci
3703 798 3781 840 non

2242 876 2426 934 pisse,
2457 866 2594 920 muri
2627 881 2823 936 posse;
2853 880 2908 925 et
2936 869 3040 926 hoc
3090 869 3210 942 ipso
3260 872 3489 929 invictos
3534 888 3663 940 esse,
3688 878 3779 947 quia

2244 957 2381 1012 mori
2411 973 2518 1013 non
2568 960 2798 1028 timent;
2830 978 2932 1020 nec
2962 980 3263 1037 repugnare
3291 979 3478 1023 contra
3524 968 3785 1040 impugnan-

2246 1058 2344 1116 tes,
2378 1066 2499 1107 cum
2524 1055 2774 1111 occidere
2802 1058 3179 1114 innocentibus
3202 1074 3302 1116 nec
3328 1072 3582 1117 nocentes
3597 1061 3729 1118 liccat
3749 1075 3782 1131 ε,

2244 1144 2338 1199 sed
2360 1156 2611 1217 prompte
2629 1157 2685 1203 et
2708 1148 2918 1206 animas
2939 1160 2996 1207 et
3014 1152 3329 1224 sanguinem
3354 1154 3565 1210 tradere
3593 1172 3607 1211 :
3629 1166 3676 1210 ut
3696 1170 3786 1212 cum

2246 1247 2395 1295 tanta
2424 1240 2477 1295 in
2508 1242 2711 1298 sarculo
2742 1245 2946 1300 malitia
2973 1255 3029 1302 et
3069 1248 3273 1303 saevitia
3303 1258 3597 1321 grassetur,
3624 1266 3650 1304 a
3674 1252 3787 1307 malis

2238 1346 2287 1393 et
2315 1340 2473 1394 suavis
2504 1340 2743 1397 velocius
2768 1340 3075 1400 recedatur.
3094 1342 3280 1412 Quale,
3296 1342 3428 1399 illud
3454 1342 3553 1399 fuit
3578 1344 3670 1401 sub
3691 1362 3787 1401 ocu-

2240 1428 2307 1485 lis
2336 1429 2430 1486 Dei
2459 1434 2827 1503 spectaculum
2884 1435 3181 1507 gloriosum
3209 1436 3234 1491 ‘l
3259 1437 3441 1509 quale,
3471 1436 3526 1493 in
3549 1447 3787 1508 conspectu

2238 1524 2439 1582 Lhristi
2469 1526 2499 1565 ¹ι
2528 1528 2648 1600 ejus
2689 1529 2950 1587 Ecclesia
2990 1546 3105 1588 sua
3143 1530 3400 1603 gaudium
3434 1574 3452 1600 ,
3497 1531 3564 1588 ad
3607 1548 3790 1604 pugnam

2241 1634 2404 1690 quam
2428 1630 2730 1679 tentaverat
2759 1622 2933 1681 hostis
2962 1624 3185 1691 inferre,
3218 1641 3326 1683 non
3353 1626 3593 1701 singulos
3614 1628 3786 1695 milites.

2241 1713 2336 1769 sed
2367 1721 2471 1770 tnta
2502 1715 2665 1773 simul
2691 1727 2869 1774 castra
2895 1719 3194 1790 prodisse?
3221 1718 3426 1778 Omnes
3451 1721 3593 1778 enim
3621 1731 3789 1779 constat

2245 1816 2498 1863 venturos
2527 1807 2714 1875 fuisse.
2743 1811 2790 1866 si
2810 1811 3001 1867 audire
3031 1814 3333 1884 potuissent
3358 1832 3374 1880 ;
3400 1812 3615 1886 quando
3651 1829 3792 1872 accur-

2241 1902 2373 1955 rcrit
2427 1900 2835 1972 properanteri
2893 1914 2951 1961 et
3002 1907 3257 1974 venerit,
3315 1908 3564 1985 quisquis
3611 1908 3790 1964 audivit.

2240 1992 2419 2062 Quoti
2464 1994 2571 2051 illic
2607 1996 2740 2068 lapsi
2764 1996 2999 2070 gloriosa
3025 1998 3369 2058 confessione
3392 2010 3521 2057 sunt
3562 2001 3791 2058 restituti?

2241 2089 2523 2145 Steterunt
2568 2088 2756 2158 fortes,
2788 2100 2845 2147 et
2874 2092 2992 2163 ipso
3019 2092 3210 2149 dolore
3240 2094 3576 2165 paenitentia:
3613 2093 3722 2150 facti
3743 2094 3790 2149 ad

2241 2183 2485 2255 przclium
2518 2181 2769 2241 fortiores
2797 2200 2815 2252 ;
2847 2193 2903 2241 ut
2926 2195 3187 2257 appareat
3214 2201 3385 2259 nuper
3410 2184 3670 2245 subitatos
3686 2201 3794 2254 esse,

1712 2342 2092 2401 LECTIONES
2128 2342 2547 2401 VARIANTES.

591 2483 619 2555 ξ
641 2482 800 2555 F_i_liog
816 2490 1047 2555 provocat
1072 2479 1275 2555 findet,
1295 2482 1438 2536 Foss.
1470 2483 1617 2536 Corb.

592 2544 623 2585 δ
646 2544 732 2599 Sic
758 2544 891 2599 Fess.
927 2545 1046 2598 Hic.
1080 2547 1206 2598 Vict.

590 2612 615 2643 °
643 2610 826 2677 Eodem
851 2610 1080 2677 turbatus
1114 2618 1167 2662 et
1207 2608 1376 2675 pulsus
1408 2608 1534 2661 Bod.
1574 2610 1623 2660 3.
1660 2609 1854 2675 Impetu
1894 2610 2129 2677 repulsus

526 2672 661 2723 Lam.
691 2673 837 2726 Ebur.
866 2673 992 2725 Bod.
1017 2674 1064 2724 2.

589 2734 619 2775 εἰ
643 2736 705 2801 ΕΙ.
725 2738 863 2801 quasi
887 2737 1046 2786 minus
1070 2742 1267 2800 paratos
1288 2736 1427 2801 Lam.
1450 2733 1601 2789 Ebur.
1632 2736 1757 2788 Bod.
1783 2735 1831 2787 2.

590 2801 616 2863 ε
643 2798 764 2863 [iam
785 2801 941 2863 primo
956 2798 1164 2862 agt-essu
1191 2798 1316 2863 Bod.
1335 2802 1385 2849 5.

591 2857 613 2901 τ
640 2857 892 2927 Superare
912 2857 1189 2915 teu'taverat
1210 2862 1336 2916 Bod.
1360 2864 1409 2914 5.

2298 2487 2325 2528 Ι
2346 2485 2609 2538 Innocenti
2632 2487 2769 2538 Lam.
2797 2486 2922 2538 Bod.
2946 2487 2996 2539 2.

2295 2546 2324 2588 ιι
2350 2548 2410 2600 Et
2451 2548 2559 2612 ejus
2605 2549 2841 2601 Ecclesiae
2879 2550 3115 2612 gaudium
3156 2563 3399 2601 summum
3441 2547 3585 2602 Corb.
3614 2548 3721 2601 Bod.
3757 2550 3796 2600 3.

2232 2611 2380 2663 Ebor.
2413 2610 2515 2665 Lin.
2546 2613 2591 2662 Ν
2601 2612 2655 2662 C.
2688 2614 2730 2669 t,
2755 2614 2804 2662 2.
2848 2610 3029 2665 Christi
3068 2620 3121 2664 et
3144 2614 3381 2665 Ecclesiae
3417 2626 3526 2665 suae
3559 2612 3687 2664 Pass.
3707 2614 3796 2662 lii.

2301 2677 2316 2715 ί
2347 2676 2436 2727 Sic
2459 2686 2589 2742 (foss.
2618 2674 2762 2727 Corb.
2790 2675 2909 2727 Μῦς.
2943 2676 3076 2730 Vict.
3115 2677 3312 2742 quando
3348 2677 3578 2728 cucurrit
3622 2674 3729 2727 Bod.
3760 2675 3797 2729 3.

2240 2741 2512 2789 occurrerit
2551 2740 2681 2795 Imp.

2302 2803 2316 2853 i
2350 2801 2441 2869 Qui
2469 2802 2569 2869 illic
2607 2803 2671 2853 In
2692 2816 2785 2869 ms,
2829 2803 3099 2864 Compend.
3140 2815 3269 2869 quae
3293 2799 3443 2855 lectio
3476 2808 3628 2869 potest
3646 2798 3795 2852 utimini

2238 2877 2351 2916 cum
2373 2863 2465 2915 hac
2488 2865 2892 2932 iuret-punctione,
2921 2863 3033 2918 sunt
3056 2863 3305 2929 restituti,
3331 2863 3587 2919 steterunt
3606 2866 3750 2916 fortes.

1846 3014 2211 3074 VARIORUM
2250 3014 2478 3072 NOTAE.

524 3182 662 3239 Tum
690 3182 743 3239 in
766 3180 930 3239 Corb.
962 3180 1092 3253 ﬁdes
1119 3196 1272 3247 quam
1302 3180 1461 3246 vobis,
1494 3180 1610 3237 sine
1633 3181 2011 3252 prmpnsitinne
2031 3180 2111 3234 de.
2145 3178 2188 3241 C
2223 3178 2624 3253 nibusliianntii
2653 3186 2711 3234 et
2735 3178 2981 3253 Morellii.
3015 3179 3226 3253 Bantia.

523 3254 645 3312 Max
679 3256 730 3310 in
756 3253 1056 3327 Cornpend.
1075 3253 1388 3327 providebat,
1423 3271 1526 3308 rrnn
1556 3256 1882 3327 prteuidebat.
1913 3253 2113 3327 Eadem

524 3328 735 3382 ratione
752 3326 977 3381 Romani
1006 3324 1185 3390 ex‘en,
1214 3324 1354 3395 quod
1386 3324 1572 3381 eorum
1606 3327 1739 3383 fides
1766 3327 1835 3381 ab
1854 3326 2115 3387 Apustolo

523 3398 739 3454 laudata
766 3407 885 3464 est,
918 3396 1369 3455 commendantur
1396 3396 1567 3462 Epist.
1624 3413 1733 3462 xu,
1783 3415 1838 3452 n.
1874 3398 1959 3454 i5.
1999 3396 2117 3467 Ipse

523 3469 704 3525 clerus
732 3470 1008 3525 Romanus
1034 3468 1118 3523 his
1151 3469 1389 3538 Apostoli
1428 3469 1675 3525 laudibus
1703 3471 2028 3535 stimulatus,
2049 3468 2115 3522 ad

526 3540 856 3615 Cyprianum
880 3540 1051 3615 Epist.
1079 3542 1490 3615 xxxtrescribit
1520 3538 1674 3615 {Nec
1692 3541 1951 3615 tantasde
1974 3539 2117 3594 nobis

528 3612 708 3669 laudes
734 3612 1008 3685 Apostolus
1039 3612 1331 3685 Protulisset
1374 3612 1613 3679 dicendo,
1642 3614 1760 3682 quia
1802 3614 1927 3677 ﬁdes
1952 3621 2118 3666 vestra

525 3683 839 3758 pt'cdicntur
859 3686 911 3739 in
925 3694 1030 3738 toto
1057 3683 1391 3758 mundo,_nisi
1405 3687 1513 3746 iam
1545 3685 1728 3741 exinde
1754 3686 1899 3754 vigor
1919 3685 2013 3738 iste
2036 3700 2121 3736 ra-

522 3756 663 3812 dices
682 3758 803 3825 fidei
829 3758 891 3812 de
911 3756 1220 3827 temporibus
1245 3756 1353 3810 illis
1375 3767 1634 3811 mutuatus
1663 3758 1875 3828 fuisset;
1904 3773 2121 3823 quarunt

525 3829 736 3901 laudum
763 3840 811 3885 et
834 3828 1014 3901 gloriae
1028 3828 1322 3900 degenerem
1343 3828 1499 3901 fuisse
1517 3830 1793 3885 maximum
1822 3830 2010 3881 crimen
2027 3837 2120 3882 est.

521 3898 825 3957 COUS'I'AN'I'.
836 3898 900 3941 '—
911 3898 1121 3956 Fratres
1137 3901 1442 3954 rharissimi.
1455 3900 1645 3955 Decem
1664 3901 1779 3955 libri
1798 3902 1961 3953 nostri
1976 3913 2128 3953 vete-

521 3988 631 4036 res,
655 3984 766 4029 tres
790 3973 1090 4041 Anglicani,
1116 3982 1170 4026 et
1190 3982 1440 4041 excerpta
1469 3972 1634 4038 Flori,
1652 3983 1761 4026 tum
1777 3972 1939 4025 etiam
1960 3971 2125 4026 editio

524 4042 767 4111 Manutii,
797 4044 1085 4115 pra-ferunt
1111 4045 1271 4115 frater
1296 4044 1612 4098 charissime.
1644 4044 1794 4112 Quod
1810 4044 1919 4110 jam
1958 4044 2119 4096 adno~

521 4117 754 4170 lavimus
772 4114 1081 4185 iri-quenter
1105 4114 1379 4171 actitatum
1412 4116 1575 4169 luisse
1600 4116 1665 4171 ab
1696 4115 1931 4185 antiquis
1960 4114 2122 4169 libra-

526 4187 621 4259 riis
652 4190 702 4240 in
731 4186 1128 4257 exe-inplaribus
1154 4202 1375 4257 operum
1407 4187 1867 4259 sanetiCypriani.
1890 4185 2126 4259 Ulrajiltc

522 4257 683 4314 lectio
704 4258 841 4313 bona
860 4259 1098 4314 est.Nam
1114 4260 1357 4330 quamvis
1370 4258 1595 4327 episrola
1611 4257 1807 4327 scripta
1826 4260 1891 4312 sit
1907 4258 1976 4311 ad
1992 4258 2121 4311 Cor-

521 4330 734 4397 nelium,
761 4340 939 4403 tamen
961 4329 1261 4403 Cyprianus
1299 4329 1589 4403 identidem
1634 4344 1943 4403 sermonem
1968 4345 2123 4403 suum

522 4403 789 4457 convertit
832 4402 898 4456 ad
934 4401 1150 4458 omnem
1183 4401 1483 4457 Ecclesium
1513 4402 1832 4456 Romanam.
1867 4401 1956 4456 Sic
1984 4401 2125 4470 apud

519 4485 767 4564 sanctum
786 4473 1128 4564 Gregorium.
1146 4474 1238 4530 lib.
1260 4490 1299 4539 ι,
1321 4473 1625 4564 Patimur“,
1641 4472 1932 4564 scriptaJad
1961 4472 2127 4527 Jonn-
2152 4503 2204 4564 Β

520 4560 634 4600 nem
660 4546 1302 4617 Constantinopolitanum,
1332 4545 1603 4615 Eulogium
1622 4545 2050 4617 Alexandrinum,
2080 4557 2127 4599 ct

519 4628 749 4679 ceteras.
804 4635 901 4687 pro
942 4616 1009 4674 eo
1056 4618 1196 4687 quod
1240 4616 1505 4673 editiones
1553 4617 1750 4673 habent
1779 4616 1911 4671 unde
1939 4618 2127 4686 fratres

519 4634 749 4679 ceteras.
804 4635 901 4687 pro
942 4634 1009 4674 eo
1096 4634 1196 4673 nou
1240 4634 1505 4673 eutuunes
1553 4634 1750 4673 nauem
1779 4634 1911 4671 unae
1939 4634 2125 4686 (rari-es

518 4690 810 4745 charissimi
838 4689 1010 4745 codex
1040 4634 1449 4762 bioyssiaeensis
1478 4688 1699 4759 pratfert
1727 4689 1886 4757 {mter
1925 4690 2125 4762 charis-

518 4763 664 4817 sime.
702 4766 877 4831 Atque
908 4762 978 4816 ita
1007 4760 1287 4827 legendum
1312 4777 1433 4815 esse
1459 4762 1584 4816 hinc
1604 4774 1814 4815 consmt
1838 4760 1977 4825 quod
2001 4777 2123 4815 cum

518 4833 746 4905 epistula
778 4834 869 4889 illa
911 4836 1112 4905 scripta
1140 4836 1208 4888 sit
1234 4851 1261 4884 :t
1293 4834 1511 4901 paribus
1542 4835 1605 4887 ad
1650 4836 1934 4904 episcoiios
1978 4834 2121 4900 illos,

521 4921 747 4962 necesse
776 4916 893 4962 erat
920 4920 1360 4971 unmnquemque
1392 4922 1578 4959 eorum
1610 4906 1866 4974 appellari
1915 4906 1965 4958 in
2013 4905 2127 4960 sin-

517 4979 715 5048 gulari.
747 4978 935 5034 Obiter
966 4979 1085 5033 iteic
1114 4978 1384 5032 admoneo
1417 4978 1710 5045 Eitlleklm
1744 4976 2031 5048 Alexandri
2058 4976 2126 5032 lll

521 5047 619 5132 pro
668 5051 998 5132 monasterio
1027 5048 1362 5132 Piscariensi
1393 5049 1504 5132 sive
1540 5049 1900 5132 tiasauriensi
1917 5047 2119 5132 edituri:

520 5118 574 5174 in
606 5129 752 5175 tomo
796 5122 997 5193 quinto
1027 5120 1288 5192 spicilegii
1324 5118 1643 5193 Dacltvriani
1696 5136 1810 5190 pag.
1868 5121 1993 5187 5:25,
2050 5120 2121 5174 ita

520 5193 799 5250 emendari
817 5190 1029 5248 debere
1062 5190 1141 5247 fut
1187 5201 1305 5262 post
1350 5190 1598 5247 Firmano
1646 5193 1883 5262 episropo
1917 5194 2123 5261 legatur

518 5275 911 5332 consequenter
966 5268 1181 5320 salutent
1229 5272 1274 5317 et
1323 5264 1651 5331 apostolicum
1704 5263 2116 5318 benedictionem.

522 5335 744 5402 Qrmnto,
778 5346 829 5389 et
858 5352 918 5391 ea
946 5353 1063 5407 qua:
1093 5336 1417 5404 intcrjacent
1446 5335 1752 5404 repellenda
1782 5347 1904 5390 sunt
1938 5337 2118 5390 statim

520 5416 642 5478 pust
670 5408 978 5478 epistolam,
1008 5419 1182 5478 pruni,
1216 5407 1375 5463 etiam
1406 5424 1433 5463 a
1461 5408 1667 5462 Joanne
1699 5407 1918 5462 Brrardi
1949 5409 2119 5462 adno-

521 5490 689 5533 ldllllll
716 5490 799 5536 est
826 5480 876 5534 in
903 5480 1162 5535 chronica.
1197 5478 1351 5536 Unde
1382 5491 1433 5535 ct
1467 5482 1519 5534 in
1548 5480 1877 5534 cltartularii
1905 5495 1970 5535 ex
2014 5495 2120 5551 quo

516 5552 744 5622 cpistola
770 5552 858 5606 illa
888 5553 1027 5605 edita
1053 5561 1156 5618 est,
1181 5568 1282 5607 vox
1314 5551 1547 5607 similiter
1571 5566 1785 5621 semper
1811 5552 2011 5622 scripta
2037 5562 2120 5607 est

520 5639 641 5680 cum
673 5624 859 5679 minio.
893 5624 1092 5679 BALUZ.

603 5714 747 5771 Vinci
775 5717 1001 5770 omnino.
1037 5715 1160 5771 ﬂzrc
1189 5725 1457 5786 postrema
1487 5732 1614 5775 vox.
1645 5731 1766 5786 qure
1811 5715 1941 5770 mihi
1972 5715 2120 5771 vidc-

516 5797 604 5849 tur
648 5786 942 5861 superﬂua,
974 5789 1126 5847 deest
1152 5789 1205 5845 in
1236 5788 1374 5846 libro
1404 5789 1659 5847 Beccensi
1711 5799 1765 5845 ct
1812 5787 1866 5843 in
1919 5788 2115 5846 editio-

2304 3250 2494 3305 Pulsus
2522 3261 2671 3304 estet
2717 3252 2900 3306 victus.
2949 3249 3269 3306 Addidimus
3315 3250 3462 3306 istud
3514 3250 3790 3306 auctoritate

2222 3325 2381 3379 trium
2438 3332 2679 3377 veterum
2745 3324 3160 3392 exemplarium.
3221 3320 3398 3379 Unum
3475 3322 3787 3379 Bodleianam

2224 3395 2386 3449 habet
2408 3395 2641 3450 turbatus
2666 3404 2711 3449 et
2736 3395 2938 3464 pulsus.
2973 3395 3175 3451 Bawz.

2297 3468 2573 3539 Accipiter.
2612 3467 2723 3521 Duo
2748 3466 2868 3521 libri
2902 3474 3108 3539 veteres-
3140 3466 3339 3522 habent
3367 3476 3631 3539 acceptor.
3668 3464 3789 3539 Quod

2225 3538 2364 3612 idem
2387 3548 2494 3612 cst.
2535 3537 2669 3593 Vide
2702 3548 2832 3594 tom.
2859 3554 2893 3593 ll
2930 3537 3327 3612 Capitulartum,
3388 3537 3516 3612 pag.
3538 3537 3661 3602 68‘.
3689 3537 3788 3600 750,

2226 3610 2354 3667 850.
2386 3610 2584 3665 Bacuz.

2300 3680 2413 3736 Nec
2440 3699 2744 3756 repugnare.
2777 3682 2909 3737 Illud
2943 3699 3033 3756 nec
3058 3699 3366 3756 repugnare,
3399 3698 3512 3738 non
3553 3684 3616 3739 ad
3642 3682 3790 3756 proxi-

2227 3768 2373 3808 mum
2400 3756 2625 3808 verbum
2659 3753 2855 3821 timent,
2885 3755 2978 3808 sed
3006 3755 3072 3809 ad
3100 3753 3351 3823 superius
3382 3756 3630 3811 intellexit
3650 3754 3791 3811 reler-

2229 3835 2313 3879 tur
2337 3843 2351 3879 :
2380 3825 2482 3898 hoc
2509 3835 2610 3887 est,
2639 3826 2904 3881 intellexit
2929 3826 3124 3881 milites
3143 3827 3340 3882 Christi
3362 3827 3791 3898 nequaquamtint

2229 3899 2278 3969 vi
2309 3897 2598 3966 repellere.
2646 3898 2885 3952 Subinde
2938 3899 2988 3952 in
3023 3901 3255 3969 vulgatis
3307 3897 3594 3961 nocentem,
3624 3899 3671 3953 in
3713 3912 3792 3969 rus.

2228 3968 2383 4022 Coll).
2413 3980 2643 4024 nocente.
2677 3969 2919 4038 Reliquze
2956 3966 3187 4041 orationi
3224 3973 3393 4040 magis
3422 3973 3663 4041 congruit
3682 3966 3792 4041 quod

2231 4040 2283 4094 in
2318 4043 2478 4096 (lor-li.
2507 4052 2760 4115 nocentes.
2789 4041 2915 4115 llafc
2941 4039 3194 4115 Cypriani
3230 4039 3387 4115 verba
3414 4039 3703 4101 attendant.
3725 4039 3791 4103 ιιυὶ

2233 4125 2489 4167 nocentes
2538 4112 2787 4167 occidere
2817 4112 3140 4169 Christianis
3172 4113 3364 4171 leviori
3393 4115 3467 4172 de
3520 4129 3670 4170 causa
3698 4126 3791 4182 pcr-

2232 4185 2471 4238 mittunt.
2490 4181 2799 4240 COUSTAN'I‘.

2303 4254 2370 4310 In
2400 4268 2672 4323 conspectu
2699 4254 2911 4312 Christi.
2944 4257 3018 4311 Ex
3053 4273 3185 4314 mss.
3211 4257 3366 4313 Cnlb.
3397 4268 3457 4314 et
3482 4256 3642 4314 Corb.
3666 4269 3791 4313 reru-

2231 4340 2418 4400 camus
2443 4330 2575 4400 ejus:
2605 4331 2747 4398 quod
2779 4330 2830 4382 in
2865 4330 3096 4400 vulgatis
3123 4330 3331 4385 deerat.
3359 4324 3498 4385 Huic
3528 4343 3691 4385 tamen
3716 4342 3789 4380 r0-

2230 4399 2423 4474 cabnlo
2446 4402 2501 4474 _in
2531 4399 2843 4474 Corbeiensi
2877 4399 3129 4474 secundis
3174 4403 3321 4474 curis
3372 4403 3703 4474 superaddita
3728 4408 3790 4454 est

2233 4472 2491 4546 particula
2511 4483 2585 4546 et.
2619 4469 2775 4527 Unde
2812 4484 2858 4525 ct
2892 4473 2944 4527 in
2974 4473 3097 4546 aliis
3130 4473 3367 4546 quinque
3398 4469 3645 4530 obtinere
3672 4480 3787 4546 nutat

2230 4539 2555 4615 annicnsis
2586 4547 2763 4615 editor
2806 4546 2988 4615 elnt'jtts
3018 4539 3294 4611 lt‘cclésim,’
3315 4548 3521 4602 omisso
3548 4561 3668 4600 sum.
3710 4543 3784 4596 lia-

2230 4612 2353 4668 dem
2381 4614 2635 4685 loquendi
2663 4610 3009 4679 τειιὶυιιόξιιίο
3040 4616 3239 4672 dicitur
3266 4610 3460 4673 Christi
3485 4619 3614 4686 eius,
3640 4630 3726 4685 qua
3749 4618 3785 4665 in

2229 4687 2497 4753 superiori
2530 4686 2765 4753 Epi~tola
2827 4704 2879 4742 χ.
2916 4706 2967 4742 n.
3003 4690 3058 4753 7,
3091 4688 3292 4743 dictum
3320 4700 3425 4757 est,
3460 4690 3706 4745 Cornelius
3722 4689 3784 4757 {r-

2229 4768 2339 4811 ctus
2380 4768 2451 4812 est
2490 4761 2757 4830 episcopus
2795 4759 2859 4813 de
2881 4759 2979 4815 Dei
3026 4770 3071 4815 et
3101 4758 3289 4814 Christi
3309 4763 3419 4831 ejus
3442 4762 3653 4831 iudicio.

3277 4833 3587 4888 Consum.

2300 4900 2489 4957 Christi
2522 4902 2783 4958 Ecclesia.
2821 4902 3040 4958 Multum
3075 4905 3286 4959 variant
3315 4909 3366 4959 in
3402 4908 3503 4960 boe
3536 4911 3646 4958 ioco
3682 4898 3777 4956 libri

2230 4982 2444 5030 veteres
2497 4986 2551 5030 et
2618 4986 2825 5030 retere.-
2884 4976 3171 5030 editinncs.
3230 4977 3487 5043 ριιειειιςιιιι
3562 4974 3782 5031 editiones

2227 5045 2461 5118 antiqua:
2504 5058 2557 5103 et
2584 5049 2798 5118 quidam
2858 5046 2976 5101 libri
3030 5060 3241 5103 vctcres
3283 5050 3483 5103 habent
3531 5044 3703 5118 Christi
3734 5052 3777 5118 Δ(ι

2230 5112 2476 5191 Ecclesia:
2504 5112 2629 5173 suai.
2658 5121 2794 5173 Alrtii
2823 5121 3083 5185 scriptum
3109 5131 3192 5175 est
3221 5119 3488 5191 (.‘hristi_et
3505 5122 3613 5191 ejus
3641 5112 3780 5170 Εεειιο

2226 5190 2336 5263 site,
2371 5189 2561 5244 Christi
2575 5193 2693 5263 sive
2726 5191 2969 5263 [irritatas
3010 5193 3141 5263 ejus.
3188 5191 3380 5247 Christi
3405 5189 3641 5246 Ecdesz
3678 5199 3775 5263 81¢-

2228 5261 2490 5330 Exterpta
2547 5261 2690 5316 Flari
2742 5262 2931 5317 Christi
2982 5256 3223 5318 Ecclesire
3251 5279 3361 5319 sua!
3389 5265 3646 5335 gaudium.
3693 5256 3777 5326 Ego

2228 5334 2444 5401 reposui
2469 5337 2754 5390 lectionem
2780 5353 2936 5401 quant
2956 5336 3260 5391 existimavi
3295 5340 3572 5391 meliorem
3597 5340 3774 5387 sensum

2224 5402 2403 5459 facere
2439 5415 2494 5461 et
2538 5422 2657 5474 qua:
2702 5406 2829 5461 mihi
2891 5408 3104 5462 videtur
3133 5407 3326 5462 melius
3357 5406 3639 5463 conterrite
3681 5413 3773 5457 eum

2223 5477 2365 5552 styli)
2385 5478 2564 5552 sancti
2589 5478 2857 5552 Martyris.
2890 5479 3091 5536 Bswz.

2297 5548 2580 5618 Subitatos,
2623 5550 2698 5628 _id
2727 5546 2851 5611 'est.
2884 5564 2964 5628 ,ut
2995 5552 3176 5607 statim
3228 5551 3457 5628 explicat
3494 5546 3770 5628 Cyprialill‘i

2221 5635 2375 5675 novae
2417 5634 2577 5689 atque
2622 5623 2845 5678 insueta:
2888 5625 2963 5678 rei
3016 5639 3214 5693 pavore
3264 5623 3607 5692 trepidantes,
3658 5623 3766 5693 sicut

2223 5701 2444 5766 sanctus
2469 5694 2825 5766 Hieronymus
2851 5696 2903 5749 in
2932 5695 3170 5762 Epistula
3202 5697 3272 5749 ad
3298 5705 3524 5748 snnrtnm
3567 5693 3768 5760 August:—

2222 5780 2345 5818 num
2383 5765 2451 5821 de
2483 5765 2906 5836 reprehensione
2933 5767 3074 5822 Petri
3108 5770 3203 5823 ait:
3234 5766 3557 5823 Fortissimo:
3589 5769 3770 5836 quoque

2223 5837 2405 5894 milites
2429 5829 2595 5893 subiia
2619 5838 2752 5894 bella
2772 5839 3108 5907 conturbant;
3136 5850 3191 5897 et
3217 5838 3451 5907 Tacitus,
3485 5837 3575 5893 lib.
3599 5829 3665 5890 av
3682 5829 3777 5885 Ant
