4000 6322
525 238 630 312 suo

1270 230 1622 303 MPENDIX
1658 232 1891 300 PRIMA.
1936 234 2299 304 εριετοωε
2338 234 2682 303 CORNELIO
2722 236 2850 302 ADS

2186 235 2299 304 LE
2338 234 2682 303 CORNELIO
2722 236 3151 306 ADSCRIPTIE.
3689 246 3766 309 Nil

521 355 701 427 eigus,
756 360 942 416 contra
993 366 1199 413 merent
1250 354 1411 425 hujus
1456 354 1660 421 saeculi,
1703 355 2123 423 archiepiscopus
2156 358 2204 417 Λ
2232 354 2488 407 adornata
2535 354 2761 423 primum
2788 369 2853 409 ex
2901 371 3028 410 mss.
3070 352 3382 409 Bobieriano
3429 360 3477 409 et
3521 352 3768 426 Remigium

522 448 847 519 appellatur.
881 447 932 500 lil
956 448 1173 517 quidem
1227 446 1491 503 Baronius
1532 448 1826 503 emendare
1873 451 2084 502 Curavtl
2112 490 2128 514 ,

529 550 584 596 et
609 555 706 610 pro
736 540 1143 610 archiepiscopo,
1208 540 1484 595 substituit
1532 542 1806 611 episcopo:
1861 543 1954 596 sed
2006 558 2129 597 cum

527 631 731 688 nullius
760 633 959 688 veteris
978 633 1181 687 codicis
1208 635 1532 690 auctoritate
1559 636 1953 691 correctionem
1975 650 2126 692 sviam

529 724 827 791 fulcivcrit,
876 736 1059 781 manet
1109 725 1226 795 ipsa
1278 727 1669 799 suppOsitiouis
1739 740 1889 785 nota.
1945 729 2130 803 Neque

526 821 699 892 magis
723 821 915 877 eodem
942 835 1058 875 mro
1089 821 1341 876 usitatum
1364 831 1449 877 est
1474 820 1652 878 Missa:
1678 839 1895 888 nomen,
1915 826 1990 880 uti
2016 826 2127 895 jam

529 914 583 970 in
617 913 986 985 supposititias
1014 912 1092 968 Pii
1140 914 1400 986 epistolas
1443 927 1526 972 est
1577 917 1948 973 observatum.
1997 920 2129 987 Quis

526 1007 689 1064 etiam
750 1016 875 1063 ante
920 1008 1377 1079 persecutionem,
1428 1025 1531 1081 qua
1576 1011 1781 1066 interiit
1819 1012 2124 1079 Cornelius,

526 1097 720 1155 Missas
749 1098 950 1169 publice
984 1114 1148 1171 agere
1194 1100 1519 1157 Christianis
1571 1103 1785 1158 licuisse
1828 1106 2129 1175 largiatur?

525 1193 642 1251 Iloc
673 1204 851 1250 tamen
882 1204 1101 1263 sonant,
1132 1211 1250 1264 qua:
1281 1196 1332 1251 in
1362 1196 1600 1252 subnexa
1625 1198 1853 1269 epistola
1883 1199 2124 1256 Carm-lii

523 1291 741 1346 nomine
767 1290 1097 1347 scribuntur.
1124 1291 1393 1347 Praeterea
1426 1294 1725 1349 secundum
1755 1294 2059 1351 Iohannem
2093 1311 2125 1350 a

517 1383 693 1441 Bosco
723 1383 1030 1442 Florentius
1057 1384 1306 1455 Lupicini
1353 1387 1611 1444 decessor
1648 1407 1667 1441 ‹
1698 1400 1936 1457 tempora
1987 1389 2126 1447 Gor-

512 1478 679 1543 diani,
713 1478 969 1550 Philippi,
998 1479 1141 1534 Decii
1173 1478 1311 1535 Galli
1341 1489 1396 1534 et
1432 1479 1709 1535 Volnsiani
1738 1482 2067 1536 decucurrit.
2096 1501 2117 1538 s

511 1573 585 1630 At
605 1572 698 1645 qni
716 1573 1042 1632 Volusianus
1090 1582 1297 1629 tantum
1323 1590 1471 1631 anno
1491 1574 1600 1631 252
1627 1586 1752 1631 ante
1774 1576 1892 1646 julii
1923 1577 2125 1632 mensis

517 1668 728 1722 exitum
757 1677 976 1723 creatus
1027 1675 1113 1721 est
1157 1666 1451 1735 Augustus,
1504 1677 1559 1723 et
1608 1668 1891 1724 Cornelius
1945 1670 2125 1724 medio

508 1774 699 1816 niense
723 1761 1034 1829 septembre
1076 1760 1202 1814 anni
1233 1760 1476 1830 ejusdem
1509 1761 1725 1817 vivendi
1758 1763 1919 1816 linem
1974 1761 2120 1829 fecit,

508 1867 632 1909 cum
656 1852 938 1925 aliquanto
959 1864 1114 1910 antea
1138 1854 1585 1922 comprehensus.
1614 1856 1781 1911 Deum
1813 1856 2119 1922 confessus,

512 1961 579 2003 ac
604 1946 877 2017 relegatus
903 1946 1131 2014 fuisset;
1179 1949 1318 2004 adeo
1346 1958 1402 2003 ut
1424 1948 1695 2021 Cypriano
1723 1950 2118 2006 confessionem

513 2039 634 2109 ejus
666 2040 893 2107 rescire,
924 2050 980 2096 et
996 2043 1376 2112 gratulatorias
1402 2042 1470 2098 de
1496 2043 1583 2097 illa
1609 2044 1815 2098 litteras
1842 2044 1909 2097 ad
1944 2047 2117 2115 ipsum

509 2134 754 2190 scribere
786 2135 1021 2191 licuerit.
1052 2136 1409 2205 Quandonani
1443 2138 1605 2208 igitur
1637 2137 1799 2193 scribi
1853 2138 1969 2194 haec
2000 2138 2117 2209 epi-

505 2229 642 2285 stola
668 2230 875 2299 potuit?
898 2242 990 2287 aut
1011 2247 1109 2287 cur
1130 2232 1417 2289 Cornelius
1445 2234 1581 2289 nihil
1613 2237 1663 2287 in
1696 2250 1759 2289 ea
1779 2234 1844 2289 de
1873 2250 2122 2302 compre-

509 2321 775 2381 hensione
800 2336 855 2379 et
875 2326 1224 2384 confessione
1248 2342 1364 2395 sua,
1389 2329 1522 2383 nihil
1549 2328 1617 2385 de
1643 2330 1846 2385 recenti
1876 2328 2117 2400 Lupicini

503 2410 854 2471 ordinatione
882 2415 1161 2487 loquitur?

1101 2534 1436 2633 EPlSTtiLA
1477 2575 1520 2632 1.

573 2724 872 2769 εοιικιςιιυε
897 2723 1180 2767 ειηεοοιιυε
1228 2726 1425 2767 FRATRI
1474 2726 1719 2767 LUPICINO
1763 2727 2043 2770 VIENNENSI

956 2820 1363 2862 ARCHIEPIsCUPU
1404 2815 1430 2843 λ
1468 2820 1735 2863 SALUTEM.

578 2939 752 3009 Scias,
782 2940 945 2996 frater
973 2939 1289 2996 beatiSsime
1308 2938 1361 3004 ιι,
1380 2955 1563 2997 aream
1592 2941 1927 2997 Dominicam
1962 2955 2122 2999 vento

512 3034 909 3108 persecutionis
932 3036 1195 3092 acerrime
1234 3038 1589 3101 commoveri,
1638 3047 1692 3092 et
1719 3040 1911 3095 edictis
1942 3040 2115 3109 impe-

505 3139 749 3187 ratorum
787 3127 1123 3185 Christianos
1163 3129 1363 3199 ubique
1410 3132 1696 3187 tormentis
1726 3133 1892 3187 variis
1943 3131 2111 3186 afﬁci.

509 3221 648 3279 Nam
676 3223 729 3277 in
752 3222 886 3277 urbe
905 3220 1071 3276 Roma
1102 3222 1418 3292 praefectusc
1441 3223 1508 3279 ad
1534 3224 1635 3279 hoc
1656 3224 1983 3279 constitutus
2011 3236 2114 3281 est.

509 3314 669 3373 Unde
723 3331 899 3387 neque
949 3317 1178 3387 publice,
1236 3333 1409 3387 neque
1456 3318 1508 3373 in
1570 3320 1772 3391 cryptis
1818 3321 2118 3376 notioribus

507 3408 702 3465 Missas
758 3424 919 3479 agere
970 3409 1294 3465 Christianis
1350 3410 1493 3466 licet.
1551 3394 1904 3467 Exhortetnr
1938 3414 2117 3484 itaque

510 3503 761 3560 Charitas
790 3516 969 3560 vestra
1020 3519 1212 3560 omnes
1262 3506 1550 3562 credentes
1584 3508 1638 3562 in
1695 3505 1993 3575 Christum,
2048 3526 2117 3566 ne

506 3597 736 3653 timeant
767 3612 864 3653 eos
890 3598 980 3669 qui
1012 3597 1271 3655 occidunt
1298 3615 1518 3670 corpus,
1548 3601 1642 3656 sed
1673 3604 1851 3671 potius
1874 3618 1998 3658 eum
2027 3603 2117 3673 qui

510 3690 678 3747 habet
705 3705 906 3762 corpus
920 3700 976 3747 et
1003 3693 1240 3748 animant
1261 3704 1581 3761 potestatem
1603 3696 1861 3765 perdendi
1883 3697 1902 3769 (
1927 3696 2113 3751 Manli.

504 3799 589 3855 ι,
643 3783 715 3840 28
737 3780 781 3858 ).
860 3784 980 3840 Jam
1033 3786 1217 3857 plures
1274 3788 1501 3842 fratrum
1557 3789 1819 3860 martyrio
1870 3791 2115 3846 coronati

505 3891 651 3939 sunt.
705 3882 814 3939 Ora
865 3893 923 3939 ut
974 3883 1318 3954 perﬁciamus
1357 3900 1577 3942 cursum
1611 3896 1857 3941 nostrum
1891 3890 2046 3943 nobis
2076 3906 2108 3944 a

508 3974 740 4032 Domino
767 3976 1089 4032 revelatum.
1120 3976 1273 4043 Vale,
1317 3976 1486 4033 frater
1507 3979 1561 4035 in
1587 3980 1832 4048 Domino,
1854 3990 1910 4037 et
1940 3984 2118 4037 saluta

504 4082 697 4126 omnes
716 4070 807 4140 qui
839 4084 938 4126 nos
964 4080 1147 4126 amant
1172 4071 1226 4125 in
1265 4069 1504 4129 Christo.

1093 4192 1433 4287 EPISTULA
1470 4229 1537 4288 ιι.

866 4406 1114 4449 CORNELII
1141 4408 1291 4450 ΡΔΡΕ
1320 4410 1390 4450 AD
1420 4409 1745 4452 CYPBIANUI.

574 4551 645 4610 In
666 4553 942 4612 novissima
971 4556 1225 4629 Cypriani
1241 4558 1467 4615 editione
1489 4556 1673 4629 Steph.
1698 4557 1906 4613 Baluzii
1936 4559 2106 4613 studio

1721 4726 2104 4787 LECTIONES

566 4879 595 4948 ξ
620 4879 863 4948 Episcopo
887 4886 1070 4937 Bia-on.

561 4938 595 4984 δ
618 4938 882 5000 carissime
904 4951 1091 5002 Baron.

2236 447 2448 517 prodiit.
2487 446 2680 501 Mirum
2708 457 2781 501 est
2808 464 2920 501 eaut
2969 447 3033 501 ob
3061 446 3260 503 erudito
3287 449 3393 502 viro
3433 448 3506 501 vel
3532 458 3582 502 ut
3608 450 3772 505 dubiant

2234 541 2454 611 proponi
2481 543 2724 611 patuisse,
2757 558 2872 596 cum
2903 543 3105 597 nullum
3146 542 3250 597 veri
3280 542 3608 596 characterem
3632 560 3772 614 prius

2237 636 2389 703 ferat.
2420 634 2647 709 Indigna
2667 647 2740 691 est
2758 637 3013 702 amicitia,
3044 651 3160 707 qua
3188 633 3423 691 Cornelio
3438 651 3548 690 cum
3567 635 3773 706 Cypriane

2230 727 2299 780 ad
2330 739 2541 781 mortem
2569 744 2724 796 usque
2753 730 2871 799 fuit.
2903 727 3085 797 Neque
3115 730 3283 783 minus
3310 738 3502 799 pugnat
3526 745 3627 783 cunt
3651 730 3774 786 histo-

2229 819 2338 872 rica
2376 821 2603 884 veritate,
2637 836 2702 873 ea:
2729 836 2831 890 qua
2858 822 3259 876 controversiam
3293 822 3355 875 de
3377 820 3629 891 Baptism
3648 826 3776 880 hare-

2234 915 2449 968 ticorunt
2486 924 2684 968 tantum
2734 926 2848 984 post
2880 914 3103 969 Cornelii
3134 927 3344 970 mortem
3384 916 3511 971 inter
3538 914 3776 972 Romanum

2233 1007 2529 1077 ponti/irent
2576 1022 2622 1061 et
2671 1004 3129 1080 Carthagineusem
3180 1019 3354 1063 natam
3400 1026 3526 1077 esse,
3575 1020 3703 1079 atque
3734 1029 3777 1066 es

2230 1102 2463 1169 epistola
2488 1102 2729 1157 secunda:
2751 1100 3003 1173 Cypriani
3031 1103 3101 1156 ad
3131 1103 3454 1174 Stephanum
3471 1120 3645 1173 papam
3669 1121 3778 1159 occa-

2231 1195 2375 1246 sione
2398 1194 2560 1264 fuisse
2580 1195 2874 1258 excitatam,
2898 1193 2978 1248 vel
3002 1211 3066 1249 ea:
3081 1192 3407 1267 Cyprianica:
3422 1195 3574 1266 hujus
3598 1198 3778 1267 epistola

2229 1288 2447 1342 lectione
2475 1287 2654 1358 liquet.
2689 1287 2788 1344 Ubi
2814 1289 2972 1360 igitur
2998 1289 3246 1358 Ruﬁnus.
3270 1289 3359 1344 lib.
3382 1288 3781 1358 vn,c.2,coutro-

2229 1384 2444 1435 versiam
2475 1381 2537 1435 de
2554 1379 2819 1454 Baptismo
2857 1383 3213 1437 hereticorum
3233 1383 3327 1438 sub
3373 1384 3592 1439 Cornelii
3617 1388 3780 1454 ponti/i-

2229 1487 2346 1531 catu
2379 1480 2591 1548 coepisse
2616 1480 2814 1546 scribit,
2861 1490 3040 1533 contra
3064 1491 3351 1550 temporum
3378 1490 3658 1535 accuratam
3680 1482 3779 1535 noti-

2227 1572 2371 1639 tiam,
2403 1572 2541 1642 quod
2571 1573 2793 1629 insolens
2842 1575 2890 1627 ei
2934 1590 3037 1628 non
3085 1584 3180 1640 est,
3214 1590 3428 1644 peccare
3465 1575 3691 1629 dicendus
3709 1586 3777 1630 est.

2232 1664 2368 1719 Eum
2392 1682 2508 1720 vero
2537 1666 2646 1720 illic
2665 1667 2720 1720 id
2744 1669 2882 1738 quod
2907 1667 3163 1735 Stephani
3190 1678 3284 1732 est,
3324 1666 3561 1723 Cornelio
3588 1669 3779 1735 tribucre,

2227 1759 2342 1812 sola
2390 1759 2658 1812 verborum
2709 1761 2854 1815 illius
2918 1761 3166 1815 relatione
3215 1763 3452 1815 omnibus
3500 1762 3658 1832 palam
3699 1762 3777 1830 ﬁet.

2225 1851 2488 1923 Cumque,
2524 1855 2708 1925 inquit,
2757 1853 2809 1909 id
2840 1870 2868 1908 a
2898 1852 3170 1927 Cypriano
3214 1865 3270 1911 et
3287 1856 3503 1912 exteris
3533 1870 3659 1925 pene
3684 1872 3773 1909 om-

2230 1950 2390 2004 nibus
2421 1967 2515 2019 per
2538 1952 2773 2007 Africam
2805 1954 3181 2008 sacerdotibus
3218 1960 3476 2023 oportere
3503 1954 3614 2008 lieri
3633 1952 3710 2019 (id
3730 1960 3782 2008 ett

2227 2044 2490 2098 Itwreticos
2548 2043 2907 2116 rebaptizari)
2961 2044 3379 2109 decerneretur;
3439 2042 3709 2100 Cornelius
3743 2050 3782 2096 et

2223 2139 2405 2195 caeteri
2426 2155 2613 2194 omnes
2632 2157 2728 2209 per
2746 2139 2952 2195 Italiam
2975 2140 3290 2197 sacerdotes
3309 2141 3613 2210 hujusmodi
3630 2140 3780 2195 decre-

2227 2240 2365 2296 tum,
2401 2241 2655 2287 manente
2685 2232 3001 2298 concordia,
3033 2235 3356 2301 refutarnnt,
3389 2244 3676 2290 statuentes
3712 2249 3782 2287 an-

2230 2322 2454 2393 tiquitus
2471 2338 2500 2377 a
2536 2325 2779 2395 patribus
2800 2340 2965 2395 super
2983 2324 3351 2380 hoctraditam
3372 2326 3609 2397 regulam
3626 2326 3782 2379 debere

2233 2419 2477 2473 servari:
2509 2436 2626 2490 qua:
2652 2419 2985 2481 contini-bat,
3020 2432 3143 2492 post
3170 2421 3533 2490 aI-jectiouem
3574 2420 3702 2491 pravi
3742 2428 3781 2473 et

2225 2512 2629 2568 confessionem
2661 2514 2795 2570 reeti
2828 2514 3117 2585 dogmatis,
3148 2516 3263 2569 sola
3285 2532 3385 2571 eos
3410 2530 3597 2571 manus
3643 2516 3781 2585 impo-

2224 2609 2423 2664 sitione
2461 2609 2783 2680 purgandos.
2832 2609 2916 2663 lbi
2960 2612 3097 2665 enim
3126 2611 3170 2664 si
3212 2609 3442 2666 Cornelii
3486 2613 3594 2666 loco
3635 2611 3782 2665 substi-

2222 2713 2398 2759 tuatur
2426 2702 2747 2773 Stephanus,
2787 2722 2902 2759 cum
2944 2706 3212 2778 Cypriani,
3246 2709 3551 2780 Augustini,
3581 2708 3782 2763 aliorum-

2220 2816 2317 2870 que
2342 2800 2669 2871 Scriptorum
2696 2801 2847 2857 dictis
2879 2802 3101 2872 Ruﬁnus
3130 2821 3343 2876 prorsus
3372 2806 3699 2862 concordabit.

2299 2954 2617 3013 Dilectionis
2664 2968 2770 3014 tute
2822 2975 2930 3015 non
2974 2960 3316 3017 delectabilia
3372 2971 3431 3018 et
3469 2971 3646 3019 contra
3687 2962 3778 3015 liilei

2223 3050 2468 3121 regulam
2492 3052 2692 3121 scripta
2712 3055 2949 3124 suscepi,
2974 3055 3025 3108 in
3048 3055 3244 3126 quibus
3262 3072 3495 3113 nauseas
3516 3055 3780 3128 recognovi.

2222 3155 2278 3201 et
2308 3161 2513 3201 venena
2543 3163 2856 3202 sermonum
2884 3149 3144 3204 adversus
3175 3151 3503 3207 catholicam
3537 3168 3626 3223 per
3648 3162 3779 3205 totum

2222 3242 2411 3297 orbem
2434 3240 2682 3296 diffusam
2716 3241 3014 3298 Ecclesiatn
3045 3243 3401 3300 horribilibus
3430 3262 3461 3299 a
3485 3256 3535 3301 te
3554 3244 3780 3314 supersitri

2221 3336 2442 3391 zizaniis
2489 3352 2595 3391 non
2630 3337 2866 3393 laudavi.
2918 3338 3051 3407 Qttae
3084 3348 3207 3407 pcto
3251 3339 3518 3395 velociter
3564 3338 3702 3393 tollas
3734 3351 3781 3390 ac

2223 3430 2578 3501 prmtlatiines.
2607 3431 2759 3498 Quod
2797 3432 2945 3501 prius
2966 3432 3183 3503 quidem
3216 3444 3269 3487 te
3296 3433 3480 3489 facere
3516 3432 3780 3504 Oportebat,

2219 3540 2381 3594 quam
2410 3524 2460 3578 in
2489 3524 2692 3579 mundo
2729 3524 2926 3581 lethale
2955 3526 3101 3581 virus
3127 3527 3449 3597 adspersam
3501 3529 3780 3595 simplicium

2220 3626 2274 3671 et
2304 3618 2666 3672 innocentium
2692 3618 3026 3674 interliceret
3054 3630 3290 3676 tuentes.
3317 3621 3439 3676 Non
3465 3636 3589 3693 ergo
3602 3620 3779 3688 dignum

2219 3722 2299 3765 est
2332 3711 2690 3781 rebaptizare.
2714 3712 3081 3783 Ergoeradica
3122 3723 3178 3768 et
3208 3715 3441 3780 extrica,
3484 3725 3539 3769 ut
3561 3714 3777 3776 diximus,

2221 3801 2525 3857 llorulcntis
2552 3804 2894 3859 sermonibus
2935 3814 3095 3875 atque
3142 3804 3318 3877 dignis
3350 3822 3447 3876 per
3474 3805 3779 3878 posteriorem

2221 3897 2509 3967 epistolam
2559 3897 2741 3965 priora
2794 3898 3021 3966 scripta,
3075 3914 3197 3969 quae
3255 3907 3449 3954 coiitra
3501 3898 3777 3954 catholicam

2223 3991 2385 4046 lidem
2424 4006 2643 4047 servare
2672 4000 3003 4047 censuerunt
3028 3992 3303 4062 genimina
3330 3992 3653 4062 viperarum.
3688 3987 3777 4044 Non

2222 4085 2365 4140 enim
2396 4088 2554 4141 deret
2581 4095 2742 4142 tanta:
2770 4086 2918 4141 urbis
2945 4086 3240 4141 antistitem
3270 4088 3776 4144 excellentissimum-

2151 4174 2205 4234 D
2231 4197 2338 4251 que
2367 4182 2667 4248 doctorem,
2698 4191 2756 4237 ut
2778 4181 2906 4236 dum
2932 4192 3087 4251 putas
3111 4182 3335 4238 haeresis
3364 4182 3627 4253 Baptisma
3667 4194 3774 4251 pra:-

2223 4275 2618 4341 damnandutn,
2640 4291 2827 4332 verum
2848 4274 3121 4344 Baptisma
3135 4276 3483 4331 sermoiiibus
3506 4264 3773 4329 macularc‘

2212 4371 2423 4438 audias,
2453 4386 2573 4441 quae
2615 4369 2768 4424 doles
2811 4376 3000 4424 contra
3046 4369 3366 4437 Apostolum
3412 4367 3619 4424 scilicet
3651 4377 3774 4433 repu-

2210 4479 2378 4535 gnare
2403 4463 2709 4519 dicentem:
2750 4461 2894 4518 Unus
2920 4457 3083 4529 Deus,
3113 4476 3216 4515 una
3243 4460 3393 4531 ﬁdes,
3425 4478 3581 4517 unum
3608 4456 3772 4528 Baptis-

2210 4574 2369 4611 mum.

2171 4725 2588 4785 VARIANTES.

2288 4890 2312 4951 ε
2334 4888 2609 4951 Imperator
2634 4890 2813 4941 Baron.

2286 4950 2316 4992 ὀ
2333 4950 2531 5004 Audeas
2552 4965 2663 5017 qua:
2684 4952 2826 5005 vides
2840 4952 2983 5016 tarn.

1848 5350 1951 5400 -οὓ
1963 5346 2489 5403 θῴεεῶιέινοᾶ-ο·
