4000 6322
484 346 594 403 845

1785 342 2131 407 APPENDIX
2172 342 2507 408 SECUNDA.
3670 348 3752 412 εις

481 459 759 527 tumulum,
799 458 888 532 qui
933 468 1084 517 extra
1105 461 1407 519 Ecclesiam
1427 462 2084 531 ordinavitNovalianum,
2117 470 2168 531 Λ
2193 477 2310 522 ante
2360 470 2575 536 ianuam
2627 467 2819 523 assistit
2868 466 3090 539 (Iacob.
3123 484 3155 524 ν
3182 468 3236 538 ),
3282 481 3508 525 coronas
3549 468 3753 527 hilariter

481 562 537 607 et
566 554 615 606 in
650 553 825 608 Africa
881 553 1234 610 Nicostratum
1264 599 1278 623 ,
1314 570 1567 629 utrosque
1612 558 1914 628 lizereticlis,
1948 560 2086 616 sicut

480 646 571 700 ille
599 656 731 701 erat.
766 644 864 702 Hic
892 663 1024 703 vero
1042 649 1321 705 conatibus
1346 651 1538 721 quibus
1589 660 1898 722 potuerunt,
1942 654 2082 707 mul~

476 751 563 796 tos
588 757 617 795 a
641 749 784 796 recta
816 750 870 797 et
908 741 1168 797 catholica
1201 734 1306 799 title
1331 743 1618 800 Suadentes
1655 744 1906 800 recedere
1937 745 2080 800 fece-

477 845 625 899 runt,
648 844 701 890 et
730 844 849 905 post
878 836 1003 892 sein
1021 850 1331 905 perversam
1357 846 1412 892 et
1442 838 1551 893 Deo
1580 838 1834 894 odibilem
1877 837 2078 893 doctri-

470 943 599 982 nam
668 943 922 984 corruere
994 939 1397 999 persuaserunt.
1463 929 1570 987 Sed
1645 934 1785 987 sicut
1856 931 2080 987 istorum

474 1020 1010 1092 tergiversationibns
1060 1021 1220 1077 nimis
1287 1034 1473 1078 sumus
1512 1021 1855 1088 contristati,
1910 1033 1965 1077 et
2012 1022 2080 1078 de

474 1131 666 1173 eorum
690 1116 995 1188 perditione
1020 1118 1261 1186 contriti,
1289 1118 1368 1174 sic
1420 1117 1489 1175 de
1523 1118 1753 1175 aliorum
1784 1134 2074 1174 conversa~

471 1212 658 1276 tione,
708 1211 935 1267 Domino
978 1212 1305 1279 auxiliante,
1367 1227 1553 1268 sunms
1601 1213 1875 1269 lmtilicati.
1937 1214 2077 1269 Deus

467 1313 651 1361 autem
680 1306 1041 1377 omnipotens,
1075 1306 1167 1377 qui
1209 1307 1449 1363 tristibus
1473 1308 1661 1363 miscet
1687 1307 1805 1362 laeta
1830 1350 1844 1374 ,
1878 1307 2076 1377 oppido

465 1412 570 1453 nos
597 1398 909 1467 laniticavit,
937 1400 1078 1472 quod
1105 1399 1319 1471 quidam
1352 1400 1716 1466 confessores,
1752 1401 1841 1472 qui
1871 1400 2072 1457 dudum

462 1489 684 1548 fuerunt
699 1492 904 1560 fideles,
924 1508 953 1549 a
969 1494 1124 1550 nobis
1141 1503 1193 1549 et
1211 1508 1237 1547 a
1262 1505 1407 1552 recta
1435 1495 1558 1562 fide,
1585 1494 1799 1551 diabolo
1818 1497 2076 1568 instigan—

462 1596 539 1654 te,
568 1602 627 1641 se
653 1595 989 1657 separantes,
1022 1601 1145 1642 cum
1189 1586 1420 1644 Maximo
1453 1588 1768 1661 presbytero
1791 1589 1857 1643 ad
1887 1588 2075 1645 Eccle-

460 1679 597 1737 siam
647 1679 966 1736 catholicam
1011 1688 1067 1736 et
1110 1678 1522 1760 tidemcrectam
1573 1690 1700 1737 sunt
1744 1683 1971 1749 reversi,
2019 1688 2076 1740 et

455 1771 655 1839 denuo,
682 1775 821 1829 sicut
863 1776 1012 1845 prius
1045 1785 1091 1840 α,
1137 1776 1261 1831 facti
1295 1784 1422 1831 sunt
1467 1775 1809 1845 confessores
1862 1777 2067 1833 lideles.

2190 562 2510 631 promittens
2546 560 2628 616 his
2655 561 2743 632 qui
2776 576 2872 631 pro
2909 576 2977 617 eo
3010 561 3351 632 passionibus
3391 562 3751 621 submittuntur.

2190 652 2340 718 Quod
2377 655 2419 708 si
2446 653 2754 708 subtraxerit
2789 668 2844 709 se
2870 654 3006 723 gitis,
3039 666 3144 708 non
3194 653 3408 725 placebit
3450 655 3626 709 animae
3656 673 3755 711 mea

2187 730 2345 820 (Heli.
2382 746 2462 816 x),
2493 746 2587 801 sed
2604 746 2762 802 cadet
2811 746 2879 803 de
2907 748 3267 818 promissione
3298 756 3515 819 propter
3550 748 3755 819 negatio-

2185 857 2330 897 nem.
2380 841 2492 897 Nos
2536 853 2705 897 autem
2732 859 2835 897 non
2872 859 3049 897 sumus
3078 844 3439 899 subtractionis
3477 844 3571 913 ﬁlii
3599 846 3645 898 in
3667 861 3758 915 per-

2185 936 2449 1005 ditionem,
2504 937 2594 991 sed
2633 937 2755 1006 ﬁdei
2806 939 2860 992 in
2909 939 3296 1011 acquisitionem
3334 942 3537 996 anim.
3572 939 3760 1012 Propter

2182 1029 2321 1101 quod
2360 1031 2603 1086 assumite
2653 1027 2682 1068 ι’
2724 1042 3042 1087 armaturam
3081 1030 3209 1100 Dei,
3242 1044 3295 1087 ut
3324 1034 3529 1102 possitis
3562 1035 3760 1090 resistere

2181 1122 2235 1177 in
2262 1124 2345 1178 die
2372 1124 2527 1190 mala,
2560 1124 2802 1179 adversus
2836 1137 2859 1165 ο
2901 1143 3075 1181 omnes
3104 1128 3336 1183 inimicos
3364 1139 3553 1184 sanctae
3571 1130 3763 1185 ecclesia

2180 1225 2227 1270 et
2267 1227 2473 1284 vestros,
2507 1228 2553 1272 et
2604 1219 2805 1273 induite
2841 1236 2928 1275 vos
2967 1221 3180 1274 loricam
3210 1222 3454 1291 justitite,
3497 1231 3543 1276 et
3574 1224 3755 1277 calceoli

2183 1312 2333 1381 pedes
2385 1313 2439 1367 in
2497 1316 2875 1385 prteparatioue
2912 1314 3184 1389 Evangelii
3236 1320 3399 1388 pacis,
3453 1320 3509 1373 in
3556 1320 3756 1375 omnibus

2178 1415 2490 1460 assutttenles
2537 1417 2738 1460 scutum
2773 1407 2915 1475 ﬁdei,
2970 1409 3023 1462 in
3048 1424 3146 1480 quo
3179 1410 3383 1480 possitis
3411 1412 3585 1466 omnia
3606 1412 3757 1482 jacula

2182 1499 2479 1569 nequissimi
2544 1496 2573 1536 ἀ
2624 1501 2787 1571 ignita
2831 1503 3173 1574 exstinguere.
3229 1502 3299 1557 Et
3347 1505 3551 1576 galeam
3616 1507 3767 1561 salutis

2179 1590 2427 1645 assumite
2457 1602 2502 1658 ε,
2536 1600 2585 1646 et
2627 1591 2861 1665 gladium
2895 1592 3127 1664 Spiritus
3169 1596 3305 1667 quod
3329 1606 3405 1652 est
3448 1597 3648 1653 verbum
3672 1596 3765 1662 Dei,

2179 1700 2271 1753 per
2313 1699 2511 1738 omnem
2564 1687 2846 1741 orationem
2891 1697 2938 1741 et
2988 1687 3383 1744 obsecrationem
3437 1691 3460 1761 (
3481 1690 3756 1763 Eph.,\n),

2178 1775 2403 1831 radieati
2435 1785 2490 1833 et
2516 1777 2719 1833 fundati
2741 1779 2793 1834 in
2817 1780 3012 1835 solatio
3038 1780 3260 1836 fratrum
3291 1796 3387 1853 pro
3409 1782 3624 1840 Christo
3648 1780 3759 1841 Jesu

458 1868 821 1940 Quapropter,
865 1868 1193 1937 cbarissimi,
1238 1871 1521 1927 hortamur
1572 1887 1668 1927 vos
1714 1880 1769 1928 et
1811 1870 2072 1943 depreca-
2105 1893 2154 1953 Β
2183 1868 2407 1925 domino
2428 1871 2767 1928 nostro.Sed
2793 1882 2839 1928 et
2865 1890 3021 1940 nunc,
3046 1875 3260 1945 fratres,
3284 1879 3771 1934 commendamusvos

457 1978 580 2017 mur
622 1978 718 2035 per
763 1963 1049 2019 Dominum
1098 1972 1342 2019 nostrum
1376 1964 1559 2021 Jesum
1600 1964 1895 2031 Christum,
1927 1964 2069 2037 pra:-

456 2054 632 2111 dictos
659 2054 940 2112 haereticos
966 2066 1020 2112 et
1037 2054 1225 2114 omnes
1251 2072 1389 2130 quos
1414 2074 1441 2112 a
1462 2067 1606 2115 recta
1625 2058 1729 2115 ﬁde
1744 2066 1799 2115 et
1823 2058 2071 2117 doctrina

453 2161 766 2221 apostatare
821 2153 1220 2224 cogunt/eritis,
1282 2153 1749 2209 exhortationibus
1799 2164 1852 2209 ct
1904 2154 2063 2210 bonis

449 2248 648 2304 studiis
672 2250 867 2305 vestris
911 2250 977 2304 ad
1018 2250 1340 2305 catholicam
1366 2249 1527 2305 fidem
1549 2260 1603 2306 et
1631 2259 1834 2305 rectam
1867 2249 2072 2306 doctri-

451 2357 579 2397 nam
632 2351 952 2398 convertere
1010 2343 1357 2409 contendite,
1414 2350 1468 2398 et
1536 2343 1588 2398 in
1649 2343 1743 2399 Dei
1796 2342 2071 2399 voluntate

449 2445 746 2508 persistere
773 2437 1016 2494 suadete.
1045 2438 1113 2493 Et
1142 2452 1248 2493 non
1274 2436 1445 2492 solum
1474 2435 1593 2502 hos,
1629 2435 1727 2493 sed
1758 2452 1949 2492 omnes
1980 2438 2070 2507 qui

449 2531 688 2586 nondum
729 2531 891 2587 tidem
938 2540 1143 2588 rectam
1190 2538 1579 2601 perceperunt,
1620 2530 1688 2586 ad
1736 2529 2065 2587 Catholicam

446 2626 612 2683 fidem
672 2628 970 2698 perducere
1024 2618 1297 2683 feStinate.
1354 2628 1489 2697 Quia
1521 2636 1681 2696 neque
1718 2645 1876 2695 mors,
1910 2644 2072 2698 neque

448 2724 576 2791 vita,
607 2738 764 2795 neque
798 2724 1004 2796 angeli,
1030 2736 1195 2795 neque
1226 2722 1572 2793 principatus,
1603 2736 1765 2793 neque
1790 2723 2065 2787 instantia,

451 2826 612 2888 neque
661 2820 855 2889 futura,
903 2832 1063 2888 neque
1110 2818 1377 2888 fortitudo,
1410 2833 1571 2889 neque
1600 2817 1853 2885 altitudo,
1910 2834 2070 2890 neque

451 2913 804 2982 profundum,
849 2925 1010 2978 neque
1043 2920 1280 2964 creatura
1333 2910 1440 2965 alia
1468 2952 1483 2978 ,
1532 2909 1784 2981 Magistro
1813 2909 2067 2967 Gentium

456 3002 721 3071 docente,
796 3004 980 3073 poterit.
1029 3019 1120 3057 nos
1176 3018 1419 3071 separare
1472 3019 1503 3057 a
1552 3004 1803 3059 charitate
1858 3000 2069 3059 Domini

451 3097 614 3152 nostri
659 3094 788 3152 Iesu
826 3095 1017 3152 Christi
1046 3096 1224 3170 (Rom.
1259 3098 1375 3168 vni)
1399 3140 1412 3162 ,
1444 3107 1519 3165 et,
1550 3114 1669 3170 quae
1723 3098 1775 3152 in
1806 3099 1923 3168 ipso
1951 3108 2066 3164 est,

447 3207 479 3244 ει
527 3204 676 3245 reeta
719 3189 844 3244 ﬁde.
903 3189 1078 3244 Nolite
1124 3190 1304 3261 itaque
1357 3189 1608 3246 amittere
1668 3191 2060 3246 confidentiam

2180 1962 2425 2030 Domino,
2468 1977 2514 2020 et
2552 1964 2572 2003 ί
2610 1984 2784 2022 omnes
2811 1969 2959 2023 verbo
2990 1970 3171 2041 gratim
3205 1972 3335 2041 ejus,
3370 1972 3461 2041 qui
3491 1982 3648 2041 ροιεςι
3672 1991 3768 2043 per-

2180 2057 2354 2127 ﬁcere,
2386 2068 2433 2111 et
2473 2058 2600 2113 dare
2632 2060 2979 2116 [nereditatem
3015 2062 3157 2118 nobis
3186 2082 3300 2119 cum
3328 2066 3565 2122 omnibus
3603 2070 3761 2123 sanctis

2186 2152 2325 2219 (Act.
2357 2150 2474 2225 xx).
2504 2152 2627 2223 Ipse
2665 2165 2833 2209 autent
2859 2154 3000 2211 Deus
3020 2159 3163 2230 pacis
3192 2168 3241 2212 et
3268 2169 3292 2206 Β
3332 2160 3690 2216 consolationis
3711 2162 3776 2216 det

2177 2245 2314 2300 vobis
2344 2247 2571 2316 idipsuut
2592 2266 2771 2322 sapere
2825 2250 2875 2304 in
2906 2251 3207 2307 alterutrum
3245 2252 3431 2326 (Rom.
3468 2257 3580 2325 xv),
3612 2265 3666 2310 ut
3703 2270 3776 2311 vo-

2178 2338 2261 2394 bis
2292 2340 2521 2396 invicem
2553 2344 2907 2410 succurratis,
2936 2355 2990 2400 et
3020 2361 3127 2401 non
3152 2348 3271 2403 sitis
3292 2347 3489 2415 divisi,
3519 2361 3572 2404 ut
3599 2350 3766 2404 unani-

2178 2449 2303 2496 mes,
2337 2451 2437 2487 nno
2479 2452 2566 2489 ore
2601 2445 2647 2491 et
2689 2453 2792 2491 uno
2832 2437 2987 2492 corde
3017 2438 3366 2510 Itonoriﬁcetis
3392 2459 3547 2510 eum,
3578 2444 3628 2498 in
3663 2458 3768 2497 cou-

2177 2523 2416 2581 cordiam
2449 2535 2503 2582 et
2544 2526 2972 2586 consolationem
3016 2530 3264 2601 fratrum,
3294 2535 3381 2605 qui
3418 2546 3584 2607 potest
3610 2538 3773 2606 conﬁr-

2177 2636 2317 2672 mare
2346 2636 2430 2673 vos
2458 2622 2739 2677 secundant
2767 2624 3089 2696 evangelium
3112 2626 3244 2697 ejus,
3270 2628 3421 2693 iuxta
3444 2630 3770 2684 revelatioaem

2176 2717 2353 2770 teterui
2370 2718 2616 2788 mysterii,
2635 2720 2944 2790 temporibus
2960 2720 3152 2775 scilicet
3170 2723 3433 2795 perpetuis
3452 2724 3629 2797 (Rom.
3649 2724 3771 2794 nt),

2176 2808 2371 2881 quibus
2403 2812 2553 2867 vobis
2611 2812 2917 2868 futurorum
2971 2813 3293 2885 gaudiorum
3341 2818 3620 2889 largienda
3667 2827 3775 2873 sunt

2178 2921 2424 2961 munera.
2458 2905 2811 2977 Summopere
2837 2907 3091 2963 consider
3132 2925 3189 2965 re
3211 2909 3375 2965 etiam
3405 2909 3640 2977 debetis,
3660 2909 3777 2981 quod

2177 3000 2252 3055 illi
2306 3002 2394 3072 qui
2462 2999 2721 3057 fratribus
2774 3000 3035 3072 invident,
3079 3019 3280 3076 eosque
3331 3005 3600 3061 damnare
3643 3014 3780 3075 atque

2178 3092 2407 3166 perdere
2457 3096 2715 3165 cupiunt,
2762 3112 2857 3165 per
2896 3092 3004 3152 seh
3048 3111 3143 3151 sua
3197 3098 3451 3168 dogmata
3505 3099 3780 3156 destruunt.

2184 3186 2322 3241 Dicit
2344 3189 2487 3243 enim
2518 3188 2774 3243 Dominus
2800 3208 2810 3242 :
2834 3187 2998 3244 Omne
3023 3207 3233 3259 regnum
3256 3192 3386 3247 inse
3428 3194 3645 3248 divisum
3683 3208 3768 3246 non

451 3293 691 3340 vestram
727 3324 743 3349 ,
795 3270 913 3355 quit:
979 3299 1228 3355 magnam
1312 3284 1465 3341 habet
1546 3288 2064 3342 remunerationem.
2096 3314 2142 3376 Ο
2174 3281 2367 3347 stabit;
2395 3288 2449 3335 et
2487 3282 2663 3336 omnis
2691 3279 2913 3335 scientia
2954 3291 3009 3337 et
3062 3282 3144 3338 lex
3191 3283 3483 3340 adversum
3517 3301 3577 3342 se
3603 3284 3771 3349 divisa,

449 3377 714 3433 Patientia
745 3379 888 3433 enim
917 3378 1072 3434 nobis
1099 3379 1402 3434 necessaria
1434 3389 1518 3434 est
1541 3378 1608 3434 ad
1637 3379 2060 3436 colluctationes

451 3472 907 3536 adversariorum,
950 3481 1215 3543 quatenus
1259 3472 1419 3527 tidem
1462 3473 1839 3529 intemeratum
1894 3484 2067 3543 usque

454 3569 510 3625 in
539 3569 699 3625 tinem
732 3579 1138 3635 conservantes,
1173 3568 1649 3638 repromissionem
1678 3568 2062 3638 percipiamus,

453 3676 619 3734 quam
651 3662 961 3734 repromisit
992 3661 1076 3716 bis
1107 3661 1196 3733 qui
1226 3660 1462 3729 legitime
1489 3671 1699 3717 certare
1747 3670 2062 3731 properant.

454 3757 638 3813 Adhuc
690 3759 826 3813 enim
868 3757 1126 3811 modicum
1161 3756 1561 3825 aliquantulum,
1590 3752 1676 3826 qui
1701 3771 1941 3809 venturus
1968 3770 2062 3821 est,

455 3854 637 3920 veniet,
681 3862 727 3908 et
772 3866 874 3906 non
919 3850 1138 3905 tardabit
1179 3848 1359 3923 (Abac.
1395 3848 1475 3921 ιι).
1536 3846 1669 3904 Ecce
1723 3851 1858 3905 enim
1899 3849 2068 3922 judex

2180 3391 2292 3430 non
2339 3375 2526 3431 stabit.
2580 3375 2812 3447 Ideoque
2861 3390 3085 3431 necesse
3132 3388 3255 3443 est,
3287 3388 3341 3433 ut
3390 3380 3781 3435 concordialiter

2179 3468 2431 3524 Salubres
2462 3470 2771 3540 suscipiatis
2802 3468 3067 3537 hortatus,
3100 3470 3235 3525 nihil
3268 3474 3364 3541 per
3399 3475 3781 3531 contentionem

2173 3572 2415 3634 agentes,
2450 3560 2546 3619 sed
2586 3559 2651 3617 ad
2676 3578 2837 3618 omne
2864 3564 3102 3619 studium
3157 3564 3471 3622 devotionis
3496 3566 3769 3629 unanimes,

2171 3660 2369 3716 divinis
2398 3668 2452 3713 et
2480 3658 2788 3728 apostolicis
2839 3659 3318 3715 consututionibus
3379 3662 3633 3731 parcatis.
3673 3658 3783 3714 Data

2175 3749 2453 3823 septimoi
2488 3751 2607 3806 idus
2665 3750 3026 3822 septembris,
3078 3742 3243 3810 Decio
3285 3765 3339 3811 et
3395 3755 3637 3812 Maximo
3674 3751 3784 3809 viris

2178 3844 2494 3901 clarissimis
2525 3846 2859 3903 consulibus.

1701 3958 2085 4022 LECTIONES
2150 3961 2565 4020 VARIANTES.

528 4069 555 4097 ⁸
592 4066 816 4117 Fuerunt
842 4064 989 4116 Labb.
1841 4124 1850 4133 .
2054 4124 2062 4130 _

522 4125 553 4165 ι)
592 4131 687 4203 Ms.
724 4125 936 4203 _Cottegii
972 4128 1138 4179 Paris.
1184 4130 1296 4178 Sac.
1324 4128 1447 4177 Iesu
1488 4132 1604 4178 teste
1651 4126 1916 4176 Hardmno
1962 4124 2081 4188 tegit

466 4191 614 4243 Arma
640 4191 757 4242 Dei.
867 4191 886 4195 ”

498 4270 505 4275 ’
532 4257 557 4287 °
595 4253 681 4305 Id.
709 4268 802 4307 ms.
829 4252 1080 4304 Adversus
1101 4254 1338 4303 inimicos.

530 4316 558 4358 (ἱ
594 4318 679 4370 1d.
706 4330 796 4370 ms.
824 4316 997 4382 Ignea.

2252 4061 2275 4121 ’ξ
2316 4054 2402 4108 Id.
2429 4071 2519 4108 ms.
2547 4052 2790 4121 Accipite.

2255 4119 2276 4158 ἲ
2322 4122 2387 4170 In
2413 4122 2583 4172 eodem
2608 4119 2699 4172 ms.
2726 4122 2865 4173 abest
2884 4122 3088 4173 Omnes.

2259 4186 2284 4226 8
2325 4184 2409 4233 Id.
2434 4196 2524 4235 ms.
2553 4184 2833 4236 Solationis.

2253 4246 2284 4285 h
2319 4248 2406 4298 Id.
2428 4260 2517 4299 ms.
2545 4246 2642 4295 Pro
2667 4262 2741 4297 se.

2260 4312 2279 4349 ἱ
2322 4309 2509 4361 Octavo
2536 4308 2681 4360 Labb.

1831 4384 2195 4452 vautouuu
2234 4384 2461 4449 NOTAE.

463 4518 685 4577 bitionis
712 4520 1031 4583 animatum,
1056 4516 1233 4572 acrius
1286 4516 1337 4570 in
1370 4529 1491 4570 eum
1549 4510 1800 4584 impellit,
1832 4527 1900 4568 eo
1930 4512 2074 4582 quod

2187 4511 2388 4565 multos
2424 4511 2777 4585 confessores
2819 4512 2991 4582 gloria
3038 4512 3359 4585 praeclaros,
3387 4522 3499 4572 tres
3528 4517 3779 4585 episcopos

470 4592 774 4655 Cornelius,
809 4582 1034 4646 fratrum
1067 4603 1288 4643 suorum
1318 4586 1573 4651 consilio,
1609 4582 1937 4655 pmnitentes
1971 4584 2087 4654 lap-
2110 4585 2163 4646 D
2192 4585 2244 4638 in
2278 4582 2531 4639 eumdem
2582 4582 2896 4647 concitavit,
2924 4585 3016 4655 qui
3046 4582 3427 4641 'Novatianum
3471 4582 3779 4644 clandestine

464 4682 558 4720 sos
615 4667 668 4719 in
718 4664 1015 4718 Ecclesium
1070 4662 1377 4731 reciperet:
1411 4675 1534 4731 cum
1589 4669 1766 4712 tamen
1818 4659 1869 4710 in
1907 4655 2087 4712 Africa

466 4736 775 4809 Cypriane
812 4743 1176 4809 sacrosancta:
1241 4730 1500 4787 Ecclesia:
1563 4730 2003 4809 cortini_iipioneiii
2054 4745 2084 4785 a

470 4788 638 4877 lapsis
674 4788 920 4876 petitam,
947 4788 1055 4861 ille
1085 4805 1151 4859 ad
1201 4814 1435 4877 certnm‘
1464 4813 1676 4867 tempus
1724 4788 2081 4877 differendam

469 4872 593 4938 esse
611 4872 1006 4951 respondisset.
1036 4878 1194 4932 Plura
1228 4874 1469 4951 inmotis
1509 4872 1880 4951 sequentibus.
1917 4873 2083 4927 Baro-

468 4954 612 5020 niu<,
642 4944 785 5007 anno
814 4950 944 5014 254,
981 4964 1208 5003 numero
1250 4947 1342 5003 59..
1375 4961 1544 5012 usque
1583 4945 1647 5020 ad
1697 4944 1788 5007 41,
1821 4946 1949 5020 item
1980 4962 2082 5001 tm-

469 5016 621 5078 mero
651 5026 719 5080 59
747 5034 801 5078 et
827 5022 1147 5090 quibusdam
1179 5020 1550 5090 sequentibus.
1580 5018 1780 5072 Seven.
1820 5016 1937 5090 BlN.

543 5097 641 5163 Qui
671 5106 815 5150 extra
837 5088 1118 5149 Ecclesium
1153 5088 1406 5145 ordinavit
1446 5089 1815 5163 Novatianum.
1848 5088 2083 5163 Novatus

466 5160 739 5237 quiscnnel
763 5168 815 5222 in
840 5169 1019 5223 Africa
1045 5181 1138 5234 per
1163 5179 1287 5237 suos
1306 5161 1616 5237 cathedram
1650 5172 1849 5237 contra
1896 5160 2083 5237 cathe-

467 5233 621 5293 dram
649 5240 767 5293 diro
808 5240 1096 5295 schismate
1135 5235 1449 5298 enllocarat,
1488 5244 1544 5287 nt
1584 5233 1814 5287 infelicia
1838 5234 2080 5293 germina

466 5314 583 5380 ipse
600 5327 719 5365 cum
748 5311 1084 5366 Felicissimo
1113 5324 1218 5364 uno
1249 5323 1309 5360 ac
1342 5308 1513 5375 primo
1543 5304 1943 5380 tatinfelicium
1992 5320 2082 5359 ea-

465 5374 622 5436 s'uum
643 5395 881 5442 auclore.
903 5384 954 5436 in
975 5374 1386 5436 transmarinam
1413 5374 1932 5448 quoqneEcciesiam
1956 5392 2079 5444 pro-

471 5452 712 5523 pagaret.
731 5454 958 5509 Rnniam
984 5469 1041 5509 se
1067 5451 1315 5516 cuttlttlil,
1351 5462 1537 5504 nactus
1565 5450 1906 5523 occasionem
1935 5449 2081 5523 sedis

459 5521 727 5593 vacantis,
757 5542 850 5595 per
878 5526 1122 5580 fraudem
1163 5523 1454 5578 multorum
1507 5521 1719 5595 animos
1749 5521 1851 5595 sibi
1892 5522 2077 5595 conci—

458 5598 629 5662 liavit,
656 5608 711 5651 nt
734 5593 920 5653 eurum
948 5599 1148 5660 favore,
1182 5595 1267 5652 vel
1296 5596 1431 5663 ipse,
1457 5594 1538 5649 vel
1567 5596 1753 5648 saltem
1788 5593 1980 5662 aliquis
2003 5610 2073 5648 ex

456 5668 561 5724 sibi
592 5670 899 5724 faventibus
923 5670 973 5723 in
1007 5671 1135 5724 sede
1168 5665 1438 5737 pontilieia
1468 5666 1785 5727 collocetur,
1816 5673 1979 5733 atque
2007 5665 2075 5721 ita

456 5743 627 5798 semel
654 5742 945 5817 οοηηειιᾳιιι
997 5736 1230 5817 scliisma
1263 5749 1448 5817 contra
1500 5739 1826 5817 gyprianum
1874 5736 2073 5817 rectius

453 5815 744 5870 solidetur.
777 5814 882 5870 Sed
914 5830 1059 5877 cum,
1093 5812 1205 5867 Deo
1239 5812 1474 5879 volente,
1504 5808 1788 5865 Cornelius
1816 5808 2073 5876 Opinione

451 5886 610 5942 citius
651 5886 894 5957 pontifex
946 5896 1262 5957 crearetm-_.
1318 5898 1419 5957 per
1463 5880 1702 5936 fraudem
1730 5896 1818 5957 _ac
1863 5879 2067 5947 dolum,

453 5952 708 6026 gravibus
755 5958 1040 6015 calumniis
1096 5956 1150 6010 in
1198 5952 1518 6009 Cornelium
1567 5952 1811 6025 sparsis,
1870 5962 2069 6023 prieter

2193 4655 2503 4731 pontificem
2536 4655 2838 4731 Romanum
2865 4656 3097 4712 electum
3126 4659 3471 4731 antistarent.
3496 4671 3554 4715 et
3580 4659 3776 4731 primum

2192 4729 2430 4783 schisma
2467 4728 2720 4801 Ecclesiae
2748 4728 3008 4783 Romana:
3026 4729 3349 4784 ennl‘larunt.
3369 4731 3481 4786 Rus
3510 4728 3655 4801 gesta
3679 4731 3777 4801 des:

2190 4802 2418 4855 eribitur
2440 4799 2757 4870 anpriano
2788 4801 2948 4869 epist.
2985 4817 3107 4856 ηις
3137 4804 3205 4855 ad
3222 4798 3618 4869 Corneliam—ml
3644 4798 3777 4857 med

2188 4873 2562 4933 Antoniannm,
2595 4873 2894 4926 secundum
2927 4873 3222 4929 editionem
3270 4875 3481 4930 Pamel.
3510 4885 3567 4931 et
3588 4881 3775 4929 constat

2188 4959 2253 4999 ex
2286 4945 2515 5011 epismla
2544 4942 2785 4999 Cornelii
2826 4946 2895 4997 ad
2925 4943 3146 4998 Fabium
3193 4946 3595 5012 Antiochenam,
3643 4954 3775 5016 quant

2193 5032 2260 5070 ex
2288 5017 2521 5071 Eusebio
2558 5031 2702 5070 nunc
2725 5017 2954 5084 primum
3004 5016 3057 5070 in
3105 5016 3209 5072 hoc
3256 5026 3408 5071 tumo
3458 5020 3776 5074 conciliorum

2188 5087 2421 5157 imprimi
2454 5088 2781 5142 curavimus.
2841 5088 3036 5142 Dama.
3078 5089 3339 5157 prmdicto
3386 5104 3539 5146 anno
3583 5100 3776 5145 numen)

2188 5159 2258 5214 65
2287 5171 2337 5213 et
2369 5161 2740 5227 sequentibus.
2785 5159 2985 5215 Seven.
3021 5160 3138 5215 Bm.

2264 5231 2456 5285 Multos
2522 5242 2553 5284 ‘a
2596 5244 2736 5285 recta
2784 5234 2887 5299 ﬁde
2940 5234 3182 5289 recedere
3232 5236 3482 5304 fecerant.
3532 5233 3774 5288 Romanos

2185 5303 2412 5358 clericos
2458 5305 2508 5356 in
2561 5320 2749 5359 errore
2779 5304 2957 5358 adimo
2987 5304 3241 5360 detentus
3274 5305 3462 5371 hosce,
3496 5304 3770 5363 Matinium,

2185 5374 2598 5453 Nic«»stratum,_
2625 5375 2942 5453 Urbanum,_
2955 5375 3269 5453 _Sidoninm_,
3305 5376 3615 5440 Macariinn,
3643 5374 3771 5453 Cele-

2184 5450 2387 5512 rinnnt,
2440 5456 2493 5501 et
2532 5449 2667 5501 alios
2700 5490 2712 5512 ,
2771 5464 2896 5520 uno,
2926 5448 3071 5502 Mnse
3116 5449 3441 5520 presbytero
3462 5456 3699 5517 empto,
3724 5448 3767 5496 in

2183 5533 2337 5574 Suam
2369 5522 2692 5574 sententiam
2742 5532 2838 5587 per
2869 5519 3027 5574 dolos
3077 5536 3140 5573 ac
3168 5519 3383 5575 fraudes
3428 5522 3761 5589 petiuerat“.

2183 5600 2241 5645 ut
2270 5601 2416 5656 patet
2442 5607 2507 5645 ex
2540 5591 2792 5657 praedicta
2823 5592 3076 5658 epistola.
3120 5591 3303 5647 Seven
3352 5592 3471 5647 Bm.

2255 5662 2630 5716 Nicostratum.
2670 5661 2747 5717 De
2774 5665 3023 5734 eoCypr.
3051 5662 3151 5731 Ep.
3184 5678 3347 5719 xmn
3372 5674 3425 5719 et
3450 5672 3600 5719 XLIX.
3628 5662 3762 5734 tam.

2251 5735 2387 5801 Quia
2402 5751 2557 5805 neque
2568 5742 2728 5788 intors.
2750 5734 2874 5806 Haec
2888 5733 2941 5791 et
2963 5737 3244 5804 sequentia
3259 5738 3400 5806 saepe
3412 5736 3632 5806 mm
3651 5733 3763 5788 Mer-

2178 5815 2328 5878 cator
2359 5806 2409 5858 in
2441 5804 2603 5861 variis
2624 5805 2936 5878 pontiﬁcum
2969 5822 3316 5863 romanorum
3341 5804 3756 5878 epistolis.Lsh-

2251 5876 2430 5935 Decio.
2460 5884 2615 5933 Anno
2642 5876 2753 5935 250
2780 5887 2874 5934 aut
2893 5893 3010 5949 seq.
3048 5879 3217 5935 hanc.

2250 5948 2575 6007 Consulibus.
2606 5949 2727 6007 Non
2765 5960 2892 6009 sunt
2914 5947 3225 6011 in’tastislti
3248 5952 3516 6012 consules.
3552 5947 3701 6007 ιω.
