  <div class='ocr_page' id='page_1' title='image "/cluster/home/n/w/nwhite01/storage/ocr_20150623/3/hvd.32044015471212/472.png"; bbox 0 0 4000 6322; ppageno 0'>
   <div class='ocr_carea' id='block_1_1' title="bbox 260 346 367 404">
    <p class='ocr_par' dir='ltr' id='par_1_1' title="bbox 260 346 367 404">
     <span class='ocr_line' id='line_1_1' title="bbox 260 346 367 404; baseline -0.009 0"><span class='ocrx_word' id='word_1_1' title='bbox 260 346 367 404; x_wconf 56' lang='lat' dir='ltr'><strong>Siti</strong></span> 
     </span>
    </p>
   </div>
   <div class='ocr_carea' id='block_1_2' title="bbox 840 466 1269 527">
    <p class='ocr_par' dir='ltr' id='par_1_2' title="bbox 840 466 1269 527">
     <span class='ocr_line' id='line_1_2' title="bbox 840 466 1269 527; baseline -0.009 -1"><span class='ocrx_word' id='word_1_2' title='bbox 840 466 1174 527; x_wconf 61' lang='lat' dir='ltr'><strong>EPISTOLA</strong></span> <span class='ocrx_word' id='word_1_3' title='bbox 1207 466 1269 525; x_wconf 85' lang='lat' dir='ltr'><strong>ll.</strong></span> 
     </span>
    </p>
   </div>
   <div class='ocr_carea' id='block_1_3' title="bbox 499 654 1616 705">
    <p class='ocr_par' dir='ltr' id='par_1_3' title="bbox 499 654 1616 705">
     <span class='ocr_line' id='line_1_3' title="bbox 499 654 1616 705; baseline 0 -4"><span class='ocrx_word' id='word_1_4' title='bbox 499 660 567 702; x_wconf 71' lang='lat' dir='ltr'><strong>AD</strong></span> <span class='ocrx_word' id='word_1_5' title='bbox 596 656 773 704; x_wconf 76' lang='lat' dir='ltr'><strong>RUFUI</strong></span> <span class='ocrx_word' id='word_1_6' title='bbox 807 654 831 685; x_wconf 71' lang='grc'>⁸</span> <span class='ocrx_word' id='word_1_7' title='bbox 860 662 1222 705; x_wconf 63' lang='grc' dir='ltr'>οοειθιεοορωι</span> <span class='ocrx_word' id='word_1_8' title='bbox 1252 662 1616 705; x_wconf 64' lang='grc' dir='ltr'>οιιιειιτιιιιειι.</span> 
     </span>
    </p>
   </div>
   <div class='ocr_carea' id='block_1_4' title="bbox 247 828 1857 902">
    <p class='ocr_par' dir='ltr' id='par_1_4' title="bbox 247 828 1857 902">
     <span class='ocr_line' id='line_1_4' title="bbox 247 828 1857 902; baseline -0.001 -14"><span class='ocrx_word' id='word_1_9' title='bbox 247 828 650 888; x_wconf 73' lang='lat' dir='ltr'><strong>Anconem-eu.</strong></span> <span class='ocrx_word' id='word_1_10' title='bbox 683 863 749 873; x_wconf 93' lang='lat'><strong>—</strong></span> <span class='ocrx_word' id='word_1_11' title='bbox 784 830 866 887; x_wconf 83' lang='lat' dir='ltr'><strong>Ne</strong></span> <span class='ocrx_word' id='word_1_12' title='bbox 913 833 1198 888; x_wconf 84' lang='lat' dir='ltr'><strong>sacerdotes</strong></span> <span class='ocrx_word' id='word_1_13' title='bbox 1231 832 1477 899; x_wconf 87' lang='lat' dir='ltr'><strong>Domini,</strong></span> <span class='ocrx_word' id='word_1_14' title='bbox 1513 832 1645 886; x_wconf 88' lang='lat' dir='ltr'><strong>sicut</strong></span> <span class='ocrx_word' id='word_1_15' title='bbox 1674 830 1857 902; x_wconf 86' lang='lat' dir='ltr'><strong>vulgus</strong></span> 
     </span>
    </p>
   </div>
   <div class='ocr_carea' id='block_1_5' title="bbox 322 927 1852 1001">
    <p class='ocr_par' dir='ltr' id='par_1_5' title="bbox 322 927 1852 1001">
     <span class='ocr_line' id='line_1_5' title="bbox 322 927 1852 1001; baseline 0.001 -21"><span class='ocrx_word' id='word_1_16' title='bbox 322 929 452 982; x_wconf 81' lang='lat' dir='ltr'><strong>solet</strong></span> <span class='ocrx_word' id='word_1_17' title='bbox 506 927 694 998; x_wconf 75' lang='lat' dir='ltr'><strong>facere,</strong></span> <span class='ocrx_word' id='word_1_18' title='bbox 741 939 1054 1000; x_wconf 76' lang='lat' dir='ltr'><strong>prwsumant</strong></span> <span class='ocrx_word' id='word_1_19' title='bbox 1096 930 1283 1001; x_wconf 90' lang='lat' dir='ltr'><strong>jurare</strong></span> <span class='ocrx_word' id='word_1_20' title='bbox 1325 928 1407 984; x_wconf 80' lang='lat' dir='ltr'><strong>vel</strong></span> <span class='ocrx_word' id='word_1_21' title='bbox 1456 927 1852 998; x_wconf 80' lang='lat' dir='ltr'><strong>compellantur.</strong></span> 
     </span>
    </p>
   </div>
   <div class='ocr_carea' id='block_1_6' title="bbox 325 1020 1858 1096">
    <p class='ocr_par' dir='ltr' id='par_1_6' title="bbox 325 1020 1858 1096">
     <span class='ocr_line' id='line_1_6' title="bbox 325 1020 1858 1096; baseline 0.001 -21"><span class='ocrx_word' id='word_1_22' title='bbox 325 1020 377 1075; x_wconf 75' lang='grc'><strong>1.</strong></span> <span class='ocrx_word' id='word_1_23' title='bbox 411 1020 475 1078; x_wconf 89' lang='lat' dir='ltr'><strong>Si</strong></span> <span class='ocrx_word' id='word_1_24' title='bbox 514 1032 893 1078; x_wconf 75' lang='lat' dir='ltr'><strong>sacramentum</strong></span> <span class='ocrx_word' id='word_1_25' title='bbox 919 1023 982 1080; x_wconf 77' lang='lat' dir='ltr'><strong>ab</strong></span> <span class='ocrx_word' id='word_1_26' title='bbox 1012 1025 1265 1096; x_wconf 82' lang='lat' dir='ltr'><strong>episcOpis</strong></span> <span class='ocrx_word' id='word_1_27' title='bbox 1308 1024 1421 1094; x_wconf 75' lang='lat' dir='ltr'><strong>ﬁeri</strong></span> <span class='ocrx_word' id='word_1_28' title='bbox 1466 1023 1661 1078; x_wconf 76' lang='lat' dir='ltr'><strong>debeat.</strong></span> <span class='ocrx_word' id='word_1_29' title='bbox 1693 1022 1747 1077; x_wconf 77' lang='grc'><strong>9..</strong></span> <span class='ocrx_word' id='word_1_30' title='bbox 1781 1020 1858 1077; x_wconf 83' lang='lat' dir='ltr'><strong>De</strong></span> 
     </span>
    </p>
   </div>
   <div class='ocr_carea' id='block_1_7' title="bbox 323 1113 1857 1188">
    <p class='ocr_par' dir='ltr' id='par_1_7' title="bbox 323 1113 1857 1188">
     <span class='ocr_line' id='line_1_7' title="bbox 323 1113 1857 1188; baseline 0.003 -22"><span class='ocrx_word' id='word_1_31' title='bbox 323 1113 491 1168; x_wconf 78' lang='lat' dir='ltr'><strong>causis</strong></span> <span class='ocrx_word' id='word_1_32' title='bbox 516 1115 897 1187; x_wconf 80' lang='lat' dir='ltr'><strong>episcOporum,</strong></span> <span class='ocrx_word' id='word_1_33' title='bbox 930 1126 975 1170; x_wconf 88' lang='lat' dir='ltr'><strong>et</strong></span> <span class='ocrx_word' id='word_1_34' title='bbox 1003 1123 1056 1171; x_wconf 83' lang='lat' dir='ltr'><strong>ut</strong></span> <span class='ocrx_word' id='word_1_35' title='bbox 1084 1115 1331 1188; x_wconf 77' lang='lat' dir='ltr'><strong>quidquid</strong></span> <span class='ocrx_word' id='word_1_36' title='bbox 1355 1116 1596 1171; x_wconf 77' lang='lat' dir='ltr'><strong>adversus</strong></span> <span class='ocrx_word' id='word_1_37' title='bbox 1625 1113 1857 1171; x_wconf 73' lang='lat' dir='ltr'><strong>absentes</strong></span> 
     </span>
    </p>
   </div>
   <div class='ocr_carea' id='block_1_8' title="bbox 319 1209 1062 1280">
    <p class='ocr_par' dir='ltr' id='par_1_8' title="bbox 319 1209 1062 1280">
     <span class='ocr_line' id='line_1_8' title="bbox 319 1209 1062 1280; baseline 0.009 -19"><span class='ocrx_word' id='word_1_38' title='bbox 319 1209 514 1280; x_wconf 86' lang='lat' dir='ltr'><strong>agitur,</strong></span> <span class='ocrx_word' id='word_1_39' title='bbox 548 1226 765 1265; x_wconf 76' lang='lat' dir='ltr'><strong>vacuum</strong></span> <span class='ocrx_word' id='word_1_40' title='bbox 791 1211 1062 1268; x_wconf 79' lang='lat' dir='ltr'><strong>habeatur.</strong></span> 
     </span>
    </p>
   </div>
   <div class='ocr_carea' id='block_1_9' title="bbox 242 1415 1854 1478">
    <p class='ocr_par' dir='ltr' id='par_1_9' title="bbox 242 1415 1854 1478">
     <span class='ocr_line' id='line_1_9' title="bbox 242 1415 1854 1478; baseline 0.003 -8"><span class='ocrx_word' id='word_1_41' title='bbox 242 1424 541 1472; x_wconf 73' lang='lat' dir='ltr'><strong>CORNELIUS</strong></span> <span class='ocrx_word' id='word_1_42' title='bbox 581 1431 865 1474; x_wconf 77' lang='lat' dir='ltr'><strong>EPISCOPUS</strong></span> <span class='ocrx_word' id='word_1_43' title='bbox 907 1433 1048 1474; x_wconf 72' lang='lat' dir='ltr'><strong>RUFO</strong></span> <span class='ocrx_word' id='word_1_44' title='bbox 1072 1415 1100 1456; x_wconf 64' lang='grc' dir='ltr'>δ</span> <span class='ocrx_word' id='word_1_45' title='bbox 1133 1434 1453 1476; x_wconf 79' lang='lat' dir='ltr'><strong>COEPISCOPO</strong></span> <span class='ocrx_word' id='word_1_46' title='bbox 1495 1432 1516 1460; x_wconf 75' lang='grc'><strong>(³</strong></span> <span class='ocrx_word' id='word_1_47' title='bbox 1562 1436 1612 1475; x_wconf 72' lang='grc' dir='ltr'><strong>ΙΝ</strong></span> <span class='ocrx_word' id='word_1_48' title='bbox 1654 1434 1854 1478; x_wconf 74' lang='grc' dir='ltr'><strong>ΒΟΙΙΙΝΟ</strong></span> 
     </span>
    </p>
   </div>
   <div class='ocr_carea' id='block_1_10' title="bbox 915 1527 1186 1568">
    <p class='ocr_par' dir='ltr' id='par_1_10' title="bbox 915 1527 1186 1568">
     <span class='ocr_line' id='line_1_10' title="bbox 915 1527 1186 1568; baseline 0 0"><span class='ocrx_word' id='word_1_49' title='bbox 915 1527 1186 1568; x_wconf 69' lang='lat' dir='ltr'><strong>SALUTEM.</strong></span> 
     </span>
    </p>
   </div>
   <div class='ocr_carea' id='block_1_11' title="bbox 318 1665 1854 1738">
    <p class='ocr_par' dir='ltr' id='par_1_11' title="bbox 318 1665 1854 1738">
     <span class='ocr_line' id='line_1_11' title="bbox 318 1665 1854 1738; baseline 0.003 -18"><span class='ocrx_word' id='word_1_50' title='bbox 318 1665 495 1738; x_wconf 74' lang='lat' dir='ltr'><strong>Exigit</strong></span> <span class='ocrx_word' id='word_1_51' title='bbox 520 1666 742 1724; x_wconf 77' lang='lat' dir='ltr'><strong>dilectio</strong></span> <span class='ocrx_word' id='word_1_52' title='bbox 767 1677 878 1735; x_wconf 83' lang='lat' dir='ltr'><strong>tua,</strong></span> <span class='ocrx_word' id='word_1_53' title='bbox 906 1667 1077 1725; x_wconf 80' lang='lat' dir='ltr'><strong>frater</strong></span> <span class='ocrx_word' id='word_1_54' title='bbox 1101 1668 1453 1737; x_wconf 85' lang='lat' dir='ltr'><strong>ehorissime,</strong></span> <span class='ocrx_word' id='word_1_55' title='bbox 1485 1680 1544 1726; x_wconf 90' lang='lat' dir='ltr'><strong>ut</strong></span> <span class='ocrx_word' id='word_1_56' title='bbox 1572 1684 1638 1727; x_wconf 73' lang='lat' dir='ltr'><strong>ex</strong></span> <span class='ocrx_word' id='word_1_57' title='bbox 1666 1678 1854 1726; x_wconf 85' lang='lat' dir='ltr'><strong>aucto-</strong></span> 
     </span>
    </p>
   </div>
   <div class='ocr_carea' id='block_1_12' title="bbox 238 1759 1852 1833">
    <p class='ocr_par' dir='ltr' id='par_1_12' title="bbox 238 1759 1852 1833">
     <span class='ocr_line' id='line_1_12' title="bbox 238 1759 1852 1833; baseline 0.001 -17"><span class='ocrx_word' id='word_1_58' title='bbox 238 1759 401 1816; x_wconf 81' lang='lat' dir='ltr'><strong>ritate</strong></span> <span class='ocrx_word' id='word_1_59' title='bbox 453 1760 610 1817; x_wconf 87' lang='lat' dir='ltr'><strong>Sedis</strong></span> <span class='ocrx_word' id='word_1_60' title='bbox 661 1763 981 1833; x_wconf 83' lang='lat' dir='ltr'><strong>apostolicae</strong></span> <span class='ocrx_word' id='word_1_61' title='bbox 1031 1765 1138 1820; x_wconf 89' lang='lat' dir='ltr'><strong>tuis</strong></span> <span class='ocrx_word' id='word_1_62' title='bbox 1190 1763 1517 1820; x_wconf 75' lang='lat' dir='ltr'><strong>deberemus</strong></span> <span class='ocrx_word' id='word_1_63' title='bbox 1587 1762 1852 1821; x_wconf 85' lang='lat' dir='ltr'><strong>consulti-</strong></span> 
     </span>
    </p>
   </div>
   <div class='ocr_carea' id='block_1_13' title="bbox 1553 348 2278 421">
    <p class='ocr_par' dir='ltr' id='par_1_13' title="bbox 1553 348 2278 421">
     <span class='ocr_line' id='line_1_13' title="bbox 1553 348 2278 421; baseline -0.001 -14"><span class='ocrx_word' id='word_1_64' title='bbox 1553 348 1774 409; x_wconf 78' lang='lat' dir='ltr'><strong>APPEN</strong></span> <span class='ocrx_word' id='word_1_65' title='bbox 1784 348 2278 421; x_wconf 64' lang='lat' dir='ltr'><strong>DIXESECUNDA.</strong></span> 
     </span>
    </p>
   </div>
   <div class='ocr_carea' id='block_1_14' title="bbox 1884 448 3571 543">
    <p class='ocr_par' dir='ltr' id='par_1_14' title="bbox 1884 448 3571 543">
     <span class='ocr_line' id='line_1_14' title="bbox 1884 448 3571 543; baseline 0.005 -21"><span class='ocrx_word' id='word_1_66' title='bbox 1884 467 1937 530; x_wconf 84' lang='grc' dir='ltr'><strong>Α</strong></span> <span class='ocrx_word' id='word_1_67' title='bbox 1964 465 2247 538; x_wconf 81' lang='lat' dir='ltr'><strong>prohibet,</strong></span> <span class='ocrx_word' id='word_1_68' title='bbox 2284 465 2336 523; x_wconf 91' lang='lat' dir='ltr'><strong>id</strong></span> <span class='ocrx_word' id='word_1_69' title='bbox 2365 475 2468 535; x_wconf 88' lang='lat' dir='ltr'><strong>est,</strong></span> <span class='ocrx_word' id='word_1_70' title='bbox 2521 480 2625 522; x_wconf 90' lang='lat' dir='ltr'><strong>non</strong></span> <span class='ocrx_word' id='word_1_71' title='bbox 2659 448 2861 525; x_wconf 81' lang='lat' dir='ltr'><strong>debere</strong></span> <span class='ocrx_word' id='word_1_72' title='bbox 2904 468 3109 541; x_wconf 79' lang='lat' dir='ltr'><strong>jurare.</strong></span> <span class='ocrx_word' id='word_1_73' title='bbox 3154 470 3282 528; x_wconf 64' lang='lat' dir='ltr'><strong>llaec</strong></span> <span class='ocrx_word' id='word_1_74' title='bbox 3326 472 3571 543; x_wconf 78' lang='lat' dir='ltr'><strong>Apostoli</strong></span> 
     </span>
    </p>
   </div>
   <div class='ocr_carea' id='block_1_15' title="bbox 3463 358 3573 416">
    <p class='ocr_par' dir='ltr' id='par_1_15' title="bbox 3463 358 3573 416">
     <span class='ocr_line' id='line_1_15' title="bbox 3463 358 3573 416; baseline 0.018 -2"><span class='ocrx_word' id='word_1_75' title='bbox 3463 358 3573 416; x_wconf 63' lang='lat'><strong>846</strong></span> 
     </span>
    </p>
   </div>
   <div class='ocr_carea' id='block_1_16' title="bbox 1964 560 3565 635">
    <p class='ocr_par' dir='ltr' id='par_1_16' title="bbox 1964 560 3565 635">
     <span class='ocr_line' id='line_1_16' title="bbox 1964 560 3565 635; baseline 0.005 -21"><span class='ocrx_word' id='word_1_76' title='bbox 1964 562 2195 616; x_wconf 79' lang='lat' dir='ltr'><strong>maxime</strong></span> <span class='ocrx_word' id='word_1_77' title='bbox 2226 575 2433 628; x_wconf 89' lang='lat' dir='ltr'><strong>omnes,</strong></span> <span class='ocrx_word' id='word_1_78' title='bbox 2460 560 2575 618; x_wconf 65' lang='lat' dir='ltr'><strong>haec</strong></span> <span class='ocrx_word' id='word_1_79' title='bbox 2596 563 2767 617; x_wconf 81' lang='lat' dir='ltr'><strong>sancti</strong></span> <span class='ocrx_word' id='word_1_80' title='bbox 2793 562 2890 617; x_wconf 89' lang='lat' dir='ltr'><strong>viri</strong></span> <span class='ocrx_word' id='word_1_81' title='bbox 2916 563 3343 634; x_wconf 69' lang='lat' dir='ltr'><strong>prmdecessores</strong></span> <span class='ocrx_word' id='word_1_82' title='bbox 3372 569 3565 635; x_wconf 83' lang='lat' dir='ltr'><strong>nostri,</strong></span> 
     </span>
    </p>
   </div>
   <div class='ocr_carea' id='block_1_17' title="bbox 1963 652 3570 730">
    <p class='ocr_par' dir='ltr' id='par_1_17' title="bbox 1963 652 3570 730">
     <span class='ocr_line' id='line_1_17' title="bbox 1963 652 3570 730; baseline 0.006 -25"><span class='ocrx_word' id='word_1_83' title='bbox 1963 653 2051 722; x_wconf 97' lang='lat' dir='ltr'><strong>qui</strong></span> <span class='ocrx_word' id='word_1_84' title='bbox 2086 652 2210 709; x_wconf 86' lang='lat' dir='ltr'><strong>huic</strong></span> <span class='ocrx_word' id='word_1_85' title='bbox 2236 662 2436 710; x_wconf 67' lang='lat' dir='ltr'><strong>sancta)</strong></span> <span class='ocrx_word' id='word_1_86' title='bbox 2470 653 2758 710; x_wconf 83' lang='lat' dir='ltr'><strong>universali</strong></span> <span class='ocrx_word' id='word_1_87' title='bbox 2796 657 3104 726; x_wconf 79' lang='lat' dir='ltr'><strong>apostolica:</strong></span> <span class='ocrx_word' id='word_1_88' title='bbox 3150 654 3402 715; x_wconf 74' lang='lat' dir='ltr'><strong>Ecclesia:</strong></span> <span class='ocrx_word' id='word_1_89' title='bbox 3427 676 3570 730; x_wconf 65' lang='lat' dir='ltr'><strong>prte—</strong></span> 
     </span>
    </p>
   </div>
   <div class='ocr_carea' id='block_1_18' title="bbox 1962 744 3571 823">
    <p class='ocr_par' dir='ltr' id='par_1_18' title="bbox 1962 744 3571 823">
     <span class='ocr_line' id='line_1_18' title="bbox 1962 744 3571 823; baseline 0.006 -25"><span class='ocrx_word' id='word_1_90' title='bbox 1962 744 2179 802; x_wconf 83' lang='lat' dir='ltr'><strong>fnerunt</strong></span> <span class='ocrx_word' id='word_1_91' title='bbox 2222 757 2347 803; x_wconf 84' lang='lat' dir='ltr'><strong>ante</strong></span> <span class='ocrx_word' id='word_1_92' title='bbox 2398 763 2529 814; x_wconf 90' lang='lat' dir='ltr'><strong>nos,</strong></span> <span class='ocrx_word' id='word_1_93' title='bbox 2586 749 2703 805; x_wconf 66' lang='lat' dir='ltr'><strong>haac</strong></span> <span class='ocrx_word' id='word_1_94' title='bbox 2750 749 3035 822; x_wconf 69' lang='lat' dir='ltr'><strong>Prolihetce</strong></span> <span class='ocrx_word' id='word_1_95' title='bbox 3067 760 3121 806; x_wconf 90' lang='lat' dir='ltr'><strong>et</strong></span> <span class='ocrx_word' id='word_1_96' title='bbox 3152 753 3341 823; x_wconf 85' lang='lat' dir='ltr'><strong>reliqui</strong></span> <span class='ocrx_word' id='word_1_97' title='bbox 3398 754 3571 809; x_wconf 85' lang='lat' dir='ltr'><strong>sancti</strong></span> 
     </span>
    </p>
   </div>
   <div class='ocr_carea' id='block_1_19' title="bbox 1963 836 3568 917">
    <p class='ocr_par' dir='ltr' id='par_1_19' title="bbox 1963 836 3568 917">
     <span class='ocr_line' id='line_1_19' title="bbox 1963 836 3568 917; baseline 0.007 -26"><span class='ocrx_word' id='word_1_98' title='bbox 1963 836 2245 906; x_wconf 77' lang='lat' dir='ltr'><strong>doctores,</strong></span> <span class='ocrx_word' id='word_1_99' title='bbox 2280 858 2394 911; x_wconf 71' lang='lat' dir='ltr'><strong>per</strong></span> <span class='ocrx_word' id='word_1_100' title='bbox 2421 842 2729 897; x_wconf 78' lang='lat' dir='ltr'><strong>universum</strong></span> <span class='ocrx_word' id='word_1_101' title='bbox 2770 844 3027 898; x_wconf 87' lang='lat' dir='ltr'><strong>mundum</strong></span> <span class='ocrx_word' id='word_1_102' title='bbox 3058 843 3285 916; x_wconf 82' lang='lat' dir='ltr'><strong>dispersi</strong></span> <span class='ocrx_word' id='word_1_103' title='bbox 3332 845 3398 901; x_wconf 88' lang='lat' dir='ltr'><strong>ad</strong></span> <span class='ocrx_word' id='word_1_104' title='bbox 3430 862 3568 917; x_wconf 81' lang='lat' dir='ltr'><strong>pra:-</strong></span> 
     </span>
    </p>
   </div>
   <div class='ocr_carea' id='block_1_20' title="bbox 1962 928 3565 1004">
    <p class='ocr_par' dir='ltr' id='par_1_20' title="bbox 1962 928 3565 1004">
     <span class='ocr_line' id='line_1_20' title="bbox 1962 928 3565 1004; baseline 0.005 -19"><span class='ocrx_word' id='word_1_105' title='bbox 1962 928 2285 999; x_wconf 84' lang='lat' dir='ltr'><strong>dicanduni,</strong></span> <span class='ocrx_word' id='word_1_106' title='bbox 2342 933 2648 1003; x_wconf 81' lang='lat' dir='ltr'><strong>juramenla</strong></span> <span class='ocrx_word' id='word_1_107' title='bbox 2703 933 2817 990; x_wconf 79' lang='lat' dir='ltr'><strong>ﬁeri</strong></span> <span class='ocrx_word' id='word_1_108' title='bbox 2884 945 3088 991; x_wconf 84' lang='lat' dir='ltr'><strong>vetant.</strong></span> <span class='ocrx_word' id='word_1_109' title='bbox 3168 936 3407 1004; x_wconf 79' lang='lat' dir='ltr'><strong>Quorum</strong></span> <span class='ocrx_word' id='word_1_110' title='bbox 3466 954 3565 993; x_wconf 79' lang='lat' dir='ltr'><strong>nos</strong></span> 
     </span>
    </p>
   </div>
   <div class='ocr_carea' id='block_1_21' title="bbox 1966 1025 3561 1098">
    <p class='ocr_par' dir='ltr' id='par_1_21' title="bbox 1966 1025 3561 1098">
     <span class='ocr_line' id='line_1_21' title="bbox 1966 1025 3561 1098; baseline 0.004 -18"><span class='ocrx_word' id='word_1_111' title='bbox 1966 1027 2210 1096; x_wconf 77' lang='lat' dir='ltr'><strong>exempla</strong></span> <span class='ocrx_word' id='word_1_112' title='bbox 2239 1025 2257 1063; x_wconf 68' lang='grc' dir='ltr'><strong>ί</strong></span> <span class='ocrx_word' id='word_1_113' title='bbox 2289 1026 2336 1082; x_wconf 80' lang='lat' dir='ltr'><strong>si</strong></span> <span class='ocrx_word' id='word_1_114' title='bbox 2366 1030 2690 1098; x_wconf 66' lang='lat' dir='ltr'><strong>coeperimus</strong></span> <span class='ocrx_word' id='word_1_115' title='bbox 2717 1046 3054 1096; x_wconf 83' lang='lat' dir='ltr'><strong>enumerare,</strong></span> <span class='ocrx_word' id='word_1_116' title='bbox 3090 1042 3181 1086; x_wconf 87' lang='lat' dir='ltr'><strong>aut</strong></span> <span class='ocrx_word' id='word_1_117' title='bbox 3206 1032 3257 1087; x_wconf 90' lang='lat' dir='ltr'><strong>in</strong></span> <span class='ocrx_word' id='word_1_118' title='bbox 3307 1032 3561 1089; x_wconf 85' lang='lat' dir='ltr'><strong>schedula</strong></span> 
     </span>
    </p>
   </div>
   <div class='ocr_carea' id='block_1_22' title="bbox 1964 1116 3563 1195">
    <p class='ocr_par' dir='ltr' id='par_1_22' title="bbox 1964 1116 3563 1195">
     <span class='ocr_line' id='line_1_22' title="bbox 1964 1116 3563 1195; baseline 0.005 -23"><span class='ocrx_word' id='word_1_119' title='bbox 1964 1116 2064 1173; x_wconf 84' lang='lat' dir='ltr'><strong>hac</strong></span> <span class='ocrx_word' id='word_1_120' title='bbox 2093 1119 2332 1175; x_wconf 90' lang='lat' dir='ltr'><strong>inserere</strong></span> <span class='ocrx_word' id='word_1_121' title='bbox 2354 1163 2367 1187; x_wconf 91' lang='lat'><strong>,</strong></span> <span class='ocrx_word' id='word_1_122' title='bbox 2418 1131 2544 1176; x_wconf 85' lang='lat' dir='ltr'><strong>ante</strong></span> <span class='ocrx_word' id='word_1_123' title='bbox 2592 1120 2809 1177; x_wconf 83' lang='lat' dir='ltr'><strong>deﬁciet</strong></span> <span class='ocrx_word' id='word_1_124' title='bbox 2842 1121 2972 1177; x_wconf 86' lang='lat' dir='ltr'><strong>hora</strong></span> <span class='ocrx_word' id='word_1_125' title='bbox 3015 1122 3154 1190; x_wconf 89' lang='lat' dir='ltr'><strong>diei,</strong></span> <span class='ocrx_word' id='word_1_126' title='bbox 3188 1141 3347 1195; x_wconf 73' lang='lat' dir='ltr'><strong>qutun</strong></span> <span class='ocrx_word' id='word_1_127' title='bbox 3375 1142 3563 1183; x_wconf 88' lang='lat' dir='ltr'><strong>eorum</strong></span> 
     </span>
    </p>
   </div>
   <div class='ocr_carea' id='block_1_23' title="bbox 1961 1213 3563 1290">
    <p class='ocr_par' dir='ltr' id='par_1_23' title="bbox 1961 1213 3563 1290">
     <span class='ocr_line' id='line_1_23' title="bbox 1961 1213 3563 1290; baseline 0.004 -21"><span class='ocrx_word' id='word_1_128' title='bbox 1961 1214 2208 1283; x_wconf 80' lang='lat' dir='ltr'><strong>exempla</strong></span> <span class='ocrx_word' id='word_1_129' title='bbox 2240 1214 2307 1269; x_wconf 90' lang='lat' dir='ltr'><strong>de</strong></span> <span class='ocrx_word' id='word_1_130' title='bbox 2340 1213 2441 1269; x_wconf 80' lang='lat' dir='ltr'><strong>hac</strong></span> <span class='ocrx_word' id='word_1_131' title='bbox 2467 1230 2628 1270; x_wconf 88' lang='lat' dir='ltr'><strong>causa</strong></span> <span class='ocrx_word' id='word_1_132' title='bbox 2662 1213 2946 1286; x_wconf 81' lang='lat' dir='ltr'><strong>prohibita.</strong></span> <span class='ocrx_word' id='word_1_133' title='bbox 2973 1216 3104 1286; x_wconf 78' lang='lat' dir='ltr'><strong>Qua:</strong></span> <span class='ocrx_word' id='word_1_134' title='bbox 3137 1234 3233 1273; x_wconf 86' lang='lat' dir='ltr'><strong>nos</strong></span> <span class='ocrx_word' id='word_1_135' title='bbox 3256 1230 3563 1290; x_wconf 77' lang='lat' dir='ltr'><strong>sequentes,</strong></span> 
     </span>
    </p>
   </div>
   <div class='ocr_carea' id='block_1_24' title="bbox 1962 1308 3563 1384">
    <p class='ocr_par' dir='ltr' id='par_1_24' title="bbox 1962 1308 3563 1384">
     <span class='ocr_line' id='line_1_24' title="bbox 1962 1308 3563 1384; baseline 0.006 -24"><span class='ocrx_word' id='word_1_136' title='bbox 1962 1316 2269 1362; x_wconf 81' lang='lat' dir='ltr'><strong>sanctorum</strong></span> <span class='ocrx_word' id='word_1_137' title='bbox 2292 1308 2698 1378; x_wconf 84' lang='lat' dir='ltr'><strong>Apostolorum,</strong></span> <span class='ocrx_word' id='word_1_138' title='bbox 2723 1325 3020 1381; x_wconf 89' lang='lat' dir='ltr'><strong>eorumque</strong></span> <span class='ocrx_word' id='word_1_139' title='bbox 3050 1326 3421 1368; x_wconf 85' lang='lat' dir='ltr'><strong>successorum</strong></span> <span class='ocrx_word' id='word_1_140' title='bbox 3443 1314 3563 1384; x_wconf 86' lang='lat' dir='ltr'><strong>jura</strong></span> 
     </span>
    </p>
   </div>
   <div class='ocr_carea' id='block_1_25' title="bbox 1962 1399 3566 1475">
    <p class='ocr_par' dir='ltr' id='par_1_25' title="bbox 1962 1399 3566 1475">
     <span class='ocr_line' id='line_1_25' title="bbox 1962 1399 3566 1475; baseline 0.004 -23"><span class='ocrx_word' id='word_1_141' title='bbox 1962 1399 2277 1467; x_wconf 87' lang='lat' dir='ltr'><strong>ﬁrmamus,</strong></span> <span class='ocrx_word' id='word_1_142' title='bbox 2318 1409 2373 1456; x_wconf 91' lang='lat' dir='ltr'><strong>et</strong></span> <span class='ocrx_word' id='word_1_143' title='bbox 2407 1411 2745 1457; x_wconf 82' lang='lat' dir='ltr'><strong>sacramenta</strong></span> <span class='ocrx_word' id='word_1_144' title='bbox 2777 1403 2989 1459; x_wconf 87' lang='lat' dir='ltr'><strong>incauta</strong></span> <span class='ocrx_word' id='word_1_145' title='bbox 3041 1402 3156 1459; x_wconf 83' lang='lat' dir='ltr'><strong>ﬁeri</strong></span> <span class='ocrx_word' id='word_1_146' title='bbox 3198 1404 3566 1475; x_wconf 85' lang='lat' dir='ltr'><strong>prohibemus.</strong></span> 
     </span>
    </p>
   </div>
   <div class='ocr_carea' id='block_1_26' title="bbox 1960 1489 3571 1568">
    <p class='ocr_par' dir='ltr' id='par_1_26' title="bbox 1960 1489 3571 1568">
     <span class='ocr_line' id='line_1_26' title="bbox 1960 1489 3571 1568; baseline 0.004 -20"><span class='ocrx_word' id='word_1_147' title='bbox 1960 1489 2115 1548; x_wconf 82' lang='lat' dir='ltr'><strong>Unde</strong></span> <span class='ocrx_word' id='word_1_148' title='bbox 2160 1503 2214 1549; x_wconf 90' lang='lat' dir='ltr'><strong>et</strong></span> <span class='ocrx_word' id='word_1_149' title='bbox 2284 1493 2399 1567; x_wconf 87' lang='lat' dir='ltr'><strong>ipse</strong></span> <span class='ocrx_word' id='word_1_150' title='bbox 2458 1494 2721 1550; x_wconf 87' lang='lat' dir='ltr'><strong>Dominus</strong></span> <span class='ocrx_word' id='word_1_151' title='bbox 2768 1495 2821 1550; x_wconf 91' lang='lat' dir='ltr'><strong>in</strong></span> <span class='ocrx_word' id='word_1_152' title='bbox 2880 1496 3074 1552; x_wconf 84' lang='lat' dir='ltr'><strong>tabulis</strong></span> <span class='ocrx_word' id='word_1_153' title='bbox 3115 1497 3375 1567; x_wconf 87' lang='lat' dir='ltr'><strong>lapideis,</strong></span> <span class='ocrx_word' id='word_1_154' title='bbox 3436 1514 3571 1568; x_wconf 84' lang='lat' dir='ltr'><strong>quas</strong></span> 
     </span>
    </p>
   </div>
   <div class='ocr_carea' id='block_1_27' title="bbox 1958 1583 3570 1660">
    <p class='ocr_par' dir='ltr' id='par_1_27' title="bbox 1958 1583 3570 1660">
     <span class='ocr_line' id='line_1_27' title="bbox 1958 1583 3570 1660; baseline 0.004 -20"><span class='ocrx_word' id='word_1_155' title='bbox 1958 1583 2093 1641; x_wconf 81' lang='lat' dir='ltr'><strong>Mosi</strong></span> <span class='ocrx_word' id='word_1_156' title='bbox 2121 1584 2306 1653; x_wconf 89' lang='lat' dir='ltr'><strong>dedit,</strong></span> <span class='ocrx_word' id='word_1_157' title='bbox 2337 1587 2551 1659; x_wconf 85' lang='lat' dir='ltr'><strong>propria</strong></span> <span class='ocrx_word' id='word_1_158' title='bbox 2586 1604 2746 1643; x_wconf 88' lang='lat' dir='ltr'><strong>manu</strong></span> <span class='ocrx_word' id='word_1_159' title='bbox 2785 1588 3029 1660; x_wconf 89' lang='lat' dir='ltr'><strong>scripsit,</strong></span> <span class='ocrx_word' id='word_1_160' title='bbox 3062 1589 3248 1645; x_wconf 89' lang='lat' dir='ltr'><strong>dicens</strong></span> <span class='ocrx_word' id='word_1_161' title='bbox 3278 1606 3291 1643; x_wconf 91' lang='lat'><strong>:</strong></span> <span class='ocrx_word' id='word_1_162' title='bbox 3335 1589 3464 1647; x_wconf 86' lang='lat' dir='ltr'><strong>Vide</strong></span> <span class='ocrx_word' id='word_1_163' title='bbox 3505 1610 3570 1646; x_wconf 87' lang='lat' dir='ltr'><strong>ne</strong></span> 
     </span>
    </p>
   </div>
   <div class='ocr_carea' id='block_1_28' title="bbox 1958 1681 3568 1758">
    <p class='ocr_par' dir='ltr' id='par_1_28' title="bbox 1958 1681 3568 1758">
     <span class='ocr_line' id='line_1_28' title="bbox 1958 1681 3568 1758; baseline 0.004 -24"><span class='ocrx_word' id='word_1_164' title='bbox 1958 1692 2191 1736; x_wconf 87' lang='lat' dir='ltr'><strong>assumas</strong></span> <span class='ocrx_word' id='word_1_165' title='bbox 2218 1694 2402 1735; x_wconf 81' lang='lat' dir='ltr'><strong>nomen</strong></span> <span class='ocrx_word' id='word_1_166' title='bbox 2431 1681 2643 1737; x_wconf 80' lang='lat' dir='ltr'><strong>Domini</strong></span> <span class='ocrx_word' id='word_1_167' title='bbox 2675 1682 2750 1736; x_wconf 92' lang='lat' dir='ltr'><strong>tui</strong></span> <span class='ocrx_word' id='word_1_168' title='bbox 2772 1681 2825 1736; x_wconf 88' lang='lat' dir='ltr'><strong>in</strong></span> <span class='ocrx_word' id='word_1_169' title='bbox 2848 1698 3079 1738; x_wconf 82' lang='lat' dir='ltr'><strong>vanum:</strong></span> <span class='ocrx_word' id='word_1_170' title='bbox 3111 1682 3310 1758; x_wconf 78' lang='lat' dir='ltr'><strong>(Exod.</strong></span> <span class='ocrx_word' id='word_1_171' title='bbox 3343 1686 3464 1755; x_wconf 79' lang='lat' dir='ltr'><strong>xx).</strong></span> <span class='ocrx_word' id='word_1_172' title='bbox 3496 1683 3568 1740; x_wconf 84' lang='lat' dir='ltr'><strong>Et</strong></span> 
     </span>
    </p>
   </div>
   <div class='ocr_carea' id='block_1_29' title="bbox 1960 1775 3562 1850">
    <p class='ocr_par' dir='ltr' id='par_1_29' title="bbox 1960 1775 3562 1850">
     <span class='ocr_line' id='line_1_29' title="bbox 1960 1775 3562 1850; baseline 0.002 -21"><span class='ocrx_word' id='word_1_173' title='bbox 1960 1775 2189 1845; x_wconf 90' lang='lat' dir='ltr'><strong>reliqua.</strong></span> <span class='ocrx_word' id='word_1_174' title='bbox 2223 1775 2331 1831; x_wconf 84' lang='lat' dir='ltr'><strong>Nos</strong></span> <span class='ocrx_word' id='word_1_175' title='bbox 2355 1789 2559 1847; x_wconf 87' lang='lat' dir='ltr'><strong>autem,</strong></span> <span class='ocrx_word' id='word_1_176' title='bbox 2588 1786 2645 1831; x_wconf 91' lang='lat' dir='ltr'><strong>ut</strong></span> <span class='ocrx_word' id='word_1_177' title='bbox 2667 1777 2826 1848; x_wconf 87' lang='lat' dir='ltr'><strong>paulo</strong></span> <span class='ocrx_word' id='word_1_178' title='bbox 2864 1778 3116 1848; x_wconf 89' lang='lat' dir='ltr'><strong>superius</strong></span> <span class='ocrx_word' id='word_1_179' title='bbox 3138 1777 3562 1850; x_wconf 68' lang='lat' dir='ltr'><strong>prmlibavimns,</strong></span> 
     </span>
    </p>
   </div>
   <div class='ocr_carea' id='block_1_30' title="bbox 236 1854 1843 1945">
    <p class='ocr_par' dir='ltr' id='par_1_30' title="bbox 236 1854 1843 1931">
     <span class='ocr_line' id='line_1_30' title="bbox 236 1854 1843 1931; baseline 0.002 -21"><span class='ocrx_word' id='word_1_180' title='bbox 236 1854 341 1910; x_wconf 86' lang='lat' dir='ltr'><strong>bus</strong></span> <span class='ocrx_word' id='word_1_181' title='bbox 367 1857 721 1929; x_wconf 75' lang='lat' dir='ltr'><strong>respondere.</strong></span> <span class='ocrx_word' id='word_1_182' title='bbox 741 1857 896 1927; x_wconf 81' lang='lat' dir='ltr'><strong>Quod</strong></span> <span class='ocrx_word' id='word_1_183' title='bbox 917 1859 1048 1914; x_wconf 88' lang='lat' dir='ltr'><strong>licet</strong></span> <span class='ocrx_word' id='word_1_184' title='bbox 1065 1873 1170 1914; x_wconf 87' lang='lat' dir='ltr'><strong>non</strong></span> <span class='ocrx_word' id='word_1_185' title='bbox 1195 1859 1429 1931; x_wconf 81' lang='lat' dir='ltr'><strong>prolixe,</strong></span> <span class='ocrx_word' id='word_1_186' title='bbox 1453 1859 1550 1916; x_wconf 90' lang='lat' dir='ltr'><strong>sed</strong></span> <span class='ocrx_word' id='word_1_187' title='bbox 1574 1859 1843 1915; x_wconf 75' lang='lat' dir='ltr'><strong>succincte</strong></span> 
     </span>
    </p>
   </div>
   <div class='ocr_carea' id='block_1_31' title="bbox 1959 1854 3568 1945">
    <p class='ocr_par' dir='ltr' id='par_1_31' title="bbox 1959 1870 3568 1942">
     <span class='ocr_line' id='line_1_31' title="bbox 1959 1870 3568 1942; baseline 0.003 -20"><span class='ocrx_word' id='word_1_188' title='bbox 1959 1878 2358 1925; x_wconf 82' lang='lat' dir='ltr'><strong>sacramentum</strong></span> <span class='ocrx_word' id='word_1_189' title='bbox 2419 1880 2443 1918; x_wconf 70' lang='grc' dir='ltr'>Β</span> <span class='ocrx_word' id='word_1_190' title='bbox 2495 1871 2765 1942; x_wconf 87' lang='lat' dir='ltr'><strong>episcopis</strong></span> <span class='ocrx_word' id='word_1_191' title='bbox 2811 1871 3084 1926; x_wconf 86' lang='lat' dir='ltr'><strong>nescimus</strong></span> <span class='ocrx_word' id='word_1_192' title='bbox 3137 1870 3413 1937; x_wconf 88' lang='lat' dir='ltr'><strong>oblatum,</strong></span> <span class='ocrx_word' id='word_1_193' title='bbox 3468 1888 3568 1927; x_wconf 87' lang='lat' dir='ltr'><strong>nec</strong></span> 
     </span>
    </p>
   </div>
   <div class='ocr_carea' id='block_1_32' title="bbox 234 1948 1841 2029">
    <p class='ocr_par' dir='ltr' id='par_1_32' title="bbox 234 1948 1841 2029">
     <span class='ocr_line' id='line_1_32' title="bbox 234 1948 1841 2029; baseline 0.002 -25"><span class='ocrx_word' id='word_1_194' title='bbox 234 1961 399 2029; x_wconf 74' lang='lat' dir='ltr'><strong>agere</strong></span> <span class='ocrx_word' id='word_1_195' title='bbox 416 1948 818 2016; x_wconf 79' lang='lat' dir='ltr'><strong>festinarenius,</strong></span> <span class='ocrx_word' id='word_1_196' title='bbox 860 1962 1082 2024; x_wconf 83' lang='lat' dir='ltr'><strong>propter</strong></span> <span class='ocrx_word' id='word_1_197' title='bbox 1099 1952 1357 2025; x_wconf 87' lang='lat' dir='ltr'><strong>quasdam</strong></span> <span class='ocrx_word' id='word_1_198' title='bbox 1382 1953 1841 2024; x_wconf 87' lang='lat' dir='ltr'><strong>importunitates,</strong></span> 
     </span>
    </p>
   </div>
   <div class='ocr_carea' id='block_1_33' title="bbox 235 2045 1844 2119">
    <p class='ocr_par' dir='ltr' id='par_1_33' title="bbox 235 2045 1844 2119">
     <span class='ocr_line' id='line_1_33' title="bbox 235 2045 1844 2119; baseline 0.003 -22"><span class='ocrx_word' id='word_1_199' title='bbox 235 2054 358 2112; x_wconf 73' lang='lat' dir='ltr'><strong>quae</strong></span> <span class='ocrx_word' id='word_1_200' title='bbox 383 2045 582 2099; x_wconf 85' lang='lat' dir='ltr'><strong>nostris</strong></span> <span class='ocrx_word' id='word_1_201' title='bbox 609 2045 1070 2116; x_wconf 66' lang='lat' dir='ltr'><strong>prmpedie&#39;ntibns</strong></span> <span class='ocrx_word' id='word_1_202' title='bbox 1102 2048 1336 2119; x_wconf 83' lang='lat' dir='ltr'><strong>peccatis</strong></span> <span class='ocrx_word' id='word_1_203' title='bbox 1356 2090 1371 2116; x_wconf 92' lang='lat'><strong>,</strong></span> <span class='ocrx_word' id='word_1_204' title='bbox 1425 2047 1477 2102; x_wconf 89' lang='lat' dir='ltr'><strong>in</strong></span> <span class='ocrx_word' id='word_1_205' title='bbox 1509 2058 1610 2104; x_wconf 87' lang='lat' dir='ltr'><strong>nos</strong></span> <span class='ocrx_word' id='word_1_206' title='bbox 1654 2062 1844 2118; x_wconf 89' lang='lat' dir='ltr'><strong>super-</strong></span> 
     </span>
    </p>
   </div>
   <div class='ocr_carea' id='block_1_34' title="bbox 233 2139 1843 2212">
    <p class='ocr_par' dir='ltr' id='par_1_34' title="bbox 233 2139 1843 2212">
     <span class='ocr_line' id='line_1_34' title="bbox 233 2139 1843 2212; baseline 0.002 -21"><span class='ocrx_word' id='word_1_207' title='bbox 233 2150 467 2205; x_wconf 72' lang='lat' dir='ltr'><strong>venere,</strong></span> <span class='ocrx_word' id='word_1_208' title='bbox 526 2139 631 2193; x_wconf 82' lang='lat' dir='ltr'><strong>tuis</strong></span> <span class='ocrx_word' id='word_1_209' title='bbox 661 2148 840 2194; x_wconf 72' lang='lat' dir='ltr'><strong>tamen</strong></span> <span class='ocrx_word' id='word_1_210' title='bbox 867 2154 964 2210; x_wconf 90' lang='lat' dir='ltr'><strong>per</strong></span> <span class='ocrx_word' id='word_1_211' title='bbox 1013 2141 1222 2212; x_wconf 78' lang='lat' dir='ltr'><strong>reliqua</strong></span> <span class='ocrx_word' id='word_1_212' title='bbox 1263 2148 1574 2197; x_wconf 81' lang='lat' dir='ltr'><strong>sanctorum</strong></span> <span class='ocrx_word' id='word_1_213' title='bbox 1622 2140 1843 2196; x_wconf 86' lang='lat' dir='ltr'><strong>Patrum</strong></span> 
     </span>
    </p>
   </div>
   <div class='ocr_carea' id='block_1_35' title="bbox 234 2228 1842 2305">
    <p class='ocr_par' dir='ltr' id='par_1_35' title="bbox 234 2228 1842 2305">
     <span class='ocr_line' id='line_1_35' title="bbox 234 2228 1842 2305; baseline 0.003 -20"><span class='ocrx_word' id='word_1_214' title='bbox 234 2228 482 2286; x_wconf 75' lang='lat' dir='ltr'><strong>instituta</strong></span> <span class='ocrx_word' id='word_1_215' title='bbox 513 2230 708 2287; x_wconf 82' lang='lat' dir='ltr'><strong>studiis</strong></span> <span class='ocrx_word' id='word_1_216' title='bbox 731 2236 1047 2305; x_wconf 82' lang='lat' dir='ltr'><strong>perquirere</strong></span> <span class='ocrx_word' id='word_1_217' title='bbox 1072 2234 1233 2291; x_wconf 83' lang='lat' dir='ltr'><strong>latius</strong></span> <span class='ocrx_word' id='word_1_218' title='bbox 1258 2239 1311 2291; x_wconf 88' lang='lat' dir='ltr'><strong>et</strong></span> <span class='ocrx_word' id='word_1_219' title='bbox 1368 2235 1696 2303; x_wconf 71' lang='lat' dir='ltr'><strong>investigare</strong></span> <span class='ocrx_word' id='word_1_220' title='bbox 1720 2250 1842 2305; x_wconf 87' lang='lat' dir='ltr'><strong>per-</strong></span> 
     </span>
    </p>
   </div>
   <div class='ocr_carea' id='block_1_36' title="bbox 234 2320 1844 2399">
    <p class='ocr_par' dir='ltr' id='par_1_36' title="bbox 234 2320 1844 2399">
     <span class='ocr_line' id='line_1_36' title="bbox 234 2320 1844 2399; baseline 0.002 -20"><span class='ocrx_word' id='word_1_221' title='bbox 234 2323 523 2380; x_wconf 84' lang='lat' dir='ltr'><strong>mittimus.</strong></span> <span class='ocrx_word' id='word_1_222' title='bbox 552 2320 672 2382; x_wconf 79' lang='lat' dir='ltr'><strong>Non</strong></span> <span class='ocrx_word' id='word_1_223' title='bbox 704 2328 851 2383; x_wconf 90' lang='lat' dir='ltr'><strong>enim</strong></span> <span class='ocrx_word' id='word_1_224' title='bbox 880 2336 1058 2399; x_wconf 83' lang='lat' dir='ltr'><strong>potest</strong></span> <span class='ocrx_word' id='word_1_225' title='bbox 1088 2336 1245 2385; x_wconf 88' lang='lat' dir='ltr'><strong>mens</strong></span> <span class='ocrx_word' id='word_1_226' title='bbox 1271 2329 1476 2395; x_wconf 77' lang='lat' dir='ltr'><strong>attrita,</strong></span> <span class='ocrx_word' id='word_1_227' title='bbox 1504 2336 1559 2383; x_wconf 88' lang='lat' dir='ltr'><strong>et</strong></span> <span class='ocrx_word' id='word_1_228' title='bbox 1587 2328 1844 2384; x_wconf 85' lang='lat' dir='ltr'><strong>oneribus</strong></span> 
     </span>
    </p>
   </div>
   <div class='ocr_carea' id='block_1_37' title="bbox 233 2419 1845 2493">
    <p class='ocr_par' dir='ltr' id='par_1_37' title="bbox 233 2419 1845 2493">
     <span class='ocr_line' id='line_1_37' title="bbox 233 2419 1845 2493; baseline 0.002 -21"><span class='ocrx_word' id='word_1_229' title='bbox 233 2426 399 2488; x_wconf 87' lang='lat' dir='ltr'><strong>atque</strong></span> <span class='ocrx_word' id='word_1_230' title='bbox 425 2419 925 2490; x_wconf 88' lang='lat' dir='ltr'><strong>importunitatibus</strong></span> <span class='ocrx_word' id='word_1_231' title='bbox 961 2434 1183 2493; x_wconf 78' lang='lat' dir='ltr'><strong>gravata</strong></span> <span class='ocrx_word' id='word_1_232' title='bbox 1205 2464 1220 2489; x_wconf 93' lang='lat'><strong>,</strong></span> <span class='ocrx_word' id='word_1_233' title='bbox 1270 2432 1475 2479; x_wconf 87' lang='lat' dir='ltr'><strong>tantum</strong></span> <span class='ocrx_word' id='word_1_234' title='bbox 1507 2423 1632 2476; x_wconf 90' lang='lat' dir='ltr'><strong>boni</strong></span> <span class='ocrx_word' id='word_1_235' title='bbox 1688 2425 1845 2491; x_wconf 76' lang='lat' dir='ltr'><strong>pera-</strong></span> 
     </span>
    </p>
   </div>
   <div class='ocr_carea' id='block_1_38' title="bbox 232 2515 1837 2589">
    <p class='ocr_par' dir='ltr' id='par_1_38' title="bbox 232 2515 1837 2589">
     <span class='ocr_line' id='line_1_38' title="bbox 232 2515 1837 2589; baseline 0.002 -23"><span class='ocrx_word' id='word_1_236' title='bbox 232 2527 398 2583; x_wconf 80' lang='lat' dir='ltr'><strong>gere,</strong></span> <span class='ocrx_word' id='word_1_237' title='bbox 442 2523 701 2584; x_wconf 84' lang='lat' dir='ltr'><strong>quantum</strong></span> <span class='ocrx_word' id='word_1_238' title='bbox 732 2515 997 2572; x_wconf 85' lang='lat' dir='ltr'><strong>delectata</strong></span> <span class='ocrx_word' id='word_1_239' title='bbox 1049 2528 1104 2574; x_wconf 90' lang='lat' dir='ltr'><strong>et</strong></span> <span class='ocrx_word' id='word_1_240' title='bbox 1149 2517 1595 2589; x_wconf 87' lang='lat' dir='ltr'><strong>oppressionibus</strong></span> <span class='ocrx_word' id='word_1_241' title='bbox 1639 2517 1837 2572; x_wconf 90' lang='lat' dir='ltr'><strong>soluta.</strong></span> 
     </span>
    </p>
   </div>
   <div class='ocr_carea' id='block_1_39' title="bbox 231 2603 1841 2681">
    <p class='ocr_par' dir='ltr' id='par_1_39' title="bbox 231 2603 1841 2681">
     <span class='ocr_line' id='line_1_39' title="bbox 231 2603 1841 2681; baseline 0.003 -21"><span class='ocrx_word' id='word_1_242' title='bbox 231 2603 353 2660; x_wconf 78' lang='lat' dir='ltr'><strong>Non</strong></span> <span class='ocrx_word' id='word_1_243' title='bbox 383 2621 514 2676; x_wconf 76' lang='lat' dir='ltr'><strong>ergo</strong></span> <span class='ocrx_word' id='word_1_244' title='bbox 542 2608 641 2663; x_wconf 86' lang='lat' dir='ltr'><strong>ista</strong></span> <span class='ocrx_word' id='word_1_245' title='bbox 671 2608 742 2664; x_wconf 87' lang='lat' dir='ltr'><strong>oh</strong></span> <span class='ocrx_word' id='word_1_246' title='bbox 767 2608 820 2664; x_wconf 88' lang='lat' dir='ltr'><strong>id</strong></span> <span class='ocrx_word' id='word_1_247' title='bbox 848 2608 1207 2679; x_wconf 72' lang='lat' dir='ltr'><strong>prmtulimus,</strong></span> <span class='ocrx_word' id='word_1_248' title='bbox 1256 2621 1313 2665; x_wconf 86' lang='lat' dir='ltr'><strong>ut</strong></span> <span class='ocrx_word' id='word_1_249' title='bbox 1342 2610 1459 2665; x_wconf 81' lang='lat' dir='ltr'><strong>haec</strong></span> <span class='ocrx_word' id='word_1_250' title='bbox 1482 2618 1536 2665; x_wconf 86' lang='lat' dir='ltr'><strong>et</strong></span> <span class='ocrx_word' id='word_1_251' title='bbox 1563 2606 1687 2673; x_wconf 81' lang='lat' dir='ltr'><strong>alia,</strong></span> <span class='ocrx_word' id='word_1_252' title='bbox 1720 2624 1841 2681; x_wconf 74' lang='lat' dir='ltr'><strong>qua:</strong></span> 
     </span>
    </p>
   </div>
   <div class='ocr_carea' id='block_1_40' title="bbox 232 2701 1843 2776">
    <p class='ocr_par' dir='ltr' id='par_1_40' title="bbox 232 2701 1843 2776">
     <span class='ocr_line' id='line_1_40' title="bbox 232 2701 1843 2776; baseline 0.002 -20"><span class='ocrx_word' id='word_1_253' title='bbox 232 2703 541 2757; x_wconf 72' lang='lat' dir='ltr'><strong>necessnria</strong></span> <span class='ocrx_word' id='word_1_254' title='bbox 580 2701 699 2759; x_wconf 83' lang='lat' dir='ltr'><strong>fore</strong></span> <span class='ocrx_word' id='word_1_255' title='bbox 745 2706 1193 2776; x_wconf 79' lang='lat' dir='ltr'><strong>cognoverimus,</strong></span> <span class='ocrx_word' id='word_1_256' title='bbox 1247 2713 1353 2760; x_wconf 71' lang='lat' dir='ltr'><strong>tute</strong></span> <span class='ocrx_word' id='word_1_257' title='bbox 1394 2702 1670 2759; x_wconf 81' lang='lat' dir='ltr'><strong>sanctitati</strong></span> <span class='ocrx_word' id='word_1_258' title='bbox 1708 2704 1843 2759; x_wconf 85' lang='lat' dir='ltr'><strong>veli-</strong></span> 
     </span>
    </p>
   </div>
   <div class='ocr_carea' id='block_1_41' title="bbox 230 2794 1842 2869">
    <p class='ocr_par' dir='ltr' id='par_1_41' title="bbox 230 2794 1842 2869">
     <span class='ocr_line' id='line_1_41' title="bbox 230 2794 1842 2869; baseline 0.004 -22"><span class='ocrx_word' id='word_1_259' title='bbox 230 2809 354 2849; x_wconf 88' lang='lat' dir='ltr'><strong>mus</strong></span> <span class='ocrx_word' id='word_1_260' title='bbox 378 2794 647 2866; x_wconf 73' lang='lat' dir='ltr'><strong>denegare</strong></span> <span class='ocrx_word' id='word_1_261' title='bbox 674 2817 686 2852; x_wconf 94' lang='lat'>:</span> <span class='ocrx_word' id='word_1_262' title='bbox 720 2797 816 2854; x_wconf 91' lang='lat' dir='ltr'><strong>sed</strong></span> <span class='ocrx_word' id='word_1_263' title='bbox 844 2798 989 2869; x_wconf 88' lang='lat' dir='ltr'><strong>quod</strong></span> <span class='ocrx_word' id='word_1_264' title='bbox 1022 2798 1109 2855; x_wconf 86' lang='lat' dir='ltr'><strong>hic</strong></span> <span class='ocrx_word' id='word_1_265' title='bbox 1133 2798 1313 2855; x_wconf 88' lang='lat' dir='ltr'><strong>minus</strong></span> <span class='ocrx_word' id='word_1_266' title='bbox 1340 2798 1642 2865; x_wconf 84' lang='lat' dir='ltr'><strong>invenitur,</strong></span> <span class='ocrx_word' id='word_1_267' title='bbox 1679 2798 1842 2854; x_wconf 88' lang='lat' dir='ltr'><strong>latius</strong></span> 
     </span>
    </p>
   </div>
   <div class='ocr_carea' id='block_1_42' title="bbox 230 2891 596 2961">
    <p class='ocr_par' dir='ltr' id='par_1_42' title="bbox 230 2891 596 2961">
     <span class='ocr_line' id='line_1_42' title="bbox 230 2891 596 2961; baseline 0.011 -17"><span class='ocrx_word' id='word_1_268' title='bbox 230 2891 596 2961; x_wconf 83' lang='lat' dir='ltr'><strong>perquiratur.</strong></span> 
     </span>
    </p>
   </div>
   <div class='ocr_carea' id='block_1_43' title="bbox 304 2984 1840 3044">
    <p class='ocr_par' dir='ltr' id='par_1_43' title="bbox 304 2984 1840 3044">
     <span class='ocr_line' id='line_1_43' title="bbox 304 2984 1840 3044; baseline 0.002 -5"><span class='ocrx_word' id='word_1_269' title='bbox 304 2984 345 3039; x_wconf 82' lang='lat' dir='ltr'><strong>i.</strong></span> <span class='ocrx_word' id='word_1_270' title='bbox 398 2985 806 3043; x_wconf 80' lang='lat' dir='ltr'><strong>Sacramentum</strong></span> <span class='ocrx_word' id='word_1_271' title='bbox 865 2992 1045 3044; x_wconf 82' lang='lat' dir='ltr'><strong>autem</strong></span> <span class='ocrx_word' id='word_1_272' title='bbox 1076 2986 1339 3044; x_wconf 72' lang='lat' dir='ltr'><strong>hactenus</strong></span> <span class='ocrx_word' id='word_1_273' title='bbox 1392 2994 1422 3043; x_wconf 66' lang='grc' dir='ltr'><strong>ιι</strong></span> <span class='ocrx_word' id='word_1_274' title='bbox 1476 2989 1705 3042; x_wconf 88' lang='lat' dir='ltr'><strong>summis</strong></span> <span class='ocrx_word' id='word_1_275' title='bbox 1754 2998 1840 3042; x_wconf 87' lang='lat' dir='ltr'><strong>sa-</strong></span> 
     </span>
    </p>
   </div>
   <div class='ocr_carea' id='block_1_44' title="bbox 229 3079 1842 3154">
    <p class='ocr_par' dir='ltr' id='par_1_44' title="bbox 229 3079 1842 3154">
     <span class='ocr_line' id='line_1_44' title="bbox 229 3079 1842 3154; baseline -0.002 -15"><span class='ocrx_word' id='word_1_276' title='bbox 229 3080 540 3139; x_wconf 79' lang='lat' dir='ltr'><strong>cerdotibus</strong></span> <span class='ocrx_word' id='word_1_277' title='bbox 594 3083 677 3138; x_wconf 84' lang='lat' dir='ltr'><strong>vel</strong></span> <span class='ocrx_word' id='word_1_278' title='bbox 733 3082 831 3138; x_wconf 84' lang='lat' dir='ltr'><strong>Dei</strong></span> <span class='ocrx_word' id='word_1_279' title='bbox 865 3079 895 3119; x_wconf 69' lang='grc'><strong><em>⁸</em></strong></span> <span class='ocrx_word' id='word_1_280' title='bbox 934 3082 1198 3138; x_wconf 80' lang='lat' dir='ltr'><strong>ministris</strong></span> <span class='ocrx_word' id='word_1_281' title='bbox 1236 3079 1402 3154; x_wconf 73' lang='lat' dir='ltr'><strong>exigi,</strong></span> <span class='ocrx_word' id='word_1_282' title='bbox 1436 3080 1539 3136; x_wconf 83' lang='lat' dir='ltr'><strong>nisi</strong></span> <span class='ocrx_word' id='word_1_283' title='bbox 1586 3088 1684 3149; x_wconf 87' lang='lat' dir='ltr'><strong>pro</strong></span> <span class='ocrx_word' id='word_1_284' title='bbox 1733 3080 1842 3136; x_wconf 81' lang='lat' dir='ltr'><strong>fide</strong></span> 
     </span>
    </p>
   </div>
   <div class='ocr_carea' id='block_1_45' title="bbox 229 3173 1841 3248">
    <p class='ocr_par' dir='ltr' id='par_1_45' title="bbox 229 3173 1841 3248">
     <span class='ocr_line' id='line_1_45' title="bbox 229 3173 1841 3248; baseline -0.006 -12"><span class='ocrx_word' id='word_1_285' title='bbox 229 3189 414 3247; x_wconf 88' lang='lat' dir='ltr'><strong>recta,</strong></span> <span class='ocrx_word' id='word_1_286' title='bbox 454 3178 679 3233; x_wconf 90' lang='lat' dir='ltr'><strong>minime</strong></span> <span class='ocrx_word' id='word_1_287' title='bbox 721 3176 1108 3248; x_wconf 82' lang='lat' dir='ltr'><strong>cognovimus,</strong></span> <span class='ocrx_word' id='word_1_288' title='bbox 1158 3191 1257 3232; x_wconf 91' lang='lat' dir='ltr'><strong>nec</strong></span> <span class='ocrx_word' id='word_1_289' title='bbox 1302 3184 1325 3212; x_wconf 74' lang='grc' dir='ltr'><strong>ο</strong></span> <span class='ocrx_word' id='word_1_290' title='bbox 1379 3182 1711 3246; x_wconf 83' lang='lat' dir='ltr'><strong>spontaneos</strong></span> <span class='ocrx_word' id='word_1_291' title='bbox 1754 3173 1841 3243; x_wconf 82' lang='lat' dir='ltr'><strong>ju-</strong></span> 
     </span>
    </p>
   </div>
   <div class='ocr_carea' id='block_1_46' title="bbox 1959 1962 3567 2035">
    <p class='ocr_par' dir='ltr' id='par_1_46' title="bbox 1959 1962 3567 2035">
     <span class='ocr_line' id='line_1_46' title="bbox 1959 1962 3567 2035; baseline 0.002 -19"><span class='ocrx_word' id='word_1_292' title='bbox 1959 1976 2215 2032; x_wconf 88' lang='lat' dir='ltr'><strong>umquam</strong></span> <span class='ocrx_word' id='word_1_293' title='bbox 2244 1962 2360 2017; x_wconf 89' lang='lat' dir='ltr'><strong>lieri</strong></span> <span class='ocrx_word' id='word_1_294' title='bbox 2385 1962 2545 2018; x_wconf 85' lang='lat' dir='ltr'><strong>debet</strong></span> <span class='ocrx_word' id='word_1_295' title='bbox 2575 1982 2588 2016; x_wconf 83' lang='lat'><strong>:</strong></span> <span class='ocrx_word' id='word_1_296' title='bbox 2621 1963 2905 2035; x_wconf 85' lang='lat' dir='ltr'><strong>quoniam,</strong></span> <span class='ocrx_word' id='word_1_297' title='bbox 2938 1974 2994 2018; x_wconf 91' lang='lat' dir='ltr'><strong>ut</strong></span> <span class='ocrx_word' id='word_1_298' title='bbox 3021 1979 3183 2034; x_wconf 87' lang='lat' dir='ltr'><strong>supra</strong></span> <span class='ocrx_word' id='word_1_299' title='bbox 3214 1973 3567 2020; x_wconf 85' lang='lat' dir='ltr'><strong>memoratum</strong></span> 
     </span>
    </p>
   </div>
   <div class='ocr_carea' id='block_1_47' title="bbox 1949 2056 3571 2130">
    <p class='ocr_par' dir='ltr' id='par_1_47' title="bbox 1949 2056 3571 2130">
     <span class='ocr_line' id='line_1_47' title="bbox 1949 2056 3571 2130; baseline 0.002 -21"><span class='ocrx_word' id='word_1_300' title='bbox 1949 2062 2054 2121; x_wconf 90' lang='lat' dir='ltr'><strong>est,</strong></span> <span class='ocrx_word' id='word_1_301' title='bbox 2109 2065 2440 2127; x_wconf 60' lang='lat' dir='ltr'><strong>praeceptum</strong></span> <span class='ocrx_word' id='word_1_302' title='bbox 2490 2066 2574 2112; x_wconf 90' lang='lat' dir='ltr'><strong>est</strong></span> <span class='ocrx_word' id='word_1_303' title='bbox 2600 2073 2629 2112; x_wconf 89' lang='lat' dir='ltr'><strong>a</strong></span> <span class='ocrx_word' id='word_1_304' title='bbox 2655 2057 2886 2113; x_wconf 90' lang='lat' dir='ltr'><strong>Domino</strong></span> <span class='ocrx_word' id='word_1_305' title='bbox 2913 2074 3016 2112; x_wconf 85' lang='lat' dir='ltr'><strong>non</strong></span> <span class='ocrx_word' id='word_1_306' title='bbox 3037 2056 3356 2128; x_wconf 86' lang='lat' dir='ltr'><strong>jurandum,</strong></span> <span class='ocrx_word' id='word_1_307' title='bbox 3408 2075 3571 2130; x_wconf 81' lang='lat' dir='ltr'><strong>neque</strong></span> 
     </span>
    </p>
   </div>
   <div class='ocr_carea' id='block_1_48' title="bbox 1954 2148 3563 2223">
    <p class='ocr_par' dir='ltr' id='par_1_48' title="bbox 1954 2148 3563 2223">
     <span class='ocr_line' id='line_1_48' title="bbox 1954 2148 3563 2223; baseline 0.001 -20"><span class='ocrx_word' id='word_1_308' title='bbox 1954 2164 2045 2218; x_wconf 88' lang='lat' dir='ltr'><strong>per</strong></span> <span class='ocrx_word' id='word_1_309' title='bbox 2072 2148 2256 2203; x_wconf 72' lang='lat' dir='ltr'><strong>caelum</strong></span> <span class='ocrx_word' id='word_1_310' title='bbox 2276 2192 2289 2211; x_wconf 88' lang='lat'><strong>,</strong></span> <span class='ocrx_word' id='word_1_311' title='bbox 2336 2149 2458 2220; x_wconf 82' lang='lat' dir='ltr'><strong>quia</strong></span> <span class='ocrx_word' id='word_1_312' title='bbox 2508 2148 2724 2205; x_wconf 78' lang='lat' dir='ltr'><strong>thronus</strong></span> <span class='ocrx_word' id='word_1_313' title='bbox 2751 2149 2850 2205; x_wconf 91' lang='lat' dir='ltr'><strong>Dei</strong></span> <span class='ocrx_word' id='word_1_314' title='bbox 2873 2160 2949 2205; x_wconf 89' lang='lat' dir='ltr'><strong>est</strong></span> <span class='ocrx_word' id='word_1_315' title='bbox 2977 2167 2995 2204; x_wconf 89' lang='lat'><strong><em>:</em></strong></span> <span class='ocrx_word' id='word_1_316' title='bbox 3028 2167 3190 2222; x_wconf 88' lang='lat' dir='ltr'><strong>neque</strong></span> <span class='ocrx_word' id='word_1_317' title='bbox 3217 2168 3308 2223; x_wconf 87' lang='lat' dir='ltr'><strong>per</strong></span> <span class='ocrx_word' id='word_1_318' title='bbox 3332 2161 3525 2206; x_wconf 85' lang='lat' dir='ltr'><strong>terram</strong></span> <span class='ocrx_word' id='word_1_319' title='bbox 3547 2190 3563 2218; x_wconf 91' lang='lat'><strong>,</strong></span> 
     </span>
    </p>
   </div>
   <div class='ocr_carea' id='block_1_49' title="bbox 1948 2240 3567 2314">
    <p class='ocr_par' dir='ltr' id='par_1_49' title="bbox 1948 2240 3567 2314">
     <span class='ocr_line' id='line_1_49' title="bbox 1948 2240 3567 2314; baseline 0.001 -21"><span class='ocrx_word' id='word_1_320' title='bbox 1948 2241 2071 2310; x_wconf 84' lang='lat' dir='ltr'><strong>quia</strong></span> <span class='ocrx_word' id='word_1_321' title='bbox 2094 2240 2372 2295; x_wconf 85' lang='lat' dir='ltr'><strong>scabellum</strong></span> <span class='ocrx_word' id='word_1_322' title='bbox 2400 2251 2473 2296; x_wconf 88' lang='lat' dir='ltr'><strong>est</strong></span> <span class='ocrx_word' id='word_1_323' title='bbox 2502 2241 2689 2312; x_wconf 85' lang='lat' dir='ltr'><strong>pedum</strong></span> <span class='ocrx_word' id='word_1_324' title='bbox 2715 2244 2825 2313; x_wconf 85' lang='lat' dir='ltr'><strong>ejus</strong></span> <span class='ocrx_word' id='word_1_325' title='bbox 2854 2259 2873 2296; x_wconf 90' lang='lat'><strong><em>:</em></strong></span> <span class='ocrx_word' id='word_1_326' title='bbox 2902 2259 3062 2314; x_wconf 85' lang='lat' dir='ltr'><strong>neque</strong></span> <span class='ocrx_word' id='word_1_327' title='bbox 3088 2260 3178 2313; x_wconf 88' lang='lat' dir='ltr'><strong>per</strong></span> <span class='ocrx_word' id='word_1_328' title='bbox 3207 2251 3362 2313; x_wconf 83' lang='lat' dir='ltr'><strong>caput</strong></span> <span class='ocrx_word' id='word_1_329' title='bbox 3383 2259 3532 2296; x_wconf 89' lang='lat' dir='ltr'><strong>suunt</strong></span> <span class='ocrx_word' id='word_1_330' title='bbox 3551 2283 3567 2308; x_wconf 90' lang='lat'><strong>,</strong></span> 
     </span>
    </p>
   </div>
   <div class='ocr_carea' id='block_1_50' title="bbox 1943 2336 3560 2410">
    <p class='ocr_par' dir='ltr' id='par_1_50' title="bbox 1943 2336 3560 2410">
     <span class='ocr_line' id='line_1_50' title="bbox 1943 2336 3560 2410; baseline 0.001 -21"><span class='ocrx_word' id='word_1_331' title='bbox 1943 2337 2065 2406; x_wconf 84' lang='lat' dir='ltr'><strong>quia</strong></span> <span class='ocrx_word' id='word_1_332' title='bbox 2093 2336 2268 2391; x_wconf 78' lang='lat' dir='ltr'><strong>nullus</strong></span> <span class='ocrx_word' id='word_1_333' title='bbox 2300 2347 2464 2408; x_wconf 83' lang='lat' dir='ltr'><strong>potest</strong></span> <span class='ocrx_word' id='word_1_334' title='bbox 2508 2354 2664 2405; x_wconf 80' lang='lat' dir='ltr'><strong>unum</strong></span> <span class='ocrx_word' id='word_1_335' title='bbox 2705 2337 2958 2409; x_wconf 80' lang='lat' dir='ltr'><strong>capillum</strong></span> <span class='ocrx_word' id='word_1_336' title='bbox 3005 2352 3180 2392; x_wconf 87' lang='lat' dir='ltr'><strong>creare</strong></span> <span class='ocrx_word' id='word_1_337' title='bbox 3232 2337 3253 2410; x_wconf 89' lang='lat'><strong>(</strong></span> <span class='ocrx_word' id='word_1_338' title='bbox 3283 2336 3474 2392; x_wconf 80' lang='lat' dir='ltr'><strong>Matth.</strong></span> <span class='ocrx_word' id='word_1_339' title='bbox 3506 2354 3560 2404; x_wconf 82' lang='lat' dir='ltr'><strong>v;</strong></span> 
     </span>
    </p>
   </div>
   <div class='ocr_carea' id='block_1_51' title="bbox 1951 2428 3565 2503">
    <p class='ocr_par' dir='ltr' id='par_1_51' title="bbox 1951 2428 3565 2503">
     <span class='ocr_line' id='line_1_51' title="bbox 1951 2428 3565 2503; baseline 0.003 -20"><span class='ocrx_word' id='word_1_340' title='bbox 1951 2428 2138 2485; x_wconf 82' lang='lat' dir='ltr'><strong>Jacob.</strong></span> <span class='ocrx_word' id='word_1_341' title='bbox 2174 2430 2258 2502; x_wconf 86' lang='lat' dir='ltr'><strong>v).</strong></span> <span class='ocrx_word' id='word_1_342' title='bbox 2291 2429 2677 2503; x_wconf 85' lang='lat' dir='ltr'><strong>Unusquisque</strong></span> <span class='ocrx_word' id='word_1_343' title='bbox 2707 2432 2851 2487; x_wconf 88' lang='lat' dir='ltr'><strong>enitn</strong></span> <span class='ocrx_word' id='word_1_344' title='bbox 2881 2431 3022 2488; x_wconf 85' lang='lat' dir='ltr'><strong>sicut</strong></span> <span class='ocrx_word' id='word_1_345' title='bbox 3050 2443 3175 2489; x_wconf 87' lang='lat' dir='ltr'><strong>ante</strong></span> <span class='ocrx_word' id='word_1_346' title='bbox 3204 2432 3371 2488; x_wconf 87' lang='lat' dir='ltr'><strong>altare</strong></span> <span class='ocrx_word' id='word_1_347' title='bbox 3393 2444 3565 2499; x_wconf 81' lang='lat' dir='ltr'><strong>stans,</strong></span> 
     </span>
    </p>
   </div>
   <div class='ocr_carea' id='block_1_52' title="bbox 1948 2522 3560 2596">
    <p class='ocr_par' dir='ltr' id='par_1_52' title="bbox 1948 2522 3560 2596">
     <span class='ocr_line' id='line_1_52' title="bbox 1948 2522 3560 2596; baseline 0.002 -19"><span class='ocrx_word' id='word_1_348' title='bbox 1948 2522 2045 2579; x_wconf 89' lang='lat' dir='ltr'><strong>Dei</strong></span> <span class='ocrx_word' id='word_1_349' title='bbox 2076 2523 2327 2579; x_wconf 88' lang='lat' dir='ltr'><strong>timorem</strong></span> <span class='ocrx_word' id='word_1_350' title='bbox 2374 2523 2535 2581; x_wconf 85' lang='lat' dir='ltr'><strong>habet</strong></span> <span class='ocrx_word' id='word_1_351' title='bbox 2571 2542 2678 2595; x_wconf 78' lang='lat' dir='ltr'><strong>prae</strong></span> <span class='ocrx_word' id='word_1_352' title='bbox 2732 2525 2943 2593; x_wconf 87' lang='lat' dir='ltr'><strong>oculis,</strong></span> <span class='ocrx_word' id='word_1_353' title='bbox 2991 2534 3046 2580; x_wconf 91' lang='lat' dir='ltr'><strong>et</strong></span> <span class='ocrx_word' id='word_1_354' title='bbox 3099 2526 3369 2596; x_wconf 84' lang='lat' dir='ltr'><strong>propriam</strong></span> <span class='ocrx_word' id='word_1_355' title='bbox 3427 2543 3560 2583; x_wconf 80' lang='lat' dir='ltr'><strong>con-</strong></span> 
     </span>
    </p>
   </div>
   <div class='ocr_carea' id='block_1_53' title="bbox 1947 2618 3562 2701">
    <p class='ocr_par' dir='ltr' id='par_1_53' title="bbox 1947 2618 3562 2701">
     <span class='ocr_line' id='line_1_53' title="bbox 1947 2618 3562 2701; baseline 0.002 -28"><span class='ocrx_word' id='word_1_356' title='bbox 1947 2618 2503 2674; x_wconf 87' lang='lat' dir='ltr'><strong>scientiammundam</strong></span> <span class='ocrx_word' id='word_1_357' title='bbox 2533 2627 2713 2675; x_wconf 82' lang='lat' dir='ltr'><strong>servat</strong></span> <span class='ocrx_word' id='word_1_358' title='bbox 2745 2619 2855 2675; x_wconf 89' lang='lat' dir='ltr'><strong>Deo</strong></span> <span class='ocrx_word' id='word_1_359' title='bbox 2876 2661 2890 2687; x_wconf 94' lang='lat'><strong>,</strong></span> <span class='ocrx_word' id='word_1_360' title='bbox 2927 2618 3069 2690; x_wconf 91' lang='lat' dir='ltr'><strong>quod</strong></span> <span class='ocrx_word' id='word_1_361' title='bbox 3102 2618 3154 2674; x_wconf 91' lang='lat' dir='ltr'><strong>in</strong></span> <span class='ocrx_word' id='word_1_362' title='bbox 3186 2621 3447 2701; x_wconf 72' lang='lat' dir='ltr'><strong>memoria</strong></span> <span class='ocrx_word' id='word_1_363' title='bbox 3476 2637 3562 2676; x_wconf 89' lang='lat' dir='ltr'><strong>re-</strong></span> 
     </span>
    </p>
   </div>
   <div class='ocr_carea' id='block_1_54' title="bbox 1949 2711 3556 2783">
    <p class='ocr_par' dir='ltr' id='par_1_54' title="bbox 1949 2711 3556 2783">
     <span class='ocr_line' id='line_1_54' title="bbox 1949 2711 3556 2783; baseline 0.002 -18"><span class='ocrx_word' id='word_1_364' title='bbox 1949 2712 2116 2779; x_wconf 87' lang='lat' dir='ltr'><strong>tinet,</strong></span> <span class='ocrx_word' id='word_1_365' title='bbox 2174 2712 2483 2767; x_wconf 75' lang='lat' dir='ltr'><strong>nullatenus</strong></span> <span class='ocrx_word' id='word_1_366' title='bbox 2518 2711 2681 2767; x_wconf 81' lang='lat' dir='ltr'><strong>habet</strong></span> <span class='ocrx_word' id='word_1_367' title='bbox 2728 2712 3127 2780; x_wconf 84' lang='lat' dir='ltr'><strong>intermittere,</strong></span> <span class='ocrx_word' id='word_1_368' title='bbox 3176 2713 3464 2783; x_wconf 87' lang='lat' dir='ltr'><strong>quoniam,</strong></span> <span class='ocrx_word' id='word_1_369' title='bbox 3500 2731 3556 2769; x_wconf 88' lang='lat' dir='ltr'><strong>os</strong></span> 
     </span>
    </p>
   </div>
   <div class='ocr_carea' id='block_1_55' title="bbox 1951 2803 3557 2878">
    <p class='ocr_par' dir='ltr' id='par_1_55' title="bbox 1951 2803 3557 2878">
     <span class='ocr_line' id='line_1_55' title="bbox 1951 2803 3557 2878; baseline 0.001 -19"><span class='ocrx_word' id='word_1_370' title='bbox 1951 2804 2089 2876; x_wconf 90' lang='lat' dir='ltr'><strong>quod</strong></span> <span class='ocrx_word' id='word_1_371' title='bbox 2120 2805 2382 2872; x_wconf 86' lang='lat' dir='ltr'><strong>mentitur,</strong></span> <span class='ocrx_word' id='word_1_372' title='bbox 2432 2806 2617 2860; x_wconf 85' lang='lat' dir='ltr'><strong>occidit</strong></span> <span class='ocrx_word' id='word_1_373' title='bbox 2657 2806 2887 2858; x_wconf 86' lang='lat' dir='ltr'><strong>animant</strong></span> <span class='ocrx_word' id='word_1_374' title='bbox 2934 2803 3090 2878; x_wconf 85' lang='lat' dir='ltr'><strong>(Sap.</strong></span> <span class='ocrx_word' id='word_1_375' title='bbox 3121 2806 3182 2877; x_wconf 92' lang='grc' dir='ltr'><strong>ι).</strong></span> <span class='ocrx_word' id='word_1_376' title='bbox 3229 2804 3295 2860; x_wconf 84' lang='grc' dir='ltr'>Ει</span> <span class='ocrx_word' id='word_1_377' title='bbox 3326 2808 3557 2876; x_wconf 81' lang='lat' dir='ltr'><strong>Aposto-</strong></span> 
     </span>
    </p>
   </div>
   <div class='ocr_carea' id='block_1_56' title="bbox 1946 2898 3557 2970">
    <p class='ocr_par' dir='ltr' id='par_1_56' title="bbox 1946 2898 3557 2970">
     <span class='ocr_line' id='line_1_56' title="bbox 1946 2898 3557 2970; baseline -0.001 -16"><span class='ocrx_word' id='word_1_378' title='bbox 1946 2900 2032 2954; x_wconf 89' lang='lat' dir='ltr'><strong>lus</strong></span> <span class='ocrx_word' id='word_1_379' title='bbox 2058 2900 2166 2954; x_wconf 84' lang='lat' dir='ltr'><strong>ait:</strong></span> <span class='ocrx_word' id='word_1_380' title='bbox 2194 2898 2490 2970; x_wconf 82' lang='lat' dir='ltr'><strong>Loquimini</strong></span> <span class='ocrx_word' id='word_1_381' title='bbox 2518 2900 2777 2954; x_wconf 84' lang='lat' dir='ltr'><strong>ueritatem</strong></span> <span class='ocrx_word' id='word_1_382' title='bbox 2808 2898 3157 2967; x_wconf 82' lang='lat' dir='ltr'><strong>unusquisque</strong></span> <span class='ocrx_word' id='word_1_383' title='bbox 3175 2915 3291 2952; x_wconf 89' lang='lat' dir='ltr'><strong>cum</strong></span> <span class='ocrx_word' id='word_1_384' title='bbox 3320 2900 3557 2970; x_wconf 78' lang='lat' dir='ltr'><strong>proximo</strong></span> 
     </span>
    </p>
   </div>
   <div class='ocr_carea' id='block_1_57' title="bbox 1950 2988 3560 3065">
    <p class='ocr_par' dir='ltr' id='par_1_57' title="bbox 1950 2988 3560 3065">
     <span class='ocr_line' id='line_1_57' title="bbox 1950 2988 3560 3065; baseline -0.001 -18"><span class='ocrx_word' id='word_1_385' title='bbox 1950 3006 2077 3059; x_wconf 89' lang='lat' dir='ltr'><strong>suo,</strong></span> <span class='ocrx_word' id='word_1_386' title='bbox 2126 2992 2369 3063; x_wconf 84' lang='lat' dir='ltr'><strong>quoniam</strong></span> <span class='ocrx_word' id='word_1_387' title='bbox 2418 3008 2596 3047; x_wconf 90' lang='lat' dir='ltr'><strong>sumus</strong></span> <span class='ocrx_word' id='word_1_388' title='bbox 2646 2991 2860 3046; x_wconf 83' lang='lat' dir='ltr'><strong>invicem</strong></span> <span class='ocrx_word' id='word_1_389' title='bbox 2909 2991 3136 3046; x_wconf 87' lang='lat' dir='ltr'><strong>membra</strong></span> <span class='ocrx_word' id='word_1_390' title='bbox 3185 2988 3405 3065; x_wconf 84' lang='lat' dir='ltr'><strong>(Ep/tes.</strong></span> <span class='ocrx_word' id='word_1_391' title='bbox 3462 2989 3560 3065; x_wconf 82' lang='grc' dir='ltr'><strong>ιν).</strong></span> 
     </span>
    </p>
   </div>
   <div class='ocr_carea' id='block_1_58' title="bbox 1950 3080 3271 3156">
    <p class='ocr_par' dir='ltr' id='par_1_58' title="bbox 1950 3080 3271 3156">
     <span class='ocr_line' id='line_1_58' title="bbox 1950 3080 3271 3156; baseline -0.002 -17"><span class='ocrx_word' id='word_1_392' title='bbox 1950 3083 2020 3139; x_wconf 86' lang='grc' dir='ltr'>Ει</span> <span class='ocrx_word' id='word_1_393' title='bbox 2047 3083 2174 3139; x_wconf 85' lang='lat' dir='ltr'><strong>alibi</strong></span> <span class='ocrx_word' id='word_1_394' title='bbox 2207 3099 2219 3136; x_wconf 89' lang='lat'>:</span> <span class='ocrx_word' id='word_1_395' title='bbox 2254 3080 2434 3138; x_wconf 84' lang='lat' dir='ltr'><strong>Nolite</strong></span> <span class='ocrx_word' id='word_1_396' title='bbox 2459 3083 2659 3138; x_wconf 82' lang='lat' dir='ltr'><strong>mentiri</strong></span> <span class='ocrx_word' id='word_1_397' title='bbox 2680 3082 3136 3156; x_wconf 84' lang='lat' dir='ltr'><strong>invicem(Coloss.</strong></span> <span class='ocrx_word' id='word_1_398' title='bbox 3168 3082 3271 3156; x_wconf 92' lang='grc' dir='ltr'>ιιι).</span> 
     </span>
    </p>
   </div>
   <div class='ocr_carea' id='block_1_59' title="bbox 2023 3174 3560 3250">
    <p class='ocr_par' dir='ltr' id='par_1_59' title="bbox 2023 3174 3560 3250">
     <span class='ocr_line' id='line_1_59' title="bbox 2023 3174 3560 3250; baseline 0.001 -16"><span class='ocrx_word' id='word_1_399' title='bbox 2023 3178 2292 3235; x_wconf 71' lang='lat' dir='ltr'><strong>lluccsunt</strong></span> <span class='ocrx_word' id='word_1_400' title='bbox 2333 3189 2605 3250; x_wconf 73' lang='lat' dir='ltr'><strong>prteCepIa</strong></span> <span class='ocrx_word' id='word_1_401' title='bbox 2643 3177 2963 3247; x_wconf 84' lang='lat' dir='ltr'><strong>Salvatoris,</strong></span> <span class='ocrx_word' id='word_1_402' title='bbox 2992 3174 3112 3235; x_wconf 62' lang='lat' dir='ltr'><strong>hinc</strong></span> <span class='ocrx_word' id='word_1_403' title='bbox 3137 3178 3560 3250; x_wconf 84' lang='lat' dir='ltr'><strong>Prophetarum,</strong></span> 
     </span>
    </p>
   </div>
   <div class='ocr_carea' id='block_1_60' title="bbox 228 3266 3563 3356">
    <p class='ocr_par' dir='ltr' id='par_1_60' title="bbox 228 3266 3563 3356">
     <span class='ocr_line' id='line_1_60' title="bbox 228 3266 3563 3356; baseline -0 -24"><span class='ocrx_word' id='word_1_404' title='bbox 228 3290 387 3332; x_wconf 86' lang='lat' dir='ltr'><strong>rasse</strong></span> <span class='ocrx_word' id='word_1_405' title='bbox 438 3274 758 3345; x_wconf 82' lang='lat' dir='ltr'><strong>reperimus.</strong></span> <span class='ocrx_word' id='word_1_406' title='bbox 810 3270 1166 3341; x_wconf 88' lang='lat' dir='ltr'><strong>Summopere</strong></span> <span class='ocrx_word' id='word_1_407' title='bbox 1215 3284 1347 3341; x_wconf 80' lang='lat' dir='ltr'><strong>ergo</strong></span> <span class='ocrx_word' id='word_1_408' title='bbox 1400 3275 1622 3325; x_wconf 84' lang='lat' dir='ltr'><strong>sanctus</strong></span> <span class='ocrx_word' id='word_1_409' title='bbox 1675 3266 1837 3322; x_wconf 80' lang='lat' dir='ltr'><strong>Jaco-</strong></span> <span class='ocrx_word' id='word_1_410' title='bbox 1868 3291 1915 3356; x_wconf 68' lang='grc' dir='ltr'><strong>ρ</strong></span> <span class='ocrx_word' id='word_1_411' title='bbox 1952 3274 2071 3330; x_wconf 78' lang='lat' dir='ltr'><strong>inec</strong></span> <span class='ocrx_word' id='word_1_412' title='bbox 2119 3283 2432 3330; x_wconf 83' lang='lat' dir='ltr'><strong>sanctorum</strong></span> <span class='ocrx_word' id='word_1_413' title='bbox 2480 3273 2700 3329; x_wconf 87' lang='lat' dir='ltr'><strong>Patrum</strong></span> <span class='ocrx_word' id='word_1_414' title='bbox 2741 3275 3005 3329; x_wconf 85' lang='lat' dir='ltr'><strong>instituta.</strong></span> <span class='ocrx_word' id='word_1_415' title='bbox 3060 3274 3194 3341; x_wconf 66' lang='lat' dir='ltr'><strong>Qum</strong></span> <span class='ocrx_word' id='word_1_416' title='bbox 3249 3276 3294 3330; x_wconf 90' lang='lat' dir='ltr'><strong>si</strong></span> <span class='ocrx_word' id='word_1_417' title='bbox 3348 3276 3469 3347; x_wconf 88' lang='lat' dir='ltr'><strong>quis</strong></span> <span class='ocrx_word' id='word_1_418' title='bbox 3508 3277 3563 3331; x_wconf 92' lang='lat' dir='ltr'><strong>in</strong></span> 
     </span>
    </p>
   </div>
   <div class='ocr_carea' id='block_1_61' title="bbox 229 3362 1843 3440">
    <p class='ocr_par' dir='ltr' id='par_1_61' title="bbox 229 3362 1843 3440">
     <span class='ocr_line' id='line_1_61' title="bbox 229 3362 1843 3440; baseline -0.005 -17"><span class='ocrx_word' id='word_1_419' title='bbox 229 3369 332 3426; x_wconf 86' lang='lat' dir='ltr'><strong>bus</strong></span> <span class='ocrx_word' id='word_1_420' title='bbox 377 3369 655 3440; x_wconf 87' lang='lat' dir='ltr'><strong>apostolus</strong></span> <span class='ocrx_word' id='word_1_421' title='bbox 719 3366 1015 3438; x_wconf 84' lang='lat' dir='ltr'><strong>prohibens</strong></span> <span class='ocrx_word' id='word_1_422' title='bbox 1079 3374 1516 3429; x_wconf 84' lang='lat' dir='ltr'><strong>sacramentum,</strong></span> <span class='ocrx_word' id='word_1_423' title='bbox 1567 3362 1843 3433; x_wconf 88' lang='lat' dir='ltr'><strong>loquitur,</strong></span> 
     </span>
    </p>
   </div>
   <div class='ocr_carea' id='block_1_62' title="bbox 228 3457 1843 3534">
    <p class='ocr_par' dir='ltr' id='par_1_62' title="bbox 228 3457 1843 3534">
     <span class='ocr_line' id='line_1_62' title="bbox 228 3457 1843 3534; baseline -0.006 -17"><span class='ocrx_word' id='word_1_424' title='bbox 228 3460 421 3519; x_wconf 87' lang='lat' dir='ltr'><strong>dicens</strong></span> <span class='ocrx_word' id='word_1_425' title='bbox 476 3483 490 3520; x_wconf 89' lang='lat'><strong>:</strong></span> <span class='ocrx_word' id='word_1_426' title='bbox 533 3464 664 3519; x_wconf 86' lang='lat' dir='ltr'><strong>Ante</strong></span> <span class='ocrx_word' id='word_1_427' title='bbox 714 3463 919 3529; x_wconf 86' lang='lat' dir='ltr'><strong>omnia,</strong></span> <span class='ocrx_word' id='word_1_428' title='bbox 988 3463 1173 3534; x_wconf 79' lang='lat' dir='ltr'><strong>fratres</strong></span> <span class='ocrx_word' id='word_1_429' title='bbox 1230 3459 1362 3525; x_wconf 88' lang='lat' dir='ltr'><strong>ntei,</strong></span> <span class='ocrx_word' id='word_1_430' title='bbox 1415 3457 1574 3513; x_wconf 86' lang='lat' dir='ltr'><strong>nolite</strong></span> <span class='ocrx_word' id='word_1_431' title='bbox 1622 3458 1843 3527; x_wconf 86' lang='lat' dir='ltr'><strong>jurare,</strong></span> 
     </span>
    </p>
   </div>
   <div class='ocr_carea' id='block_1_63' title="bbox 230 3548 1846 3627">
    <p class='ocr_par' dir='ltr' id='par_1_63' title="bbox 230 3548 1846 3627">
     <span class='ocr_line' id='line_1_63' title="bbox 230 3548 1846 3627; baseline -0.006 -16"><span class='ocrx_word' id='word_1_432' title='bbox 230 3571 395 3625; x_wconf 81' lang='lat' dir='ltr'><strong>neque</strong></span> <span class='ocrx_word' id='word_1_433' title='bbox 437 3574 527 3627; x_wconf 86' lang='lat' dir='ltr'><strong>per</strong></span> <span class='ocrx_word' id='word_1_434' title='bbox 576 3558 786 3624; x_wconf 76' lang='lat' dir='ltr'><strong>caelum,</strong></span> <span class='ocrx_word' id='word_1_435' title='bbox 842 3572 1001 3625; x_wconf 87' lang='lat' dir='ltr'><strong>neque</strong></span> <span class='ocrx_word' id='word_1_436' title='bbox 1051 3570 1143 3625; x_wconf 88' lang='lat' dir='ltr'><strong>per</strong></span> <span class='ocrx_word' id='word_1_437' title='bbox 1204 3562 1424 3620; x_wconf 86' lang='lat' dir='ltr'><strong>terram,</strong></span> <span class='ocrx_word' id='word_1_438' title='bbox 1482 3566 1644 3621; x_wconf 87' lang='lat' dir='ltr'><strong>neque</strong></span> <span class='ocrx_word' id='word_1_439' title='bbox 1698 3548 1846 3602; x_wconf 87' lang='lat' dir='ltr'><strong>aliud</strong></span> 
     </span>
    </p>
   </div>
   <div class='ocr_carea' id='block_1_64' title="bbox 226 3649 1843 3721">
    <p class='ocr_par' dir='ltr' id='par_1_64' title="bbox 226 3649 1843 3721">
     <span class='ocr_line' id='line_1_64' title="bbox 226 3649 1843 3721; baseline -0.004 -19"><span class='ocrx_word' id='word_1_440' title='bbox 226 3650 578 3720; x_wconf 84' lang='lat' dir='ltr'><strong>quodcumque</strong></span> <span class='ocrx_word' id='word_1_441' title='bbox 632 3652 1005 3721; x_wconf 86' lang='lat' dir='ltr'><strong>juramentum.</strong></span> <span class='ocrx_word' id='word_1_442' title='bbox 1060 3649 1142 3703; x_wconf 84' lang='lat' dir='ltr'><strong>Sit</strong></span> <span class='ocrx_word' id='word_1_443' title='bbox 1205 3656 1376 3701; x_wconf 88' lang='lat' dir='ltr'><strong>autem</strong></span> <span class='ocrx_word' id='word_1_444' title='bbox 1429 3660 1592 3699; x_wconf 84' lang='lat' dir='ltr'><strong>sermo</strong></span> <span class='ocrx_word' id='word_1_445' title='bbox 1637 3650 1800 3698; x_wconf 78' lang='lat' dir='ltr'><strong>uester</strong></span> <span class='ocrx_word' id='word_1_446' title='bbox 1828 3684 1843 3707; x_wconf 90' lang='lat'><strong>,</strong></span> 
     </span>
    </p>
   </div>
   <div class='ocr_carea' id='block_1_65' title="bbox 227 3736 1843 3811">
    <p class='ocr_par' dir='ltr' id='par_1_65' title="bbox 227 3736 1843 3811">
     <span class='ocr_line' id='line_1_65' title="bbox 227 3736 1843 3811; baseline -0.006 -13"><span class='ocrx_word' id='word_1_447' title='bbox 227 3751 343 3811; x_wconf 84' lang='lat' dir='ltr'><strong>est,</strong></span> <span class='ocrx_word' id='word_1_448' title='bbox 394 3753 491 3809; x_wconf 87' lang='lat' dir='ltr'><strong>est,</strong></span> <span class='ocrx_word' id='word_1_449' title='bbox 534 3742 680 3811; x_wconf 87' lang='lat' dir='ltr'><strong>Non,</strong></span> <span class='ocrx_word' id='word_1_450' title='bbox 733 3752 962 3799; x_wconf 79' lang='lat' dir='ltr'><strong>non:ut</strong></span> <span class='ocrx_word' id='word_1_451' title='bbox 1011 3758 1113 3797; x_wconf 85' lang='lat' dir='ltr'><strong>non</strong></span> <span class='ocrx_word' id='word_1_452' title='bbox 1171 3742 1266 3796; x_wconf 80' lang='lat' dir='ltr'><strong>sub</strong></span> <span class='ocrx_word' id='word_1_453' title='bbox 1306 3739 1566 3811; x_wconf 84' lang='lat' dir='ltr'><strong>judicium</strong></span> <span class='ocrx_word' id='word_1_454' title='bbox 1628 3736 1843 3792; x_wconf 71' lang='lat' dir='ltr'><strong>decida-</strong></span> 
     </span>
    </p>
   </div>
   <div class='ocr_carea' id='block_1_66' title="bbox 229 3830 1845 3907">
    <p class='ocr_par' dir='ltr' id='par_1_66' title="bbox 229 3830 1845 3907">
     <span class='ocr_line' id='line_1_66' title="bbox 229 3830 1845 3907; baseline -0.003 -17"><span class='ocrx_word' id='word_1_455' title='bbox 229 3836 295 3891; x_wconf 88' lang='lat' dir='ltr'><strong>tis</strong></span> <span class='ocrx_word' id='word_1_456' title='bbox 357 3835 585 3907; x_wconf 84' lang='lat' dir='ltr'><strong>(Jacob.</strong></span> <span class='ocrx_word' id='word_1_457' title='bbox 621 3837 712 3907; x_wconf 87' lang='lat' dir='ltr'><strong>v).</strong></span> <span class='ocrx_word' id='word_1_458' title='bbox 774 3838 843 3892; x_wconf 89' lang='lat' dir='ltr'><strong>Et</strong></span> <span class='ocrx_word' id='word_1_459' title='bbox 867 3837 1124 3891; x_wconf 81' lang='lat' dir='ltr'><strong>Dominus</strong></span> <span class='ocrx_word' id='word_1_460' title='bbox 1154 3835 1209 3888; x_wconf 85' lang='lat' dir='ltr'><strong>in</strong></span> <span class='ocrx_word' id='word_1_461' title='bbox 1244 3830 1579 3903; x_wconf 69' lang='lat' dir='ltr'><strong>Evangelio:</strong></span> <span class='ocrx_word' id='word_1_462' title='bbox 1611 3830 1845 3885; x_wconf 76' lang='lat' dir='ltr'><strong>Audistis</strong></span> 
     </span>
    </p>
   </div>
   <div class='ocr_carea' id='block_1_67' title="bbox 225 3926 1843 4002">
    <p class='ocr_par' dir='ltr' id='par_1_67' title="bbox 225 3926 1843 4002">
     <span class='ocr_line' id='line_1_67' title="bbox 225 3926 1843 4002; baseline -0.001 -17"><span class='ocrx_word' id='word_1_463' title='bbox 225 3930 349 4002; x_wconf 86' lang='lat' dir='ltr'><strong>quia</strong></span> <span class='ocrx_word' id='word_1_464' title='bbox 378 3931 571 3986; x_wconf 83' lang='lat' dir='ltr'><strong>dictant</strong></span> <span class='ocrx_word' id='word_1_465' title='bbox 609 3941 681 3987; x_wconf 87' lang='lat' dir='ltr'><strong>est</strong></span> <span class='ocrx_word' id='word_1_466' title='bbox 710 3932 935 4002; x_wconf 84' lang='lat' dir='ltr'><strong>antiquis</strong></span> <span class='ocrx_word' id='word_1_467' title='bbox 960 3947 977 3986; x_wconf 90' lang='lat'><strong><em>:</em></strong></span> <span class='ocrx_word' id='word_1_468' title='bbox 1007 3928 1126 3985; x_wconf 86' lang='lat' dir='ltr'><strong>Non</strong></span> <span class='ocrx_word' id='word_1_469' title='bbox 1154 3927 1437 4001; x_wconf 80' lang='lat' dir='ltr'><strong>pejerobis,</strong></span> <span class='ocrx_word' id='word_1_470' title='bbox 1457 3926 1641 3981; x_wconf 82' lang='lat' dir='ltr'><strong>reddes</strong></span> <span class='ocrx_word' id='word_1_471' title='bbox 1672 3937 1843 3983; x_wconf 85' lang='lat' dir='ltr'><strong>autent</strong></span> 
     </span>
    </p>
   </div>
   <div class='ocr_carea' id='block_1_68' title="bbox 226 4020 1840 4094">
    <p class='ocr_par' dir='ltr' id='par_1_68' title="bbox 226 4020 1840 4094">
     <span class='ocr_line' id='line_1_68' title="bbox 226 4020 1840 4094; baseline -0.003 -16"><span class='ocrx_word' id='word_1_472' title='bbox 226 4022 453 4079; x_wconf 86' lang='lat' dir='ltr'><strong>Domino</strong></span> <span class='ocrx_word' id='word_1_473' title='bbox 480 4027 772 4092; x_wconf 77' lang='lat' dir='ltr'><strong>iuramenta</strong></span> <span class='ocrx_word' id='word_1_474' title='bbox 813 4033 923 4078; x_wconf 84' lang='lat' dir='ltr'><strong>tua.</strong></span> <span class='ocrx_word' id='word_1_475' title='bbox 963 4022 1077 4094; x_wconf 79' lang='lat' dir='ltr'><strong>Ego</strong></span> <span class='ocrx_word' id='word_1_476' title='bbox 1109 4033 1279 4077; x_wconf 84' lang='lat' dir='ltr'><strong>autem</strong></span> <span class='ocrx_word' id='word_1_477' title='bbox 1310 4023 1427 4075; x_wconf 85' lang='lat' dir='ltr'><strong>dico</strong></span> <span class='ocrx_word' id='word_1_478' title='bbox 1451 4020 1591 4075; x_wconf 75' lang='lat' dir='ltr'><strong>vobis</strong></span> <span class='ocrx_word' id='word_1_479' title='bbox 1621 4036 1723 4074; x_wconf 86' lang='lat' dir='ltr'><strong>non</strong></span> <span class='ocrx_word' id='word_1_480' title='bbox 1741 4021 1840 4092; x_wconf 86' lang='lat' dir='ltr'><strong>ju-</strong></span> 
     </span>
    </p>
   </div>
   <div class='ocr_carea' id='block_1_69' title="bbox 224 4112 1843 4189">
    <p class='ocr_par' dir='ltr' id='par_1_69' title="bbox 224 4112 1843 4189">
     <span class='ocr_line' id='line_1_69' title="bbox 224 4112 1843 4189; baseline -0.003 -17"><span class='ocrx_word' id='word_1_481' title='bbox 224 4132 345 4173; x_wconf 86' lang='lat' dir='ltr'><strong>rare</strong></span> <span class='ocrx_word' id='word_1_482' title='bbox 372 4118 600 4182; x_wconf 88' lang='lat' dir='ltr'><strong>omnino,</strong></span> <span class='ocrx_word' id='word_1_483' title='bbox 638 4134 798 4189; x_wconf 87' lang='lat' dir='ltr'><strong>neque</strong></span> <span class='ocrx_word' id='word_1_484' title='bbox 826 4134 917 4187; x_wconf 82' lang='lat' dir='ltr'><strong>per</strong></span> <span class='ocrx_word' id='word_1_485' title='bbox 943 4118 1161 4182; x_wconf 58' lang='lat' dir='ltr'><strong>eam,</strong></span> <span class='ocrx_word' id='word_1_486' title='bbox 1184 4116 1309 4185; x_wconf 76' lang='lat' dir='ltr'><strong>quia</strong></span> <span class='ocrx_word' id='word_1_487' title='bbox 1334 4112 1550 4169; x_wconf 73' lang='lat' dir='ltr'><strong>tiu-onus</strong></span> <span class='ocrx_word' id='word_1_488' title='bbox 1580 4112 1679 4168; x_wconf 86' lang='lat' dir='ltr'><strong>Dei</strong></span> <span class='ocrx_word' id='word_1_489' title='bbox 1715 4123 1791 4168; x_wconf 74' lang='lat' dir='ltr'><strong>est</strong></span> <span class='ocrx_word' id='word_1_490' title='bbox 1818 4127 1843 4167; x_wconf 88' lang='lat'><strong>&#39;:</strong></span> 
     </span>
    </p>
   </div>
   <div class='ocr_carea' id='block_1_70' title="bbox 227 4206 1840 4282">
    <p class='ocr_par' dir='ltr' id='par_1_70' title="bbox 227 4206 1840 4282">
     <span class='ocr_line' id='line_1_70' title="bbox 227 4206 1840 4282; baseline -0.003 -17"><span class='ocrx_word' id='word_1_491' title='bbox 227 4226 390 4281; x_wconf 87' lang='lat' dir='ltr'><strong>neque</strong></span> <span class='ocrx_word' id='word_1_492' title='bbox 418 4228 507 4282; x_wconf 89' lang='lat' dir='ltr'><strong>per</strong></span> <span class='ocrx_word' id='word_1_493' title='bbox 551 4221 770 4277; x_wconf 86' lang='lat' dir='ltr'><strong>terram,</strong></span> <span class='ocrx_word' id='word_1_494' title='bbox 807 4210 930 4280; x_wconf 88' lang='lat' dir='ltr'><strong>quia</strong></span> <span class='ocrx_word' id='word_1_495' title='bbox 981 4207 1257 4263; x_wconf 85' lang='lat' dir='ltr'><strong>scubellum</strong></span> <span class='ocrx_word' id='word_1_496' title='bbox 1307 4216 1384 4262; x_wconf 88' lang='lat' dir='ltr'><strong>est</strong></span> <span class='ocrx_word' id='word_1_497' title='bbox 1434 4206 1625 4277; x_wconf 84' lang='lat' dir='ltr'><strong>pedum</strong></span> <span class='ocrx_word' id='word_1_498' title='bbox 1679 4207 1790 4276; x_wconf 87' lang='lat' dir='ltr'><strong>ejus</strong></span> <span class='ocrx_word' id='word_1_499' title='bbox 1821 4221 1840 4260; x_wconf 89' lang='lat'><strong><em>:</em></strong></span> 
     </span>
    </p>
   </div>
   <div class='ocr_carea' id='block_1_71' title="bbox 223 4302 1836 4379">
    <p class='ocr_par' dir='ltr' id='par_1_71' title="bbox 223 4302 1836 4379">
     <span class='ocr_line' id='line_1_71' title="bbox 223 4302 1836 4379; baseline -0.005 -17"><span class='ocrx_word' id='word_1_500' title='bbox 223 4323 388 4378; x_wconf 86' lang='lat' dir='ltr'><strong>neque</strong></span> <span class='ocrx_word' id='word_1_501' title='bbox 414 4323 505 4379; x_wconf 89' lang='lat' dir='ltr'><strong>per</strong></span> <span class='ocrx_word' id='word_1_502' title='bbox 530 4304 982 4377; x_wconf 86' lang='lat' dir='ltr'><strong>Hierosolymam,</strong></span> <span class='ocrx_word' id='word_1_503' title='bbox 1014 4305 1135 4374; x_wconf 86' lang='lat' dir='ltr'><strong>quia</strong></span> <span class='ocrx_word' id='word_1_504' title='bbox 1157 4304 1339 4358; x_wconf 87' lang='lat' dir='ltr'><strong>civitas</strong></span> <span class='ocrx_word' id='word_1_505' title='bbox 1358 4302 1533 4373; x_wconf 86' lang='lat' dir='ltr'><strong>magni</strong></span> <span class='ocrx_word' id='word_1_506' title='bbox 1560 4302 1693 4372; x_wconf 87' lang='lat' dir='ltr'><strong>regis</strong></span> <span class='ocrx_word' id='word_1_507' title='bbox 1721 4311 1795 4355; x_wconf 89' lang='lat' dir='ltr'><strong>est</strong></span> <span class='ocrx_word' id='word_1_508' title='bbox 1817 4317 1836 4354; x_wconf 90' lang='lat'><strong><em>:</em></strong></span> 
     </span>
    </p>
   </div>
   <div class='ocr_carea' id='block_1_72' title="bbox 219 4399 1838 4475">
    <p class='ocr_par' dir='ltr' id='par_1_72' title="bbox 219 4399 1838 4475">
     <span class='ocr_line' id='line_1_72' title="bbox 219 4399 1838 4475; baseline -0.007 -16"><span class='ocrx_word' id='word_1_509' title='bbox 219 4401 1171 4475; x_wconf 65' lang='lat' dir='ltr'><strong>nqupsrcaputmjumieris,</strong></span> <span class='ocrx_word' id='word_1_510' title='bbox 1196 4399 1323 4471; x_wconf 69' lang='lat' dir='ltr'><strong>quia</strong></span> <span class='ocrx_word' id='word_1_511' title='bbox 1346 4413 1451 4452; x_wconf 68' lang='lat' dir='ltr'><strong>non</strong></span> <span class='ocrx_word' id='word_1_512' title='bbox 1480 4406 1627 4469; x_wconf 75' lang='lat' dir='ltr'><strong>potos</strong></span> <span class='ocrx_word' id='word_1_513' title='bbox 1674 4410 1838 4449; x_wconf 71' lang='lat' dir='ltr'><strong>unum</strong></span> 
     </span>
    </p>
   </div>
   <div class='ocr_carea' id='block_1_73' title="bbox 223 4492 1838 4570">
    <p class='ocr_par' dir='ltr' id='par_1_73' title="bbox 223 4492 1838 4570">
     <span class='ocr_line' id='line_1_73' title="bbox 223 4492 1838 4570; baseline -0.007 -16"><span class='ocrx_word' id='word_1_514' title='bbox 223 4498 477 4570; x_wconf 86' lang='lat' dir='ltr'><strong>capillum</strong></span> <span class='ocrx_word' id='word_1_515' title='bbox 523 4497 697 4553; x_wconf 88' lang='lat' dir='ltr'><strong>albunt</strong></span> <span class='ocrx_word' id='word_1_516' title='bbox 743 4501 911 4570; x_wconf 79' lang='lat' dir='ltr'><strong>facere</strong></span> <span class='ocrx_word' id='word_1_517' title='bbox 955 4506 1045 4551; x_wconf 90' lang='lat' dir='ltr'><strong>aut</strong></span> <span class='ocrx_word' id='word_1_518' title='bbox 1087 4496 1311 4566; x_wconf 89' lang='lat' dir='ltr'><strong>nigrum.</strong></span> <span class='ocrx_word' id='word_1_519' title='bbox 1358 4492 1438 4548; x_wconf 90' lang='lat' dir='ltr'><strong>Sit</strong></span> <span class='ocrx_word' id='word_1_520' title='bbox 1469 4502 1640 4545; x_wconf 88' lang='lat' dir='ltr'><strong>autem</strong></span> <span class='ocrx_word' id='word_1_521' title='bbox 1669 4506 1838 4545; x_wconf 81' lang='lat' dir='ltr'><strong>sermo</strong></span> 
     </span>
    </p>
   </div>
   <div class='ocr_carea' id='block_1_74' title="bbox 224 4583 1833 4661">
    <p class='ocr_par' dir='ltr' id='par_1_74' title="bbox 224 4583 1833 4661">
     <span class='ocr_line' id='line_1_74' title="bbox 224 4583 1833 4661; baseline -0.008 -12"><span class='ocrx_word' id='word_1_522' title='bbox 224 4603 406 4649; x_wconf 79' lang='lat' dir='ltr'><strong>vester.</strong></span> <span class='ocrx_word' id='word_1_523' title='bbox 438 4590 565 4658; x_wconf 86' lang='lat' dir='ltr'><strong>Est,</strong></span> <span class='ocrx_word' id='word_1_524' title='bbox 616 4602 718 4657; x_wconf 90' lang='lat' dir='ltr'><strong>est,</strong></span> <span class='ocrx_word' id='word_1_525' title='bbox 748 4590 870 4645; x_wconf 87' lang='lat' dir='ltr'><strong>Non</strong></span> <span class='ocrx_word' id='word_1_526' title='bbox 891 4633 905 4657; x_wconf 94' lang='lat'><strong>,</strong></span> <span class='ocrx_word' id='word_1_527' title='bbox 940 4606 1042 4645; x_wconf 89' lang='lat' dir='ltr'><strong>non</strong></span> <span class='ocrx_word' id='word_1_528' title='bbox 1067 4588 1239 4661; x_wconf 88' lang='lat' dir='ltr'><strong>:quod</strong></span> <span class='ocrx_word' id='word_1_529' title='bbox 1261 4596 1430 4642; x_wconf 88' lang='lat' dir='ltr'><strong>autent</strong></span> <span class='ocrx_word' id='word_1_530' title='bbox 1458 4585 1537 4640; x_wconf 88' lang='lat' dir='ltr'><strong>his</strong></span> <span class='ocrx_word' id='word_1_531' title='bbox 1558 4583 1833 4639; x_wconf 86' lang='lat' dir='ltr'><strong>abundan-</strong></span> 
     </span>
    </p>
   </div>
   <div class='ocr_carea' id='block_1_75' title="bbox 222 4679 1836 4756">
    <p class='ocr_par' dir='ltr' id='par_1_75' title="bbox 222 4679 1836 4756">
     <span class='ocr_line' id='line_1_75' title="bbox 222 4679 1836 4756; baseline -0.003 -18"><span class='ocrx_word' id='word_1_532' title='bbox 222 4686 327 4740; x_wconf 83' lang='lat' dir='ltr'><strong>tius</strong></span> <span class='ocrx_word' id='word_1_533' title='bbox 357 4694 431 4740; x_wconf 86' lang='lat' dir='ltr'><strong>est</strong></span> <span class='ocrx_word' id='word_1_534' title='bbox 452 4726 467 4751; x_wconf 94' lang='lat'><strong>,</strong></span> <span class='ocrx_word' id='word_1_535' title='bbox 500 4684 689 4739; x_wconf 80' lang='lat' dir='ltr'><strong>amato</strong></span> <span class='ocrx_word' id='word_1_536' title='bbox 720 4695 825 4753; x_wconf 87' lang='lat' dir='ltr'><strong>est,</strong></span> <span class='ocrx_word' id='word_1_537' title='bbox 858 4683 1074 4756; x_wconf 73' lang='lat' dir='ltr'><strong>(Matth.</strong></span> <span class='ocrx_word' id='word_1_538' title='bbox 1109 4683 1189 4754; x_wconf 77' lang='grc' dir='ltr'><strong>γ).</strong></span> <span class='ocrx_word' id='word_1_539' title='bbox 1222 4681 1276 4738; x_wconf 88' lang='lat' dir='ltr'><strong>id</strong></span> <span class='ocrx_word' id='word_1_540' title='bbox 1317 4690 1429 4747; x_wconf 88' lang='lat' dir='ltr'><strong>est,</strong></span> <span class='ocrx_word' id='word_1_541' title='bbox 1479 4680 1548 4737; x_wconf 85' lang='lat' dir='ltr'><strong>ab</strong></span> <span class='ocrx_word' id='word_1_542' title='bbox 1583 4679 1836 4750; x_wconf 76' lang='lat' dir='ltr'><strong>exigente</strong></span> 
     </span>
    </p>
   </div>
   <div class='ocr_carea' id='block_1_76' title="bbox 1952 3367 3563 3440">
    <p class='ocr_par' dir='ltr' id='par_1_76' title="bbox 1952 3367 3563 3440">
     <span class='ocr_line' id='line_1_76' title="bbox 1952 3367 3563 3440; baseline 0.004 -19"><span class='ocrx_word' id='word_1_543' title='bbox 1952 3383 2150 3422; x_wconf 88' lang='lat' dir='ltr'><strong>vanum</strong></span> <span class='ocrx_word' id='word_1_544' title='bbox 2204 3367 2441 3437; x_wconf 76' lang='lat' dir='ltr'><strong>duxerit,</strong></span> <span class='ocrx_word' id='word_1_545' title='bbox 2490 3367 2662 3423; x_wconf 88' lang='lat' dir='ltr'><strong>hostis</strong></span> <span class='ocrx_word' id='word_1_546' title='bbox 2704 3377 2787 3423; x_wconf 86' lang='lat' dir='ltr'><strong>est</strong></span> <span class='ocrx_word' id='word_1_547' title='bbox 2807 3369 3002 3423; x_wconf 78' lang='lat' dir='ltr'><strong>anima:</strong></span> <span class='ocrx_word' id='word_1_548' title='bbox 3047 3383 3194 3424; x_wconf 61' lang='lat' dir='ltr'><strong>suae:</strong></span> <span class='ocrx_word' id='word_1_549' title='bbox 3225 3370 3350 3440; x_wconf 77' lang='lat' dir='ltr'><strong>quia</strong></span> <span class='ocrx_word' id='word_1_550' title='bbox 3403 3387 3563 3427; x_wconf 88' lang='lat' dir='ltr'><strong>nemo</strong></span> 
     </span>
    </p>
   </div>
   <div class='ocr_carea' id='block_1_77' title="bbox 1950 3462 3562 3535">
    <p class='ocr_par' dir='ltr' id='par_1_77' title="bbox 1950 3462 3562 3535">
     <span class='ocr_line' id='line_1_77' title="bbox 1950 3462 3562 3535; baseline 0.001 -17"><span class='ocrx_word' id='word_1_551' title='bbox 1950 3473 2141 3518; x_wconf 87' lang='lat' dir='ltr'><strong>contra</strong></span> <span class='ocrx_word' id='word_1_552' title='bbox 2174 3463 2496 3533; x_wconf 86' lang='lat' dir='ltr'><strong>Pr0phetas,</strong></span> <span class='ocrx_word' id='word_1_553' title='bbox 2529 3477 2690 3518; x_wconf 88' lang='lat' dir='ltr'><strong>nemo</strong></span> <span class='ocrx_word' id='word_1_554' title='bbox 2715 3470 2905 3518; x_wconf 85' lang='lat' dir='ltr'><strong>contra</strong></span> <span class='ocrx_word' id='word_1_555' title='bbox 2947 3462 3356 3535; x_wconf 78' lang='lat' dir='ltr'><strong>Apostolorum,</strong></span> <span class='ocrx_word' id='word_1_556' title='bbox 3400 3481 3562 3522; x_wconf 88' lang='lat' dir='ltr'><strong>nemo</strong></span> 
     </span>
    </p>
   </div>
   <div class='ocr_carea' id='block_1_78' title="bbox 1950 3558 3558 3631">
    <p class='ocr_par' dir='ltr' id='par_1_78' title="bbox 1950 3558 3558 3631">
     <span class='ocr_line' id='line_1_78' title="bbox 1950 3558 3558 3631; baseline 0.004 -19"><span class='ocrx_word' id='word_1_557' title='bbox 1950 3572 2141 3613; x_wconf 86' lang='lat' dir='ltr'><strong>contra</strong></span> <span class='ocrx_word' id='word_1_558' title='bbox 2214 3558 2568 3629; x_wconf 79' lang='lat' dir='ltr'><strong>Evangelium</strong></span> <span class='ocrx_word' id='word_1_559' title='bbox 2620 3558 2748 3613; x_wconf 83' lang='lat' dir='ltr'><strong>facit</strong></span> <span class='ocrx_word' id='word_1_560' title='bbox 2805 3558 3008 3629; x_wconf 87' lang='lat' dir='ltr'><strong>aliquid</strong></span> <span class='ocrx_word' id='word_1_561' title='bbox 3060 3559 3263 3631; x_wconf 89' lang='lat' dir='ltr'><strong>absque</strong></span> <span class='ocrx_word' id='word_1_562' title='bbox 3316 3562 3558 3631; x_wconf 90' lang='lat' dir='ltr'><strong>periculo</strong></span> 
     </span>
    </p>
   </div>
   <div class='ocr_carea' id='block_1_79' title="bbox 1954 3648 3562 3723">
    <p class='ocr_par' dir='ltr' id='par_1_79' title="bbox 1954 3648 3562 3723">
     <span class='ocr_line' id='line_1_79' title="bbox 1954 3648 3562 3723; baseline 0.002 -17"><span class='ocrx_word' id='word_1_563' title='bbox 1954 3648 1975 3722; x_wconf 91' lang='lat'><strong>(</strong></span> <span class='ocrx_word' id='word_1_564' title='bbox 2011 3649 2169 3706; x_wconf 76' lang='lat' dir='ltr'><strong>Cone.</strong></span> <span class='ocrx_word' id='word_1_565' title='bbox 2212 3649 2390 3705; x_wconf 88' lang='lat' dir='ltr'><strong>Cartlt.</strong></span> <span class='ocrx_word' id='word_1_566' title='bbox 2436 3667 2475 3705; x_wconf 86' lang='grc' dir='ltr'>ι.</span> <span class='ocrx_word' id='word_1_567' title='bbox 2521 3667 2635 3720; x_wconf 86' lang='lat' dir='ltr'><strong>cap.</strong></span> <span class='ocrx_word' id='word_1_568' title='bbox 2663 3651 2731 3705; x_wconf 81' lang='lat' dir='ltr'><strong>l5</strong></span> <span class='ocrx_word' id='word_1_569' title='bbox 2764 3652 2804 3722; x_wconf 93' lang='lat'><strong>).</strong></span> <span class='ocrx_word' id='word_1_570' title='bbox 2865 3651 2931 3705; x_wconf 87' lang='lat' dir='ltr'><strong>Et</strong></span> <span class='ocrx_word' id='word_1_571' title='bbox 2975 3666 3317 3722; x_wconf 79' lang='lat' dir='ltr'><strong>summopere</strong></span> <span class='ocrx_word' id='word_1_572' title='bbox 3369 3653 3562 3723; x_wconf 73' lang='lat' dir='ltr'><strong>prteri-</strong></span> 
     </span>
    </p>
   </div>
   <div class='ocr_carea' id='block_1_80' title="bbox 1958 3741 3560 3815">
    <p class='ocr_par' dir='ltr' id='par_1_80' title="bbox 1958 3741 3560 3815">
     <span class='ocr_line' id='line_1_80' title="bbox 1958 3741 3560 3815; baseline 0.001 -18"><span class='ocrx_word' id='word_1_573' title='bbox 1958 3741 2197 3797; x_wconf 77' lang='lat' dir='ltr'><strong>dentium</strong></span> <span class='ocrx_word' id='word_1_574' title='bbox 2221 3752 2325 3808; x_wconf 87' lang='lat' dir='ltr'><strong>est,</strong></span> <span class='ocrx_word' id='word_1_575' title='bbox 2368 3758 2436 3798; x_wconf 89' lang='lat' dir='ltr'><strong>ne</strong></span> <span class='ocrx_word' id='word_1_576' title='bbox 2466 3755 2739 3815; x_wconf 81' lang='lat' dir='ltr'><strong>pastorem</strong></span> <span class='ocrx_word' id='word_1_577' title='bbox 2766 3758 2922 3798; x_wconf 88' lang='lat' dir='ltr'><strong>suum</strong></span> <span class='ocrx_word' id='word_1_578' title='bbox 2954 3756 3105 3811; x_wconf 84' lang='lat' dir='ltr'><strong>oves,</strong></span> <span class='ocrx_word' id='word_1_579' title='bbox 3155 3759 3275 3814; x_wconf 69' lang='lat' dir='ltr'><strong>qua:</strong></span> <span class='ocrx_word' id='word_1_580' title='bbox 3313 3743 3361 3800; x_wconf 90' lang='lat' dir='ltr'><strong>ei</strong></span> <span class='ocrx_word' id='word_1_581' title='bbox 3407 3761 3560 3799; x_wconf 79' lang='lat' dir='ltr'><strong>com-</strong></span> 
     </span>
    </p>
   </div>
   <div class='ocr_carea' id='block_1_81' title="bbox 1951 3834 3558 3905">
    <p class='ocr_par' dir='ltr' id='par_1_81' title="bbox 1951 3834 3558 3905">
     <span class='ocr_line' id='line_1_81' title="bbox 1951 3834 3558 3905; baseline 0.004 -18"><span class='ocrx_word' id='word_1_582' title='bbox 1951 3835 2135 3889; x_wconf 63' lang='lat' dir='ltr'><strong>missae</strong></span> <span class='ocrx_word' id='word_1_583' title='bbox 2168 3834 2417 3902; x_wconf 79' lang='lat' dir='ltr'><strong>fuerant,</strong></span> <span class='ocrx_word' id='word_1_584' title='bbox 2472 3834 2879 3905; x_wconf 85' lang='lat' dir='ltr'><strong>reprehendere</strong></span> <span class='ocrx_word' id='word_1_585' title='bbox 2929 3835 3071 3902; x_wconf 85' lang='lat' dir='ltr'><strong>(nisi</strong></span> <span class='ocrx_word' id='word_1_586' title='bbox 3111 3852 3143 3891; x_wconf 86' lang='lat' dir='ltr'><strong>a</strong></span> <span class='ocrx_word' id='word_1_587' title='bbox 3205 3837 3309 3891; x_wconf 88' lang='lat' dir='ltr'><strong>lide</strong></span> <span class='ocrx_word' id='word_1_588' title='bbox 3341 3838 3558 3893; x_wconf 76' lang='lat' dir='ltr'><strong>exorbi-</strong></span> 
     </span>
    </p>
   </div>
   <div class='ocr_carea' id='block_1_82' title="bbox 1950 3927 3561 4002">
    <p class='ocr_par' dir='ltr' id='par_1_82' title="bbox 1950 3927 3561 4002">
     <span class='ocr_line' id='line_1_82' title="bbox 1950 3927 3561 4002; baseline 0.004 -19"><span class='ocrx_word' id='word_1_589' title='bbox 1950 3927 2171 4001; x_wconf 83' lang='lat' dir='ltr'><strong>taverit)</strong></span> <span class='ocrx_word' id='word_1_590' title='bbox 2229 3945 2403 4001; x_wconf 87' lang='lat' dir='ltr'><strong>neque</strong></span> <span class='ocrx_word' id='word_1_591' title='bbox 2441 3946 2702 3987; x_wconf 74' lang='lat' dir='ltr'><strong>accusare</strong></span> <span class='ocrx_word' id='word_1_592' title='bbox 2730 3938 3095 4002; x_wconf 72' lang='lat' dir='ltr'><strong>prmsumant:</strong></span> <span class='ocrx_word' id='word_1_593' title='bbox 3126 3932 3380 4002; x_wconf 87' lang='lat' dir='ltr'><strong>quoniam</strong></span> <span class='ocrx_word' id='word_1_594' title='bbox 3425 3932 3561 3989; x_wconf 86' lang='lat' dir='ltr'><strong>tales</strong></span> 
     </span>
    </p>
   </div>
   <div class='ocr_carea' id='block_1_83' title="bbox 1949 4022 3557 4095">
    <p class='ocr_par' dir='ltr' id='par_1_83' title="bbox 1949 4022 3557 4095">
     <span class='ocr_line' id='line_1_83' title="bbox 1949 4022 3557 4095; baseline 0.004 -20"><span class='ocrx_word' id='word_1_595' title='bbox 1949 4022 2327 4077; x_wconf 86' lang='lat' dir='ltr'><strong>accusationes</strong></span> <span class='ocrx_word' id='word_1_596' title='bbox 2381 4022 2487 4078; x_wconf 83' lang='lat' dir='ltr'><strong>vim</strong></span> <span class='ocrx_word' id='word_1_597' title='bbox 2544 4040 2652 4079; x_wconf 87' lang='lat' dir='ltr'><strong>nnn</strong></span> <span class='ocrx_word' id='word_1_598' title='bbox 2708 4024 2925 4091; x_wconf 82' lang='lat' dir='ltr'><strong>habent,</strong></span> <span class='ocrx_word' id='word_1_599' title='bbox 2984 4039 3159 4095; x_wconf 89' lang='lat' dir='ltr'><strong>neque</strong></span> <span class='ocrx_word' id='word_1_600' title='bbox 3222 4024 3304 4080; x_wconf 89' lang='lat' dir='ltr'><strong>eis</strong></span> <span class='ocrx_word' id='word_1_601' title='bbox 3358 4040 3557 4081; x_wconf 89' lang='lat' dir='ltr'><strong>nocere</strong></span> 
     </span>
    </p>
   </div>
   <div class='ocr_carea' id='block_1_84' title="bbox 1948 4117 3560 4191">
    <p class='ocr_par' dir='ltr' id='par_1_84' title="bbox 1948 4117 3560 4191">
     <span class='ocr_line' id='line_1_84' title="bbox 1948 4117 3560 4191; baseline 0.002 -19"><span class='ocrx_word' id='word_1_602' title='bbox 1948 4127 2195 4190; x_wconf 82' lang='lat' dir='ltr'><strong>possunt.</strong></span> <span class='ocrx_word' id='word_1_603' title='bbox 2231 4117 2405 4174; x_wconf 86' lang='lat' dir='ltr'><strong>Unam</strong></span> <span class='ocrx_word' id='word_1_604' title='bbox 2444 4132 2561 4175; x_wconf 75' lang='lat' dir='ltr'><strong>vero</strong></span> <span class='ocrx_word' id='word_1_605' title='bbox 2584 4162 2597 4185; x_wconf 88' lang='lat'><strong>,</strong></span> <span class='ocrx_word' id='word_1_606' title='bbox 2630 4118 2938 4185; x_wconf 86' lang='lat' dir='ltr'><strong>charissimi,</strong></span> <span class='ocrx_word' id='word_1_607' title='bbox 2988 4128 3047 4175; x_wconf 91' lang='lat' dir='ltr'><strong>ut</strong></span> <span class='ocrx_word' id='word_1_608' title='bbox 3094 4119 3168 4174; x_wconf 88' lang='lat' dir='ltr'><strong>ait</strong></span> <span class='ocrx_word' id='word_1_609' title='bbox 3196 4118 3388 4175; x_wconf 81' lang='lat' dir='ltr'><strong>beatus</strong></span> <span class='ocrx_word' id='word_1_610' title='bbox 3429 4136 3560 4191; x_wconf 86' lang='lat' dir='ltr'><strong>apo-</strong></span> 
     </span>
    </p>
   </div>
   <div class='ocr_carea' id='block_1_85' title="bbox 1946 4212 3560 4286">
    <p class='ocr_par' dir='ltr' id='par_1_85' title="bbox 1946 4212 3560 4286">
     <span class='ocr_line' id='line_1_85' title="bbox 1946 4212 3560 4286; baseline 0.001 -17"><span class='ocrx_word' id='word_1_611' title='bbox 1946 4213 2118 4269; x_wconf 85' lang='lat' dir='ltr'><strong>stolus</strong></span> <span class='ocrx_word' id='word_1_612' title='bbox 2168 4213 2382 4276; x_wconf 87' lang='lat' dir='ltr'><strong>Petrus,</strong></span> <span class='ocrx_word' id='word_1_613' title='bbox 2418 4212 2537 4267; x_wconf 85' lang='lat' dir='ltr'><strong>Non</strong></span> <span class='ocrx_word' id='word_1_614' title='bbox 2581 4214 2735 4268; x_wconf 87' lang='lat' dir='ltr'><strong>lateat</strong></span> <span class='ocrx_word' id='word_1_615' title='bbox 2788 4230 2897 4279; x_wconf 83' lang='lat' dir='ltr'><strong>vos,</strong></span> <span class='ocrx_word' id='word_1_616' title='bbox 2929 4215 3050 4284; x_wconf 87' lang='lat' dir='ltr'><strong>quia</strong></span> <span class='ocrx_word' id='word_1_617' title='bbox 3106 4231 3239 4269; x_wconf 86' lang='lat' dir='ltr'><strong>unus</strong></span> <span class='ocrx_word' id='word_1_618' title='bbox 3265 4215 3374 4269; x_wconf 87' lang='lat' dir='ltr'><strong>dies</strong></span> <span class='ocrx_word' id='word_1_619' title='bbox 3417 4214 3560 4286; x_wconf 83' lang='lat' dir='ltr'><strong>apud</strong></span> 
     </span>
    </p>
   </div>
   <div class='ocr_carea' id='block_1_86' title="bbox 1948 4304 3559 4372">
    <p class='ocr_par' dir='ltr' id='par_1_86' title="bbox 1948 4304 3559 4372">
     <span class='ocr_line' id='line_1_86' title="bbox 1948 4304 3559 4372; baseline 0.002 -13"><span class='ocrx_word' id='word_1_620' title='bbox 1948 4304 2232 4360; x_wconf 86' lang='lat' dir='ltr'><strong>Dominum</strong></span> <span class='ocrx_word' id='word_1_621' title='bbox 2279 4306 2409 4359; x_wconf 87' lang='lat' dir='ltr'><strong>sicut</strong></span> <span class='ocrx_word' id='word_1_622' title='bbox 2441 4306 2581 4359; x_wconf 86' lang='lat' dir='ltr'><strong>mille</strong></span> <span class='ocrx_word' id='word_1_623' title='bbox 2623 4305 2764 4372; x_wconf 86' lang='lat' dir='ltr'><strong>anni,</strong></span> <span class='ocrx_word' id='word_1_624' title='bbox 2797 4314 2846 4360; x_wconf 88' lang='lat' dir='ltr'><strong>et</strong></span> <span class='ocrx_word' id='word_1_625' title='bbox 2896 4306 3037 4360; x_wconf 86' lang='lat' dir='ltr'><strong>mille</strong></span> <span class='ocrx_word' id='word_1_626' title='bbox 3088 4308 3211 4361; x_wconf 88' lang='lat' dir='ltr'><strong>anni</strong></span> <span class='ocrx_word' id='word_1_627' title='bbox 3266 4308 3397 4361; x_wconf 89' lang='lat' dir='ltr'><strong>sicut</strong></span> <span class='ocrx_word' id='word_1_628' title='bbox 3426 4324 3559 4362; x_wconf 88' lang='lat' dir='ltr'><strong>unus</strong></span> 
     </span>
    </p>
   </div>
   <div class='ocr_carea' id='block_1_87' title="bbox 1946 4394 3564 4469">
    <p class='ocr_par' dir='ltr' id='par_1_87' title="bbox 1946 4394 3564 4469">
     <span class='ocr_line' id='line_1_87' title="bbox 1946 4394 3564 4469; baseline 0.001 -18"><span class='ocrx_word' id='word_1_629' title='bbox 1946 4397 2078 4452; x_wconf 77' lang='lat' dir='ltr'><strong>dies.</strong></span> <span class='ocrx_word' id='word_1_630' title='bbox 2114 4395 2235 4451; x_wconf 88' lang='lat' dir='ltr'><strong>Non</strong></span> <span class='ocrx_word' id='word_1_631' title='bbox 2280 4396 2454 4451; x_wconf 83' lang='lat' dir='ltr'><strong>tardat</strong></span> <span class='ocrx_word' id='word_1_632' title='bbox 2497 4395 2741 4451; x_wconf 85' lang='lat' dir='ltr'><strong>Dominus</strong></span> <span class='ocrx_word' id='word_1_633' title='bbox 2796 4396 3062 4467; x_wconf 81' lang='lat' dir='ltr'><strong>promissis</strong></span> <span class='ocrx_word' id='word_1_634' title='bbox 3096 4394 3144 4464; x_wconf 73' lang='grc' dir='ltr'><strong>ιι,</strong></span> <span class='ocrx_word' id='word_1_635' title='bbox 3175 4396 3267 4452; x_wconf 83' lang='lat' dir='ltr'><strong>sed</strong></span> <span class='ocrx_word' id='word_1_636' title='bbox 3315 4399 3564 4469; x_wconf 88' lang='lat' dir='ltr'><strong>patienter</strong></span> 
     </span>
    </p>
   </div>
   <div class='ocr_carea' id='block_1_88' title="bbox 1946 4489 3559 4562">
    <p class='ocr_par' dir='ltr' id='par_1_88' title="bbox 1946 4489 3559 4562">
     <span class='ocr_line' id='line_1_88' title="bbox 1946 4489 3559 4562; baseline 0.001 -18"><span class='ocrx_word' id='word_1_637' title='bbox 1946 4490 2053 4562; x_wconf 85' lang='lat' dir='ltr'><strong>agit</strong></span> <span class='ocrx_word' id='word_1_638' title='bbox 2081 4499 2288 4561; x_wconf 86' lang='lat' dir='ltr'><strong>propter</strong></span> <span class='ocrx_word' id='word_1_639' title='bbox 2313 4506 2420 4554; x_wconf 84' lang='lat' dir='ltr'><strong>vos,</strong></span> <span class='ocrx_word' id='word_1_640' title='bbox 2453 4489 2632 4543; x_wconf 85' lang='lat' dir='ltr'><strong>nolens</strong></span> <span class='ocrx_word' id='word_1_641' title='bbox 2662 4489 2861 4560; x_wconf 84' lang='lat' dir='ltr'><strong>aliquos</strong></span> <span class='ocrx_word' id='word_1_642' title='bbox 2904 4490 3086 4559; x_wconf 84' lang='lat' dir='ltr'><strong>perire,</strong></span> <span class='ocrx_word' id='word_1_643' title='bbox 3139 4490 3227 4545; x_wconf 87' lang='lat' dir='ltr'><strong>sed</strong></span> <span class='ocrx_word' id='word_1_644' title='bbox 3273 4508 3447 4546; x_wconf 88' lang='lat' dir='ltr'><strong>ontnes</strong></span> <span class='ocrx_word' id='word_1_645' title='bbox 3489 4492 3559 4545; x_wconf 89' lang='lat' dir='ltr'><strong>ad</strong></span> 
     </span>
    </p>
   </div>
   <div class='ocr_carea' id='block_1_89' title="bbox 1947 4580 3559 4654">
    <p class='ocr_par' dir='ltr' id='par_1_89' title="bbox 1947 4580 3559 4654">
     <span class='ocr_line' id='line_1_89' title="bbox 1947 4580 3559 4654; baseline 0.001 -19"><span class='ocrx_word' id='word_1_646' title='bbox 1947 4582 2297 4654; x_wconf 61' lang='lat' dir='ltr'><strong>paenitentiam</strong></span> <span class='ocrx_word' id='word_1_647' title='bbox 2342 4582 2544 4636; x_wconf 87' lang='lat' dir='ltr'><strong>reverti.</strong></span> <span class='ocrx_word' id='word_1_648' title='bbox 2593 4580 2837 4636; x_wconf 84' lang='lat' dir='ltr'><strong>Adveniet</strong></span> <span class='ocrx_word' id='word_1_649' title='bbox 2885 4593 3055 4637; x_wconf 89' lang='lat' dir='ltr'><strong>autem</strong></span> <span class='ocrx_word' id='word_1_650' title='bbox 3094 4583 3201 4639; x_wconf 86' lang='lat' dir='ltr'><strong>dies</strong></span> <span class='ocrx_word' id='word_1_651' title='bbox 3240 4584 3453 4639; x_wconf 90' lang='lat' dir='ltr'><strong>Domini</strong></span> <span class='ocrx_word' id='word_1_652' title='bbox 3503 4596 3559 4639; x_wconf 89' lang='lat' dir='ltr'><strong>ut</strong></span> 
     </span>
    </p>
   </div>
   <div class='ocr_carea' id='block_1_90' title="bbox 1950 4674 3555 4746">
    <p class='ocr_par' dir='ltr' id='par_1_90' title="bbox 1950 4674 3555 4746">
     <span class='ocr_line' id='line_1_90' title="bbox 1950 4674 3555 4746; baseline 0.003 -19"><span class='ocrx_word' id='word_1_653' title='bbox 1950 4676 2059 4742; x_wconf 72' lang='lat' dir='ltr'><strong>fur,</strong></span> <span class='ocrx_word' id='word_1_654' title='bbox 2089 4674 2142 4728; x_wconf 86' lang='lat' dir='ltr'><strong>in</strong></span> <span class='ocrx_word' id='word_1_655' title='bbox 2166 4691 2267 4743; x_wconf 79' lang='lat' dir='ltr'><strong>qua</strong></span> <span class='ocrx_word' id='word_1_656' title='bbox 2287 4674 2402 4729; x_wconf 69' lang='lat' dir='ltr'><strong>ccli</strong></span> <span class='ocrx_word' id='word_1_657' title='bbox 2423 4691 2608 4746; x_wconf 86' lang='lat' dir='ltr'><strong>magno</strong></span> <span class='ocrx_word' id='word_1_658' title='bbox 2629 4674 2822 4746; x_wconf 86' lang='lat' dir='ltr'><strong>impetu</strong></span> <span class='ocrx_word' id='word_1_659' title='bbox 2850 4676 3131 4744; x_wconf 89' lang='lat' dir='ltr'><strong>transient,</strong></span> <span class='ocrx_word' id='word_1_660' title='bbox 3165 4677 3414 4732; x_wconf 83' lang='lat' dir='ltr'><strong>elementa</strong></span> <span class='ocrx_word' id='word_1_661' title='bbox 3438 4694 3555 4733; x_wconf 84' lang='lat' dir='ltr'><strong>vero</strong></span> 
     </span>
    </p>
   </div>
   <div class='ocr_carea' id='block_1_91' title="bbox 223 4754 3563 4851">
    <p class='ocr_par' dir='ltr' id='par_1_91' title="bbox 223 4754 3563 4851">
     <span class='ocr_line' id='line_1_91' title="bbox 223 4754 3563 4851; baseline -0.002 -13"><span class='ocrx_word' id='word_1_662' title='bbox 223 4788 283 4838; x_wconf 90' lang='lat' dir='ltr'><strong>et</strong></span> <span class='ocrx_word' id='word_1_663' title='bbox 322 4795 353 4835; x_wconf 86' lang='lat' dir='ltr'><strong>a</strong></span> <span class='ocrx_word' id='word_1_664' title='bbox 386 4778 623 4851; x_wconf 74' lang='lat' dir='ltr'><strong>iurante.</strong></span> <span class='ocrx_word' id='word_1_665' title='bbox 656 4780 811 4849; x_wconf 66' lang='lat' dir='ltr'><strong>Haec,</strong></span> <span class='ocrx_word' id='word_1_666' title='bbox 848 4754 1013 4836; x_wconf 80' lang='lat' dir='ltr'><strong>frater</strong></span> <span class='ocrx_word' id='word_1_667' title='bbox 1040 4779 1396 4847; x_wconf 88' lang='lat' dir='ltr'><strong>charissime,</strong></span> <span class='ocrx_word' id='word_1_668' title='bbox 1431 4779 1548 4848; x_wconf 89' lang='lat' dir='ltr'><strong>ipse</strong></span> <span class='ocrx_word' id='word_1_669' title='bbox 1578 4774 1840 4831; x_wconf 79' lang='lat' dir='ltr'><strong>Dominus</strong></span> <span class='ocrx_word' id='word_1_670' title='bbox 1864 4754 1920 4821; x_wconf 79' lang='grc' dir='ltr'>Π</span> <span class='ocrx_word' id='word_1_671' title='bbox 1950 4771 2126 4825; x_wconf 72' lang='lat' dir='ltr'><strong>calore</strong></span> <span class='ocrx_word' id='word_1_672' title='bbox 2188 4766 2454 4825; x_wconf 77' lang='lat' dir='ltr'><strong>solventur</strong></span> <span class='ocrx_word' id='word_1_673' title='bbox 2513 4770 2596 4842; x_wconf 90' lang='lat' dir='ltr'><strong>(ll</strong></span> <span class='ocrx_word' id='word_1_674' title='bbox 2650 4769 2795 4825; x_wconf 89' lang='lat' dir='ltr'><strong>Petri</strong></span> <span class='ocrx_word' id='word_1_675' title='bbox 2855 4788 2912 4828; x_wconf 92' lang='grc' dir='ltr'><strong>ιιι</strong></span> <span class='ocrx_word' id='word_1_676' title='bbox 2943 4770 2984 4843; x_wconf 91' lang='grc'><strong>).</strong></span> <span class='ocrx_word' id='word_1_677' title='bbox 3045 4770 3179 4829; x_wconf 86' lang='lat' dir='ltr'><strong>Cum</strong></span> <span class='ocrx_word' id='word_1_678' title='bbox 3236 4773 3351 4831; x_wconf 68' lang='lat' dir='ltr'><strong>haec</strong></span> <span class='ocrx_word' id='word_1_679' title='bbox 3400 4773 3563 4846; x_wconf 82' lang='lat' dir='ltr'><strong>igitur</strong></span> 
     </span>
    </p>
   </div>
   <div class='ocr_carea' id='block_1_92' title="bbox 1450 4928 2327 5001">
    <p class='ocr_par' dir='ltr' id='par_1_92' title="bbox 1450 4928 2327 5001">
     <span class='ocr_line' id='line_1_92' title="bbox 1450 4928 2327 5001; baseline -0.01 -7"><span class='ocrx_word' id='word_1_680' title='bbox 1450 4935 1838 4994; x_wconf 84' lang='lat' dir='ltr'><strong>LECTIONES</strong></span> <span class='ocrx_word' id='word_1_681' title='bbox 1872 4998 1875 5001; x_wconf 27' lang='grc' dir='ltr'><strong><em>λ</em></strong></span> <span class='ocrx_word' id='word_1_682' title='bbox 1903 4928 2327 4989; x_wconf 80' lang='lat' dir='ltr'><strong>VARIANTES.</strong></span> 
     </span>
    </p>
   </div>
   <div class='ocr_carea' id='block_1_93' title="bbox 290 5072 782 5131">
    <p class='ocr_par' dir='ltr' id='par_1_93' title="bbox 290 5072 782 5131">
     <span class='ocr_line' id='line_1_93' title="bbox 290 5072 782 5131; baseline 0.01 -8"><span class='ocrx_word' id='word_1_683' title='bbox 290 5074 321 5105; x_wconf 79' lang='grc'><strong><em>⁸</em></strong></span> <span class='ocrx_word' id='word_1_684' title='bbox 356 5072 605 5127; x_wconf 71' lang='lat' dir='ltr'><strong>Rusticum</strong></span> <span class='ocrx_word' id='word_1_685' title='bbox 628 5077 782 5131; x_wconf 78' lang='lat' dir='ltr'><strong>Alias.</strong></span> 
     </span>
    </p>
   </div>
   <div class='ocr_carea' id='block_1_94' title="bbox 289 5134 791 5193">
    <p class='ocr_par' dir='ltr' id='par_1_94' title="bbox 289 5134 791 5193">
     <span class='ocr_line' id='line_1_94' title="bbox 289 5134 791 5193; baseline 0.008 -6"><span class='ocrx_word' id='word_1_686' title='bbox 289 5134 322 5178; x_wconf 72' lang='grc'><strong>1)</strong></span> <span class='ocrx_word' id='word_1_687' title='bbox 358 5138 559 5191; x_wconf 73' lang='lat' dir='ltr'><strong>Baetim</strong></span> <span class='ocrx_word' id='word_1_688' title='bbox 580 5137 739 5193; x_wconf 77' lang='lat' dir='ltr'><strong>Alias.</strong></span> <span class='ocrx_word' id='word_1_689' title='bbox 786 5140 791 5147; x_wconf 89' lang='lat'>&#39;</span> 
     </span>
    </p>
   </div>
   <div class='ocr_carea' id='block_1_95' title="bbox 286 5202 777 5267">
    <p class='ocr_par' dir='ltr' id='par_1_95' title="bbox 286 5202 777 5267">
     <span class='ocr_line' id='line_1_95' title="bbox 286 5202 777 5267; baseline 0 0"><span class='ocrx_word' id='word_1_690' title='bbox 286 5202 314 5267; x_wconf 72' lang='lat'><strong>“:</strong></span> <span class='ocrx_word' id='word_1_691' title='bbox 352 5202 595 5267; x_wconf 65' lang='lat' dir='ltr'><strong>Episcopo</strong></span> <span class='ocrx_word' id='word_1_692' title='bbox 620 5202 777 5267; x_wconf 54' lang='lat' dir='ltr'><strong>Alias.</strong></span> 
     </span>
    </p>
   </div>
   <div class='ocr_carea' id='block_1_96' title="bbox 288 5260 1773 5330">
    <p class='ocr_par' dir='ltr' id='par_1_96' title="bbox 288 5260 1773 5330">
     <span class='ocr_line' id='line_1_96' title="bbox 288 5260 1773 5330; baseline -0.002 -14"><span class='ocrx_word' id='word_1_693' title='bbox 288 5260 318 5303; x_wconf 79' lang='grc' dir='ltr'>ἆ</span> <span class='ocrx_word' id='word_1_694' title='bbox 353 5260 439 5330; x_wconf 63' lang='lat' dir='ltr'><strong>{ta</strong></span> <span class='ocrx_word' id='word_1_695' title='bbox 458 5260 597 5330; x_wconf 64' lang='lat' dir='ltr'><strong>eam</strong></span> <span class='ocrx_word' id='word_1_696' title='bbox 622 5264 883 5318; x_wconf 74' lang='lat' dir='ltr'><strong>Gratianus</strong></span> <span class='ocrx_word' id='word_1_697' title='bbox 910 5280 926 5317; x_wconf 91' lang='lat'><strong><em>:</em></strong></span> <span class='ocrx_word' id='word_1_698' title='bbox 952 5265 1003 5318; x_wconf 88' lang='lat' dir='ltr'><strong>in</strong></span> <span class='ocrx_word' id='word_1_699' title='bbox 1025 5266 1106 5320; x_wconf 88' lang='lat' dir='ltr'><strong>cit.</strong></span> <span class='ocrx_word' id='word_1_700' title='bbox 1140 5280 1232 5318; x_wconf 90' lang='lat' dir='ltr'><strong>ms.</strong></span> <span class='ocrx_word' id='word_1_701' title='bbox 1266 5265 1364 5318; x_wconf 82' lang='lat' dir='ltr'><strong>Vel</strong></span> <span class='ocrx_word' id='word_1_702' title='bbox 1385 5266 1594 5330; x_wconf 89' lang='lat' dir='ltr'><strong>reliquis</strong></span> <span class='ocrx_word' id='word_1_703' title='bbox 1616 5266 1773 5330; x_wconf 80' lang='lat' dir='ltr'><strong>exigi.</strong></span> 
     </span>
    </p>
   </div>
   <div class='ocr_carea' id='block_1_97' title="bbox 290 5328 1623 5396">
    <p class='ocr_par' dir='ltr' id='par_1_97' title="bbox 290 5328 1623 5396">
     <span class='ocr_line' id='line_1_97' title="bbox 290 5328 1623 5396; baseline 0.002 -19"><span class='ocrx_word' id='word_1_704' title='bbox 290 5330 317 5359; x_wconf 83' lang='lat'><strong>°</strong></span> <span class='ocrx_word' id='word_1_705' title='bbox 354 5328 419 5379; x_wconf 89' lang='lat' dir='ltr'><strong>In</strong></span> <span class='ocrx_word' id='word_1_706' title='bbox 456 5328 536 5381; x_wconf 85' lang='lat' dir='ltr'><strong>cit.</strong></span> <span class='ocrx_word' id='word_1_707' title='bbox 559 5335 709 5383; x_wconf 87' lang='lat' dir='ltr'><strong>ms.et</strong></span> <span class='ocrx_word' id='word_1_708' title='bbox 730 5330 862 5396; x_wconf 88' lang='lat' dir='ltr'><strong>apud</strong></span> <span class='ocrx_word' id='word_1_709' title='bbox 887 5330 1172 5383; x_wconf 86' lang='lat' dir='ltr'><strong>Gratianum</strong></span> <span class='ocrx_word' id='word_1_710' title='bbox 1195 5330 1300 5383; x_wconf 86' lang='lat' dir='ltr'><strong>Nec</strong></span> <span class='ocrx_word' id='word_1_711' title='bbox 1317 5328 1623 5395; x_wconf 65' lang='lat' dir='ltr'><strong>sponte&#39;ees.</strong></span> 
     </span>
    </p>
   </div>
   <div class='ocr_carea' id='block_1_98' title="bbox 2016 5064 2970 5133">
    <p class='ocr_par' dir='ltr' id='par_1_98' title="bbox 2016 5064 2970 5133">
     <span class='ocr_line' id='line_1_98' title="bbox 2016 5064 2970 5133; baseline 0.01 -19"><span class='ocrx_word' id='word_1_712' title='bbox 2016 5066 2035 5102; x_wconf 69' lang='grc' dir='ltr'><strong>ί</strong></span> <span class='ocrx_word' id='word_1_713' title='bbox 2076 5064 2177 5133; x_wconf 53' lang='lat' dir='ltr'><strong>lies</strong></span> <span class='ocrx_word' id='word_1_714' title='bbox 2201 5075 2485 5118; x_wconf 86' lang='lat' dir='ltr'><strong>sanctorum</strong></span> <span class='ocrx_word' id='word_1_715' title='bbox 2510 5078 2791 5133; x_wconf 82' lang='lat' dir='ltr'><strong>sequentes</strong></span> <span class='ocrx_word' id='word_1_716' title='bbox 2813 5072 2970 5125; x_wconf 79' lang='lat' dir='ltr'><strong>Alius.</strong></span> 
     </span>
    </p>
   </div>
   <div class='ocr_carea' id='block_1_99' title="bbox 2015 5129 2757 5185">
    <p class='ocr_par' dir='ltr' id='par_1_99' title="bbox 2015 5129 2757 5185">
     <span class='ocr_line' id='line_1_99' title="bbox 2015 5129 2757 5185; baseline 0.007 -5"><span class='ocrx_word' id='word_1_717' title='bbox 2015 5132 2043 5172; x_wconf 78' lang='lat'>8</span> <span class='ocrx_word' id='word_1_718' title='bbox 2082 5130 2183 5180; x_wconf 82' lang='lat' dir='ltr'><strong>Nos</strong></span> <span class='ocrx_word' id='word_1_719' title='bbox 2208 5139 2571 5181; x_wconf 86' lang='lat' dir='ltr'><strong>sacramentum</strong></span> <span class='ocrx_word' id='word_1_720' title='bbox 2588 5129 2757 5185; x_wconf 57' lang='lat' dir='ltr'><strong>llius.</strong></span> 
     </span>
    </p>
   </div>
   <div class='ocr_carea' id='block_1_100' title="bbox 2012 5192 3562 5271">
    <p class='ocr_par' dir='ltr' id='par_1_100' title="bbox 2012 5192 3562 5271">
     <span class='ocr_line' id='line_1_100' title="bbox 2012 5192 3562 5271; baseline 0.021 -38"><span class='ocrx_word' id='word_1_721' title='bbox 2012 5194 2045 5232; x_wconf 87' lang='lat' dir='ltr'><strong>h</strong></span> <span class='ocrx_word' id='word_1_722' title='bbox 2078 5193 2278 5271; x_wconf 62' lang='lat' dir='ltr'><strong>stertis.</strong></span> <span class='ocrx_word' id='word_1_723' title='bbox 2318 5206 2372 5259; x_wconf 90' lang='lat' dir='ltr'><strong>q.</strong></span> <span class='ocrx_word' id='word_1_724' title='bbox 2408 5192 2514 5247; x_wconf 88' lang='lat' dir='ltr'><strong>alia</strong></span> <span class='ocrx_word' id='word_1_725' title='bbox 2536 5195 2804 5260; x_wconf 82' lang='lat' dir='ltr'><strong>Promissi,</strong></span> <span class='ocrx_word' id='word_1_726' title='bbox 2830 5203 2884 5250; x_wconf 87' lang='lat' dir='ltr'><strong>ut</strong></span> <span class='ocrx_word' id='word_1_727' title='bbox 2911 5203 2957 5251; x_wconf 84' lang='lat' dir='ltr'><strong>et</strong></span> <span class='ocrx_word' id='word_1_728' title='bbox 2977 5199 3153 5254; x_wconf 70' lang='lat' dir='ltr'><strong>Grieca</strong></span> <span class='ocrx_word' id='word_1_729' title='bbox 3173 5204 3371 5271; x_wconf 78' lang='lat' dir='ltr'><strong>vutqata</strong></span> <span class='ocrx_word' id='word_1_730' title='bbox 3392 5208 3562 5265; x_wconf 86' lang='lat' dir='ltr'><strong>Latina</strong></span> 
     </span>
    </p>
   </div>
   <div class='ocr_carea' id='block_1_101' title="bbox 1950 5257 2352 5309">
    <p class='ocr_par' dir='ltr' id='par_1_101' title="bbox 1950 5257 2352 5309">
     <span class='ocr_line' id='line_1_101' title="bbox 1950 5257 2352 5309; baseline 0 -2"><span class='ocrx_word' id='word_1_731' title='bbox 1950 5257 2352 5309; x_wconf 66' lang='lat' dir='ltr'><strong>Promissionem&#39;.</strong></span> 
     </span>
    </p>
   </div>
   <div class='ocr_carea' id='block_1_102' title="bbox 1558 5454 2201 5517">
    <p class='ocr_par' dir='ltr' id='par_1_102' title="bbox 1558 5454 2201 5517">
     <span class='ocr_line' id='line_1_102' title="bbox 1558 5454 2201 5517; baseline -0.003 0"><span class='ocrx_word' id='word_1_732' title='bbox 1558 5454 1927 5517; x_wconf 77' lang='lat' dir='ltr'><strong>VARIORUM</strong></span> <span class='ocrx_word' id='word_1_733' title='bbox 1963 5456 2201 5515; x_wconf 66' lang='grc' dir='ltr'><strong>ΝΟΤᾸΕ.</strong></span> 
     </span>
    </p>
   </div>
   <div class='ocr_carea' id='block_1_103' title="bbox 330 5580 1596 5655">
    <p class='ocr_par' dir='ltr' id='par_1_103' title="bbox 330 5580 1596 5655">
     <span class='ocr_line' id='line_1_103' title="bbox 330 5580 1596 5655; baseline -0.003 -18"><span class='ocrx_word' id='word_1_734' title='bbox 330 5581 645 5639; x_wconf 81' lang='lat' dir='ltr'><strong>Auctoritate</strong></span> <span class='ocrx_word' id='word_1_735' title='bbox 670 5583 824 5640; x_wconf 84' lang='lat' dir='ltr'><strong>sedis.</strong></span> <span class='ocrx_word' id='word_1_736' title='bbox 859 5583 1021 5655; x_wconf 81' lang='lat' dir='ltr'><strong>Greg.</strong></span> <span class='ocrx_word' id='word_1_737' title='bbox 1057 5580 1224 5655; x_wconf 85' lang='lat' dir='ltr'><strong>Epist.</strong></span> <span class='ocrx_word' id='word_1_738' title='bbox 1253 5581 1344 5649; x_wconf 69' lang='lat'><strong>52,</strong></span> <span class='ocrx_word' id='word_1_739' title='bbox 1380 5581 1473 5638; x_wconf 91' lang='lat' dir='ltr'><strong>lib.</strong></span> <span class='ocrx_word' id='word_1_740' title='bbox 1502 5596 1596 5635; x_wconf 78' lang='lat' dir='ltr'><strong>xu.</strong></span> 
     </span>
    </p>
   </div>
   <div class='ocr_carea' id='block_1_104' title="bbox 299 5714 1834 5787">
    <p class='ocr_par' dir='ltr' id='par_1_104' title="bbox 299 5714 1834 5787">
     <span class='ocr_line' id='line_1_104' title="bbox 299 5714 1834 5787; baseline -0.002 -11"><span class='ocrx_word' id='word_1_741' title='bbox 299 5720 816 5777; x_wconf 84' lang='lat' dir='ltr'><strong>L—Sacramentum</strong></span> <span class='ocrx_word' id='word_1_742' title='bbox 829 5730 998 5775; x_wconf 89' lang='lat' dir='ltr'><strong>autem</strong></span> <span class='ocrx_word' id='word_1_743' title='bbox 1017 5715 1517 5784; x_wconf 84' lang='lat' dir='ltr'><strong>hactenus.Quando</strong></span> <span class='ocrx_word' id='word_1_744' title='bbox 1534 5714 1604 5771; x_wconf 85' lang='lat' dir='ltr'><strong>ab</strong></span> <span class='ocrx_word' id='word_1_745' title='bbox 1618 5715 1834 5787; x_wconf 86' lang='lat' dir='ltr'><strong>episco-</strong></span> 
     </span>
    </p>
   </div>
   <div class='ocr_carea' id='block_1_105' title="bbox 227 5789 1838 5865">
    <p class='ocr_par' dir='ltr' id='par_1_105' title="bbox 227 5789 1838 5865">
     <span class='ocr_line' id='line_1_105' title="bbox 227 5789 1838 5865; baseline -0.003 -18"><span class='ocrx_word' id='word_1_746' title='bbox 227 5792 315 5865; x_wconf 87' lang='lat' dir='ltr'><strong>pis</strong></span> <span class='ocrx_word' id='word_1_747' title='bbox 332 5808 397 5849; x_wconf 87' lang='lat' dir='ltr'><strong>ac</strong></span> <span class='ocrx_word' id='word_1_748' title='bbox 418 5793 642 5864; x_wconf 89' lang='lat' dir='ltr'><strong>reliquis</strong></span> <span class='ocrx_word' id='word_1_749' title='bbox 659 5793 1252 5865; x_wconf 66' lang='lat' dir='ltr'><strong>clericisjurameutuni</strong></span> <span class='ocrx_word' id='word_1_750' title='bbox 1268 5791 1411 5847; x_wconf 80' lang='lat' dir='ltr'><strong>licite</strong></span> <span class='ocrx_word' id='word_1_751' title='bbox 1430 5789 1838 5860; x_wconf 65' lang='lat' dir='ltr'><strong>priestetur,vel</strong></span> 
     </span>
    </p>
   </div>
   <div class='ocr_carea' id='block_1_106' title="bbox 233 5863 1839 5936">
    <p class='ocr_par' dir='ltr' id='par_1_106' title="bbox 233 5863 1839 5936">
     <span class='ocr_line' id='line_1_106' title="bbox 233 5863 1839 5936; baseline -0.003 -17"><span class='ocrx_word' id='word_1_752' title='bbox 233 5863 504 5936; x_wconf 52' lang='lat' dir='ltr'><strong>exigatur,</strong></span> <span class='ocrx_word' id='word_1_753' title='bbox 536 5863 656 5923; x_wconf 80' lang='lat' dir='ltr'><strong>vide</strong></span> <span class='ocrx_word' id='word_1_754' title='bbox 683 5865 993 5923; x_wconf 87' lang='lat' dir='ltr'><strong>cauonistas</strong></span> <span class='ocrx_word' id='word_1_755' title='bbox 1020 5865 1077 5921; x_wconf 78' lang='grc'><strong>2.</strong></span> <span class='ocrx_word' id='word_1_756' title='bbox 1110 5880 1204 5936; x_wconf 89' lang='lat' dir='ltr'><strong>qu.</strong></span> <span class='ocrx_word' id='word_1_757' title='bbox 1227 5863 1283 5932; x_wconf 72' lang='grc'>4,</span> <span class='ocrx_word' id='word_1_758' title='bbox 1305 5877 1428 5919; x_wconf 84' lang='lat' dir='ltr'><strong>can.</strong></span> <span class='ocrx_word' id='word_1_759' title='bbox 1462 5871 1839 5917; x_wconf 84' lang='lat' dir='ltr'><strong>sacramentum</strong></span> 
     </span>
    </p>
   </div>
   <div class='ocr_carea' id='block_1_107' title="bbox 1953 5574 3563 5667">
    <p class='ocr_par' dir='ltr' id='par_1_107' title="bbox 1953 5574 3563 5667">
     <span class='ocr_line' id='line_1_107' title="bbox 1953 5574 3563 5667; baseline 0.007 -37"><span class='ocrx_word' id='word_1_760' title='bbox 1953 5574 2198 5631; x_wconf 85' lang='lat' dir='ltr'><strong>hactenus</strong></span> <span class='ocrx_word' id='word_1_761' title='bbox 2225 5618 2238 5638; x_wconf 81' lang='lat'><strong>.</strong></span> <span class='ocrx_word' id='word_1_762' title='bbox 2272 5575 2338 5632; x_wconf 91' lang='lat' dir='ltr'><strong>de</strong></span> <span class='ocrx_word' id='word_1_763' title='bbox 2364 5591 2471 5647; x_wconf 92' lang='lat' dir='ltr'><strong>quo</strong></span> <span class='ocrx_word' id='word_1_764' title='bbox 2497 5577 2704 5648; x_wconf 82' lang='lat' dir='ltr'><strong>prolixe</strong></span> <span class='ocrx_word' id='word_1_765' title='bbox 2734 5578 3111 5667; x_wconf 57' lang='lat' dir='ltr'><strong>Covarrpvias,</strong></span> <span class='ocrx_word' id='word_1_766' title='bbox 3144 5587 3341 5667; x_wconf 62' lang='lat' dir='ltr'><strong>aliique</strong></span> <span class='ocrx_word' id='word_1_767' title='bbox 3364 5595 3563 5667; x_wconf 61' lang='lat' dir='ltr'><strong>plures,</strong></span> 
     </span>
    </p>
   </div>
   <div class='ocr_carea' id='block_1_108' title="bbox 2024 5656 3569 5799">
    <p class='ocr_par' dir='ltr' id='par_1_108' title="bbox 2024 5656 3569 5799">
     <span class='ocr_line' id='line_1_108' title="bbox 2024 5656 3569 5799; baseline 0.019 -27"><span class='ocrx_word' id='word_1_768' title='bbox 2024 5719 2521 5799; x_wconf 68' lang='lat' dir='ltr'><strong>Patrumjnstituta.</strong></span> <span class='ocrx_word' id='word_1_769' title='bbox 2551 5721 2651 5791; x_wconf 86' lang='lat' dir='ltr'><strong>Ep.</strong></span> <span class='ocrx_word' id='word_1_770' title='bbox 2703 5725 2771 5799; x_wconf 72' lang='lat' dir='ltr'><strong>ad</strong></span> <span class='ocrx_word' id='word_1_771' title='bbox 2801 5656 3298 5790; x_wconf 44' lang='grc' dir='ltr'><strong>Οεεαῗιῗιῖιξῃίίεᾟῗιή</strong></span> <span class='ocrx_word' id='word_1_772' title='bbox 3346 5739 3569 5799; x_wconf 85' lang='lat' dir='ltr'><strong>clerico-</strong></span> 
     </span>
    </p>
   </div>
   <div class='ocr_carea' id='block_1_109' title="bbox 1951 5790 2904 5865">
    <p class='ocr_par' dir='ltr' id='par_1_109' title="bbox 1951 5790 2904 5865">
     <span class='ocr_line' id='line_1_109' title="bbox 1951 5790 2904 5865; baseline 0.003 -17"><span class='ocrx_word' id='word_1_773' title='bbox 1951 5808 2093 5865; x_wconf 80' lang='lat' dir='ltr'><strong>rum,</strong></span> <span class='ocrx_word' id='word_1_774' title='bbox 2129 5790 2269 5865; x_wconf 87' lang='lat' dir='ltr'><strong>apud</strong></span> <span class='ocrx_word' id='word_1_775' title='bbox 2303 5792 2705 5865; x_wconf 73' lang='lat' dir='ltr'><strong>Hieronymum.</strong></span> <span class='ocrx_word' id='word_1_776' title='bbox 2744 5795 2904 5853; x_wconf 54' lang='grc' dir='ltr'><strong>[ΑΕΒ.</strong></span> 
     </span>
    </p>
   </div>
   <div class='ocr_carea' id='block_1_110' title="bbox 2027 5863 3562 5946">
    <p class='ocr_par' dir='ltr' id='par_1_110' title="bbox 2027 5863 3562 5946">
     <span class='ocr_line' id='line_1_110' title="bbox 2027 5863 3562 5946; baseline 0.017 -28"><span class='ocrx_word' id='word_1_777' title='bbox 2027 5863 2438 5933; x_wconf 82' lang='lat' dir='ltr'><strong>Reprehenderc.</strong></span> <span class='ocrx_word' id='word_1_778' title='bbox 2467 5863 2809 5925; x_wconf 77' lang='lat' dir='ltr'><strong>Cenc.Rom.</strong></span> <span class='ocrx_word' id='word_1_779' title='bbox 2834 5868 2898 5927; x_wconf 74' lang='grc' dir='ltr'><strong>γ.</strong></span> <span class='ocrx_word' id='word_1_780' title='bbox 2916 5871 3041 5930; x_wconf 83' lang='lat' dir='ltr'><strong>sub.</strong></span> <span class='ocrx_word' id='word_1_781' title='bbox 3069 5878 3376 5946; x_wconf 80' lang='lat' dir='ltr'><strong>Symmach.</strong></span> <span class='ocrx_word' id='word_1_782' title='bbox 3403 5883 3562 5944; x_wconf 71' lang='lat' dir='ltr'><strong>Lasn.</strong></span> 
     </span>
    </p>
   </div>
  </div>
