4068 6324
437 277 542 336 847

1721 272 2068 331 ΑΡΡΕΝΟΙΧ
2103 269 2323 330 SECUN
2334 270 2441 325 DA.

3672 263 3784 323 848

443 393 623 449 omnia
654 389 998 447 dissolvenda
1027 389 1155 456 sint,
1186 403 1252 445 ex
1281 389 1366 445 his
1411 389 1637 460 potestis
1678 389 2042 456 considerare,
2074 391 2125 451 Α
2152 387 2260 442 ulla
2317 386 2400 440 lex
2461 382 2699 438 damnat.
2758 380 2939 437 Facile
2981 392 3111 452 ergo
3147 381 3312 436 homo
3343 379 3643 437 hominem
3686 380 3781 435 fal-

443 487 634 556 qnalcs
665 494 879 557 oportet
928 499 1027 539 vos
1052 498 1173 539 esse
1206 483 1258 537 in
1291 482 1493 538 sanctis
1543 483 2046 539 conversationibus

446 585 502 633 et
524 577 832 648 pietatibus,
859 564 1319 647 exspectantes'et
1346 584 1701 646 properantes
1740 575 1790 629 in
1837 574 2043 629 adven-

2149 482 2263 537 lere
2303 487 2509 549 petest,
2544 491 2652 532 non
2696 485 2874 531 tamen
2906 475 3101 543 Deum,
3145 475 3301 543 cujus
3351 474 3543 529 oculis
3597 471 3780 529 omnia

2098 600 2109 625 ι
2152 575 2289 629 nuda
2332 583 2457 627 sunt
2500 582 2555 629 et
2583 581 2791 643 aperta.
2843 569 2999 626 Unde
3042 570 3117 625 ait
3157 568 3466 641 propheta:
3524 566 3786 621 Dominus

447 678 560 725 tum
593 670 698 725 diei
724 670 837 738 Dei,
887 684 982 740 per
1002 685 1161 739 quem
1198 668 1321 725 coeli
1354 668 1608 723 ardentes
1650 669 1951 733 solventur,
1995 678 2051 723 et
2152 669 2287 724 novit
2317 668 2648 740 cogitationes
2685 667 2968 734 hominum,
2996 665 3238 736 quoniam
3266 680 3411 720 vana
3444 672 3581 718 sunt
3605 658 3785 733 (Ρωι.

443 766 711 819 elementa
731 762 869 834 ignis
889 762 1084 817 ardore
1103 762 1396 816 tabesceut.
1432 780 1450 813 ι
1482 760 1588 816 Vos
1604 772 1806 828 autem,
1840 760 2048 817 charis-

446 856 592 922 sitni,
642 855 778 910 dixit
820 854 988 909 Judas
1044 853 1321 925 apostolus
1376 852 1466 926 (In
1506 852 1741 925 Epistola
1777 871 1870 908 sua
1897 870 2054 909 cano-

450 948 584 1013 nica,
619 964 749 1001 vers.
776 947 881 1018 i7)
912 962 1184 1002 memores
1218 954 1395 1001 estote
1417 946 1709 1001 verborum
1753 962 1874 1017 qua:
1916 962 2049 1016 pra:-

452 1040 594 1095 dietn
624 1049 751 1094 sunt
777 1040 845 1095 ah
885 1040 1146 1110 apostolis
1176 1040 1385 1094 Domini
1420 1040 1590 1095 nostri
1639 1039 1768 1095 Jesu
1825 1039 2047 1106 Christi,

449 1133 538 1203 qui
570 1132 822 1187 dicebant
865 1132 1037 1198 vobis,
1065 1133 1323 1203 quoniam
1356 1132 1407 1186 in
1461 1133 1760 1188 novissimo
1812 1142 2056 1204 tempore

450 1227 672 1282 venient
716 1227 989 1293 illusores,
1040 1226 1339 1283 secundum
1394 1242 1491 1282 sua
1544 1226 1814 1283 desideria
1870 1229 2060 1283 ambu-

449 1321 622 1377 lantes
653 1331 678 1357 ει
711 1322 1069 1392 impietatem.
1124 1321 1189 1375 lli
1241 1330 1364 1376 sunt
1404 1322 1493 1392 qui
1542 1331 1833 1393 segregant
1877 1337 2057 1378 seme-

452 1416 642 1487 tipsos,
677 1416 958 1481 animales,
1001 1415 1254 1487 spiritum
1285 1432 1391 1471 non
1424 1416 1704 1472 habentes.
1746 1415 1853 1471 Vos
1878 1428 2061 1472 autem

447 1505 778 1574 charissimi,
807 1507 1309 1577 superandilicantcs
1328 1509 1688 1580 vosmetipsos
1705 1510 2062 1565 sanctissima:

451 1609 649 1655 vestrae
683 1598 829 1663 fidei,
875 1601 928 1655 in
960 1600 1151 1670 spiritu
1185 1610 1372 1656 sancto
1408 1613 1649 1671 orantes,
1699 1604 1845 1673 ipsos
1884 1618 1979 1659 vos
2011 1606 2064 1658 in

453 1689 747 1748 dilectione
802 1692 893 1747 Dei
945 1702 1179 1758 servate,
1231 1704 1610 1764 exspectantes
1636 1695 2062 1751 miscricordiam

2155 768 2330 833 xcm).
2361 762 2589 831 Sapiens
2610 776 2741 832 ergo
2773 777 2879 815 non
2908 768 2992 816 est
3017 759 3108 830 qui
3135 769 3317 815 nocet.
3340 757 3457 814 Nec
3480 754 3794 828 quidquam

2156 854 2282 910 mali
2307 856 2450 923 vult,
2483 856 2573 926 qui
2607 853 2784 911 ﬁdelis
2812 864 2893 911 est
2916 896 2931 921 ,
2961 862 3053 908 aut
3088 852 3341 923 cuiquam
3383 849 3636 907 insidias
3674 862 3789 904 ma-

2156 949 2429 1005 chinatur.
2455 948 2778 1015 Hortamur,
2802 948 2997 1015 frater,
3032 956 3086 1003 et
3117 959 3400 1002 monemus
3426 952 3595 999 tuam
3626 940 3795 998 dilec-

2160 1046 2395 1110 tionem,
2446 1053 2503 1099 ut
2548 1058 2739 1099 omnes
2779 1056 3016 1113 semper,
3068 1049 3230 1112 prout
3268 1039 3468 1095 melius
3500 1035 3791 1109 potueris,

2158 1137 2383 1209 adjuves
2401 1178 2415 1202 ,
2444 1134 2717 1191 confortes
2740 1144 2794 1189 et
2820 1132 3142 1189 consoleris.
3181 1133 3247 1187 Et
3281 1138 3647 1186 sacramenta
3667 1171 3684 1192 ,
3709 1143 3795 1182 su-

2162 1247 2259 1302 per
2280 1232 2474 1302 quibus
2501 1228 2642 1284 banc
2671 1238 2913 1285 sanctam
2947 1226 3246 1283 Romanam
3268 1268 3283 1292 ,
3317 1239 3381 1281 ac
3408 1222 3795 1280 universali-tn

2162 1323 2462 1379 Ecclesiam
2494 1320 2782 1377 consulere
2811 1319 3062 1384 voluisti,
3098 1318 3211 1375 ﬁeri
3241 1318 3546 1389 prohibeas
3569 1358 3587 1382 ,
3612 1325 3672 1371 et
3708 1330 3798 1369 ne-

2164 1418 2362 1472 minem
2397 1431 2648 1487 umquam
2679 1413 2902 1470 iufestes
2928 1422 3020 1468 aut
3041 1428 3261 1469 noceas.
3288 1411 3417 1468 Haec
3439 1452 3455 1479 ,
3494 1410 3706 1475 frater,
3732 1407 3798 1463 ad

2167 1511 2496 1582 reliquorum
2524 1508 2751 1565 fratrum
2786 1507 3029 1563 notitiam
3064 1515 3152 1562 tua
3185 1505 3346 1562 faciat
3375 1505 3659 1560 sanctitas
3682 1518 3800 1574 per-

2166 1605 2374 1670 venire,
2398 1613 2458 1658 ut
2486 1617 2677 1659 omnes
2710 1601 2827 1657 haec
2849 1601 2989 1656 mala
3017 1609 3263 1656 caveant.
3293 1599 3362 1654 Et
3390 1598 3543 1654 sicut
3570 1611 3799 1669 genera-

2169 1698 2291 1751 liter
2312 1704 2422 1749 tam
2453 1694 2521 1748 ab
2563 1695 2683 1764 ipso
2710 1692 2939 1747 Domino
2962 1733 2977 1756 ,
3008 1707 3168 1763 quam
3196 1706 3227 1746 a
3255 1690 3461 1746 sanctis
3486 1699 3549 1744 et
3576 1686 3803 1758 reliquis

456 1783 670 1839 Domini
728 1785 898 1840 nostri
976 1784 1104 1841 Jesu
1146 1785 1348 1841 Christi
1387 1788 1437 1841 in
1473 1789 1632 1842 vitam
1685 1800 1967 1845 aeternam.
2000 1790 2063 1845 Et
2094 1798 2142 1858 B
2171 1791 2483 1863 apostolicis
2509 1790 2641 1846 viris
2663 1831 2678 1857 ,
2707 1798 2762 1845 et
2789 1789 3003 1845 caneris
3028 1788 3300 1854 Patribus,
3321 1794 3451 1842 sunt
3480 1783 3799 1858 prohibita,

456 1877 555 1933 hos
606 1878 825 1949 quidem
868 1880 1078 1952 arguite
1107 1880 1395 1951 iudicatos,
1432 1882 1553 1937 illos
1581 1899 1711 1938 vero
1743 1886 1948 1940 salvate
1998 1885 2065 1941 de

453 1973 578 2043 igne
611 1973 902 2042 rapientes.
948 1973 1085 2029 Aliis
1132 1986 1311 2030 autem
1351 1976 1682 2031 miseremini
1734 1978 1785 2032 in
1841 1978 2062 2045 timore,

454 2067 704 2122 odientes
731 2076 785 2123 et
811 2083 954 2134 eam,
986 2084 1107 2139 qua:
1134 2070 1369 2125 carnalis
1418 2078 1504 2125 est
1548 2072 1869 2126 maculatam
1922 2073 2064 2127 tuni-

456 2176 592 2215 cam.
650 2181 667 2212 ι
728 2160 922 2216 Nullus
990 2163 1136 2217 enim
1219 2162 1564 2218 sacerdotum
1640 2180 1859 2221 causam
1915 2183 2067 2222 suam

454 2254 632 2309 alieno
657 2256 963 2310 committat
995 2255 1223 2326 judicio,
1256 2256 1358 2311 nisi
1388 2256 1453 2311 ad
1476 2256 1672 2313 Sedem
1713 2259 2067 2329 apostolicam

454 2346 619 2402 fuerit
642 2346 1004 2417 appellatum.
1051 2348 1156 2404 Sed
1185 2351 1554 2421 unusquisque
1584 2352 2071 2423 comprovinciales

450 2439 687 2510 judices,
719 2450 777 2496 et
821 2451 978 2497 notos
1033 2442 1252 2510 habeat,
1308 2443 1410 2499 nisi
1458 2445 1693 2515 aliquam
1732 2448 1840 2500 vim
1895 2457 2067 2504 teme-

457 2532 617 2587 raria:
648 2533 1010 2588 multitudinis
1055 2534 1163 2589 illic
1213 2536 1475 2602 timuerit,
1523 2546 1616 2591 aut
1685 2538 1930 2607 infestos,
1978 2549 2071 2596 aut

456 2636 740 2697 suspectos
787 2629 915 2685 inihi
943 2629 1155 2699 judices
1202 2630 1474 2698 habuerit,
1520 2647 1619 2703 pro
1649 2633 1846 2703 quibus
1890 2636 2070 2691 causis

458 2718 526 2773 ad
557 2720 779 2790 majoris
808 2722 1147 2777 auctoritatis
1167 2723 1399 2792 jndices,
1437 2735 1492 2780 et
1520 2727 1585 2781 ad
1606 2725 1739 2783 alias
1763 2730 2069 2798 provincias

457 2813 735 2883 appellare
757 2822 813 2869 et
839 2815 1026 2871 venire
1052 2830 1372 2872 concessum
1407 2828 1508 2875 est.

531 2903 595 2958 ll.
626 2906 817 2960 Omnia
864 2922 994 2977 ergo
1037 2924 1157 2978 qua:
1185 2900 1446 2965 adversus
1470 2910 1496 2948 b
1527 2910 1780 2969 absentes
1825 2914 1876 2968 in
1924 2916 2073 2970 omni

461 2999 679 3069 negotio
704 3007 797 3053 aut
824 2999 945 3055 loco
974 3011 1207 3071 aguntur
1224 3012 1315 3058 aut
1331 3002 1664 3074 iudicantur,
1698 3008 1920 3065 omnino
1950 3024 2075 3065 eva-

460 3101 735 3147 cuentur:
803 3092 1055 3163 quoniam
1119 3093 1398 3152 absentem
1459 3099 1640 3155 nullus
1689 3100 1924 3167 addicit,
1975 3119 2076 3160 nec

1688 3235 1981 3292 LECTION
1990 3238 2074 3294 ES

703 3353 813 3420 Il”;
826 3340 1168 3420 θςηεάὶξὶιξηὶδ,
1188 3345 1446 3420 fulgataa.
1481 3347 1554 3420 sic
1591 3354 1637 3398 et
1665 3350 1854 3403 erca.
1881 3350 1997 3402 Alia
2020 3352 2075 3401 In

464 3404 743 3467 impietate.
772 3404 969 3457 Eafcusa
993 3404 1169 3459 habent
1189 3407 1247 3458 In
1281 3404 1635 3473 impietatihus.

2168 1885 2240 1939 ita
2266 1883 2594 1955 generaliter
2640 1882 2710 1938 ab
2761 1881 3016 1937 omnibus
3066 1878 3467 1936 custodiantur.
3505 1878 3669 1933 Bene
3717 1891 3805 1929 va—

2167 1978 2282 2034 lere
2326 1976 2717 2034 beatitudinem
2759 1985 2902 2031 tuam
2949 1990 3166 2046 semper
3193 1983 3467 2046 optamus,
3526 1982 3588 2028 et
3637 1969 3804 2026 sacris

2170 2070 2459 2126 virtutibus
2485 2068 2751 2142 prolicere
2781 2080 2832 2125 te
2849 2068 3245 2135 desideramus,
3275 2066 3443 2122 frater
3471 2062 3804 2123 charissime

2170 2174 2332 2235 atque
2374 2163 2765 2219 amantissime.
2812 2161 2945 2217 Data
2986 2160 3278 2217 undecimo
3314 2158 3599 2215 kalendas
3634 2156 3801 2228 junii,

2173 2256 2409 2313 Maximo
2456 2265 2513 2312 et
2533 2256 2698 2314 Decio
2734 2256 2867 2312 viris
2886 2254 3210 2312 clarissimis
3229 2251 3582 2310 consulibus.

2738 2413 3135 2471 DECRETUM.

2233 2537 2307 2588 Ex
2334 2534 2552 2587 Gratiani
2579 2534 2654 2598 (1)
2679 2534 2887 2598 decreto
2904 2535 3237 2597 demptum.
3264 2534 3312 2582 in
3333 2531 3595 2596 prioribus
3616 2528 3802 2579 Decre-

2674 2597 2857 2648 talibus
2890 2609 2988 2647 non
3011 2602 3235 2647 exstans.

2446 2701 2514 2759 Ut
2552 2719 2585 2757 a
2603 2702 2804 2774 jejunis
2823 2702 3117 2771 iuramenta
3138 2710 3470 2772 praestentur.

2252 2820 2547 2877 Honestum
2589 2820 2753 2877 etiam
2792 2818 3007 2875 videtur
3044 2826 3102 2874 ut
3149 2819 3241 2891 qui
3288 2819 3341 2873 in
3382 2817 3597 2873 sanctis
3645 2813 3800 2870 audet

2175 2916 2393 2987 jurare.
2431 2917 2535 2973 hoc
2586 2915 2806 2987 jejunus
2855 2914 3020 2971 faciat
3060 2928 3184 2970 cum
3238 2912 3385 2968 omni
3418 2913 3720 2969 honestate
3749 2914 3799 2962 ct

2182 3011 2379 3067 timore
2408 3009 2524 3076 Dei,
2565 3018 2620 3066 et
2647 3018 2706 3065 ut
2739 3008 2893 3081 pueri
2920 3016 3049 3065 ante
3071 3021 3248 3065 annos
3285 3003 3670 3079 quatordecim
3697 3014 3796 3056 non

2181 3114 2444 3177 cogantur
2466 3104 2670 3175 jurare.

2136 3238 2558 3297 VARIANTES.

2246 3351 2277 3389 ιι
2308 3354 2341 3403 3
2362 3366 2410 3418 q.
2436 3355 2483 3405 6.
2515 3352 2691 3407 Omnia
2713 3367 2824 3420 quw
2845 3355 3101 3412 adversus.

1802 3551 2166 3611 vamonun
2190 3514 2434 3610 Nom.

542 3676 761 3751 Nullus.
790 3681 951 3736 Amb.
985 3681 1087 3751 Ep.
1120 3682 1191 3738 29
1220 3683 1275 3737 in
1302 3684 1492 3739 decret.
1523 3687 1614 3743 lvo
1644 3689 1739 3744 lib.
1766 3705 1844 3743 tv.

537 3747 765 3825 iudices.
796 3747 1099 3825 "adhoc—ll.
1132 3755 1218 3810 17.
1246 3755 1377 3810 ltetn
1408 3756 1463 3824 5,
1492 3759 1547 3825 8,
1577 3759 1668 3823 '50,
1702 3760 1793 3822 52.
1824 3771 1931 3817 etc.

542 3821 788 3879 Damnat.
821 3824 986 3879 Conc.
1012 3824 1269 3882 Chalced.
1306 3821 1459 3884 initio
1487 3821 1712 3886 actionis
1742 3821 1811 3887 Χ.

469 3892 725 4020 2Οριειωι.
785 3896 924 3952 Sixti
974 3899 1125 3954 Sent.
1186 3898 1330 3967 176,
1387 3909 1443 3957 et
1489 3904 1649 3972 paulo
1710 3913 1831 3973 post
1883 3905 1992 3963 292
2031 3916 2084 3964 et

549 3984 601 4020 ὓ.

542 4035 684 4107 Ergo
709 4054 811 4095 non
848 4051 943 4096 est.
1002 4041 1057 4096 6.
1108 4056 1163 4113 q.
1210 4043 1263 4098 1.
1307 4043 1533 4115 Sapiens
1568 4064 1669 4104 non
1719 4061 1810 4106 est.
1870 4050 2083 4123 Allega-

2106 3692 2151 3756 C
2188 3700 2273 3748 tur
2316 3701 2500 3748 tamen
2541 3692 2613 3749 ibi
2657 3693 2758 3749 sub
2803 3694 3023 3751 nomine
3068 3693 3220 3750 Lucii
3270 3707 3423 3765 papa:
3467 3683 3795 3749 successoris

2187 3765 2449 3830 Cornelii,
2479 3765 2569 3821 ubi
2599 3766 2760 3822 etiam
2791 3766 3041 3822 habetur.

2260 3836 2401 3892 Bene
2424 3838 2614 3893 ualere.
2645 3839 2704 3895 S.
2734 3837 2913 3895 Bonif.
2942 3853 3030 3908 ep.
3060 3839 3115 3894 8.

2266 3908 2519 3964 Maximo.
2554 3914 2712 3965 Anno
2738 3909 2849 3966 250
2884 3920 2994 3965 aut.
3026 3925 3142 3979 seq.

2262 3979 2351 4036 Ea:
2388 3980 2644 4054 Gratiani.
2671 3981 2920 4054 ,Gratian.
2972 3982 3063 4048 16,
3108 3973 3203 4051 22,
3241 3998 3296 4054 q.
3326 3982 3380 4037 5.
3417 3982 3610 4039 Verius
3648 3993 3680 4035 e
3704 3973 3794 4031 Ca-

2193 4053 2407 4120 pitntar.
2439 4053 2477 4107 l.
2509 4069 2549 4120 1,
2581 4069 2633 4110 c.
2655 4053 2751 4111 65.
2783 4055 3115 4112 llanoouvus.

549 4341 2374 4366 d“"‘_—_-_————_—__—.—__——__-_—_—__—
2387 4360 3200 4367 ____.___—________‘____~
3217 4355 3728 4367 _‘.____'_____4__'»<

501 4376 664 4382 ’ψ’
718 4382 844 4394 ,δι-ο
945 4382 1516 4392 --Ψ-“-ί-ν-----
1537 4386 2518 4396 ——-o—-—_———.—.___.____
2531 4390 2896 4395 ¥,-__.,_____,_.
2943 4391 3062 4396 ____
3089 4391 3276 4396 _-____
3329 4392 3334 4394 _
3353 4391 3366 4395 Α
3405 4393 3408 4395 Δ
3433 4387 3688 4395 “,-,Ῠᾈ--ς
3709 4384 3735 4386 -νν

1697 4650 2577 4781 MONITUM.

561 4962 677 5023 Etsi
701 4983 852 5024 suam
884 4969 1119 5026 habeant
1143 4968 1416 5041 propriam
1450 4970 1886 5042 peculiaremque
1914 4973 2294 5031 collectionem
2323 4974 2588 5044 Concilia,
2613 4990 2713 5032 nec
2734 4990 2830 5047 per
2850 4990 2911 5033 se
2930 4977 2998 5034 ad
3030 4983 3270 5034 nostram
3298 4985 3554 5036 veterum
3582 4975 3782 5032 Patrum

482 5059 871 5119 Bibliothecam
902 5065 1227 5135 pertineant,
1280 5072 1463 5135 utpote
1505 5081 1625 5135 qtnn
1654 5080 1774 5121 eam
1801 5065 1912 5136 jam
1940 5066 2073 5122 satis
2095 5068 2241 5124 mole
2281 5084 2375 5125 sua
2425 5070 2771 5141 grandiorem
2805 5070 2856 5125 in
2890 5071 3212 5128 immensum
3239 5069 3522 5137 afferrent,
3556 5058 3781 5127 nonnullil

481 5165 666 5212 tamen
696 5158 869 5215 obiter
894 5163 1036 5217 inter
1056 5160 1256 5227 scripta
1285 5160 1499 5215 Patrum
1526 5161 1767 5218 inserere
1791 5164 2049 5234 oportuit,
2079 5164 2295 5235 quoties
2324 5181 2523 5235 nempe
2543 5208 2557 5228 .
2588 5166 2767 5238 qualia
2794 5174 2922 5222 sunt
2947 5182 3010 5223 ea
3038 5181 3159 5239 qua:
3202 5176 3528 5238 sequuntur,
3561 5168 3784 5221 necessa‘

488 5245 624 5302 riam
650 5246 852 5305 habent
876 5265 938 5307 ac
967 5251 1294 5309 iudivnlsam
1321 5268 1441 5309 cum
1465 5251 1720 5325 operibus
1750 5255 1970 5313 Patrum
1996 5256 2415 5313 connexionem.
2445 5256 2582 5314 Eon.

1646 5591 2641 5638 -—-—-i=30=.——-—-
