4000 6322
219 512 311 575 “
392 499 842 637 CONCILIA
928 511 1439 646 CARTHAGI

1445 520 1810 653 NENSIA
1855 568 1873 582 ·

1964 531 2378 664 EMPllBE
2464 536 2927 670 CORNELII
3007 546 3048 673 Ι
3133 548 3425 677 PAPIE

1723 395 3537 432 Ἥ

497 759 611 835 ΙΝ
640 762 984 841 CAUSA
1040 769 1620 848 LAPSOBUM
1661 776 1859 852 SUB
1902 779 1985 855 S.
2015 783 2604 910 SYPRIANO
2650 794 3337 875 CELEBBATA.

1572 1151 1763 1209 ANNO
1803 1153 2036 1211 DOMINI
2075 1157 2252 1217 CCLI.

817 1282 1256 1350 CONCILIUM
1299 1289 1975 1356 CARTHAGINENSE
2027 1297 2169 1360 SUB
2215 1302 2624 1372 CYPRIANO
2666 1312 3006 1379 PRIMUM.

1103 1430 1197 1496 (Ex
1220 1432 1515 1486 collectione
1533 1435 1797 1490 Concilior.
1818 1439 1938 1492 edit.
1959 1440 2071 1492 Joh.
2090 1441 2333 1498 Dominic.
2360 1448 2559 1513 Mansi.,
2589 1457 2623 1504 t.
2652 1454 2715 1519 Ι.)

324 1583 752 1686 Carthaginiense
795 1591 1083 1686 concilium
1134 1591 1235 1686 hoc
1295 1594 1535 1650 habitum
1588 1606 1673 1652 est
1715 1596 1846 1655 Car-
1876 1603 1922 1662 B
1950 1598 2007 1654 id
2054 1611 2244 1671 aperte
2296 1614 2511 1661 constat
2558 1622 2625 1662 ex
2676 1607 2916 1679 Epistola
2972 1612 3225 1686 Cypriani
3276 1618 3346 1673 52
3391 1630 3445 1675 et
3476 1618 3562 1683 53$.

254 1675 487 1748 thagine'
507 1688 631 1748 post
677 1680 908 1751 Pascha,
955 1700 1098 1739 anno
1145 1685 1358 1741 Domini
1398 1687 1508 1743 254
1546 1688 1860 1763 (l),cstque

248 1768 524 1841 Cypriane
553 1773 811 1844 episcopo
849 1785 1070 1832 auctore
1106 1788 1480 1835 convocatum.
1529 1782 1684 1839 Initio
1715 1785 1861 1843 illius

251 1862 435 1934 legati,
491 1880 628 1935 quos
676 1866 1004 1925 Novatianus
1047 1886 1170 1927 eum
1245 1873 1441 1930 litteris
1511 1876 1578 1931 ad
1650 1879 1859 1934 Africa-

248 1969 375 2010 nam
400 1957 686 2015 ecclesiam
707 1962 922 2032 scriptis
946 1962 1291 2035 allegaverat,
1312 1983 1339 2019 a
1358 1967 1627 2040 Cypriano
1641 1986 1831 2027 excom
1845 2006 1859 2016 -

245 2051 597 2109 municantur
637 2048 870 2112 :Patres
914 2069 1095 2112 autem
1158 2059 1209 2114 in
1278 2061 1489 2133 synodo
1548 2068 1857 2136 congregati

252 2145 465 2201 litteras
520 2164 732 2217 eorum,
773 2166 908 2222 quas
961 2153 1061 2223 ipsi
1117 2154 1402 2211 calumniis
1455 2166 1510 2212 et
1564 2159 1860 2216 mendaciis

246 2240 302 2295 in
326 2250 573 2296 sanctum
596 2242 907 2299 Cornelium
930 2246 1270 2317 plenissimas
1299 2248 1509 2319 publice
1537 2251 1589 2306 in
1622 2253 1856 2309 concilio

244 2334 353 2405 legi
397 2335 679 2407 urgebant,
725 2339 1033 2396 schismatis
1059 2357 1223 2397 causa
1255 2358 1323 2399 ex
1371 2345 1568 2401 litteris
1595 2344 1855 2413 Cornelii,

246 2426 517 2484 relatione
540 2431 896 2500 quorumdam
922 2434 1170 2491 ecclesia:
1211 2436 1453 2507 ejusdem
1480 2440 1858 2510 episcOporum

245 2518 418 2575 Roma
443 2525 827 2579 revertentium
859 2525 1018 2595 plene
1033 2529 1555 2603 cognita,rejiciunt,
1583 2543 1855 2606 tamquam

245 2616 495 2688 indignas
522 2634 642 2689 qute
670 2618 722 2673 in
750 2628 860 2676 tam
896 2636 1054 2679 sacro
1084 2624 1426 2681 sacerdotum
1458 2637 1733 2684 conventu
1773 2629 1855 2686 le-

242 2716 439 2779 gantur
467 2720 521 2765 et
557 2711 844 2768 audiantur
883 2712 1218 2788 (Cyprianus,
1250 2716 1422 2785 Epist.
1450 2721 1543 2788 41,
1572 2721 1644 2775 42
1668 2729 1722 2777 et
1741 2720 1857 2793 55).

245 2806 638 2876 Felicissimus,
670 2810 981 2868 schismatis
1026 2813 1263 2869 Africani
1316 2814 1501 2872 infelix
1555 2829 1773 2882 auctor,
1804 2829 1858 2875 et

241 2904 483 2972 quinque
524 2903 606 2959 illi
652 2906 956 2978 presbyteri
1004 2908 1462 2979 Carthaginenses
1506 2912 1627 2968 lidei
1671 2912 1857 2969 deser-

1964 1692 2091 1748 item
2117 1709 2182 1749 ex
2215 1695 2408 1752 litteris
2435 1700 2709 1772 synodicis
2734 1703 2799 1757 ad
2827 1703 3136 1760 Cornelium
3170 1711 3403 1780 scriptis,
3426 1729 3560 1784 qua—

1961 1803 2079 1841 rum
2102 1788 2319 1858 quidem
2339 1789 2395 1845 S.
2421 1792 2745 1865 Cyprianus,
2769 1795 2937 1866 Epist.
2963 1798 3053 1865 42,
3074 1803 3335 1864 meminit.
3367 1805 3460 1860 sed
3486 1807 3567 1860 in-

1957 1879 2098 1950 juria
2130 1892 2431 1952 temporum
2461 1886 2869 1945 interciderunt.
2926 1890 3211 1948 Decretum
3259 1903 3344 1949 est
3384 1896 3438 1950 in
3470 1897 3573 1951 hoc

1963 1973 2218 2040 concilio,
2252 1985 2307 2030 ut
2345 1976 2481 2047 lapsi
2529 1980 2896 2049 pmoitentiam
2939 1992 3163 2054 agentes
3214 1988 3265 2040 in
3307 1986 3561 2042 Ecclesia:

1963 2070 2401 2125 communionem
2443 2072 2661 2141 quidem
2712 2076 3078 2145 recipiantur;
3130 2078 3224 2134 sed
3277 2097 3383 2135 nou
3432 2082 3560 2137 citra

1965 2170 2246 2230 urgentem
2272 2163 2649 2220 necessitatem
2672 2177 2797 2223 ante
2822 2170 3206 2226 satisfactionis
3235 2181 3447 2243 tempus
3473 2175 3566 2228 im-

1966 2253 2169 2322 pletum
2202 2254 2575 2314 admittantur.
2630 2257 2754 2314 Haec
2803 2261 3102 2332 Cyprianus
3155 2263 3330 2334 Epist.
3362 2264 3452 2330 52,
3502 2268 3568 2319 ad

1968 2347 2331 2403 Antonianum
2377 2351 2620 2406 scribens
2646 2352 2728 2408 his
2758 2354 2937 2409 verbis
2982 2355 3247 2426 signiﬁcat
3277 2376 3290 2413 :
3323 2377 3343 2411 ί
3371 2357 3577 2415 Secun-

1962 2440 2088 2496 dum
2127 2443 2268 2511 quod
2316 2452 2491 2500 tamen
2537 2455 2690 2502 antea
2722 2446 2895 2503 fuerat
2923 2449 3277 2518 destinatum,
3309 2467 3570 2521 persecu-

1964 2535 2111 2590 tione
2134 2537 2359 2607 sospita,
2388 2552 2508 2593 cum
2528 2540 2649 2594 data
2679 2552 2822 2597 esset
2846 2544 3071 2599 facultas
3101 2545 3152 2599 in
3179 2561 3341 2601 unum
3357 2562 3563 2603 conve-

1963 2628 2165 2695 niendi,
2199 2630 2451 2700 copiosus
2466 2632 2841 2703 episcoporum
2868 2651 3141 2703 numerus,
3169 2653 3304 2707 quos
3331 2643 3570 2710 integros

1959 2733 2014 2778 et
2045 2723 2344 2779 incolumes
2378 2723 2514 2781 ﬁdes
2559 2741 2654 2781 sua
2700 2738 2756 2783 et
2787 2729 2996 2783 Domini
3032 2731 3194 2786 tutela
3224 2733 3477 2801 protexit,
3506 2735 3560 2790 in

1960 2833 2124 2872 unum
2157 2819 2510 2873 convenimus
2536 2839 2547 2874 :
2575 2831 2629 2876 et
2655 2824 2934 2891 scripturis
2956 2823 3044 2877 diu
3068 2839 3136 2879 ex
3166 2834 3389 2896 utraque
3418 2837 3568 2896 parte

1960 2910 2209 2981 prolatis,
2255 2922 2741 2981 temperamentum
2771 2915 2973 2969 salubri
3007 2915 3377 2974 moderatione
3401 2917 3566 2973 libra-

243 3006 415 3064 tores,
463 3014 527 3053 ac
556 2998 881 3057 scliismatici
929 3004 1168 3069 sectarii,
1213 3004 1279 3059 de
1317 3005 1511 3075 quibus
1550 3005 1854 3079 Cyprianus
1881 3002 1927 3066 C
1960 3005 2138 3060 vinms
2165 3047 2179 3069 ,
2210 3015 2267 3059 ut
2288 3021 2388 3061 nee
2417 3009 2468 3060 in
2496 3014 2670 3062 totum
2698 3023 2823 3077 spes
2858 3008 3361 3066 communicationis
3386 3021 3439 3067 et
3466 3028 3563 3080 pa-

247 3088 444 3160 (Epist.
479 3090 600 3163 η),
644 3093 754 3163 jam
781 3103 907 3151 ante
935 3096 1015 3151 bis
1044 3100 1514 3166 excommunicati,
1547 3101 1598 3154 iu
1630 3100 1732 3157 hoc
1769 3116 1856 3156 sa-

241 3200 339 3240 cro
368 3188 751 3258 episcoporum
779 3201 1073 3260 conventu,
1107 3208 1323 3248 causam
1354 3209 1504 3250 suam
1553 3197 1721 3251 acturi
1762 3201 1861 3253 ad-

241 3288 393 3344 sunt,
428 3280 739 3350 audiuntur,
774 3294 828 3340 et
856 3285 1073 3341 demum
1108 3288 1271 3343 tertio
1302 3289 1856 3346 excommunicantur.

317 3481 436 3564 (l)_n
456 3482 810 3564 Doctissimus
864 3486 994 3559 Pagi
1061 3489 1151 3564 qui
1216 3488 1529 3564 Cornelium
1584 3505 1854 3564 summum

245 3552 622 3636 Pontiﬁcatum
648 3552 1115 3636 adeptumstatuit
1143 3575 1244 3636 an._
1260 3560 1609 3636 251anarto
1655 3562 1740 3619 die
1761 3562 1851 3636 ju-

244 3624 340 3708 ttii,
373 3623 474 3708 hoc
499 3627 727 3694 primum
754 3623 1196 3700 'Carthagineuse
1222 3628 1350 3708 ‘sub
1373 3623 1647 3708 Cypriane
1673 3623 1854 3689 colici-

242 3696 372 3773 lium
410 3696 702 3773 incoeptum
750 3696 1000 3773 autumat
1040 3720 1223 3759 mense
1251 3706 1391 3761 maio
1424 3696 1681 3773 'e'jusdcm
1721 3721 1849 3762 ann.

239 3766 370 3834 251,
424 3766 810 3826 ειηιάϐοιίιώϋ
864 3773 923 3828 P.
974 3773 1365 3830 ordinationem
1410 3766 1568 3831 et'atl
1603 3792 1845 3833 mensem

241 3849 529 3909 augustum
558 3856 727 3914 usque
751 3855 1113 3915 prorogatum.
1147 3846 1369 3903 COLETI.

1963 3099 2042 3154 cis
2071 3100 2235 3170 lapsis
2286 3099 2665 3171 denegaretur,
2701 3116 2769 3156 ne
2803 3101 2923 3171 plus
2958 3101 3339 3172 chperatione
3367 3103 3569 3162 deﬁce-

1964 3202 2104 3259 rent,
2124 3202 2265 3247 eteo
2294 3193 2437 3263 quod
2468 3193 2568 3247 sibi
2601 3193 2840 3248 Ecclesia
2871 3194 3237 3258 clauderetur,
3260 3197 3429 3251 secuti
3463 3210 3566 3250 sa!-

1964 3286 2170 3353 culum,
2226 3286 2500 3357 gentiliter
2548 3286 2832 3342 viverent:
2865 3302 2964 3342 nec
3007 3299 3183 3342 tamen
3228 3303 3412 3344 rursus
3442 3303 3572 3344 cen~

1965 3396 2091 3435 sura
2120 3380 2430 3452 cvangelica
2472 3380 2775 3435 solveretur
2815 3390 2872 3435 ut
2910 3381 2975 3435 ad
3017 3382 3564 3438 communicationem

1967 3484 2171 3530 temere
2197 3474 2530 3545 prosilirent,
2558 3472 2656 3529 sed
2694 3473 3000 3529 traheretur
3021 3475 3109 3529 ditt
3142 3475 3480 3545 paenitentia,
3513 3488 3567 3531 et

1960 3579 2238 3638 rogaretur
2278 3566 2525 3621 dolenter
2571 3576 2794 3636 paterna
2838 3567 3145 3634 clementia,
3191 3576 3247 3621 ct
3290 3568 3565 3622 examina-

1958 3672 2145 3716 rentur
2183 3675 2359 3716 causae
2413 3671 2468 3715 et
2522 3660 2831 3714 voluntates
2883 3668 2937 3713 et
2981 3659 3330 3713 necessitates
3376 3658 3561 3730 singu-

1959 3754 2151 3809 lorum.
2196 3774 2213 3805 ι
2246 3753 2380 3809 Vide
2408 3752 2607 3807 Baron.
2632 3766 2775 3807 anno
2801 3749 3002 3806 Christi
3028 3751 3155 3819 2M,
3180 3766 3328 3805 num.
3352 3751 3440 3816 85,
3475 3766 3564 3805 us—

1956 3862 2061 3920 que
2086 3847 2149 3902 ad
2175 3844 2246 3904 90
2272 3845 2567 3902 exclusive.
2615 3844 2890 3900 LABBAEUS.

1572 3983 1755 4040 ANNO
1800 3984 2032 4041 DOMINI
2073 3982 2274 4039 CCLII.

337 4091 931 4167 CONCILIUM
986 4095 1941 4170 CARTHAGINENSE
2007 4097 2208 4170 SUB
2264 4090 2829 4166 CYPRIANO
2886 4086 3478 4166 SECUNDUM

737 4205 817 4266 IN
862 4203 1118 4269 CAUSA
1164 4205 1877 4272 SCHISMATICORUM
1920 4205 2399 4270 FELICISSIMI
2441 4206 2546 4267 ET
2590 4203 3065 4266 NOVATIANI.

1388 4313 1486 4377 (Ex
1504 4313 1698 4365 collect.
1724 4313 1907 4367 Concil.
1932 4313 2051 4363 edit.
2079 4312 2247 4362 Mansi.
2277 4319 2312 4360 t.
2340 4309 2407 4374 Ι.)

318 4428 431 4483 lloc
479 4405 765 4484 concilium
820 4440 965 4483 anno
1030 4424 1242 4480 Domini
1291 4423 1418 4481 εδδ.
1485 4422 1668 4480 Idibus
1724 4423 1847 4479 Maii

1578 4536 1940 4594 VARIORUM

324 4640 474 4692 Anno
511 4635 720 4691 Domini
743 4636 873 4693 255.
905 4637 1064 4692 Anno
1107 4634 1286 4703 potius
1336 4631 1477 4696 252,
1502 4630 1679 4688 idibus
1705 4631 1853 4697 maii,

1956 4422 2280 4494 Carthagine
2307 4422 2357 4477 in
2382 4419 2560 4477 Africa
2587 4422 2917 4478 celebratum
2941 4432 3042 4488 est,
3072 4422 3122 4477 in
3144 4436 3305 4478 causa
3326 4421 3559 4477 duorum

2005 4535 2234 4593 ΝΟΤΕ.

1961 4643 2045 4687 est
2078 4640 2255 4686 autem
2299 4630 2570 4696 Baluzius,
2630 4640 2683 4685 ut
2728 4645 2889 4699 supra
2939 4629 3148 4684 ostendi
3191 4629 3257 4683 ad
3299 4628 3562 4685 CORNELII

235 4711 394 4780 juxta
428 4691 758 4764 exactiorem
787 4691 910 4775 Pagi
937 4691 1365 4777 chronologiam,
1422 4691 1581 4776 quem
1634 4691 1856 4760 consule
1881 4691 1934 4751 D
1963 4702 2282 4780 [fragmenta
2316 4720 2435 4780 pag.
2456 4691 2569 4780 _18_.
2599 4711 2723 4780 ante
2748 4691 2949 4757 editum
2992 4717 3134 4757 anno
3173 4700 3310 4757 i727
3333 4718 3361 4755 a
3390 4701 3565 4780 Bene-

240 4785 307 4836 :ttl
338 4799 467 4837 amt.
500 4781 630 4846 ⁸252,
655 4798 709 4835 n.
740 4782 793 4836 8.
826 4781 1049 4836 (Σοιετι.

316 4852 722 4922 Carthaginense
763 4852 1057 4917 concilium,
1109 4859 1215 4905 etc.
1253 4848 1849 4922 Carrthagiuensequi-

242 4926 405 4987 dem,
451 4920 591 4994 quod
642 4925 870 4994 primum
914 4932 1149 4985 vocant,
1198 4920 1494 4994 concilium
1545 4921 1646 4975 sub
1698 4920 1847 4994 initia

246 4999 408 5066 hujus
453 4991 670 5056 smeuli'.
730 4995 857 5049 dum
912 4994 1200 5066 episcopus
1232 4991 1577 5066 Carthagine
1625 4991 1850 5066 sedebat

245 5062 607 5136 Agrippinus,
650 5068 717 5121 ab
748 5062 1026 5121 Africae'et
1056 5062 1317 5120 Numidia:
1344 5064 1615 5134 episcopis
1645 5062 1713 5117 de
1757 5077 1843 5136 r_e—

247 5132 579 5207 baptiz'audis
622 5137 895 5193 hmreticis
948 5144 1105 5191 antea
1139 5132 1693 5192 lueratcelebratum.
1764 5132 1844 5188 De

245 5212 424 5283 primo
461 5221 639 5266 autem
671 5210 772 5283 sub
818 5209 1087 5283 Cypriane
1116 5206 1641 5283 Conciliononnulla
1670 5216 1848 5260 exstat

247 5279 451 5337 intentio
479 5298 597 5336 mox
634 5280 773 5336 infra
805 5279 873 5335 ad
892 5280 1098 5334 initimn
1127 5279 1403 5350 sequentis
1429 5279 1693 5346 cpistola‘,
1724 5291 1844 5350 quae

247 5355 464 5425 quidem
506 5354 730 5424 epistola
753 5351 818 5407 ad
833 5351 956 5425 _boc
996 5348 1321 5425 concilium,
1353 5351 1492 5425 quod
1522 5350 1721 5425 dicitur
1748 5348 1848 5425 Se-

246 5421 505 5489 cundum,
529 5421 781 5495 pertinet.
830 5423 885 5479 In
910 5439 1012 5494 qua
1034 5422 1252 5493 Synodo
1272 5421 1506 5477 secunda
1522 5421 1847 5495 Cyprianica

247 5497 480 5563 edenda,
516 5490 626 5551 tum
660 5498 709 5550 in
741 5490 980 5565 quinque
1012 5490 1136 5554 illis.
1166 5509 1287 5565 quae
1312 5490 1634 5565 sequuntur,
1655 5490 1848 5565 editio-

252 5585 374 5624 nem
404 5585 613 5639 Operam
645 5568 704 5624 S.
737 5562 984 5639 Cypriani
1021 5562 1444 5639 Benetlictinam,
1479 5579 1572 5617 seu
1605 5562 1847 5639 Baluzia-

252 5657 400 5706 nam,
438 5634 548 5695 'uisi
583 5641 666 5693 ubi
697 5634 999 5694 de'rariata
1054 5639 1280 5691 lectione
1328 5637 1581 5707 lectorem
1636 5634 1848 5707 mortui,

252 5704 466 5780 semper
496 5721 712 5766 secutus
757 5725 900 5776 sum,
946 5709 1144 5779 quippe
1174 5723 1294 5762 eum
1328 5704 1515 5762 eadem
1554 5720 1587 5780 _a
1625 5704 1854 5780 _l_3aluzi0

255 5775 385 5852 post
401 5785 570 5837 visam
602 5783 670 5835 ab
694 5796 782 5847 eo,
818 5775 1126 5835 utex'no'tis
1150 5780 1267 5852 ejus
1289 5788 1520 5852 constat,
1543 5775 1595 5832 J.
1617 5775 1855 5852 liardui-

257 5847 308 5911 iii
339 5852 703 5912 Conciliorum
733 5852 1025 5908 editionem
1054 5893 1066 5919 ,
1100 5851 1358 5906 adornata
1389 5848 1567 5905 fuerit.
1616 5847 1856 5903 Mortuus

1957 4772 2177 4829 dietiuis
2220 4772 2499 4829 monaChis
2529 4772 2854 4845 Cyprianum
2889 4784 3013 4828 octo
3063 4788 3254 4836 annos,
3278 4781 3441 4845 atque
3472 4773 3561 4845 in-

1957 4857 2101 4902 terea
2126 4845 2323 4915 prodiit
2343 4842 2642 4901 Constantii
2671 4860 2828 4910 opus,
2853 4845 2941 4915 qui
2964 4860 3105 4899 anno
3131 4845 3261 4899 1721
3294 4842 3559 4916 Epistolas

1960 4914 2273 4985 Pontiﬁcum
2302 4918 2650 4972 Romanorum
2667 4917 2851 4980 edidit,
2873 4914 2925 4970 in
2949 4916 3142 4984 quibus
3172 4917 3305 4970 duas
3329 4914 3395 4971 ex
3417 4914 3562 4983 epis-

1954 4990 2077 5044 tolis
2098 4989 2180 5042 his
2201 4989 2487 5059 Synodicis
2513 4988 2739 5057 primam
2769 4999 2823 5042 et
2852 4991 3090 5058 quintam
3117 4987 3379 5056 reposuit.
3405 4987 3559 5054 Quod

1950 5061 2017 5114 ad
2059 5060 2203 5114 aliud
2244 5058 2528 5127 quoddam.
2566 5061 2854 5114 concilium
2892 5061 3081 5113 attinet
3119 5069 3315 5127 praeter
3352 5068 3559 5129 septem

1949 5132 2047 5186 ista
2077 5129 2396 5202 Cypriauica
2417 5172 2431 5191 .
2484 5130 2550 5185 ad
2579 5142 2829 5185 octavum
2852 5131 2992 5184 istud
3021 5131 3156 5184 duas
3176 5130 3432 5200 epistolas
3448 5129 3559 5200 Cy-

1949 5205 2236 5272 prianicas,
2263 5202 2379 5256 scil.
2412 5210 2580 5257 vaet
2602 5218 2746 5264 wa,
2768 5203 2882 5257 sive
2903 5217 2960 5256 ιιι
2988 5212 3043 5256 et
3072 5217 3111 5267 ι,
3139 5202 3410 5269 pertinere
3427 5217 3527 5256 cen
3546 5232 3562 5242 -

1950 5285 2029 5328 set
2063 5284 2180 5343 post
2196 5274 2329 5328 alios
2353 5273 2714 5328 Emmanuela
2731 5273 3082 5344 Scbelstrate,
3100 5272 3297 5328 Ecclcs.
3323 5275 3560 5344 African.

1952 5344 2167 5400 Dissert.
2200 5360 2279 5411 ιιι,
2322 5360 2441 5414 cap.
2484 5346 2537 5408 l,
2571 5359 2625 5414 p.
2672 5346 2792 5399 121.
2828 5342 3096 5414 Refragati
3139 5355 3319 5399 autem
3353 5342 3564 5400 fuerant

1952 5417 2076 5472 huic
2122 5418 2406 5471 sententiae.
2449 5427 2555 5487 tam
2601 5416 2925 5472 Pearsonius
2973 5416 3024 5469 in
3070 5417 3354 5473 Annalibus
3403 5416 3561 5487 Cypr.

1950 5503 2108 5558 quam
2140 5488 2321 5543 Fellus
2349 5487 2414 5540 ad
2443 5486 2998 5559 Cyprianum_ipsutn,
3041 5487 3168 5543 dum
3200 5484 3562 5544 monent'cla-

1956 5557 2156 5614 rissimi
2201 5557 2690 5631 pra-sules,'verba,
2743 5557 2997 5627 Collegae,
3035 5562 3122 5631 qui
3152 5570 3423 5627 praesentes
3444 5559 3600 5631 ade--

1956 5641 2095 5696 rant,
2122 5646 2331 5684 sacram
2376 5630 2639 5700 synodum
2684 5631 2823 5699 apud
2854 5630 3181 5702 Cyprianum
3225 5646 3441 5699 seraper
3485 5630 3565 5702 si-

1957 5717 2121 5773 gnare
2146 5718 2250 5755 non
2281 5702 2489 5765 solere;
2524 5715 2586 5755 ac
2619 5717 2779 5771 porro
2804 5700 3029 5757 solenne
3052 5701 3167 5758 fere
3192 5716 3312 5757 esse
3337 5700 3563 5773 Cypria-

1962 5790 2030 5828 no
2063 5775 2114 5827 in
2139 5773 2384 5840 epistolis
2411 5773 2699 5844 Synodicis
2729 5774 2944 5828 noiniua
2991 5775 3369 5845 episuiporum
3400 5786 3568 5845 appo-

1960 5861 2112 5912 nere,
2145 5860 2263 5915 qum
2291 5842 2504 5914 quidem
2539 5846 2609 5900 ibi
2634 5862 2737 5900 non
2761 5842 3094 5917 corriperent.
3144 5847 3323 5915 Itaque
3353 5859 3413 5897 ea
3440 5842 3560 5913 qui-
