4068 6324
520 331 619 388 851
1833 321 2172 383 EPISTULA
2218 321 2556 383 SYNODICA
3732 324 3832 382 852

518 445 994 501 schismaticorum
1022 486 1038 514 ,
1079 443 1397 501 Felicissimi
1431 442 1708 511 nimirum,
1740 451 1794 498 et
1817 439 2122 507 Novatiani,
2152 444 2205 503 Α
2230 442 2343 497 suis
2374 441 2599 496 introire
2644 440 2869 496 tentavit
2905 441 3155 513 quidem,
3187 442 3280 498 sed
3312 441 3437 517 quia
3483 450 3649 498 antea
3698 458 3833 513 saepe

518 551 750 607 quorum
782 536 871 594 ille
900 551 1090 594 omnes
1113 538 1333 595 omnino
1362 534 1544 605 lapsos
1571 534 1775 605 absque
1810 534 2126 605 paenitentia

518 648 649 688 mox
694 632 893 701 suscipi
938 631 1139 686 debere
1184 629 1531 699 pertinaciter
1557 625 1903 683 defendebat.
1949 625 2126 680 Nova-

514 724 697 779 tianus
724 738 856 779 vero
907 724 958 778 in
1007 723 1238 778 alterum
1276 733 1581 781 extremum
1631 721 1794 777 nimis
1824 718 2123 782 declinans,

430 859 437 865 ι
519 818 794 874 nemiuem
825 832 1010 872 eorum
1050 818 1137 886 qui
1166 816 1302 886 lapsi
1341 824 1526 870 essent
1554 815 1606 868 in
1649 814 1942 869 Ecclesiam
1985 814 2125 867 reci-

518 911 770 983 piendum
804 925 924 965 esse
955 925 1060 965 non
1092 910 1301 964 minore
1342 909 1638 979 pertinacia
1683 907 1981 963 asserebat.
2038 906 2117 961 Ad

515 999 659 1056 hanc
680 1016 808 1073 ergo
836 1003 1259 1057 controversiam
1286 1000 1775 1068 determinandam,
1805 1001 2126 1056 auctoritate

516 1093 771 1166 Cypriani
794 1096 1054 1167 episcopi,
1083 1095 1435 1167 quadraginta
1461 1096 1566 1151 duo
1591 1094 1829 1167 episcopi
1856 1094 2124 1155 Africana:

516 1187 779 1243 Ecclesia:
803 1200 1216 1261 congregantur,
1232 1190 1346 1261 qui,
1366 1190 1538 1245 media
1570 1191 1652 1245 via
1680 1189 2012 1256 incedentes,
2035 1190 2126 1244 de-

515 1282 806 1338 ﬁniverunt
828 1283 992 1353 lapsis
1020 1283 1253 1340 reditum
1282 1284 1348 1341 ad
1377 1282 1673 1345 Ecclesium
1704 1284 2122 1354 postulantibus,

515 1390 707 1445 pacem
730 1388 783 1433 et
807 1378 1302 1434 reconciliationem
1334 1378 1740 1434 concedendam
1772 1392 1916 1443 esse,
1949 1379 1993 1434 si
2026 1379 2125 1433 im-

517 1472 748 1541 positam
788 1471 889 1527 sibi
923 1473 1291 1543 ptenitentiam
1321 1472 1764 1544 adimplevissent
1792 1490 1805 1526 :
1844 1471 2005 1542 idque
2029 1487 2121 1528 or-

518 1563 727 1620 dinarie
747 1565 1024 1621 observari
1041 1566 1459 1633 constituerunt,
1481 1566 1582 1621 nisi
1609 1567 1694 1623 vel
1718 1567 1842 1621 vitae
1864 1578 2123 1623 extrema:

518 1657 816 1726 periculum
845 1656 1156 1725 imminens,
1196 1661 1282 1715 vel
1316 1659 1523 1717 instans
1551 1670 1901 1730 tyrannorum
1934 1675 2121 1731 perse-

514 1749 682 1816 eutio,
713 1766 872 1820 quam
913 1749 1144 1805 futuram
1192 1767 1312 1808 esse
1339 1751 1575 1824 Spiritus
1603 1762 1822 1808 sanctus
1852 1753 2121 1825 Cypriano

2231 535 2516 590 damnatus
2543 533 2748 602 luisset,
2775 534 3023 603 repulsus
3049 543 3163 591 est:
3193 550 3295 607 qna
3325 534 3393 592 de
3413 550 3575 595 causa
3609 534 3720 601 ille,
3754 551 3831 591 so.

2231 629 2329 684 ciis
2359 628 2676 693 quibusdam
2707 628 2969 695 Collectis,
3001 629 3355 684 Fortunatum
3394 630 3688 700 quemdam
3718 646 3834 700 pro-

2231 719 2413 791 l'ttgnm
2463 729 2517 779 et
2543 720 2872 789 ahsteutum,
2903 721 3163 779 adversus
3207 722 3561 795 Cyprianum,
3607 723 3833 793 pseudo-

2229 811 2545 882 episcopum
2573 822 2742 878 creat,
2784 823 2838 866 et
2861 823 3044 883 postea
3074 813 3255 868 statim
3288 828 3382 884 per
3415 813 3830 878 Felicissimum,

2232 915 2286 961 et
2319 922 2567 977 magnam
2608 906 3074 961 schismaticorum
3122 915 3395 963 catervam
3426 906 3492 961 ad
3522 907 3832 963 Cornelium

2229 1016 2417 1072 papam
2451 1002 2749 1072 ablegatam
2773 1045 2787 1068 ,
2839 1010 2895 1057 ut
2938 1002 3246 1058 schismatis
3286 1012 3342 1058 et
3386 1002 3637 1057 luerseos
3676 1002 3835 1072 suspi-

2228 1097 2438 1153 cionem
2466 1106 2791 1163 averterent,
2845 1097 3157 1167 apostolica:
3195 1096 3353 1154 Sedis
3398 1098 3831 1153 communionem

2229 1190 2459 1246 sollicite
2490 1190 2779 1245 admodum
2808 1199 3085 1261 appetunt.
3115 1190 3310 1245 Verum
3328 1206 3451 1245 cum
3480 1188 3720 1245 Romam
3749 1191 3832 1244 ad-

2229 1286 2594 1356 navigassent,
2618 1294 2671 1341 et
2699 1301 2727 1340 a
2758 1285 3012 1356 pontiﬁce
3051 1284 3304 1342 Cornelio
3327 1287 3627 1355 aliquoties
3665 1287 3831 1342 audiri

2227 1390 2281 1435 et
2303 1381 2465 1452 recipi
2501 1379 2892 1452 postulassent,
2923 1380 3084 1450 eique
3123 1388 3310 1435 contra
3335 1376 3680 1451 Cyprianum
3708 1398 3832 1451 que-

2227 1474 2372 1531 relas
2409 1472 2603 1529 oﬂ'erre
2650 1480 2975 1537 tentassent,
3020 1472 3089 1526 ab
3128 1472 3320 1527 eodem
3353 1472 3609 1543 protinus
3657 1473 3831 1543 rejecti

2227 1575 2382 1623 sunt:
2411 1567 2608 1637 quippe
2625 1566 2715 1637 qui
2744 1581 2837 1636 per
2863 1564 3070 1621 litteras
3093 1581 3122 1623 a
3147 1561 3419 1638 Cypriane
3441 1567 3705 1637 scriptas,
3741 1567 3829 1620 hos

2226 1658 2536 1717 schismatis
2557 1669 2716 1729 atque
2741 1659 3012 1713 ltazreseos
3028 1668 3279 1731 anetores
3299 1658 3361 1717 et
3382 1666 3830 1732 propugnatores,

2228 1751 2481 1825 profugos
2525 1761 2580 1809 et
2633 1751 2906 1816 absentes,
2953 1751 3064 1821 jam
3109 1750 3240 1807 satis
3290 1753 3663 1822 cognovisset.
3711 1750 3832 1807 Vide

516 1842 884 1911 revelaverat,
930 1844 1365 1914 pcenitentiarnm
1397 1845 1758 1917 injunctarum
1780 1888 1794 1913 ,
1828 1857 1921 1902 aut
1960 1849 2120 1904 etiam
2150 1848 2199 1910 B
2231 1848 2516 1903 Baronium
2548 1861 2691 1901 anno
2716 1844 2843 1912 255,
2877 1860 3027 1903 ηυιη.
3066 1844 3118 1913 5,
3165 1845 3541 1917 sequentibus.
3572 1845 3831 1918 Synodica

514 1935 988 2009 iujungendarum,
1037 1936 1452 2009 indulgentiam,
1485 1939 1875 1997 relaXatiouem
1918 1949 1973 1996 et
2008 1942 2122 1998 dis-
2232 1939 2460 2011 cpistola
2483 1938 2547 1993 ad
2568 1937 2881 1995 Cornelium
2901 1938 3217 1994 transmissa
3246 1948 3419 1997 exstat
3446 1939 3593 2009 apud
3621 1938 3835 2011 Cypria—

512 2030 890 2100 pensationcm
909 2033 1226 2104 postularet.
1249 2035 1797 2106 Privatus,veterator
1816 2040 2124 2109 ltmreticus,
2230 2050 2378 2099 num,
2412 2034 2550 2088 inter
2573 2047 2698 2089 suas
2719 2032 2809 2098 54,
2825 2048 2984 2102 quam
3018 2032 3120 2089 huc
3135 2032 3505 2089 transtulimus
3531 2034 3832 2090 commode.

518 2134 578 2180 ut
599 2140 817 2187 causam
845 2142 998 2185 suam
1042 2139 1247 2201 ageret,
1280 2131 1345 2187 ad
1381 2132 1520 2189 hanc
1546 2131 1813 2204 synodum
1858 2135 1974 2203 ipse
2002 2150 2125 2191 cum

1498 2288 1968 2340 CARTHAGINENSIS,
2002 2291 2266 2331 CYPRIANI.
2314 2272 2421 2347 (Ex
2448 2274 2621 2330 libello
2644 2274 2934 2347 synodico.)

2311 2391 2561 2463 Synodus
2599 2391 2778 2449 divina
2815 2400 2870 2447 et
2897 2406 3047 2453 sacra
3093 2393 3461 2465 provincialis,
3494 2392 3836 2466 Carthagine,

2242 2502 2376 2540 nova
2405 2484 2601 2541 Africa:
2632 2487 2847 2542 civitate
2874 2486 3034 2555 dicta,
3083 2487 3308 2545 collecta
3339 2503 3368 2545 a
3405 2502 3568 2551 sacro
3616 2497 3838 2558 martyre

2239 2577 2530 2652 Cypriano,
2562 2582 2651 2651 qui
2684 2580 2801 2650 ejus
2826 2588 2941 2635 erat
2972 2580 3280 2653 episcopus,
3304 2581 3533 2655 aliisque
3578 2580 3837 2652 octoginta

2239 2683 2469 2749 quatuor
2490 2674 2758 2745 episcopis
2777 2692 2792 2730 :
2817 2690 2936 2745 qua:
2958 2673 3246 2743 Novatum,
3269 2685 3455 2748 utpote
3474 2675 3836 2747 paenitentiam

2242 2767 2402 2835 lapsis
2430 2777 2736 2838 negantem,
2769 2767 3057 2827 abdicavit.

588 2382 801 2447 Συνόδος
840 2388 947 2441 θεία
973 2389 1059 2441 καὶ
1088 2386 1202 2465 ἱερά
1228 2394 1438 2457 eamme,
1472 2392 1557 2445 καὶ
1592 2394 1879 2467 Καρθαγένῃ
2011 2406 2135 2449 Νεα-

514 2479 657 2535 πόλει
690 2490 783 2545 τῆς
814 2480 1048 2559 ’Δφρικῆς
1090 2484 1392 2561 καλουμένῃ,
1438 2489 1861 2561 συναθροισθεῖσα
1894 2488 1997 2543 ὑπὸ
2040 2494 2133 2544 τοῦ

513 2574 887 2651 ἱερομάρτυρος
932 2585 1244 2654 κυπριανοῦ,
1294 2582 1562 2654 γενομένου
1612 2583 1773 2644 αὐτῆς
1824 2583 2133 2649 ἐπισκόπου,

513 2670 599 2722 καὶ
636 2668 820 2742 ἑτέρων
857 2668 1166 2745 ὀγδοήκοντα
1215 2674 1481 2750 τεσσάρων
1528 2674 1843 2738 ἐπισκόπων,
1872 2676 2138 2749 ain-opopa-

511 2760 646 2823 ξασα
670 2764 925 2830 Ναύατον,
957 2767 1025 2827 ὡς
1051 2770 1140 2825 τὴν
1176 2771 1445 2839 μετανοὶαν
1465 2775 1573 2830 τοῖς
1608 2772 1858 2826 πταίουσι
1884 2768 2132 2824 κλεῖοντα.

955 2879 1288 2938 EPISTOLA
1331 2882 1676 2941 SYNODICA

515 2984 562 3023 S.
596 2986 862 3036 CYPBIANI,
895 2986 1352 3032 CARTBAGINENBIS
1395 2992 1652 3043 EPIBCOPI,
1683 2995 1749 3035 ετ
1774 2992 2129 3036 εοιιεαλιιυιι

803 3059 870 3099 AD
910 3061 957 3100 S.
1001 3059 1302 3103 CORNELII!!!
1335 3065 1509 3105 PAPAH
1534 3068 1602 3106 DE
1632 3067 1830 3107 LAPSIS.

514 3135 915 3197 ARGUIBNTUI.
942 3170 1011 3179 —
1040 3140 1449 3197 Persecutioncm
1468 3146 1816 3200 imminentem
1838 3147 2031 3205 crebris
2049 3165 2132 3203 os-

592 3231 907 3285 teusiouibus
935 3250 967 3286 a
1002 3231 1111 3287 Deo
1144 3238 1535 3303 prazmonstrari
1560 3253 1579 3294 :
1608 3239 1824 3311 ideoque
1854 3257 1907 3295 se
1935 3242 2020 3304 iis,
2046 3243 2133 3311 qui

599 3326 945 3395 paenitentiam
973 3343 1123 3399 agerc
1151 3344 1251 3383 non
1283 3329 1600 3396 destiterunt,
1637 3349 1816 3402 pacem
1845 3350 1945 3387 non
1976 3334 2130 3402 (li/Ie-

586 3420 806 3477 rendam
846 3422 1107 3479 censuisse
1148 3423 1389 3485 Cornelio
1418 3426 1645 3495 episcopi
1677 3427 1788 3496 Afri
1837 3440 2120 3499 exponunt.
2154 3421 2198 3484 C

2312 2884 2476 2950 tinus,
2524 2883 2872 2950 Fortunatus,
2919 2883 3127 2953 Victor,
3170 2885 3519 2952 Saturninus,
3569 2884 3711 2947 alius
3747 2881 3835 2938 Sa-

2308 2979 2575 3046 turninus,
2611 2979 2967 3050 Rogatianus,
3011 2980 3312 3046 Tertullus,
3345 2981 3647 3046 Lucianus,
3680 2980 3832 3051 Euty-

2306 3073 2456 3139 ches,
2502 3072 2751 3144 Ampius,
2796 3074 3024 3142 Sattius,
3059 3074 3426 3144 Secundinus,
3467 3075 3614 3132 alius
3658 3074 3832 3132 Satur-

2307 3168 2485 3230 ninus.
2522 3168 2795 3236 Aurelius,
2823 3168 3062 3233 Priscus.
3105 3170 3462 3237 Herculanus,
3514 3169 3830 3233 Victoricus,

2309 3262 2558 3331 Quintus,
2592 3262 2918 3328 Honoratus,
2950 3263 3255 3330 Montanus,
3288 3264 3712 3331 llortensianus,
3745 3261 3833 3317 Ve-

2316 3356 2520 3418 rianus,
2551 3354 2782 3423 Iambus,
2811 3356 3068 3424 Donatus,
3099 3356 3391 3429 Pompeius
3406 3366 3456 3424 ο,
3490 3357 3827 3429 Polyearpus,

2318 3380 2520 3418 ΙΊὶΙΙΙΙΙδ,
2551 3380 2782 3423 mutuus,
2811 3380 3068 3424 υυιιῖιιιιδ,
3099 3380 3456 3429 rumpente“,
3490 3380 3827 3429 rutycarpns,

2307 3449 2632 3519 Demetrius,
2660 3450 2798 3507 alius
2835 3451 3100 3520 Donatus,
3134 3452 3504 3520 Privatiauus,
3539 3453 3684 3515 alius
3716 3450 3830 3506 For-

2307 3553 2544 3611 tuuatus,
2578 3544 2905 3648 Rogatus.“
2927 3545 3169 3604 Monulus
3198 3545 3225 3585 ά
3251 3545 3509 3605 Cornelio
3555 3546 3712 3605 t'ratri
3757 3558 3831 3597 sa-

2309 3640 2500 3695 lttlem.

515 3534 837 3606 Cyprianus,
889 3537 1175 3605 Liberalis,
1208 3539 1519 3605 Caldonius,
1570 3540 1922 3612 Nicomedes,
1954 3543 2125 3605 Caeci-

593 3629 717 3697 lius,
747 3629 936 3687 Junius
959 3642 1008 3700 α,
1030 3630 1320 3691 Manutius
1340 3632 1391 3698 ιι.
1417 3633 1592 3703 Felix,
1615 3634 1934 3706 Successus,
1959 3637 2126 3703 Faus-

1780 3772 2166 3831 LECTIONES
2208 3774 2624 3832 VARIANTES.

578 3885 831 3959 “nlo-nius.
851 3886 983 3959 Ilaec
1008 3893 1188 3959 etquae
1223 3894 1488 3951 sequuntur
1523 3886 1695 3939 addita
1732 3900 1796 3938 ex
1817 3891 1955 3938 Pem.
1988 3893 2125 3939 Voss.

515 3948 656 4007 Corb.
684 3950 819 3999 Lam.
845 3950 991 4000 Ebor.
1020 3948 1129 4001 Liit.

578 4010 606 4049 ι)
641 4012 942 4064 Marruscius
970 4012 1115 4063 Corb.

2300 3892 2325 3920 ο
2362 3889 2662 3953 Pomponius
2688 3889 2820 3941 Colb.

2299 3952 2327 3993 ἀ
2362 3953 2611 4003 Moutulus
2638 3951 2771 4004 Colb.

1872 4142 2231 4201 VARIORUM
2262 4144 2488 4203 NOTAE.

515 4261 640 4317 dem
667 4261 734 4316 de
759 4275 919 4315 causa
950 4260 1159 4331 potiore
1184 4260 1308 4331 jure
1348 4261 1501 4331 inter
1533 4258 1835 4331 Synodjcas
1881 4258 2139 4331 epistolas

516 4333 850 4389 recenseoda
880 4334 1017 4387 foret
1047 4332 1135 4386 illa
1154 4348 1285 4395 1.x",
1311 4330 1487 4396 aliter,
1510 4330 1587 4397 tv,
1605 4331 1673 4384 ad
1704 4330 2050 4400 Pomponium
2073 4330 2139 4385 de

518 4404 821 4475 virginibus
848 4405 1158 4475 synisactis,
1205 4402 1361 4472 Cujus
1404 4401 1568 4458 fronti
1587 4403 1821 4475 nomina
1850 4405 2139 4472 episcopo-

517 4472 659 4540 rum,
699 4477 789 4545 qui
816 4472 1061 4535 aderant,
1096 4473 1355 4543 inscripta
1386 4484 1531 4527 sunt.
1581 4472 1688 4529 Sed
1718 4475 1787 4545 in,
1819 4475 2137 4545 eaepistola

519 4544 786 4603 contineri
806 4547 908 4602 rite
935 4555 1178 4601 coactum
1206 4546 1497 4601 concilium
1526 4545 1669 4600 haud
1693 4544 1850 4599 facile
1876 4544 2137 4670 dthcrem.

1970 4631 2133 4670 ουτω.

1970 4631 2133 4672 ΟυἸἮ.

588 4692 772 4747 Ειηετ.
789 4704 974 4746 svson.
1008 4689 1048 4743 Ε
1070 4688 1301 4743 concilio
1316 4688 1514 4758 scripta
1531 4696 1634 4752 est,
1656 4685 1796 4754 quod
1813 4685 2137 4756 Carthagine

514 4780 657 4819 anno
669 4763 800 4829 352,
822 4764 987 4816 idibus
1004 4763 1176 4825 moiis,
1200 4772 1253 4815 ut
1274 4777 1339 4815 ex
1357 4760 1584 4829 epistola
1607 4759 1853 4830 sequenti
1878 4762 2140 4829 comperi-

514 4852 655 4899 mus,
693 4836 933 4891 habittun
968 4832 1089 4887 fuit.
1125 4832 1181 4891 lu
1219 4847 1351 4887 mss.
1387 4833 1698 4886 inscribitur
1728 4834 1790 4884 de
1820 4830 1999 4898 lapsis,
2016 4834 2138 4901 quia

510 4911 564 4962 in
593 4910 679 4961 illa
694 4907 762 4961 de
791 4906 1034 4971 decreto,
1060 4903 1203 4974 quod
1236 4905 1286 4957 in
1316 4917 1505 4957 eorum
1532 4905 1760 4973 gratiam
1792 4918 1914 4956 mox
1938 4904 2137 4958 dictum

512 4979 800 5034 concilium
821 4977 1020 5038 sanxit.
1047 4977 1355 5030 disseritur.
1376 4974 1510 5029 Cum
1530 4977 1673 5030 enim
1694 4975 1975 5044 superiore
1993 4990 2137 5030 anno

513 5052 566 5104 in
594 5051 767 5104 altero
794 5048 1208 5120 Carthaginensi
1239 5049 1472 5101 coucilio
1495 5049 1738 5120 severius
1766 5044 1891 5120 quid
1921 5046 1989 5100 de
2014 5047 2132 5120 lap-

514 5123 590 5175 sis
608 5122 961 5175 eonsututum
984 5115 1150 5181 e'sset,
1178 5128 1341 5188 atque
1375 5120 1516 5173 idem
1543 5118 1821 5173 decretum
1850 5115 2135 5172 Cornelius

514 5191 758 5247 Romana
790 5193 841 5246 in
869 5192 1079 5265 synodo
1126 5190 1437 5265 ﬁrmasset;
1466 5204 1570 5265 cur
1617 5205 1759 5265 nunc
1791 5204 1912 5243 cum
1947 5189 2136 5244 iisdem

517 5265 702 5319 mitius
742 5260 1006 5335 agendum
1050 5261 1311 5318 duxerint
1365 5261 1503 5329 Afri,
1531 5260 1787 5335 Cornelio
1835 5271 2133 5329 exponunt.

1749 5333 2058 5387 Consum.

593 5404 909 5477 Cyprianus,
941 5406 1216 5477 Liberalis,
1252 5413 1357 5461 etc.
1388 5403 1590 5477 Otunes
1635 5402 1750 5459 fere
1778 5404 1897 5477 libri
1924 5413 2136 5459 Veteres

519 5485 576 5530 et
596 5475 788 5531 omnes
811 5488 1021 5531 veteres
1043 5476 1312 5532 editiones
1338 5475 1627 5547 praeferunt
1650 5475 1869 5547 nomina
1893 5478 2133 5547 omnium

519 5549 921 5617 episcoporum.
957 5547 1137 5615 Quare
1165 5548 1321 5603 valde
1339 5545 1524 5602 iniror
1553 5546 1847 5601 Pautelium
1884 5545 1967 5599 illa
1996 5548 2134 5601 0mi-

478 5628 484 5644 '
521 5622 661 5675 sisse
691 5620 743 5673 in
774 5634 867 5673 sua
897 5630 951 5671 et
980 5618 1268 5688 ltigaltium
1305 5619 1559 5674 maluisse
1599 5634 1661 5672 ea
1692 5624 1894 5674 rcl'erre
1926 5618 1977 5673 iu
2019 5620 2134 5673 suis

521 5689 994 5745 observationibus
1047 5702 1318 5760 tamquam
1361 5707 1474 5747 rem
1507 5707 1728 5756 novam,
1767 5689 2037 5760 professus
2072 5706 2132 5746 se

522 5777 586 5816 ea
612 5763 811 5816 addere
841 5777 911 5815 ex
940 5760 1127 5816 codice
1156 5760 1495 5819 Corbeiensi.
1529 5763 1718 5819 Melius
1745 5760 1925 5830 Angli,
1954 5762 2044 5830 qui
2067 5777 2132 5818 ea

524 5843 825 5902 posuerunt
849 5833 900 5886 in
928 5844 1207 5889 contextu.
1232 5836 1403 5891 Porro
1430 5837 1571 5892 inter
1598 5850 1655 5891 se
1687 5836 1738 5889 in
1761 5833 1866 5887 illis
1887 5835 2129 5888 scriben-

527 5905 611 5958 dis
639 5904 850 5961 variaut
880 5911 1059 5960 vetera
1103 5908 1431 5976 exemplaria
1480 5919 1535 5964 et
1583 5917 1794 5964 veteres
1845 5902 2129 5961 editiones.

2248 4260 2439 4316 Inutile
2478 4269 2625 4316 esset
2651 4259 2855 4317 referre
2876 4260 3050 4315 varias
3077 4261 3359 4317 lectiones.
3388 4261 3573 4331 Itaque
3602 4274 3699 4316 nos
3725 4271 3825 4331 cre-

2245 4332 2478 4387 didimus
2504 4348 2565 4388 ea
2597 4332 2847 4388 sufﬁcere
2886 4348 3004 4403 quae
3032 4334 3085 4387 in
3111 4332 3297 4388 codice
3327 4328 3576 4397 Thuaito,
3613 4346 3715 4403 quo
3734 4328 3823 4403 illi;

2244 4405 2442 4474 galtius
2471 4419 2686 4479 quoque
2713 4419 2840 4460 usus
2865 4397 2966 4479 est,
3012 4405 3375 4479 inveniuntur.
3407 4397 3822 4479 Cteteruiuillud

2244 4491 2459 4547 quoque
2485 4478 2863 4540 admonemus,
2897 4477 2948 4529 in
2982 4491 3090 4529 uno
3133 4474 3320 4531 codice
3368 4476 3518 4545 regio
3550 4474 3822 4547 desiderari

2247 4544 2460 4601 nomina
2488 4547 2865 4616 episcoporum
2887 4557 2939 4601 et
2960 4547 3011 4600 in
3037 4547 3191 4600 titulo
3221 4548 3372 4601 istius
3396 4544 3642 4615 epistola:
3675 4544 3821 4610 scrip-

2248 4626 2356 4673 tum
2385 4634 2507 4673 esse
2528 4615 2855 4687 Simpliciter
2882 4636 2895 4672 :
2929 4617 3216 4689 Cyprianus
3252 4618 3489 4673 Cornelio
3520 4620 3670 4687 fratri
3695 4615 3819 4670 salu-

2247 4700 2363 4744 tem.
2397 4690 2467 4746 At
2496 4692 2547 4745 in
2587 4691 2772 4747 codice
2789 4692 2960 4749 sancti
2989 4689 3250 4761 Arnulphi
3296 4689 3523 4759 legitur:
3554 4689 3821 4761 Cyprianus

2244 4779 2360 4815 cum
2411 4763 2653 4832 [ralribus
2696 4778 2906 4816 numero
2957 4778 3066 4827 xu,
3118 4758 3367 4815 Cornelio,
3407 4764 3560 4831 fratri
3599 4758 3816 4832 salutent.

2246 4830 2445 4891 S'reru.
2483 4835 2767 4890 Bautzms.
2797 4834 2928 4889 Cum
2951 4833 3003 4887 in
3033 4833 3137 4893 hoc
3168 4830 3652 4903 concilio'scriptas
3680 4830 3818 4883 fuisse

2167 4891 2217 4951 D
2244 4911 2519 4977 sexaginta
2552 4922 2644 4960 sex
2678 4891 3054 4976 episcoporum
3087 4903 3151 4958 ad
3186 4903 3373 4977 Fidum
3406 4891 3649 4977 litteias.
3681 4912 3811 4977 quas.

2244 4974 2808 5051 tatnq'uamisicoocilii
2837 4974 3143 5051 Cypriauici
3173 4975 3315 5051 tertii
3341 4974 3562 5051 lueriut,
3595 4975 3814 5051 prositut!

2249 5042 2388 5115 post'
2417 5050 2689 5115 sultjunsi,
2745 5042 2948 5103 idcirco
2979 5047 3226 5117 opinatus
3257 5047 3327 5100 sit
3351 5042 3811 5117 erttditus'Ccllier,

2247 5118 2387 5173 Hist.
2430 5122 2664 5189 générulc
2706 5120 2793 5173 des
2843 5115 3047 5175 auteurs
3072 5120 3272 5181 sacrés,
3302 5117 3444 5187 quod
3475 5117 3674 5172 ea-dem
3702 5115 3813 5189 litte-

2244 5206 2318 5263 ra.-
2341 5182 2481 5246 amio
2507 5191 2633 5263 252,
2664 5205 2769 5245 non
2795 5190 2940 5263 255.Δ
2955 5190 3206 5263 collocari
3238 5202 3304 5243 ex
3321 5182 3598 5263 sententia
3622 5202 3707 5263 sua
3732 5182 3811 5236 de-

2245 5261 2462 5328 berent,
2500 5264 2600 5315 hoc
2622 5257 2729 5324 'ost,
2764 5272 2889 5316 ante
2920 5261 3117 5321 factum
3157 5259 3433 5317 decretqu
3459 5261 3526 5315 de
3558 5257 3810 5325 indulgeu-

2246 5335 2315 5391 tia
2350 5335 2513 5402 lapsis
2542 5333 2871 5402 supplicibus
2901 5330 3269 5396 concedenda,
3298 5330 3421 5385 ideo
3449 5335 3807 5402 erratumesse

2241 5406 2298 5459 iu
2331 5400 2432 5458 hoc
2460 5400 2685 5459 munero
2714 5421 2798 5460 xu
2846 5404 2985 5458 idem
3020 5406 3099 5457 vir
3146 5403 3351 5474 statuit,
3402 5403 3503 5458 nisi
3559 5400 3806 5474 pauciores

2244 5478 2493 5546 pluresve
2538 5477 2795 5544 praesules
2838 5475 3066 5531 diversis
3112 5473 3347 5546 adluisse
3387 5473 3801 5546 temporibusmtﬂ

2241 5535 2744 5603 conciliocénseudi
2772 5548 2896 5600 sint.
2929 5546 3051 5602 Vid.
3085 5560 3205 5599 eum
3237 5545 3286 5596 in
3315 5545 3419 5598 vol.
3450 5535 3530 5608 ut,
3561 5559 3672 5613 pag.
3694 5535 3799 5597 588,

2239 5629 2292 5674 et
2315 5620 2518 5673 Maraui
2560 5618 2655 5675 l’it.
2689 5616 2955 5688 Cypriani,
2986 5632 3102 5685 pag.
3133 5617 3222 5671 9t.
3242 5615 3399 5671 Certe
3427 5617 3477 5669 in
3503 5616 3619 5670 loco
3646 5613 3706 5666 ab
3726 5622 3802 5688 eo-

2238 5689 2361 5745 dem
2394 5690 2623 5746 Celliero
2658 5691 2727 5763 ad
2764 5704 2879 5763 pag.
2917 5688 3021 5763 1708‘
3034 5688 3340 5763 __exci_tato_,
3388 5701 3663 5742 numerum
3696 5694 3796 5763 cpt-

2239 5776 2551 5830 scoporutn,
2580 5761 2669 5830 qui
2701 5751 2981 5816 in'litteris
3011 5759 3116 5814 illis
3136 5758 3201 5811 ad
3224 5751 3723 5830 Fidunrcomparet.
3746 5751 3793 5802 S-

2238 5827 2571 5902 Augustiuus
2596 5827 2679 5887 his
2703 5832 2881 5888 verbis
2906 5830 3263 5902 conﬁrmavit.
3292 5827 3319 5885 Ι
3328 5848 3360 5884 η
3392 5827 3626 5902 Epistula
3655 5831 3794 5879 autem

2237 5899 2391 5974 quam
2416 5904 2620 5974 scripsit
2648 5902 3007 5974 (Cyprianus)
3039 5900 3106 5954 ad
3149 5902 3441 5972 episcopum
3474 5899 3657 5954 Fidum
3698 5903 3789 5945 cum
