4000 6322
457 267 564 323 855

1698 261 2030 320 EPISTULA
2071 261 2408 320 SYNODICA
3629 278 3709 335 850

457 383 677 455 quando
699 382 1009 454 permiserit
1030 384 1146 453 ipse
1170 391 1194 418 ι·
1225 390 1277 437 et
1304 382 1477 453 legem
1502 379 1713 437 dederit
1736 378 1788 446 ι),
1814 387 1875 435 ut
1899 379 2059 451 ligata
2090 381 2139 441 A
2166 380 2566 450 subveniretur,
2600 382 2858 455 quamdiu
2893 385 3048 456 quies
3076 397 3132 443 et
3160 390 3515 461 tranquillitas
3548 390 3712 458 aderat,

459 478 512 532 in
547 477 721 543 terris,
754 484 810 533 et
838 476 891 530 ἰιι
916 476 1071 532 οωιίε
1103 477 1261 548 ligata
1309 485 1495 531 essent
1543 474 1737 547 (Matt.
1768 489 1879 538 xvr,
1909 472 2018 545 19)
2045 516 2060 542 ,

462 573 796 627 solviautem
823 581 1044 643 possent
1064 572 1193 636 illic,
1215 588 1336 642 qum
1363 571 1577 642 priusiu
1608 570 1849 625 Ecclesia
1881 569 2061 625 solve-

467 676 677 722 rentur.
719 664 825 722 Sed
853 666 993 720 cnim
1030 675 1050 701 ε
1079 680 1201 719 cum
1235 664 1516 719 videmnus
1543 663 1686 718 diem
1717 678 1899 717 rursus
1931 661 2067 717 alte-

461 761 579 817 rius
623 758 981 816 inl'estationis
1012 759 1448 830 appmpinquare
1491 758 1745 827 ccepisse,
1778 766 1833 812 et
1860 753 2067 810 crebris

461 865 623 925 alque
655 854 886 909 assiduis
931 854 1326 909 ostentiouibus
1354 853 1764 916 admoneamur,
1786 862 1841 905 ut
1865 850 1929 904 ad
1952 864 2068 905 cer-

462 959 640 1004 tamen
681 948 823 1019 quod
878 947 1030 1004 nobis
1072 948 1244 1003 hostis
1287 944 1549 1013 indiritd,
1583 947 1773 1003 annali
1815 955 1870 1001 et
1901 947 2069 1016 parati

463 1042 664 1106 simus;
698 1040 907 1111 plebem
938 1042 1097 1095 etiam
1118 1040 1272 1095 nobis
1298 1040 1367 1096 de
1387 1040 1565 1094 divina
1586 1039 1896 1108 dignatione
1922 1052 2071 1092 com-

466 1135 685 1189 missam
716 1132 1180 1187 exhortationibus
1205 1134 1408 1188 nostris
1437 1146 1688 1202 paremus
1718 1140 1766 1199 ε,
1799 1144 1853 1186 et
1882 1144 2073 1185 omnes

466 1227 690 1281 omnino
714 1225 913 1280 milites
943 1224 1164 1293 Christi,
1198 1226 1287 1296 qui
1313 1241 1460 1280 arma
1488 1224 1818 1288 desiderant,
1857 1234 1911 1278 et
1938 1238 2073 1294 pra:-

466 1319 597 1373 lium
629 1317 887 1389 flagitant,
944 1318 1083 1372 intra
1132 1326 1306 1373 castra
1347 1316 1613 1371 dominica
1658 1316 1677 1352 ί
1724 1315 2070 1386 colligamus:

467 1413 790 1467 necessitate
838 1423 1065 1481 cogente
1101 1411 1435 1473 censuimus.
1479 1412 1559 1465 eis
1596 1411 1687 1481 qui
1715 1410 1785 1466 de
1834 1409 2074 1465 Ecclesia

469 1506 684 1560 Domini
727 1520 831 1559 nou
877 1514 1241 1569 recesserunt,
1279 1514 1333 1559 et
1364 1504 1735 1574 pteuitentiam
1767 1514 1791 1550 ις
1832 1517 1994 1575 agere
2021 1514 2079 1558 et

473 1600 758 1656 lamentari
789 1614 853 1654 ac
884 1600 1165 1653 Dominum
1194 1597 1474 1666 deprecari
1504 1614 1533 1652 a
1568 1598 1742 1669 primo
1767 1597 1949 1667 lapsus
1997 1596 2077 1649 sui

468 1693 555 1750 die
586 1709 691 1749 non
723 1692 1068 1757 destiterunt,
1117 1706 1303 1762 pacem
1336 1689 1567 1745 dandam
1620 1705 1774 1755 esse;
1809 1698 1864 1745 et
1892 1703 1987 1745 eos
2011 1688 2080 1744 ad

2165 489 2284 544 quae
2316 471 2536 529 diﬂ‘erre
2562 473 2653 529 diu
2675 475 3041 547 plangentium
3072 479 3353 552 lacrymas,
3396 491 3449 536 et
3476 482 3719 540 subvenire

2166 581 2294 621 sero
2323 566 2680 623 morientibus
2712 567 2764 623 in
2807 568 3120 627 inﬁrmitate
3168 581 3461 642 pateretur.
3515 576 3579 629 At
3616 590 3724 632 vero

2167 673 2310 713 nunc
2337 673 2441 713 non
2486 659 2734 724 inﬁrmis,
2767 661 2862 716 sed
2908 662 3135 718 fortibus
3157 678 3269 734 ps:
3315 664 3601 721 necessaria
3623 676 3724 722 est:

2168 766 2268 807 nec
2299 751 2673 819 morientibus,
2708 752 2803 808 sed
2832 753 3140 810 viventibus
3161 756 3575 812 communicatio
3599 772 3625 810 a
3654 774 3728 814 no-

2170 843 2253 898 bis
2297 843 2474 898 danda
2504 854 2588 900 est
2617 864 2631 901 :
2659 855 2713 900 ιιι
2766 862 2901 917 quos
2940 847 3237 903 excitamus
3283 859 3340 905 et
3388 848 3646 903 hortamur
3679 848 3731 905 ad

2172 941 2443 1011 praelium,
2476 958 2582 996 nou
2630 941 2866 998 inermes
2918 953 2973 998 et
3015 942 3187 998 nudos
3230 943 3608 1017 relinquamus,
3659 944 3733 999 sed

2175 1036 2508 1105 protectione
2522 1037 2796 1107 Sanguinis
2821 1044 2875 1092 et
2896 1038 3140 1106 corporis
3158 1036 3361 1093 Christi
3390 1036 3699 1091 muniamusi
3723 1056 3734 1091 :

2173 1141 2227 1187 et
2255 1147 2374 1187 cum
2404 1130 2469 1186 ad
2504 1131 2605 1186 hoc
2641 1131 2728 1185 fiat
2761 1130 3125 1197 Eucharistia,
3159 1141 3214 1185 ut
3260 1130 3431 1201 possit
3467 1128 3738 1200 accipienti.

2177 1226 2277 1281 bus
2299 1240 2422 1281 esse
2446 1225 2647 1288 tutela;
2679 1239 2814 1295 quos
2858 1234 3001 1280 tutos
3027 1239 3148 1280 esse
3186 1233 3374 1281 contra
3415 1224 3739 1280 adversarium

2179 1320 2428 1375 volumus
2472 1318 2520 1387 i,
2554 1318 2890 1374 munimento
2919 1318 3203 1374 dominicae
3258 1318 3559 1374 saturitatis
3603 1332 3743 1374 arme-

2180 1427 2319 1466 mus.
2353 1409 2489 1467 Nam
2521 1411 2794 1482 quomodo
2820 1411 3082 1467 docemus
3105 1419 3197 1466 aut
3216 1424 3578 1483 provocamus
3599 1424 3682 1465 eos
3703 1410 3744 1464 in

2179 1503 2521 1562 confessione
2551 1505 2787 1560 nominis
2815 1505 3131 1577 sanguinem
3160 1520 3317 1560 suum
3339 1502 3586 1569 fundere,
3609 1503 3653 1557 si
3691 1503 3752 1558 eis

2181 1596 2499 1652 militaturis
2522 1594 2723 1651 Christi
2767 1598 3082 1668 sanguinem
3126 1595 3496 1669 denegamus?
3523 1605 3611 1649 aut
3646 1610 3752 1665 quo-

2184 1692 2346 1749 modo
2372 1692 2439 1748 ad
2459 1692 2701 1765 martyrii
2734 1692 2985 1763 poculum
3036 1692 3259 1748 idoneos
3303 1691 3552 1755 faciams,
3595 1688 3636 1744 si
3672 1703 3754 1743 non

468 1786 739 1857 praelium,
769 1784 912 1852 quod
944 1784 1207 1849 imminet,
1242 1783 1437 1838 armari
1492 1792 1545 1837 et
1574 1782 1764 1839 instrui
1797 1792 2071 1853 Oportere.
2104 1784 2152 1844 B
2179 1801 2274 1843 eos
2301 1787 2449 1858 prius
2476 1785 2543 1841 ad
2577 1786 2868 1842 bibendum
2898 1787 2950 1841 in
2989 1785 3234 1842 Ecclesia
3284 1783 3539 1856 poculum
3582 1782 3756 1838 Domini

543 1879 608 1933 ll.
623 1877 1117 1949 Obtcmperandum
1139 1886 1221 1933 est
1235 1892 1468 1946 namque
1489 1876 1894 1932 ostensionibus
1915 1885 2077 1947 atque

471 1971 931 2027 admonitionibus
982 1971 1164 2041 justis,
1195 1978 1312 2025 uta
1342 1969 1647 2039 pastoribus
1685 1984 1814 2025 oves
1853 1970 1905 2024 in
1939 1969 2080 2040 peri-

474 2068 599 2123 culo
626 2065 654 2103 ιι
680 2083 788 2122 ηοη
820 2067 1175 2131 deserantur;
1201 2065 1294 2121 sed
1312 2080 1440 2137 gres
1470 2066 1646 2120 omnis
1677 2065 1730 2121 iu
1760 2080 1922 2120 unum
1950 2079 2079 2121 con-

473 2168 747 2232 gregetur,
779 2170 835 2216 et
868 2161 1143 2215 exercitus
1186 2158 1395 2214 Domini
1428 2157 1492 2213 ad
1544 2167 1819 2214 certamen
1874 2157 2081 2213 militia:

475 2255 714 2311 cmlcstis
743 2264 1005 2309 armetur.
1039 2254 1234 2309 Merito
1263 2253 1407 2308 enim
1441 2252 1756 2307 trahebatur
1784 2251 2081 2307 dolentium

477 2347 793 2420 ptenitentia
852 2356 1097 2418 tempore
1132 2346 1407 2416 longiore,
1466 2354 1522 2401 ut
1553 2344 1781 2400 inﬁrmis
1834 2345 1888 2399 in
1935 2344 2082 2400 exitu

2176 1880 2300 1951 jure
2325 1880 2828 1935 communicatiOuis
2848 1878 3222 1934 admittimus?

2256 1973 2342 2029 lll.
2368 1972 2639 2029 Interesse
2664 1972 2846 2039 debet,
2867 1972 3034 2028 frater
3059 1971 3401 2036 charissitne,
3438 1970 3578 2025 inter
3596 1968 3760 2039 eosqui

2183 2067 2272 2123 vel
2304 2075 2764 2137 apostataverunt,
2794 2077 2850 2123 et
2870 2066 2937 2121 ad
2996 2066 3258 2121 saeculum
3312 2065 3401 2120 cui
3451 2062 3759 2120 renuntiare-

2185 2169 2309 2215 rant
2355 2160 2583 2224 reversi,
2640 2159 2917 2230 gentiliter
2980 2161 3201 2225 vivunt;
3257 2159 3343 2214 vel
3391 2157 3461 2214 ad
3522 2156 3765 2212 haereticos

2188 2252 2481 2324 transfugae
2508 2252 2667 2320 facti,
2696 2262 2887 2309 contra
2918 2252 3221 2309 Ecclesiam
3277 2251 3616 2323 parricidalia
3660 2264 3765 2321 quo-

2191 2346 2318 2402 tidie
2345 2362 2493 2401 arma
2525 2346 2822 2418 suscipiunt
2853 2364 2866 2400 :
2919 2356 2975 2403 et
3001 2346 3140 2401 inter
3165 2359 3260 2401 eos
3303 2343 3395 2417 qui
3427 2344 3496 2401 ab
3547 2342 3766 2399 Ecclesia

1737 2507 2120 2567 LECTIONES
2158 2509 2247 2565 VA
2257 2508 2580 2566 RIANTES.

528 2625 573 2697 f
608 2624 895 2697 [immiserit
916 2629 1022 2697 ip_se
1063 2631 1116 2676 et
1151 2624 1317 2690 legem
1354 2625 1476 2677 Bod.
1505 2626 1551 2687 1,
1579 2625 1625 2675 2.
1655 2629 1704 2679 Ν
1711 2626 1764 2676 C.
1792 2627 1839 2690 1,
1865 2625 1911 2676 2.
1938 2627 2087 2678 Ebor.

483 2689 591 2739 Litt.
625 2689 751 2739 Vict.
786 2692 907 2739 Ver.
938 2691 1118 2739 Benev.

544 2747 690 2818 {Sig
728 2749 857 2818 Red.
876 2754 941 2818 _1,
969 2752 1015 2801 2.
1043 2752 1191 2802 Ebor.
1212 2749 1314 2804 Litt.
1348 2753 1455 2805 NC.
1485 2752 1534 2813 1,
1554 2752 1602 2803 2.
1638 2756 1753 2803 Ver.
1782 2752 1877 2812 Qui
1899 2753 2086 2818 legem.

482 2813 626 2864 dedit
650 2816 807 2867 Oxon.
832 2813 962 2867 Lips.

546 2877 568 2906 ο
607 2876 709 2926 Sed
731 2892 843 2928 cum
870 2874 1007 2930 Foss.
1042 2874 1170 2930 Vict.

548 2939 575 2977 ιι
614 2940 807 2992 Inducit
832 2943 960 2993 Bod.
988 2944 1037 2992 5.

548 3008 572 3033 υ
608 3003 948 3068 Praeparamus
974 3004 1098 3056 Bod.
1132 3006 1174 3055 1.
1201 3005 1341 3057 Foss.
1377 3002 1503 3056 Vict.

2257 2625 2279 2665 τ
2317 2625 2403 2679 Sic
2426 2630 2566 2678 Pem.
2594 2629 2714 2679 Ben.
2750 2630 2886 2679 Voss.
2915 2625 2963 2676 2.
2990 2627 3124 2678 Lam.
3150 2625 3296 2677 Ebor.
3334 2627 3463 2677 Bod.
3487 2627 3534 2676 3.
3564 2623 3659 2676 Litt.
3682 2623 3766 2674 NC.

2194 2693 2241 2751 1,
2265 2690 2312 2740 2.
2332 2688 2469 2755 iTItu.
2499 2692 2633 2743 Foss.
2666 2690 2796 2742 Vict.
2824 2688 2973 2741 Mich.
3008 2690 3205 2741 Domini
3232 2690 3392 2755 Impr.

2260 2756 2286 2819 β
2321 2754 2421 2819 _Sed
2447 2756 2789 2819 ptenitentiam
2817 2755 2972 2819 Ogon.

2194 2815 2378 2924 ιαιξῃιη
2402 2810 2677 2881 periculum
2708 2816 2832 2867 Tltu.
2859 2817 3065 2867 Pastore
3104 2829 3225 2867 oves
3261 2816 3310 2865 in
3345 2814 3571 2881 periculo
3606 2810 3713 2864 Bod.
3733 2811 3769 2861 Ξ.

2270 2942 2284 2982 ί
2324 2943 2546 2993 Nominis
2567 2942 2746 2994 Christi
2772 2943 2907 2993 Lam.
2932 2942 3042 2994 ΝΟ.
3064 2942 3117 2991 2.

2267 3005 2281 3057 i
2328 3004 2413 3058 Sic
2439 3007 2574 3057 Lam.
2600 3009 2739 3057 Pent.
2770 3005 2895 3057 Bod.
2926 3008 2970 3067 1,
2996 3007 3045 3056 2.
3068 3004 3328 3056 Voluimus
3352 3005 3518 3056 Oa'ou.

1812 3157 2172 3217 VARIORUM
2203 3157 2434 3215 NOTAE.

490 3303 546 3356 id
576 3309 670 3365 est,
704 3309 938 3355 sanctum
970 3298 1182 3355 Domini
1208 3315 1397 3366 corpus
1424 3298 1703 3370 profanare
1727 3298 1946 3354 audent.
1978 3298 2106 3354 Haec

490 3373 740 3444 profecto
774 3387 879 3427 non
903 3371 1075 3444 solum
1105 3371 1499 3444 demonstrant.
1534 3372 1583 3424 iu
1609 3380 1784 3426 morte
1813 3371 2103 3444 subvenire

493 3441 718 3502 solitum
746 3458 869 3499 esse
902 3443 1066 3512 lapsis
1093 3452 1217 3497 ante
1242 3441 1499 3514 Cypriani
1532 3451 1796 3514 tempora.
1830 3443 1973 3511 quod
2008 3458 2100 3496 nc-

493 3526 583 3587 gat
612 3516 1008 3587 Albaspiiueus,
1039 3529 1224 3587 verum
1246 3514 1405 3587 etiam
1433 3513 1660 3587 probare
1688 3513 1957 3587 videntur,
1985 3528 2102 3587 ιιιο-

499 3585 576 3642 ris
608 3585 896 3643 fuisse’cos
927 3585 1208 3640 absolvere
1245 3585 1559 3653 paenitentia
1591 3585 1877 3655 completa.
1914 3585 2096 3639 Palam

490 3670 669 3714 autem
694 3669 797 3722 est,
832 3660 950 3726 ipso
976 3657 1166 3712 eodetu
1185 3657 1368 3723 judice
1398 3658 1511 3709 viro
1538 3655 1719 3718 docto,
1746 3656 1878 3711 nihil
1908 3656 2096 3711 durius

492 3746 523 3784 a
545 3729 818 3802 Cypriane
836 3739 1025 3802 postea
1043 3743 1165 3783 cmn
1189 3729 1353 3799 lapsis
1374 3738 1553 3783 actum
1578 3726 1765 3794 fuisse,
1795 3743 1955 3799 quam
1980 3742 2098 3783 mos

493 3801 655 3857 antea
688 3802 924 3856 tulisset.
956 3801 1166 3855 llou'ru.

574 3872 873 3927 Pertniserit
908 3874 1016 3943 ipse
1057 3874 1143 3941 qui
1186 3872 1347 3944 legem
1381 3870 1543 3944 dedit.
1592 3870 1891 3944 Protttisert't
1918 3873 2027 3944 ipse
2054 3880 2102 3925 et

495 3946 657 4016 legem
685 3945 902 4009 dederit,
930 3942 1148 4014 plurimi
1168 3942 1298 3998 mss.
1334 3960 1363 3998 a
1396 3943 1544 3997 Fcllo
1570 3953 1622 3997 et
1649 3942 1968 4016 Constantio
1991 3958 2103 4016 me-

493 4014 714 4088 morati,
769 4016 913 4088 quod
968 4018 1129 4088 etiam
1162 4017 1218 4088 in,
1258 4025 1460 4088 textum
1501 4014 1707 4088 recepit
1735 4014 2100 4070 Coustautius.

493 4087 769 4144 Cancrum
790 4086 943 4143 notat
963 4089 1034 4142 cl.
1060 4086 1674 4156 Marshallus,Auglicus
1699 4087 1984 4154 interpres,
2009 4101 2105 4141 ex-

495 4159 807 4229 ponendum
834 4175 956 4214 esse
986 4174 1053 4213 ex
1080 4156 1336 4231 Cypriani
1360 4160 1572 4231 saltem
1592 4158 1858 4212 sententia
1880 4157 1954 4231 de
1972 4172 2101 4231 cen-

494 4226 640 4286 suris
687 4230 1070 4285 ecclesiasticis
1103 4226 1450 4301 ipsarumque
1498 4228 1838 4285 relaxatioue
1868 4228 1929 4284 S.
1966 4226 2105 4282 Mat-

496 4303 617 4357 tltaei
666 4303 863 4357 locum.
897 4303 1108 4357 Rou'ru.

574 4374 720 4427 Diem
761 4391 938 4428 rursus
967 4373 1181 4427 alterius
1208 4372 1574 4441 infestationis.
1610 4372 1800 4439 Lapsis
1830 4372 1883 4427 in
1928 4386 2107 4441 perseo

497 4446 715 4501 cutione
747 4446 998 4505 Deciana.
1030 4444 1263 4499 reditum
1288 4444 1338 4496 in
1366 4444 1653 4498 ecclesiam
1689 4447 1997 4514 importune
2026 4460 2107 4496 ur-

495 4517 776 4588 gentibus,
805 4516 905 4584 Ep.
943 4532 1031 4570 XIX
1066 4516 1689 4588 responditCyprianus,
1716 4525 1913 4588 tempus
1938 4516 2108 4588 ipsum

496 4585 619 4660 plus
649 4605 803 4658 quam
835 4597 1059 4657 peterent
1092 4585 1295 4657 largiri,
1326 4585 1599 4660 quodque,
1629 4588 1716 4660 qui
1752 4585 1954 4660 di/fertji
2006 4602 2110 4640 non

501 4657 687 4727 potest,
720 4670 882 4728 potest
909 4660 1186 4712 coronari:
1218 4674 1340 4730 quae
1368 4658 1596 4712 multant
1629 4657 1878 4712 videntur
1903 4657 2111 4713 distare

498 4732 568 4787 ab
598 4732 661 4786 iis
704 4747 823 4802 qua:
856 4732 942 4785 hic
986 4730 1238 4784 dicuntur
1277 4730 1343 4785 de
1384 4745 1521 4802 pace
1560 4730 1723 4797 lapsis
1772 4730 2110 4795 necessaria;

502 4802 700 4858 frustra
723 4801 920 4856 idoceri
948 4811 995 4856 et
1025 4806 1294 4871 provocari
1317 4804 1370 4854 in
1396 4801 1716 4871 confessione
1741 4802 1964 4854 nominis
1990 4817 2111 4854 san—

502 4875 708 4945 guinem
739 4874 974 4945 fundere,
1007 4870 1051 4927 si
1081 4874 1152 4926 eis
1175 4872 1469 4926 militaturis
1495 4870 1686 4927 Christi
1702 4872 2015 4945 sanguinem
2025 4872 2114 4945 de-

501 4943 765 5015 negemus.
798 4944 907 5000 Sed
934 4947 1135 5014 optime
1161 4945 1439 4999 collatrent
1481 4944 1768 5011 utrobique
1797 4944 1962 4999 dicta.
1986 4943 2108 4999 Pri-

505 5003 596 5071 mo
626 5016 787 5071 aliter
832 5032 889 5071 se
918 5003 1106 5070 habuit
1135 5016 1407 5085 lapsorum
1436 5023 1609 5069 status
1648 5003 1877 5071 durante
1919 5030 2106 5083 pcrse-
2135 5003 2189 5065 D

504 5090 723 5143 cutione
748 5088 997 5148 Deciana,
1025 5098 1080 5142 et
1097 5089 1207 5157 ipsa
1226 5095 1495 5142 cessante.
1518 5086 1649 5140 Nam
1673 5088 1762 5156 qui
1784 5086 2109 5157 injudicium

506 5171 733 5213 vocatus
787 5159 1068 5214 mendacio
1103 5175 1163 5214 se
1211 5157 1558 5220 defendebat.
1612 5168 1729 5213 erat
1762 5162 1986 5214 fortasse
2014 5159 2114 5213 ob-

508 5231 730 5285 strictus
780 5244 846 5284 eo
876 5232 992 5298 ipso
1032 5230 1087 5285 in
1121 5232 1260 5292 loco,
1294 5244 1475 5284 coram
1506 5230 1693 5285 iisdem
1722 5230 2012 5299 judicibus,
2056 5238 2113 5286 et

507 5301 896 5357 circumstante
938 5304 1134 5373 populo
1187 5302 1391 5356 crimen
1424 5310 1736 5365 retractare,
1789 5312 1844 5356 et
1902 5301 2112 5370 publice

511 5389 699 5427 verum
732 5373 971 5441 prolitcri
993 5372 1181 5442 {quod
1212 5373 1359 5427 ﬁnita
1387 5374 1695 5442 cognitiOne
1726 5383 1984 5442 prmstare
2013 5374 2116 5427 mi-

508 5460 616 5499 nus
650 5446 950 5499 tenebatur.
986 5444 1054 5500 Et
1082 5445 1204 5500 ideo
1233 5445 1416 5513 lapsus
1442 5442 1509 5498 ad
1548 5444 1710 5498 duras
1750 5445 1880 5499 istas
1923 5444 2113 5499 condi-

509 5516 689 5571 tiones
722 5532 829 5570 non
869 5526 985 5571 erat
1031 5519 1324 5571 etiamnum
1360 5514 1683 5586 adigendus,
1717 5514 1782 5569 ad
1811 5530 1945 5584 quas
1984 5514 2113 5570 dum

510 5588 760 5658 praelium
785 5588 962 5642 adhuc
998 5590 1287 5658 gerebatur
1313 5588 1432 5658 cogi
1459 5586 1714 5643 debebat.
1745 5586 2027 5653 Secundo,
2061 5588 2113 5641 in

509 5657 836 5714 difﬁcillimo
866 5657 1137 5730 lapsdrum
1167 5676 1295 5715 casn
1327 5657 1457 5730 nihil
1488 5668 1605 5712 erat
1652 5673 1717 5730 ex
1749 5658 1970 5730 privatis
1996 5673 2114 5730 fau-

500 5730 694 5799 spiciis
736 5727 1133 5797 iunovahdum;
1162 5741 1219 5787 et
1248 5730 1369 5786 ideo
1413 5729 1493 5785 fas
1522 5744 1631 5785 non
1657 5727 1763 5784 fuit
1797 5744 1865 5786 ex
1889 5729 2116 5785 arbitrio

499 5801 795 5872 singularis
825 5803 1066 5872 episcopi
1115 5804 1294 5873 lapsos
1320 5802 1641 5870 admittere;
1674 5800 1771 5859 sed
1826 5810 2113 5873 postquam

2214 3314 2279 3353 ex
2312 3298 2526 3355 concilii
2554 3297 2777 3354 decreto
2820 3314 2923 3369 pax
2973 3299 3038 3356 iis
3068 3307 3491 3364 eratconcessa,
3527 3299 3652 3355 nihil
3676 3312 3778 3369 pro-

2209 3369 2430 3443 hibebat
2461 3370 2722 3441 temporis
2747 3385 2980 3443 moram,
3022 3372 3415 3428 interveniente
3453 3373 3633 3443 utique
3672 3385 3779 3426 con-

2208 3442 2316 3496 cilii
2345 3443 2691 3506 auctoritate,
2737 3441 2808 3495 ob
2835 3456 3051 3497 causam
3091 3445 3253 3498 etiam
3302 3441 3577 3509 idoneam,
3596 3455 3781 3510 essm.

2209 3524 2376 3586 tatam
2404 3512 3125 3586 scilicetipersecutionem,
3159 3516 3497 3586 aliquantum
3542 3511 3778 3586 contrahi.

2126 3607 2170 3670 ρ
2204 3584 2587 3669 :l'ertio,.laps.i
2625 3585 2883 3670 jamhper
2935 3586 3188 3669 idoneum
3230 3584 3498 3670 tentppris
3529 3585 3781 3670 decursum

2206 3658 2259 3711 in
2299 3652 2839 3725 pmttitentia'positi.
2891 3658 2973 3710 sui
3018 3658 3319 3728 specimina
3351 3652 3632 3721 iecerunt,
3670 3652 3783 3724 quod

2203 3728 2355 3799 prius
2382 3744 2487 3782 non
2517 3729 2787 3783 fecissent.
2816 3728 2986 3783 Porro
3015 3730 3332 3795 notandum,
3365 3730 3514 3797 quod
3546 3731 3784 3798 lapsorum

2202 3799 2489 3855 commoda
2519 3799 2716 3854 cedere
2746 3799 3015 3854 debebant
3062 3802 3276 3855 utilitati
3326 3801 3611 3865 ccclesiat;
3653 3806 3701 3854 et
3719 3805 3785 3849 ut-

2204 3885 2437 3941 cumque
2456 3870 2749 3940 optandum
2777 3870 2937 3926 fuerit
2965 3872 3070 3925 illis
3097 3872 3367 3928 dominica
3397 3872 3789 3941 saturitateﬁper-

2207 3940 2436 4007 frui,’et
2465 3942 2534 3995 ita
2566 3943 2631 3996 ad
2663 3943 2969 4011 passionem
3001 3945 3239 4008 armari;
3272 3943 3388 3998 lucc
3425 3946 3480 3997 in
3509 3940 3787 3997 considera-

2206 4014 2413 4069 tionem
2440 4029 2548 4067 non
2575 4014 2865 4069 veniebant
2887 4014 3064 4070 donec
3085 4016 3384 4082 disciplina:
3411 4012 3787 4073 ecclesiastica,

2209 4101 2306 4155 per
2333 4099 2521 4154 pinnas
2549 4086 2600 4139 in
2633 4085 3012 4156 delinquentes
3036 4088 3323 4156 irrogatas,
3359 4086 3553 4142 fuisset
3576 4082 3786 4140 satisfac-

2209 4167 2343 4210 tum.
2370 4158 2539 4210 lunuo
2558 4158 2829 4225 lapsorum
2851 4158 3152 4211 commodis
3192 4166 3300 4211 tam
3328 4158 3503 4213 crudo
3534 4168 3587 4213 et
3617 4156 3788 4225 impuro

2212 4237 2341 4303 tuno
2372 4238 2614 4303 tempore
2642 4244 2747 4282 non
2784 4228 3113 4284 conduceret
3146 4231 3537 4303 tlldttot’lfftros
3560 4229 3783 4303 idolorum

2209 4301 2345 4354 cibos
2373 4299 2544 4353 adhuc
2573 4316 2699 4368 pene
2738 4310 3021 4361 ructantes,
3068 4298 3433 4355 exhalantibus
3477 4303 3628 4355 etiam
3656 4298 3791 4368 scelus

2209 4388 2360 4425 suum
2389 4367 2645 4441 faucibus,
2668 4380 2712 4424 et
2740 4372 2943 4442 funesta
2972 4373 3211 4442 contagia
3237 4372 3609 4439 redolentibus,
3644 4367 3793 4442 Denti-

2212 4444 2268 4497 tti
2296 4440 2482 4515 corpus
2500 4444 2814 4515 invaderent.
2843 4441 3019 4497 Verba
3050 4440 3177 4515 Sunt
3197 4445 3453 4515 Cypriani
3481 4444 3574 4499 lib.
3599 4443 3662 4496 de
3679 4440 3793 4515 Lap-

2212 4516 2308 4569 sis.
2336 4512 2445 4569 sed
2468 4513 2886 4583 expectandum,
2920 4524 2975 4571 et
3002 4525 3059 4569 ut
3086 4515 3105 4569 Ι
3130 4512 3258 4570 Cor.
3285 4512 3359 4580 ut,
3385 4514 3483 4579 28,
3512 4515 3660 4585 jubet
3679 4514 3792 4585 Apo-

2215 4582 2590 4658 stolusLItomo
2617 4602 2673 4640 se
2700 4586 2897 4656 probet,
2932 4596 2977 4640 et
3006 4587 3082 4640 sic
3111 4589 3174 4641 de
3195 4603 3327 4658 pane
3355 4586 3475 4640 edat
3502 4582 3552 4641 et
3575 4587 3636 4640 de
3664 4582 3793 4638 calice

2214 4656 2367 4711 bibat.
2399 4656 2628 4712 Faenus.

2288 4727 2491 4783 Crebris
2521 4738 2673 4800 atque
2692 4729 2918 4784 assiduis
2949 4729 3340 4784 ostentionibus.
3365 4728 3481 4783 Sub
3512 4722 3792 4800 finetn_l';pi—

2216 4800 2373 4856 stola:
2402 4820 2411 4853 :
2450 4800 2562 4854 Hoc
2588 4796 2735 4855 nobis
2757 4800 3009 4873 divinitus
3029 4805 3319 4873 frequenter
3346 4802 3651 4855 ostenditur.
3674 4796 3793 4873 ldeut

2216 4882 2610 4927 commemorat
2659 4873 2896 4942 lipistola
2948 4867 3453 4936 ad'Tlt'ibaritanos,
3486 4886 3623 4942 quos
3663 4867 3793 4923 etiam

2220 4943 2695 5018 de_pe‘rsecutipne
2721 4945 3043 5018 gravissima
3088 4944 3366 5018 admonet.
3405 4944 3719 5018 Binan-rtus.
3755 5006 3765 5018 .

2288 5014 2543 5085 lnﬁrmis.
2578 5010 2837 5070 Erasmus
2865 5014 3092 5081 addidit,
3124 5017 3168 5071 si
3202 5016 3288 5085 qui
3335 5024 3524 5070 essent.
3578 5010 3719 5081 Quod
3754 5010 3794 5061 itI

2217 5086 2367 5141 nullo
2393 5101 2582 5141 eorum
2640 5096 2883 5141 veterum
2929 5088 3319 5156 exemplarium
3361 5088 3558 5157 quibus
3583 5094 3698 5141 utor
3736 5094 3797 5134 rr-

2219 5161 2357 5229 peri,
2393 5174 2571 5227 neque
2603 5160 2656 5214 in
2684 5158 2807 5213 aliis
2833 5159 3182 5214 editionibus.
3218 5159 3509 5214 Bswztns.

2295 5228 2622 5302 Protectione
2651 5232 2919 5301 sanguinis
2941 5241 2987 5284 et
3012 5231 3247 5301 corporis
3272 5230 3485 5285 Christi.
3513 5228 3570 5284 In
3599 5236 3795 5302 sequen-

2219 5302 2364 5373 tibus
2380 5301 2561 5373 docet,
2588 5293 2919 5357 Eucltdristia
2936 5293 3140 5373 recepta
3170 5302 3349 5371 ﬁdeles
3368 5303 3500 5371 erigi
3526 5311 3576 5355 et
3602 5293 3793 5352 utendi-

2217 5372 2347 5430 Jure
2376 5373 2428 5428 id
2460 5372 2702 5443 quidem.
2735 5373 2867 5428 Nam
2893 5391 2920 5426 a
2950 5372 3202 5429 convivio
3228 5374 3527 5439 Dominico,
3562 5377 3794 5443 memores

2225 5437 2495 5526 Dominici
2522 5445 2825 5526 sanguinis,
2872 5457 3092 5514 sumpto
3144 5437 3520 5526 sacramento,
3576 5437 3793 5526 querenti:

2222 5516 2446 5570 modum
2477 5513 2728 5585 suprema
2756 5517 2844 5572 illa
2891 5513 3050 5573 nocte
3082 5526 3416 5587 princeperat
3459 5513 3718 5587 Dominus,
3750 5513 3793 5560 ιιι

2221 5588 2488 5657 conjnrati
2516 5588 2813 5658 prodibant
2842 5586 3091 5655 alacres,
3115 5598 3457 5657 mortemque
3496 5586 3697 5658 fortiter
3716 5592 3794 5658 op-

2220 5652 2480 5731 petebant
2500 5652 2661 5731 quam
2697 5660 2960 5715 Dominus
2991 5652 3091 5732 pro
3121 5652 3564 5785 ipsorultp'salute
3598 5652 3791 5710 obierat.

3356 5744 3616 5785 ιωιτιυε.

3356 5744 3616 5788 ΙϐΔιτιῦΒ.

2295 5803 2351 5860 Si
2416 5818 2604 5861 verum
2655 5804 2972 5877 sanguinem
3025 5818 3122 5875 pro
3165 5803 3386 5860 Christo
3437 5817 3465 5857 a
3505 5792 3787 5868 Martyribtts
