4000 6322
223 316 330 372 857

1188 317 1246 375 S.
1291 313 1612 373 CYPRIANI
1654 315 1746 371 AD
1783 313 1841 373 S.
1882 312 2285 372 CORNELIUM
2325 314 2580 371 PAPAM.

3426 319 3534 375 858

222 432 409 491 limine
455 447 562 491 non
593 434 931 501 recedentes,
986 445 1043 490 et
1107 434 1462 506 implorantes
1517 432 1717 503 jugiter
1767 432 1909 491 acA
1936 446 2041 486 non
2075 445 2381 501 possumus.
2417 431 2492 486 De
2524 431 2608 487 his
2630 431 2838 502 judicat
2887 432 3219 489 occultorum
3268 441 3535 490 scrutator

223 528 472 585 dolenter
492 527 672 583 divina
696 538 748 583 et
777 540 996 600 paterna
1019 528 1232 592 solatia,
1258 544 1398 582 nunc
1422 542 1479 581 se
1503 526 1569 581 ad
1597 541 1826 596 pugnant

222 631 441 692 paratos
469 634 611 686 esse,
636 630 690 676 et
720 635 819 691 pro
848 621 1058 676 Domini
1083 621 1163 675 sui
1205 620 1443 684 nomine,
1477 634 1539 675 ac
1583 634 1683 691 pro
1735 634 1830 674 sua

222 713 395 769 salute
426 723 568 769 stare
599 713 809 769 fortiter
856 723 910 771 et
941 731 1179 786 pugnare
1232 716 1573 787 prolitentur.
1607 713 1719 768 Hoc
1778 714 1829 768 in

223 815 465 877 tempore
488 824 671 878 pacem
699 823 798 864 nos
824 825 930 864 non
956 809 1371 875 dormientibus,
1415 808 1509 865 sed
1568 808 1834 878 vigilanti-

223 898 328 955 bus
358 900 581 967 damus;
625 917 812 972 pacem
857 919 961 957 non
1006 903 1233 967 deliciis,
1266 902 1359 959 sed
1412 903 1577 958 armis
1606 902 1831 969 damus;

221 1004 415 1063 pacem
448 1008 553 1048 non
584 993 649 1048 ad
676 996 932 1064 quietem,
967 995 1060 1050 sed
1087 994 1153 1050 ad
1178 994 1349 1051 aciem
1391 997 1600 1050 damus.
1635 995 1715 1057 Si.
1750 1009 1835 1050 se-

222 1088 459 1143 cundum
486 1090 626 1161 quod
657 1104 753 1146 eos
777 1090 1026 1145 audimus
1052 1100 1105 1147 et
1146 1101 1399 1162 optamus
1433 1100 1485 1145 et
1535 1089 1832 1159 credimus,

223 1177 437 1235 fortiter
465 1182 731 1249 steterint,
772 1192 829 1237 et
871 1182 1237 1239 adversarium
1287 1183 1567 1239 nobiscum
1622 1182 1674 1236 in
1706 1197 1837 1237 con—

221 1276 504 1346 gressione
536 1277 959 1346 prostraverint,
992 1291 1101 1332 non
1131 1277 1357 1349 paenitet
1385 1292 1574 1349 parem
1612 1289 1838 1331 conces-

223 1371 365 1426 sisse
404 1381 509 1426 tam
540 1371 788 1440 fortibus,
832 1371 1001 1427 immo
1047 1373 1389 1443 episcOpatus
1434 1371 1603 1426 nostri
1663 1371 1838 1425 honor

222 1462 447 1534 grandis
473 1472 527 1520 et
553 1462 723 1534 gloria
768 1472 872 1530 est,
905 1479 1092 1535 pacem
1138 1463 1359 1519 dedisse
1390 1463 1739 1536 martyribus,
1778 1472 1839 1518 ut

222 1555 559 1621 sacerdotes,
606 1557 696 1626 qui
723 1555 983 1612 sacrificia
1015 1556 1107 1612 Dei
1141 1566 1167 1593 τι
1195 1557 1435 1628 quotidie
1476 1556 1835 1625 celebramus,

224 1647 435 1703 hostias
463 1649 577 1705 Deo
603 1660 656 1705 et
678 1650 923 1705 victimas
948 1664 1332 1722 praeparemus.
1367 1651 1424 1707 Si
1455 1660 1658 1715 autem,
1693 1650 1838 1721 quod

221 1739 489 1797 Dominus
540 1751 754 1798 avertat
785 1757 814 1798 a
847 1743 1103 1799 fratribus
1132 1745 1355 1810 nostris,
1404 1745 1600 1817 aliquis
1659 1745 1838 1817 lapso-

1934 536 1988 582 et
2027 528 2275 597 cognitor
2300 526 2408 581 cito
2440 537 2715 596 venturus,
2746 536 2801 583 et
2821 527 2888 584 de
2914 528 3127 585 arcanis
3155 529 3335 584 cordis
3376 538 3538 602 atque

1934 618 2127 673 abditis
2168 619 2529 697 judicaturus.
2577 618 2786 676 Obesse
2840 632 3017 677 autem
3061 620 3185 676 mali
3222 620 3379 678 bonis
3429 636 3535 677 non

1935 712 2152 790 debent,
2182 712 2275 768 sed
2310 715 2478 783 magis
2531 713 2656 767 mali
2711 729 2739 767 a
2781 712 2937 768 bonis
2976 712 3239 784 adjuvari.
3281 712 3391 769 Nec
3416 712 3540 770 ideo

1939 807 2255 878 martyrium
2300 806 2519 861 factoris
2542 822 2640 877 pax
2669 806 2911 878 neganda
2953 815 3054 871 est,
3097 808 3219 877 quia
3262 814 3389 863 sunt
3416 807 3536 879 qui-

1936 898 2058 953 dam
2114 900 2391 971 negaturi;
2434 915 2555 954 cum
2609 909 2829 971 propter
2880 899 2982 955 hoc
3033 914 3136 971 pax
3191 899 3423 956 dandab
3472 901 3543 955 sit

1937 992 2186 1046 omnibus
2217 992 2544 1058 militaturis,
2575 1007 2643 1047 ne
2668 1006 2762 1063 per
2787 991 3143 1064 ignorantiam
3177 1000 3414 1048 nostram
3450 993 3540 1050 ille

1939 1085 2155 1155 incipiat
2188 1086 2471 1157 prmteriri,
2530 1085 2616 1156 qui
2650 1085 2807 1140 habet
2829 1087 2880 1141 in
2915 1085 3100 1154 praclio
3119 1087 3389 1142 coronari.

2013 1178 2100 1232 IV.
2153 1178 2262 1234 Nec
2306 1178 2588 1249 quisquam
2651 1178 2814 1247 dicat,
2865 1180 2953 1249 qui
3019 1181 3334 1253 martyrium
3380 1179 3541 1249 tollit,

1938 1271 2196 1344 sanguine
2225 1286 2325 1327 suo
2366 1271 2704 1341 baptizatur:
2763 1288 2865 1329 nex
2924 1288 3024 1344 pax
3067 1272 3144 1329 illi
3181 1274 3249 1330 ab
3288 1275 3545 1346 episcopo

1938 1365 2245 1422 necessaria
2276 1374 2379 1433 est,
2414 1365 2661 1421 habituro
2689 1365 2874 1437 gloriae
2904 1382 3016 1423 sate
3047 1382 3254 1437 pacem,
3278 1375 3331 1423 et
3354 1382 3548 1438 accep-

1942 1473 2061 1520 turo
2134 1465 2392 1532 majorem
2437 1462 2506 1517 de
2553 1461 2763 1517 Domini
2838 1461 3149 1533 dignatione
3216 1460 3543 1519 mercedem.

1939 1556 2121 1612 Primo
2151 1556 2378 1610 idoneus
2405 1568 2527 1610 esse
2555 1569 2660 1609 non
2683 1562 2859 1624 potest
2903 1552 2970 1608 ad
2998 1555 3334 1627 martyrium,
3364 1555 3455 1626 qui
3480 1554 3550 1609 ab

1945 1649 2187 1706 Ecclesia
2221 1663 2326 1704 non
2370 1658 2611 1703 armatur
2633 1646 2699 1702 ad
2719 1647 3004 1718 prndium:
3045 1657 3101 1702 et
3146 1662 3299 1702 mens
3342 1646 3547 1712 deficit,

1941 1760 2100 1815 quam
2129 1759 2233 1798 non
2288 1750 2499 1811 recepta
2536 1752 2558 1779 ο
2595 1740 2928 1796 Eucharistia
2958 1739 3114 1810 erigit
3150 1749 3205 1794 et
3229 1737 3474 1794 accendit
3497 1736 3548 1792 ιι.

221 1850 347 1890 rum
371 1835 642 1899 fefellerit,
670 1845 728 1889 ut
758 1849 946 1906 pacem
970 1836 1202 1892 subdole
1228 1847 1393 1907 petat,
1425 1847 1480 1893 et
1514 1836 1831 1907 impcnden—
1858 1834 1908 1896 B
1938 1838 2196 1893 Dominus
2217 1836 2359 1891 enim
2385 1836 2434 1888 iu
2465 1833 2754 1903 Evangelia
2778 1848 2878 1887 suo
2908 1831 3037 1887 dicit
3066 1850 3079 1886 :
3118 1830 3247 1887 Cum
3274 1841 3443 1886 autem
3463 1846 3552 1886 vos

223 1928 301 1982 tis
333 1927 500 1995 pra-lii
535 1936 780 1997 tempore
836 1930 1380 1985 communicationem
1424 1944 1529 1985 non
1562 1929 1835 2000 proeliatu-

223 2033 324 2074 rus
344 2019 606 2089 accipiat;
635 2035 695 2074 se
721 2020 893 2089 ipsum
918 2019 1053 2076 fallit
1078 2022 1364 2093 etdecipit,
1392 2024 1480 2093 qui
1509 2023 1648 2077 aliud
1678 2023 1842 2079 corde

226 2114 489 2178 occultat,
520 2123 574 2168 et
601 2113 746 2169 aliud
775 2129 907 2169 vocc
935 2117 1266 2185 pronuntiat.
1309 2118 1434 2183 Nos,
1484 2119 1536 2173 in
1582 2129 1842 2190 quantum

228 2203 390 2261 nobis
413 2217 467 2261 et
491 2207 675 2263 videre
703 2219 754 2262 et
774 2208 1022 2277 judicare
1047 2211 1384 2277 conceditur,
1434 2212 1623 2267 faciem
1660 2212 1844 2283 singu-

230 2300 411 2357 lorum
449 2300 731 2369 videmus;
762 2317 857 2360 cor
886 2307 1136 2373 scrutari,
1170 2315 1225 2362 et
1261 2317 1494 2363 mentem
1539 2310 1847 2379 perspicere

1944 1930 2273 1995 tradiderint,
2316 1929 2473 1983 nolite
2519 1928 2744 1998 cogitare
2770 1934 2792 1961 ε
2819 1926 2942 1995 quiti
2984 1924 3302 1994 loquamini;
3349 1922 3554 1979 dabitur

1945 2027 2079 2082 enim
2110 2025 2245 2079 vobis
2274 2024 2328 2078 in
2350 2023 2440 2077 illa
2474 2023 2602 2076 liora
2637 2020 2760 2091 quid
2791 2020 3111 2090 loquamini:
3158 2036 3259 2073 non
3295 2018 3430 2073 enim
3467 2034 3555 2073 vos

1946 2120 2063 2175 estis
2085 2118 2172 2191 qui
2193 2115 2480 2187 loquimini,
2518 2115 2609 2169 sed
2640 2112 2868 2182 Spiritus
2893 2113 3055 2179 patris
3082 2112 3234 2165 vestri
3272 2110 3361 2181 qui
3391 2109 3555 2180 loqui-

1949 2222 2030 2268 tur
2049 2213 2101 2267 in
2132 2210 2269 2267 vobis
2301 2208 2509 2281 (Matth.
2548 2224 2602 2276 κ,
2648 2207 2760 2279 19).
2815 2205 3041 2278 Quando
3077 2214 3257 2261 autem
3305 2202 3451 2259 dicat
3502 2202 3554 2257 in

1477 2422 1862 2483 LECTIONES
1898 2421 2209 2482 VARIANT
2219 2422 2321 2479 ES.

299 2536 331 2634 ξ
362 2533 911 2651 sistamus"-

302 2664 326 2693 ο
364 2660 519 2721 Quam
546 2674 642 2714 non
670 2671 871 2728 accepta
896 2664 1028 2715 Lam.

2010 2537 2038 2578 «ι
2070 2538 2234 2600 Erigit
2257 2543 2311 2587 et.
2334 2536 2547 2601 accingit
2578 2534 2682 2586 Litt.
2710 2536 2817 2601 ΝΟ.
2847 2534 2899 2583 2.

2013 2606 2036 2633 ο
2073 2589 2241 2652 Nolite
2267 2589 2503 2661 οοεὶωτὲ
2513 2599 2757 2663 quomodo
2780 2605 2863 2648 aut
2884 2594 2999 2662 quid
3026 2596 3159 2647 Lam.
3186 2592 3327 2646 Ebor.
3358 2590 3483 2644 Bod.
3508 2589 3557 2641 2.

1595 2774 1956 2834 VARIORUM
1985 2776 2215 2834 NOTAE.

239 2885 393 2964 fundi
425 2902 589 2964 nemo
623 2898 815 2961 neget;
848 2906 1042 2964 verum
1070 2889 1271 2964 Christi
1298 2892 1614 2964 sanguinem
1662 2893 1853 2950 iisdem

237 2959 574 3037 Martyribus
597 2959 943 3032 propinatum
994 2963 1081 3019 hic
1102 2980 1130 3018 a
1158 2959 1426 3037 Cypriane
1448 2965 1729 3036 praedicari
1759 2980 1855 3021 cur

238 3030 506 3103 negetur?
534 3030 847 3093 Gous'rm'r.

314 3103 394 3178 Ac»
421 3104 671 3178 dolenter.
702 3106 826 3162 Hmc
849 3107 1044 3163 desunt
1066 3108 1118 3162 in
1143 3116 1371 3178 quatuor
1402 3110 1639 3178 antiquis
1667 3124 1855 3165 exem-

1962 2895 2248 2963 cipientes,
2280 2894 2441 2950 simul
2473 2894 2724 2965 spiritum
2755 2892 2874 2964 ejus
2903 2893 3169 2963 recipere.
3199 2891 3277 2948 ita
3304 2889 3405 2948 etsi
3433 2904 3563 2946 caro

1961 2981 2057 3037 per
2084 2983 2142 3023 se
2174 2983 2278 3022 non
2310 2966 2531 3038 prodest
2579 2966 2893 3038 quidquam,
2947 2966 3172 3038 multum
3215 2975 3564 3038 tamen‘pro-

1961 3031 2101 3101 dest,
2129 3040 2253 3110 quia
2280 3031 2463 3093 secum
2494 3031 2653 3094 habet
2685 3031 2930 3106 spiritum
2983 3038 3070 3110 (υιί
3119 3035 3368 3110 vivificat.
3396 3031 3566 3110 Cous-

1959 3126 2122 3165 ras'r.
2149 3104 2227 3151 '—
2248 3111 2516 3183 Sanguine
2540 3127 2632 3165 suo
2658 3104 2969 3179 baptizatur.
3002 3108 3272 3183 Rigaltius
3302 3106 3395 3183 ai_t_.
3426 3104 3561 3183 Tota

243 3175 505 3252 plaribus.
539 3176 609 3252 ln_
628 3191 785 3252 meo‘
804 3179 998 3250 legitur
1046 3175 1293 3235 dolentes.
1324 3181 1413 3235 Sic
1462 3175 1623 3236 etiam
1679 3181 1851 3237 codex
1879 3184 1923 3247 C
1960 3183 2191 3251 paradisi
2229 3175 2407 3247 clavis,
2438 3183 2650 3252 sanguis
2680 3175 2795 3236 tuus
2828 3191 2923 3244 est,
2964 3175 3137 3251 inquit
3178 3177 3409 3234 'l'ertull.
3445 3177 3560 3252 vid.

241 3248 414 3319 sancti
445 3248 731 3319 Aruulphi.
754 3248 1040 3307 Bsnuzws.

318 3318 386 3372 Et
412 3331 648 3392 optamus
675 3329 720 3374 et
757 3324 1032 3378 credimus.
1075 3323 1199 3378 Haec
1233 3324 1446 3392 quidem
1474 3323 1743 3380 habentur
1797 3325 1851 3379 in

239 3401 453 3464 septem
484 3391 762 3448 codicibus
786 3396 1043 3463 antiquis.
1094 3395 1200 3453 Sed
1230 3391 1428 3452 desunt
1472 3398 1522 3451 iu
1552 3398 1675 3451 aliis
1704 3405 1850 3452 octo.

246 3463 506 3539 Erasmus
526 3464 730 3539 prim_us
754 3467 950 3534 posuit.
971 3465 1099 3539 Nam
1127 3467 1502 3523 desiderantur
1531 3470 1581 3523 in
1619 3469 1855 3539 antiquis

246 3533 600 3591 editionibus.
650 3533 932 3593 Babuzws.
976 3537 1189 3593 Primus
1245 3539 1535 3604 Morellius,
1581 3549 1719 3596 teste
1752 3533 1856 3594 Pa-

248 3606 446 3681 ιιιιξιὶοἈ
468 3607 773 3681 verba]th
803 3609 1029 3664 addidit.
1061 3610 1246 3681 Neque
1288 3613 1429 3665 enim
1464 3610 1712 3667 Erasmus
1763 3627 1856 3666 ne-

246 3693 353 3749 que
377 3678 540 3732 etiam
597 3677 866 3735 Manutius
888 3696 951 3736 ea
978 3677 1357 3738 exhibuerant.
1397 3682 1570 3738 Editio
1622 3684 1857 3737 Romana

246 3749 375 3823 anni
407 3751 569 3823 M7l,
601 3750 755 3823 cujus
780 3755 1059 3821 exemplar
1090 3770 1254 3823 penes
1280 3770 1365 3809 me
1391 3765 1493 3820 est,
1539 3755 1719 3820 habet,
1757 3770 1857 3810 nec

248 3820 414 3887 male,
447 3822 738 3877 audivimus
766 3841 862 3891 pro
885 3820 1141 3879 audimus.
1179 3825 1386 3882 Reum.

325 3892 595 3961 Sacriﬁcia
615 3893 728 3948 Dei.
752 3895 1081 3964 Sacriﬁcium
1107 3896 1212 3951 Deo
1242 3914 1336 3952 ms.
1367 3907 1570 3953 no~trr.
1593 3898 1853 3952 llsnoum.

251 3963 530 4033 Sacriﬁcia
546 3965 677 4031 Dei;
708 3967 782 4021 ita
813 3978 962 4022 certe
994 3968 1153 4024 habet
1176 3970 1347 4023 codex
1377 3971 1746 4024 (lorbeieusis.
1792 3968 1861 4022 Et

251 4047 433 4111 tamen
464 4037 727 4111 Rigaltius
762 4050 986 4094 annotat
1022 4040 1075 4095 in
1128 4042 1218 4095 illo
1265 4041 1522 4111 St‘l‘iplttttt
1584 4056 1706 4096 esse
1753 4038 1859 4094 Deo

252 4107 893 4179 BALuzws.Designatur
923 4112 991 4164 ab
1045 4112 1317 4167 llardttino
1350 4107 1450 4166 ms.
1505 4112 1856 4167 szliothecm

253 4179 582 4253 {esuitaruut
614 4180 835 4253 Collegit
880 4184 1131 4240 Ludovici
1180 4184 1249 4238 Μ.
1281 4183 1521 4239 Parisiis.
1558 4184 1771 4240 llouru.
1796 4212 1860 4223 —

256 4249 501 4317 Quotidie
561 4249 894 4309 celebramus.
959 4255 1011 4309 In
1052 4257 1204 4311 'libro
1258 4256 1323 4310 de
1376 4255 1624 4310 Oratione
1676 4255 1861 4308 Denti-

253 4326 551 4398 nica,_pag.
573 4324 679 4398 2409
699 4338 712 4375 :
730 4325 1123 4389 ,Eaclmristiam
1145 4328 1371 4398 quotidie
1398 4329 1466 4381 ad
1490 4329 1653 4381 cibum
1682 4328 1866 4381 salutis

252 4394 556 4465 accipimus.
586 4396 971 4465 Tcrtutlianus,
1007 4399 1098 4454 lib.
1145 4394 1181 4453 tt
1232 4401 1297 4453 ad
1343 4399 1573 4456 Uitoretn
1608 4416 1619 4451 :
1657 4398 1864 4454 Nesciet

253 4469 470 4542 maritus
497 4468 617 4537 quid
646 4481 835 4523 secreto
870 4483 993 4542 ante
1020 4486 1218 4523 omnem
1261 4473 1424 4525 cibum
1476 4480 1679 4542 gusles;
1721 4481 1767 4523 et
1818 4470 1863 4542 si

252 4540 454 4612 sciverit
477 4557 680 4607 panem,
722 4558 822 4595 non
860 4541 1006 4595 illum
1032 4542 1192 4597 credit
1221 4559 1327 4597 esse
1355 4543 1438 4612 qui
1471 4540 1679 4597 dicitur.
1731 4541 1866 4598 Vide

255 4626 381 4680 cap.
403 4609 641 4677 Quotidie
653 4613 791 4683 apud
807 4612 1121 4669 Gratianum
1137 4614 1262 4668 dist.
1287 4613 1323 4668 9.
1343 4609 1409 4668 de
1424 4614 1863 4670 Consecratiune.

1192 4686 1474 4742 BALUZIUS.

334 4755 454 4835 Qui
482 4758 977 4835 ntartyriunrtollit.
1027 4759 1117 4835 Sic
1159 4757 1291 4835 Luc.
1326 4774 1400 4835 ut,
1433 4757 1533 4835 23,
1563 4760 1741 4835 ἀράτῳ
1780 4759 1867 4835 τὸν

257 4829 491 4903 σταυρὸν
529 4830 712 4903 «secs.
750 4830 1012 4900 Rigaltius
1059 4831 1153 4897 ait,
1195 4833 1284 4897 qui
1333 4829 1642 4903 dignatiotie
1686 4830 1866 4883 divina

256 4899 581 4973 martyrium
613 4899 853 4968 obtinet;
886 4903 1200 4973 martyrium
1232 4899 1411 4969 tollit,
1436 4913 1493 4957 ut
1537 4901 1697 4967 infra,
1722 4917 1868 4955 arma

260 4969 515 5025 tollentes.
536 4970 765 5028 FELLUS.

335 5042 603 5113 Sanguine
626 5061 719 5098 suo
746 5043 1370 5115 baptizatur.Cavcndum
1396 5061 1464 5101 ne
1482 5046 1621 5101 istud
1642 5042 1869 5099 inliciari

258 5112 565 5184 Cyprianus
592 5112 827 5183 putetur.
855 5116 985 5171 Nam
1009 5129 1064 5171 et
1086 5128 1266 5186 postea
1295 5119 1452 5185 epiSt.
1473 5133 1657 5183 Lxxnt,
1688 5116 1754 5170 ad
1777 5114 1871 5171 Ju-

263 5187 481 5240 bi.otum
511 5190 749 5257 scripsit.
795 5191 1213 5243 catechumenos
1256 5188 1379 5242 fidei
1435 5204 1592 5243 causa
1640 5198 1868 5242 mortem

264 5258 560 5329 subeuntes
592 5275 681 5312 nec
710 5261 898 5321 irivari
934 5260 1185 5329 Baptismi
1214 5271 1552 5320 sacramento,
1578 5269 1750 5328 utpote
1785 5261 1873 5328 qui

264 5328 590 5402 baptizentur
616 5332 912 5401 gloriosimo
938 5344 983 5385 et
1007 5328 1227 5386 maximo
1249 5333 1514 5404 sanguinis
1531 5331 1863 5401 Baptismo...

265 5404 517 5474 sanguine
540 5413 707 5455 autem
737 5421 828 5458 suo
856 5404 1137 5472 baptizatos
1162 5417 1206 5457 et
1258 5405 1493 5473 passione
1525 5404 1870 5472 sanctiﬁcatos

265 5479 635 5538 consummari,
667 5483 710 5528 et
739 5475 926 5530 divina?
952 5476 1335 5546 pollicitationis
1364 5476 1584 5546 gratiam
1611 5475 1865 5546 consequi.

267 5552 442 5601 Antea
473 5546 561 5615 qui
600 5550 904 5618 martyrium
951 5548 1104 5609 tollit,
1140 5547 1189 5601 id
1230 5558 1314 5603 est
1348 5545 1435 5616 qui
1485 5546 1727 5617 martyrii
1754 5545 1869 5615 pal-

269 5635 413 5672 tnaut
446 5627 708 5686 reportat.
744 5618 813 5674 Ut
850 5630 1029 5674 autem
1065 5620 1301 5674 subnexa
1334 5634 1454 5673 cum
1483 5619 1565 5672 bis
1595 5624 1871 5672 coluerere

269 5691 628 5759 intelligatur,
657 5692 1002 5747 recolendtnu
1036 5702 1114 5745 est
1145 5691 1498 5745 Eucharistiae
1525 5691 1870 5759 perceptione

273 5777 377 5815 non
427 5777 642 5815 carnem
698 5764 913 5826 nudam,
945 5763 1038 5817 Sed
1080 5779 1297 5818 carnem
1350 5763 1521 5817 vivam
1567 5775 1630 5816 ac
1677 5761 1868 5829 Spiritu

275 5833 777 5891 Lhristianimataut
814 5835 998 5907 recipi,
1031 5834 1274 5907 adeoque
1302 5847 1498 5906 corpus
1519 5832 1715 5888 Christi
1750 5848 1869 5904 pcr-

1888 4589 1944 4649 D

1957 3249 2129 3329 Epist.
2153 3272 2300 3329 Lvnt.
2329 3253 2421 3329 (al.
2453 3249 2583 3327 LVI).
2608 3253 2839 3329 Faunis.
2869 3249 3050 3329 Epist.
3070 3267 3255 3329 Lxxnt,
3291 3265 3410 3320 pag.
3437 3249 3564 3329 1'56,

1961 3324 2151 3394 Utpote
2175 3327 2262 3394 qui
2285 3323 2602 3396 baptizentur
2622 3326 2986 3397 gloriosissimo
3018 3335 3064 3378 et
3086 3323 3311 3397 maxime
3346 3323 3559 3397 sangui-

1956 3399 2037 3452 nis
2064 3394 2441 3465 Baptismo.Et
2479 3394 2789 3453 moxvaddit
2816 3396 3076 3467 sanguine
3117 3409 3219 3451 suo
3268 3394 3565 3467 baptizatos

1956 3480 2013 3525 et
2041 3472 2289 3539 passione
2311 3469 2671 3526 sanctiﬁcatos
2697 3465 3060 3539 consummari
3093 3479 3147 3522 et
3174 3468 3377 3539 divitum.
3406 3465 3566 3539 polli-

1958 3536 2231 3596 citationis
2278 3543 2504 3613 gratiam
2558 3542 2838 3612 consequi.
2888 3538 3466 3613 Videﬂ'l‘crtullianum
3511 3536 3562 3591 iu

1958 3612 2102 3668 libro
2128 3614 2191 3667 de
2218 3609 2486 3682 Btijitisnto
2513 3622 2568 3667 et
2594 3615 2644 3666 in
2666 3609 2803 3668 libro
2821 3614 2883 3666 de
2916 3610 3198 3665 Pudicitia.
3235 3609 3422 3682 Passio
3442 3623 3570 3682 san-

1959 3693 2165 3739 ctarum
2195 3679 2475 3754 Perpetua:
2492 3695 2541 3740 et
2574 3684 2886 3748 Felicitatis,
2906 3700 2937 3736 a
2958 3684 3206 3754 sanguine
3220 3682 3284 3734 ab
3304 3679 3568 3754 obstretiee

1959 3757 2028 3809 ad
2049 3749 2315 3810 retiarium
2343 3757 2511 3810 latura
2545 3768 2656 3826 post
2679 3767 2881 3825 partum
2898 3749 3163 3824 Baptismo
3184 3749 3569 3826 secundo_.Vide

1962 3827 2403 3882 dissertatiouem
2435 3829 2497 3883 l5
2530 3820 2743 3883 Henrici
2789 3820 3067 3890 Dodwelli,
3120 3840 3239 3895 quat
3265 3833 3349 3878 est
3388 3820 3456 3876 de
3483 3837 3570 3876 se-

1962 3899 2138 3971 cundo
2168 3900 2407 3971 martyrii
2439 3899 2731 3970 Baptismo.
2766 3898 3051 3971 Bawzws.

2039 3969 2265 4024 ldonens
2296 3967 2528 4026 essenon
2561 3982 2743 4040 potest.
2778 3969 2881 4024 Ista
2937 3971 2987 4023 in
3040 3967 3274 4039 speciem
3326 3978 3569 4040 pugnare

1965 4041 2214 4096 videntur
2248 4058 2371 4097 cum
2406 4043 2488 4119 his
2518 4035 2636 4113 qua:
2684 4042 2823 4097 idem
2854 4035 3084 4111 praesul,
3116 4054 3239 4094 cum
3279 4035 3568 4119 nonnullos

1966 4129 2307 4183 prtlrpt‘0pel'c
2337 4123 2390 4170 et
2440 4116 2749 4183 importune
2795 4128 2980 4184 pacem
3032 4122 3086 4168 et
3125 4116 3565 4184 communionem

1969 4180 2236 4252 postulare
2264 4203 2291 4239 a
2349 4180 2677 4258 presbyteris
2700 4180 3060 4258 acA'diaeonis
3108 4184 3220 4238 suis
3272 4180 3568 4258 didicisset,

1968 4257 2140 4324 Epist.
2168 4274 2274 4322 xw,
2328 4252 2606 4329 rescripsit
2634 4275 2647 4309 ε
2682 4256 2780 4322 Qui
2811 4257 2854 4310 si
2886 4256 3099 4329 nimium
3143 4261 3437 4323 properant,
3476 4252 3571 4329 Ita-_

1967 4322 2081 4383 bent
2126 4329 2179 4384 iu
2224 4347 2319 4384 sua
2359 4322 2603 4400 potesiate
2649 4330 2785 4399 quod
2831 4327 3110 4396 postulant,
3146 4322 3383 4390 tempore
3435 4322 3571 4393 quod

1968 4400 2226 4475 postulant
2258 4402 2526 4475 largiente.
2557 4399 2709 4475 Acies
2737 4400 2906 4475 adhuc
2935 4400 3161 4475 geritur,
3194 4407 3239 4449 et
3277 4411 3411 4475 agon
3437 4410 3568 4467 quo-
3593 4416 3606 4434 -

1968 4470 2090 4527 tidie
2115 4470 2396 4528 celebratur
2420 4488 2437 4526 :
2459 4473 2503 4526 si
2527 4472 2782 4526 commissi
2810 4487 2921 4526 vere
2950 4480 2995 4525 et
3026 4470 3237 4540 ﬁrmiter
3266 4470 3492 4536 paenitet,
3521 4475 3569 4519 et

1970 4544 2091 4620 ﬁdei
2111 4545 2253 4620 calor
2279 4544 2536 4620 praevalet,
2561 4544 2647 4613 qui
2668 4541 2865 4610 differri
2887 4560 2994 4620 non
3021 4550 3200 4620 potest,
3220 4548 3389 4620 potest
3420 4553 3571 4620 corof

1971 4609 2107 4671 nari.
2163 4609 2355 4672 Verum
2392 4616 2479 4671 hic
2508 4609 2612 4670 non
2642 4609 2857 4671 onmem
2886 4616 2970 4681 iis,
2997 4609 3190 4684 quibus
3219 4609 3571 4684 Eucharistitc'

1970 4691 2250 4763 perceptio
2276 4705 2384 4763 non
2413 4686 2742 4750 conceditur,
2777 4683 3305 4763 martyriisubeuudi
3337 4690 3573 4763 potesta-

1975 4757 2101 4824 ictu,
2139 4757 2234 4816 Sed
2268 4759 2479 4832 facilem
2508 4769 2715 4832 tantum
2737 4769 2788 4813 et
2820 4757 3124 4832 etpeditum
3144 4770 3260 4832 qua
3281 4757 3578 4832 paratiores

1976 4823 2125 4897 fiant,
2156 4834 2334 4902 negari
2365 4829 2815 4902 indeconﬁcitur.
2844 4823 3027 4899 Neque
3055 4823 3214 4883 etiain
3248 4826 3331 4880 his
3356 4825 3407 4902 in
3444 4823 3579 4878 locis

1974 4895 2428 4979 sectiirt_pugttare
2460 4900 2901 4979 vigilantissimus
2930 4895 3114 4972 pastor
3142 4895 3447 4979 censendus
3472 4904 3575 4979 est,

1973 4976 2068 5030 sed
2122 4970 2331 5029 diversa
2369 4970 2598 5028 diversis
2645 4970 2978 5044 temporibus
3027 4970 3264 5044 remedia
3305 4970 3580 5044 sapienter

1974 5046 2251 5103 adhibere.
2293 5047 2422 5100 (lum
2464 5037 2851 5115 ptenitentibus
2892 5042 3329 5115 communionem
3372 5037 3577 5115 diﬂ'erri

1976 5118 2207 5176 volebat.
2242 5118 2293 5171 iu
2351 5117 2400 5171 id
2433 5111 2595 5172 unum
2635 5116 2967 5182 intendebat,
3021 5130 3086 5170 ne
3142 5113 3305 5183 lapsis
3356 5111 3578 5166 omnino

1976 5189 2340 5244 arcessat-ium
2391 5188 2626 5260 probatae
2700 5187 3034 5260 paenitentiae
3107 5184 3406 5260 remedium
3455 5196 3578 5260 cum

1977 5263 2266 5334 ntultorum
2296 5254 2459 5334 exutio
2487 5254 2853 5330 sperneretur.
2898 5259 3048 5313 Nunc
3088 5271 3218 5311 vero
3237 5256 3336 5334 _ubi
3370 5254 3579 5334 Eucha-

1975 5333 2180 5387 ristiaut
2222 5332 2490 5395 concedit,
2526 5328 2598 5387 eo
2635 5341 2841 5401 spectat
2879 5339 2936 5386 ut
2984 5328 3358 5402 persecutione
3397 5328 3581 5402 saevis:

1976 5404 2110 5478 silua
2141 5406 2476 5478 imminente,
2517 5396 2892 5478 potentissimo
2936 5396 3053 5478 ejus
3082 5398 3333 5478 praesidio
3365 5396 3580 5478 art-nati

1976 5476 2173 5530 tttilites
2193 5475 2389 5530 Christi
2413 5470 2621 5530 fortiter
2638 5485 2850 5530 certare
2870 5484 2925 5528 et
2957 5470 3187 5528 inimicis
3212 5470 3336 5526 fidei
3364 5470 3580 5525 invictis

1975 5548 2170 5600 animis
2199 5546 2447 5601 resistere
2475 5548 2638 5600 tutius
2663 5546 2898 5600 valeant.
2935 5546 3174 5614 Denique
3206 5544 3292 5596 ubi
3320 5542 3395 5596 ait
3420 5560 3433 5597 :
3468 5538 3582 5614 {ia-

1977 5619 2094 5694 bent
2122 5619 2174 5671 in
2200 5629 2565 5694 sua_pot_estate
2585 5618 2719 5685 quod
2746 5622 3026 5694 postulant,
3056 5610 3127 5671 ibi
3157 5614 3437 5694 adjuvante
3464 5610 3583 5694 ρος

1974 5692 2115 5743 mino
2157 5683 2512 5759 supplendum
2557 5683 2676 5744 eese
2706 5683 3047 5746 manifestum
3098 5697 3179 5743 est
3222 5683 3298 5740 ex
3328 5685 3414 5740 his
3464 5683 3586 5759 libri

1977 5763 2143 5827 ipsius
2169 5754 2239 5815 de
2264 5754 2585 5816 Mortalitate
2614 5777 2629 5816 :
2658 5759 2781 5815 Non
2809 5774 2883 5816 est
2910 5763 2964 5815 in
2994 5770 3082 5815 tua
3106 5766 3374 5829 potestate,
3406 5754 3496 5810 sed
3529 5754 3583 5808 in

1976 5832 2074 5888 Dei
2116 5832 2411 5904 dignatione
2454 5835 2778 5905 martyrium.
2831 5833 3004 5891 lnttuo
3050 5836 3215 5888 etiam
3243 5829 3331 5886 ubi
3384 5829 3450 5884 de
3493 5842 3581 5895 eo,
