4000 6322
514 268 622 327 839

1209 262 1545 321 EPISTOLA
1583 261 1924 325 SYNODICA
1964 262 2019 323 S.
2064 262 2269 323 CYl‘R.
2318 264 2409 323 AD
2446 263 2503 323 S.
2545 261 2844 323 CORNEL.
2885 262 3143 322 PAPAM.
3670 275 3746 333 seu

515 379 727 449 traditis
772 388 932 459 atque
983 379 1036 441 in
1084 380 1423 443 confessione
1470 379 1702 437 nominis
1740 387 1764 414 η
1804 377 2109 434 constitutis
2136 380 2186 445 Α
2214 394 2330 434 oves
2356 396 2496 445 mete,
2529 396 2588 436 eo
2616 380 2753 453 quod
2782 397 2884 435 non
2925 381 3026 436 sint
3054 392 3306 459 pastores,
3333 394 3378 451 et
3421 386 3557 459 facta
3587 402 3681 453 sunt
3709 393 3747 451 ξι

516 473 774 548 Spiritum
805 473 981 529 Patris
1016 472 1159 551 loqui
1192 490 1205 527 :
1237 471 1508 549 quomodo
1553 479 1727 542 potest
1782 469 1845 525 ad
1904 472 2113 525 confes-

510 570 717 633 sionem
748 577 964 639 paratus
1002 576 1097 623 aut
1135 565 1361 621 idoneus
1388 564 1639 634 inveniri,
1673 566 1761 638 qui
1797 582 1902 620 non
1964 566 2111 636 prius

512 680 646 738 pace
668 671 887 734 accepta
918 662 1183 739 receperit
1214 661 1473 735 Spiritum
1509 661 1703 736 Patris,
1741 661 1829 730 qui
1861 660 2117 716 corrobo-

512 774 641 823 ratis
671 773 856 821 servos
887 773 1013 817 suos
1044 759 1155 829 ipse
1184 756 1418 829 loquitur
1442 765 1494 811 et
1534 754 1820 811 eonfitctur
1848 756 1898 809 in
1922 742 2115 812 nobis?

513 854 669 921 Tune
698 852 892 917 deinde
920 854 965 913 si
990 852 1192 909 relictis
1213 852 1464 907 omnibus
1486 850 1649 906 rebus
1678 851 1787 906 suis
1820 850 2032 921 fugerit,
2063 856 2114 906 et

514 948 571 1005 in
610 947 831 1009 latebris
859 954 1022 1017 atque
1045 948 1096 1003 in
1120 944 1409 1001 solitudine
1432 945 1760 1001 constitutus
1788 944 1837 998 in
1872 943 2110 999 latrones

512 1041 648 1096 forte
677 1039 986 1104 incurrerit,
1014 1046 1107 1093 aut
1141 1038 1191 1092 in
1224 1035 1462 1093 febribus
1489 1047 1543 1093 et
1600 1036 1651 1092 in
1702 1036 1961 1107 languore
2014 1036 2111 1091 de-

418 1176 427 1189 .
511 1133 773 1201 cesserit;
806 1147 984 1197 nonne
1019 1131 1174 1193 nobis
1203 1130 1569 1202 imputabitur,
1610 1128 1752 1202 quod
1782 1138 1887 1184 tam
1942 1129 2114 1185 bonus

511 1228 687 1301 miles,
722 1227 809 1299 qui
842 1227 1021 1282 omnia
1057 1239 1153 1281 sua
1182 1223 1490 1294 dereliquit,
1520 1233 1574 1279 et
1598 1231 1904 1293 contempta
1927 1222 2111 1293 domo,

512 1330 565 1387 et
595 1319 929 1394 parentibus,
962 1326 1054 1374 aut
1084 1318 1289 1383 liberis,
1322 1319 1473 1387 sequi
1498 1316 1780 1377 Dominum
1814 1329 1968 1370 suum
2003 1331 2115 1370 ma-

512 1418 632 1493 luit,
665 1417 783 1493 sine
833 1431 963 1487 pace
1013 1425 1067 1471 et
1096 1414 1211 1479 sine
1253 1412 1741 1477 communicatione
1787 1410 2001 1467 decedit
2030 1410 2104 1463 1'?

516 1509 705 1579 Nonne
735 1509 895 1575 nobis
923 1507 1005 1563 vel
1036 1505 1357 1578 negligentia
1384 1506 1561 1583 segnis
1589 1505 1668 1561 vel
1710 1503 1904 1565 duritia
1923 1503 2119 1559 crude-

524 1602 590 1663 lis
615 1601 952 1667 adscribelor
982 1599 1034 1655 in
1065 1598 1152 1657 die
1175 1596 1392 1675 jndicii;
1429 1596 1569 1666 quod
1603 1605 1852 1669 pastores
1883 1595 2116 1653 creditas

512 1704 568 1751 et
583 1692 899 1757 eotntuissas
920 1691 1073 1746 nobis
1089 1704 1217 1744 oves
1236 1703 1335 1745 nec
1350 1704 1538 1755 curare
1556 1689 1604 1744 in
1627 1702 1778 1759 pace,
1806 1703 1905 1741 nec
1922 1688 1977 1741 in
2000 1687 2116 1742 acie

2215 486 2549 526 comestnram
2583 482 2606 507 ο
2629 472 2862 526 omnibus
2908 471 3079 529 bestiis
3106 477 3218 547 agri
3238 492 3257 531 :
3285 485 3334 531 et
3373 494 3469 535 non
3498 479 3584 550 fuit
3601 484 3670 551 qui
3692 486 3748 541 in.

2213 568 2450 641 quireret,
2481 585 2639 640 neque
2659 570 2745 639 qui
2774 580 3051 624 revocaret.
3095 569 3382 642 Propterea
3405 574 3506 631 ha'c
3542 575 3646 631 dicit
3672 577 3749 635 Da-

2217 662 2415 716 minus:
2440 661 2569 716 Ecce
2590 679 2681 735 ego
2708 679 2861 737 super
2908 674 3161 733 pastores,
3194 674 3240 719 et
3259 666 3507 737 inquiram
3529 684 3626 723 oves
3649 688 3751 729 nicas

2215 757 2279 811 de
2325 757 2556 813 manibus
2586 774 2782 825 eorum,
2812 768 2858 811 et
2910 768 3134 813 avertam
3162 774 3245 813 eos
3292 769 3347 814 ut
3403 776 3501 814 non
3545 763 3748 834 pascantf

2216 865 2333 903 oves
2387 866 2526 904 meas
2552 860 2599 904 et
2620 850 2728 917 iam
2775 866 2877 904 non
2908 860 3113 921 pascent
3158 867 3264 917 eas,
3297 860 3344 906 et
3398 854 3640 908 extraham
3668 872 3753 913 om

2217 958 2375 1009 meas,
2421 952 2445 989 κ
2478 943 2541 997 de
2597 959 2683 997 ore
2727 959 2921 1011 eorum,
2974 953 3021 998 et
3063 961 3269 1017 pascam
3329 961 3414 1001 eas
3459 962 3565 1001 cum
3601 950 3753 1019 judicio

2222 1035 2393 1108 (Ibid.
2448 1036 2536 1104 l0,
2566 1036 2721 1111 αα).

2289 1128 2355 1184 ν.
2390 1128 2466 1186 Ne
2488 1130 2647 1201 igitur
2669 1145 2761 1186 ore
2792 1139 2996 1195 nostro,
3029 1146 3136 1203 quo
3172 1146 3354 1203 pacem
3397 1145 3651 1204 negamus,
3680 1149 3758 1207 quo

2217 1224 2465 1289 duritiam
2492 1226 2661 1299 magis
2693 1225 2942 1283 humana:
2968 1225 3305 1293 crudelitatis
3346 1223 3402 1291 δ,
3436 1242 3586 1297 quam
3607 1226 3758 1284 divina:

2218 1327 2272 1372 et
2330 1326 2569 1388 paterna:
2605 1316 2617 1353 ί
2658 1319 2871 1388 pietatis
2913 1318 3257 1395 Oppopimus,
3302 1333 3433 1375 oves
3480 1319 3622 1374 nobis
3644 1335 3759 1375 com-

2219 1412 2397 1479 misscc
2428 1428 2458 1467 a
2510 1412 2733 1475 Domino
2787 1423 3173 1483 reposcuntur:
3202 1414 3399 1495 placuit
3425 1412 3590 1478 nobis,
3617 1422 3761 1468 sancto

2219 1503 2420 1577 Spiritu
2449 1516 2793 1579 suggerente,
2817 1516 2870 1561 et
2899 1507 3127 1567 Domino
3161 1523 3254 1591 per
3275 1508 3509 1565 visiones
3535 1507 3703 1562 multas
3724 1516 3763 1563 et

2222 1599 2533 1669 manifestos
2550 1601 3040 1681 adtuonente,quia
3079 1603 3248 1663 hostis
3275 1602 3430 1663 nobis
3473 1601 3755 1665 immineret

2223 1695 2610 1769 prmnttntialur
2666 1703 2720 1748 et
2773 1694 3099 1761 Ostenditur,
3155 1695 3412 1767 colligere
3460 1698 3588 1751 intra
3633 1702 3765 1751 castra

511 1787 845 1857 voluerimus
888 1786 1138 1843 armare?
1167 1784 1352 1841 Nonne
1410 1785 1682 1854 ingeretur
1732 1784 1886 1849 nobis
1916 1801 1945 1839 a
2006 1784 2106 1838 Do—
2146 1792 2192 1865 Β
2225 1789 2423 1849 milites
2452 1787 2673 1853 Christi,
2698 1798 2749 1843 et
2779 1790 3100 1849 examinatis
3128 1790 3460 1860 singulorum
3485 1789 3665 1855 causis,
3704 1804 3769 1858 pa-

511 1883 660 1939 minn
699 1879 840 1952 quod
890 1896 984 1952 per
1022 1880 1346 1955 Prophetam
1395 1893 1546 1941 suum
1598 1879 1793 1933 clntnal
1848 1891 1901 1943 et
1951 1878 2116 1944 dicit:

512 1977 648 2035 Ecce
678 1978 759 2035 lac
787 1978 1109 2043 consumitis,
1141 1986 1187 2031 et
1219 1975 1354 2035 lanis
1384 1989 1471 2028 vos
1504 1973 1696 2044 tcgitis,
1722 1983 1767 2028 et
1806 1975 1943 2045 quod
1983 1990 2122 2027 crus-

514 2087 630 2139 snm
653 2078 727 2137 est
749 2070 1055 2141 interﬁcitis,
1078 2079 1261 2129 eroves
1288 2085 1425 2133 meas
1454 2083 1555 2121 non
1584 2068 1826 2140 pascitis;
1863 2068 1999 2135 quod
2038 2068 2118 2122 in-

514 2165 776 2235 ﬁrmatam
812 2175 885 2225 est
912 2176 934 2202 ο
966 2180 1068 2225 non
1102 2164 1451 2236 confortastis,
1500 2173 1545 2216 et
1596 2162 1733 2236 quod
1759 2162 1890 2217 male
1943 2160 2117 2215 Itabuit

513 2273 615 2311 non
641 2257 1027 2319 corroborastis,
1054 2265 1100 2309 ct
1130 2256 1265 2322 quod
1310 2255 1705 2308 contribulatum
1758 2263 1830 2308 est
1861 2270 1961 2307 non
1993 2271 2116 2307 con-

515 2348 666 2402 solati
719 2350 837 2403 estis
891 2348 1107 2419 (Ezeclt.
1152 2364 1332 2414 xxxrv,
1363 2349 1413 2411 5,
1449 2346 1606 2417 etc.),
1642 2356 1686 2401 et
1719 2344 1743 2383 ι¹
1776 2348 1912 2417 quod
1973 2365 2117 2401 erra-

519 2442 604 2496 bat
633 2460 734 2497 non
778 2444 1071 2505 revocastis,
1102 2452 1148 2496 et
1187 2443 1326 2513 quod
1378 2443 1526 2513 periit
1570 2457 1670 2495 non
1714 2442 2014 2512 inquisistis,
2072 2451 2118 2496 et

507 2536 644 2610 quod
671 2539 802 2613 forte
854 2538 974 2617 fuit,
1023 2536 1313 2610 confecistis
1371 2534 1578 2589 labore:
1628 2545 1674 2587 et
1703 2535 1947 2605 dispersa:
1994 2543 2117 2590 sunt

2226 1898 2342 1939 cem
2377 1883 2540 1953 lapsis
2562 1883 2711 1951 dare,
2748 1884 2913 1941 immo
2944 1886 3257 1959 pugnaturis
3294 1899 3445 1939 arma
3491 1894 3769 1954 suggerere:

2225 1977 2366 2051 quod
2391 1978 2661 2033 credimus
2708 1978 2860 2043 vobis
2898 1993 3110 2053 quoque
3152 1989 3391 2049 paternas
3443 1975 3771 2033 misericordia

2226 2072 2685 2145 contemplatione
2716 2072 3061 2143 placiturum.
3093 2072 3246 2141 Quod
3278 2074 3322 2128 si
3353 2073 3423 2130 de
3451 2072 3659 2142 collegis
3702 2069 3775 2127 ali-

2224 2163 2345 2245 quis
2378 2165 2763 2236 exstiterit,qui
2782 2176 3009 2238 nt'ﬂente
3022 2166 3337 2232 certamine,
3367 2181 3551 2237 pacem
3574 2164 3777 2219 fratribus

2223 2265 2276 2327 et
2307 2257 2581 2321 sororibus
2612 2274 2715 2323 non
2746 2268 2892 2335 putat
2924 2259 3176 2327 dandam,
3209 2258 3402 2327 reddet
3441 2258 3529 2323 ille
3566 2254 3777 2313 rationem

2222 2347 2275 2403 in
2315 2348 2402 2403 die
2424 2348 2611 2425 judicii
2668 2351 2893 2405 Domino
2925 2352 3004 2406 vel
3057 2353 3377 2422 importuna:
3428 2366 3675 2412 censum,
3718 2348 3777 2401 vel

2225 2440 2534 2496 inhumanae
2562 2443 2774 2497 duritize.
2796 2458 2926 2498 suzc.
2946 2443 3075 2508 Nos,
3096 2443 3238 2513 quod
3264 2442 3385 2498 fidei
3420 2451 3477 2498 et
3504 2440 3722 2496 charitati
3742 2447 3780 2492 et

2224 2535 2572 2592 sollicitudini
2624 2540 2972 2609 congruebat,
3037 2552 3159 2609 quae
3203 2547 3355 2607 erant
3402 2537 3454 2603 in
3503 2533 3777 2601 conscientia

1744 2698 2125 2757 LECTIONES
2162 2670 2579 2775 vastantes.

584 2838 610 2867 ⁸
648 2837 968 2891 Confessione
990 2839 1065 2888 sui
1091 2839 1301 2889 nominis
1322 2839 1370 2888 Ν
1378 2837 1431 2887 C.
1458 2838 1504 2886 2.

569 2896 603 2972 ιζ
639 2899 1085 2972 Commuuicatione
1108 2901 1318 2972 discedit
1343 2902 1476 2972 L_am.
1504 2902 1703 2972 l_)ec_idi_t
1727 2903 1863 2972 foss.
1898 2902 2023 2972 [ie].

579 2967 602 2995 ο
640 2966 727 3015 Sic
760 2968 874 3014 Ver.
905 2966 1042 3022 Quod
1067 2967 1330 3015 contritum
1355 2966 1475 3016 Ben.
1505 2966 1627 3017 Bod.
1657 2968 1702 3016 2.
1732 2970 1876 3019 Ebur.
1908 2968 2016 3018 ΝΟ.
2051 2970 2093 3018 l.

579 3025 608 3067 ἀ
642 3026 937 3078 Consolidati
964 3028 1122 3077 Oxon.

579 3094 603 3121 ο
638 3089 1030 3143 Comestionibus
1056 3089 1219 3147 Lamb.
1247 3090 1303 3145 in
1325 3091 1695 3155 depraadatione
1723 3094 1868 3147 Corb.

2290 2839 2315 2915 ξ
2438 2854 2532 2890 non
2556 2853 2749 2915 pascam
2775 2846 2959 2915 εδει-φὶ
2979 2839 3545 2915 extraham'ovesnlmn.

2288 2908 2315 2946 ε
2351 2905 2426 2953 De
2447 2900 2672 2954 manibus
2700 2900 2829 2952 Lam.
2859 2900 3001 2955 Ebor.
3028 2904 3075 2956 Ν
3082 2902 3136 2953 C.
3166 2900 3210 2951 1.
3240 2900 3363 2952 Bod.
3390 2903 3440 2952 2.

2286 2966 2316 3006 Ιι
2354 2967 2637 3016 Inhumana:
2660 2966 2970 3016 crudelitatis
2992 2968 3132 3015 Pem.

2289 3029 3217 3098 ᾖςξιιξιιιιὲᾱιιΙιῑιέόιιιι-ιὶὶγίιιξξΝΟςΑὶΔ
3285 3092 3295 3098 _
3353 3091 3379 3098 Α
3443 3088 3489 3098 η

2291 3095 2304 3145 i
2354 3082 2417 3144 ῡι
2439 3094 2556 3158 quia
2578 3093 2749 3143 hostes
2774 3093 2908 3144 Lam.
2936 3094 3080 3144 Ebur.
3110 3090 3234 3144 Bod.
3278 3092 3324 3152 t,
3351 3091 3404 3141 2.
3434 3088 3539 3141 Lin.
3574 3087 3668 3140 ac.
3689 3086 3724 3144 ι,
3742 3082 3778 3133 2.

1852 3245 2211 3304 VARIORUM
2250 3246 2477 3304 NOTAE.

548 3390 597 3445 ni
651 3392 1085 3447 communionem
1136 3391 1338 3448 differri
1369 3392 1468 3447 sibi
1517 3407 1661 3464 aegre
1722 3391 1939 3461 patitur,
1998 3391 2113 3446 ait:

508 3405 616 3531 alui
646 3462 845 3531 differri
869 3480 969 3518 non
999 3474 1180 3531 potest,
1205 3474 1369 3531 potest
1393 3465 1653 3531 coronari,
1682 3474 1839 3519 caute
1877 3465 2113 3531 prcemit-

564 3464 616 3517 ui
869 3480 969 3561 non
999 3474 1369 3561 potest,'potest
1393 3462 1653 3533 coronari,
1682 3474 1839 3519 caute
1877 3465 2115 3535 prcemit-
2141 3496 2187 3561 C

510 3537 665 3606 tit,7si
693 3536 813 3604 ﬁdei
841 3538 984 3590 calor
1014 3537 1273 3606 prcevalet.
1302 3535 1611 3592 Consum.

582 3605 650 3661 In
672 3609 987 3673 confessione
1007 3605 1243 3662 nominis.
1283 3608 1398 3664 Uno
1454 3624 1555 3662 tus.
1614 3609 1701 3663 hic
1746 3609 1962 3664 additur
1989 3610 2115 3665 sui:

506 3678 910 3751 quodalienutn
944 3694 1048 3734 non
1081 3690 1163 3733 est
1187 3694 1216 3734 a
1248 3691 1427 3734 mente
1456 3676 1735 3751 Cypriani,
1766 3682 1859 3736 sed
1900 3681 1968 3735 ah
1996 3681 2113 3751 ejus

508 3748 625 3804 usu.
653 3748 758 3820 Ipsi
788 3767 981 3820 nempe
1013 3751 1278 3808 familiare
1302 3764 1385 3805 est
1414 3748 1514 3807 Dei
1534 3767 1626 3805 seu
1652 3751 1849 3807 Christi
1900 3748 2113 3806 confes-

505 3823 713 3877 siOnetn
745 3823 1064 3892 simpliciter
1090 3824 1461 3893 confessionem
1485 3825 1706 3878 nominis
1731 3825 2025 3893 appellare,
2057 3834 2113 3878 ut

509 3893 867 3967 ipepistolam
920 3910 1036 3962 xm,
1069 3907 1191 3951 nota
1241 3895 1533 3965 pennltima
1578 3896 1853 3967 probaturi
1902 3912 2109 3950 sumus.

503 3962 810 4021 Consum.

582 4035 813 4093 Decedit.
846 4035 1010 4092 Corb.
1048 4053 1151 4094 ms.
1180 4052 1208 4092 a
1240 4040 1475 4094 secunda
1512 4054 1670 4095 manu
1702 4054 1825 4094 eum
1856 4053 1964 4093 uno
2005 4040 2114 4093 An-

503 4107 627 4175 glic.
653 4109 886 4184 discedit.
934 4110 1340 4184 Existitnandus
1371 4127 1475 4165 non
1501 4111 1902 4184 estCyprianus
1925 4111 1991 4166 de
2016 4111 2110 4165 ho-

513 4194 637 4254 rum
659 4180 1047 4254 salute_duhius
1070 4192 1122 4237 et
1145 4198 1344 4254 anceps
1374 4180 1666 4238 exstitisse.
1699 4184 1928 4239 Mentem
1960 4198 2111 4237 suam

503 4266 565 4304 ea
607 4251 675 4304 de
721 4267 779 4307 re
814 4252 983 4323 Epist.
1020 4270 1134 4317 Lvt,
1161 4270 1256 4310 seu
1284 4251 1395 4320 758,
1429 4258 1603 4323 aperit
1632 4256 1715 4309 his
1749 4256 1964 4310 verbis:
1998 4254 2113 4309 Etsi

502 4323 781 4393 fugientem
812 4327 863 4378 in
895 4325 1172 4379 solitudine
1210 4343 1270 4380 ac
1315 4327 1571 4381 montibus
1597 4328 1728 4381 latro
1782 4329 2106 4395 oppresserit,

506 4396 619 4465 fera
651 4397 907 4463 invaserit,
947 4401 1107 4467 fames
1134 4408 1220 4451 aut
1264 4400 1373 4454 sitis
1417 4409 1506 4453 aut
1531 4401 1696 4470 frigus
1733 4400 1987 4470 afflixerit,
2035 4399 2112 4453 vel

505 4482 596 4541 per
622 4470 785 4521 maria
816 4470 1134 4536 navigantem
1167 4481 1434 4541 tempestas
1465 4488 1524 4524 ac
1562 4470 1789 4540 procella
1832 4470 2113 4524 submerse-

503 4539 571 4590 rit
599 4554 617 4592 :
647 4550 837 4609 spectat
866 4541 1073 4595 militem
1103 4558 1251 4596 suum
1269 4539 1503 4597 Christus
1540 4544 1836 4613 ubicumque
1879 4559 2112 4613 pugnan-

506 4619 635 4684 tem,
677 4620 724 4665 et
777 4614 1140 4681 persecutionis
1188 4631 1343 4669 causa
1392 4631 1485 4684 pro
1531 4616 1748 4669 nominis
1794 4616 1874 4669 sui
1921 4616 2111 4668 honore

504 4683 739 4756 morienti
760 4687 1025 4751 praemium
1047 4685 1234 4751 reddit,
1265 4683 1402 4754 quod
1434 4688 1676 4740 daturum
1706 4704 1759 4741 se
1784 4688 1836 4740 in
1877 4702 2111 4756 persecu-

504 4754 639 4830 tione
667 4758 917 4825 promisit.
952 4756 1062 4810 Nec
1107 4758 1273 4811 minor
1301 4768 1374 4813 est
1418 4760 1649 4830 martyrii
1679 4759 1845 4830 gloria
1879 4754 1987 4811 non
2017 4776 2110 4826 pn-

504 4825 632 4879 blice
682 4837 729 4881 et
773 4832 904 4882 inter
943 4831 1130 4883 multos
1179 4832 1386 4898 perisse,
1417 4825 1821 4898 cum'perEundi
1850 4825 2111 4885 causa’sit

2222 3393 2375 3446 solati
2412 3393 2550 3457 estis,
2580 3392 2673 3446 sed
2704 3392 3021 3448 memoravit
3057 3390 3306 3446 Baluzius
3338 3388 3391 3444 in
3415 3389 3586 3443 codice
3628 3382 3778 3457 Sorba-

2220 3467 2337 3519 nico
2369 3455 2626 3532 scriptum
2659 3481 2907 3519 essenon
2938 3462 3245 3517 consolidati
3288 3462 3429 3516 estis.
3467 3460 3691 3536 Vulgata
3712 3455 3777 3536 ln-

2222 3548 2358 3608 terp.
2418 3530 2597 3601 habet,
2655 3536 2793 3608 quod
2837 3539 3162 3607 confractum
3207 3543 3325 3661 εειῇ
3369 3550 3474 3587 non
3527 3530 3776 3585 reduxistis.

3331 3619 3498 3661 ουτῐι.

3331 3619 3498 3661 ουἸἭ.

2287 3677 2655 3734 Comesturam.
2693 3680 2875 3734 Codex
2897 3678 3245 3748 Remigianus
3275 3679 3647 3751 comestionetn.
3672 3670 3777 3751 Cor-

2219 3751 2419 3805 biensis
2468 3751 2871 3822 deprtedutione,
2918 3751 3251 3805 Turonensis
3319 3751 3382 3803 de
3439 3748 3774 3822 pra’dicatione.

2218 3823 2503 3879 BALUZIUS.
2533 3820 2756 3895 Vulgata
2791 3822 2972 3885 habet,
3002 3824 3053 3876 in
3077 3823 3480 3876 devorationem.
3504 3820 3696 3874 Rourn.

2290 3916 2356 3993 Et
2374 3919 2488 3987 jam
2516 3935 2615 3972 non
2656 3928 2861 3988 pusccnt
2910 3934 3015 3993 eas.
3053 3917 3436 3993 Alliee‘desun}
3483 3917 3549 3993 in
3586 3912 3777 3993 antiquis

2216 3986 2543 4049 editionihus
2572 3999 2626 4046 et
2650 3986 2700 4047 in
2732 4004 2921 4045 novem
2948 3990 3096 4055 libris
3112 3988 3370 4058 antiquis.
3399 3986 3636 4058 Defuisse
3651 3986 3775 4038 etiam

2215 4061 2270 4118 in
2329 4062 2497 4118 tribus
2536 4079 2565 4116 a
2613 4078 2671 4117 se
2724 4062 2855 4116 visis
2905 4070 3131 4119 testatur
3186 4056 3480 4115 l’amelius.
3540 4056 3773 4113 BALCZIDS.

2217 4134 2322 4197 Sed
2389 4136 2550 4188 verba
2618 4144 2919 4205 agnoscunt
2968 4149 3097 4189 Lxx.
3176 4132 3404 4204 Vulgata
3463 4132 3618 4186 habet
3686 4131 3776 4198 post

2215 4207 2339 4261 cod.
2382 4204 2690 4273 llcbrteuni,
2753 4222 2845 4263 nec
2907 4215 3122 4278 pascant
3178 4204 3405 4276 amplius
3462 4212 3676 4276 pastores
3714 4212 3773 4250 se-

2217 4280 2477 4353 metipsos.
2501 4279 2707 4335 Roma.

2288 4370 2511 4431 Poscant
2550 4390 2636 4428 eas
2684 4390 2799 4428 cum
2819 4373 3042 4445 judicio.
3096 4364 3336 4432 Βοσκήσώ
3365 4372 3504 4431 αὖτά
3530 4368 3773 4445 participi-

2214 4467 2399 4517 ματος.
2451 4445 2575 4501 "ch
2610 4439 2890 4515 desumpta
2929 4454 3053 4502 sunt
3097 4461 3162 4500 ex
3212 4460 3369 4500 versu
3404 4448 3493 4517 lg.
3525 4439 3634 4508 Ipse
3668 4439 3774 4493 Deus

2214 4515 2440 4587 Singulis
2463 4518 2676 4585 ovibus,
2712 4533 2908 4589 pascua
2942 4533 3039 4573 sua
3068 4517 3392 4587 designabit.
3424 4515 3644 4573 FELLUS.

2288 4611 2545 4666 Duritiam
2572 4614 2733 4685 magis
2763 4613 3002 4667 humanas
3020 4610 3357 4685 crudelitatis.
3382 4610 3506 4679 Ipse
3532 4606 3686 4677 Epist.
3707 4613 3770 4685 ιεξο

2215 4683 2385 4755 Magis
2417 4672 2756 4755 philosopltice
2780 4686 3024 4739 secularis
3047 4685 3294 4754 pravitate
3323 4672 3505 4755 durus,
3533 4672 3671 4755 quam
3689 4672 3775 4755 plli-

2214 4747 2460 4825 losdplsiw
2490 4747 2774 4811 Dom'tnicw
2802 4758 3009 4811 lenitate
3047 4747 3313 4824 pacificus.
3347 4747 3609 4809 Pacianus
3636 4747 3769 4815 ΕΡί⁵¹⁴

2218 4844 2275 4894 ιι,
2305 4829 2457 4891 dixit,
2497 4827 2924 4883 lnobsecrabilem
2954 4829 3301 4899 asperitatem,
3336 4830 3418 4882 cui
3446 4827 3647 4899 apponit
3678 4833 3770 4891 grti-

508 4907 715 4967 propter
735 4899 993 4973 Christum
1026 4895 1211 4971 perire.
1261 4906 1330 4956 At
1372 4895 1823 4973 quemadmodum
1856 4902 2105 4972 culpandi
2131 4904 2184 4965 D
2212 4902 2339 4954 tuita
2368 4900 2574 4956 Domini
2605 4903 2756 4968 bona,
2786 4912 2832 4957 et
2853 4895 3065 4956 ccclesiis
3095 4901 3375 4955 clementia:
3391 4895 3582 4957 titulos.
3611 4895 3770 4950 RIGAL'

502 4979 687 5050 essent
720 4970 927 5050 lideles.
958 4974 1001 5050 si
1028 4970 1132 5050 non
1164 4970 1697 5050 omnem'dcdisseut
1740 4970 1983 5047 operam,
2037 4985 2104 5050 _ut

508 5038 633 5094 hinc
656 5057 760 5096 non
791 5044 911 5099 sine
936 5045 1131 5099 viatico
1164 5054 1270 5099 tam
1314 5047 1624 5101 necessario
1656 5038 1980 5117 urigiarentj
2036 5048 2106 5100 ita

504 5118 559 5165 et
575 5123 849 5193 pastores,
893 5118 936 5170 si
985 5118 1058 5193 illi
1093 5131 1279 5171 eorum
1319 5119 1645 5188 negligentia
1699 5128 1849 5175 tuttlo
1882 5132 2107 5174 munere

506 5185 696 5250 privati
724 5185 967 5242 fuissent.
997 5190 1301 5244 Cous'rtttv'r.

536 5253 843 5336 “Consoloti
864 5263 1002 5315 estis.
1038 5261 1189 5328 Quod
1212 5262 1610 5336 contribulatum
1650 5273 1721 5336 est
1775 5279 1877 5317 non
1927 5278 2108 5336 conso-

508 5324 730 5406 lidastis.
766 5330 989 5386 Librarii
1023 5324 1214 5388 vocem
1247 5334 1384 5388 hanc
1411 5334 1461 5386 in
1497 5335 1700 5403 vulgari
1745 5334 2107 5389 tribulationis

506 5410 619 5475 sive
648 5414 902 5457 terumme
936 5407 1208 5461 notatione
1239 5406 1647 5475 intelligebant;
1679 5416 1732 5459 et
1761 5407 1880 5461 ideo
1908 5421 2104 5460 conso-

506 5466 762 5546 lationem
818 5476 1011 5530 melius
1062 5466 1845 5546 reSpoudcreVcredidcrunt;
1918 5487 2106 5531 contra

506 5543 644 5618 sacri
696 5552 871 5618 textus
902 5543 1308 5618 tuentemfmttt,
1347 5552 1529 5618 legunt
1578 5548 1917 5608 κατεδήσατε.
1947 5546 2109 5602 Colli-

503 5615 671 5693 gastis
702 5613 896 5693 Tertul.
948 5617 1186 5693 FELLUS.
1215 5613 1475 5675 Fcllinam
1529 5620 1661 5675 edit.
1704 5631 1915 5674 secutus
1943 5635 2109 5693 sunt,

506 5689 559 5735 in
588 5702 689 5752 qua
724 5689 799 5742 sic
826 5692 1134 5745 restitutum
1164 5704 1326 5747 estex
1355 5693 1578 5761 scriptis,
1607 5694 1821 5761 opinor,
1856 5691 2114 5745 codicibus

504 5769 605 5837 pro
639 5775 740 5814 non
770 5763 1025 5816 consolati
1081 5763 1233 5837 estis,_
1264 5766 1406 5835 quod
1450 5764 1659 5837 habent
1691 5765 1945 5831 impressi.
1980 5763 2115 5817 Har-

500 5826 701 5885 duinus
730 5837 955 5899 notavit,
988 5850 1089 5888 tllS.
1114 5826 1396 5890 Sociciatis
1428 5850 1539 5890 sua:
1577 5826 1835 5891 exhibere
1862 5852 1962 5889 non
1991 5851 2115 5889 cun-

2212 4988 2355 5027 'I'IUS.

2283 5045 2526 5100 Paterna
2552 5046 2774 5117 pietatis.
2807 5044 3069 5100 Erasmus
3098 5042 3294 5109 edidit,
3344 5053 3573 5117 patcrnce
3610 5032 3769 5117 pietati!

2212 5118 2533 5171 dulcedinem
2552 5114 2888 5187 'opponimns.
2931 5118 3128 5172 Verum
3157 5131 3343 5171 vocem
3371 5114 3673 5169 dulcedinem
3694 5116 3767 5174 ego

2212 5191 2456 5258 nuspiam
2482 5191 2659 5260 reperi
2683 5192 2733 5243 in
2760 5189 2909 5243 libris
2936 5189 3191 5257 antiquis.
3223 5189 3507 5243 BALUZIUS.
3527 5187 3652 5260 Cum
3671 5189 3768 5260 te“?

2210 5252 2421 5317 constet
2448 5278 2513 5317 ex
2548 5252 2671 5319 Var.
2708 5262 2878 5316 Lectt.
2903 5261 2954 5315 in
2991 5252 3123 5315 edit.
3155 5262 3332 5314 Oxon.
3386 5257 3568 5330 positis
3613 5252 3766 5306 babae

2213 5333 2448 5388 Codicem
2497 5334 2629 5389 Coll.
2680 5334 2816 5389 Nov.
2868 5333 2924 5397 2,
2965 5348 3117 5398 quant
3160 5328 3417 5386 dulcedini
3468 5328 3765 5398 divinw,_pN

2211 5423 2363 5476 quam
2389 5406 2593 5471 divince,
2616 5422 2803 5461 vocem
2826 5396 3148 5459 dulcedinem
3166 5414 3290 5459 ante
3308 5404 3494 5457 divina:
3508 5396 3763 5453 addendam

2214 5490 2337 5533 esse
2354 5492 2570 5531 censeo.
2597 5481 2807 5533 llou'rn.

2292 5548 2455 5623 Nobis
2478 5550 2758 5623 imminere.
2796 5548 3102 5623 Pronomcn
3132 5548 3274 5604 nobis
3302 5545 3513 5623 exedd.
3544 5548 3658 5623 ante
3684 5535 3761 5623 Ba:

2218 5620 2517 5686 luzianam,
2558 5638 2650 5677 St‘ll
2691 5620 3117 5687 Benedictinam,
3144 5620 3422 5683 revocavi;
3453 5615 3761 5677 similiterque

2221 5693 2537 5765 particulam
2568 5705 2615 5747 et
2643 5704 2765 5765 ante
2793 5692 3119 5765 extuninatis.
3149 5691 3369 5747 Reum.

2302 5762 2455 5817 Vobis
2480 5782 2699 5836 quoque.
2728 5764 2985 5818 Cornelio
3015 5763 3378 5833 Romanisque
3403 5760 3529 5836 suis.
3555 5757 3731 5836 Roma;

2295 5836 2446 5901 Quod
2470 5820 2513 5890 si
2541 5820 2607 5891 de
2628 5838 2835 5907 collegis
2864 5836 3071 5906 aliquis.
3111 5820 3441 5905 Quamquam
3494 5832 3543 5885 in
3591 5820 3759 5895 sytt0d9
