4000 6322
200 323 306 384 865

1670 317 2068 379 NOVATIANI.

3399 321 3504 376 866

197 444 340 514 quod
381 458 575 499 nomen
605 443 832 514 alicujus
863 455 1107 512 persona:
1135 440 1350 496 diverso
1377 441 1538 496 modo
1579 442 1630 495 in
1672 441 1804 495 scri-
1831 445 1878 501 Α
1909 438 2122 508 quidem
2147 438 2256 506 jam
2290 444 2445 491 antea
2475 435 2733 490 docuerat
2757 433 2815 490 S.
2843 432 3239 506 Cyprianus(6)
3270 448 3368 489 :ex
3397 449 3508 506 quo

199 540 306 609 ptis
332 538 674 608 antiquorum
699 537 1021 593 offendatur.
1068 536 1195 608 (Sic
1236 545 1292 590 ut
1321 535 1496 604 aliqua
1541 534 1698 604 hujus
1727 536 1801 590 rei

200 633 449 702 exempla
480 632 833 702 adducamus)
865 643 1180 686 antecessor
1223 630 1456 684 Cornelii
1501 645 1604 682 non
1629 629 1802 683 solum

198 725 341 796 apud
365 725 707 790 Latinos,scd
726 723 964 790 Graecos,
984 723 1270 779 Eusebium
1294 723 1500 777 scilicet
1522 726 1538 792 (
1551 720 1600 793 l)
1620 721 1808 774 Fabia-

200 833 334 882 nus;
367 827 422 872 et
451 816 593 888 apud
639 817 774 871 alios
804 816 1024 871 Graecos
1056 815 1322 870 Fabianus
1349 825 1574 870 vocatur
1603 813 1704 888 (2).
1743 815 1808 867 lit

194 910 310 980 jam
340 911 408 965 ab
429 909 663 979 antiquis
707 907 1040 978 temporibus
1078 917 1265 962 auctor
1285 905 1672 962 Manichacismi
1697 920 1802 959 non

198 1001 377 1055 solum
405 1000 624 1063 Manes;
683 999 779 1054 sed
820 999 1148 1054 Manichacus
1205 1015 1419 1070 quoque
1474 997 1804 1054 nominatur.

201 1094 400 1149 Notum
458 1095 619 1149 etiam
659 1105 740 1149 est
779 1094 1053 1160 omnibus,
1085 1095 1419 1149 Lactantium
1478 1093 1639 1148 modo
1685 1092 1807 1147 Cte-

205 1187 360 1252 liutn,
406 1187 566 1241 modo
593 1185 889 1250 Cmcilium,
941 1195 1215 1242 auctorem
1271 1187 1395 1241 vita:
1426 1187 1482 1242 S.
1521 1185 1806 1256 Augustini

207 1295 352 1336 nunc
368 1279 692 1346 Possidium,
713 1295 851 1334 nunc
873 1279 1243 1334 POSsidottium
1269 1279 1446 1334 vocari
1476 1296 1487 1330 :
1520 1277 1809 1332 autultima

209 1373 613 1429 nomenclatura
639 1388 668 1427 a
702 1373 1050 1443 Sehmtgeuio
1076 1383 1345 1443 tamquam
1370 1387 1595 1427 errouea
1628 1386 1811 1440 repre-

208 1465 478 1521 hendatur
527 1467 630 1538 (5).
690 1465 832 1520 Fieri
883 1467 1063 1535 itaque
1094 1465 1247 1520 facile
1277 1465 1468 1536 patuit,
1499 1463 1639 1534 quod
1668 1464 1809 1517 circa

214 1559 464 1614 homines
487 1559 705 1614 aliunde
729 1558 1080 1614 haudillustri
1112 1559 1230 1614 loco
1263 1568 1416 1612 natos
1445 1558 1494 1611 in
1527 1574 1624 1612 usu
1654 1558 1816 1612 fuerit

211 1665 443 1724 utroque
471 1653 632 1708 modo
671 1669 860 1709 eorum
893 1669 1088 1707 nomen
1124 1664 1231 1706 tttm
1264 1653 1664 1723 prOuttutiandi,
1700 1662 1808 1705 tum

209 1748 504 1813 scribendi,
553 1757 714 1819 atque
765 1747 908 1818 quod
949 1747 1232 1803 Cornelius
1258 1757 1312 1804 et
1346 1747 1648 1819 Cyprianus
1676 1747 1814 1802 intc-

1909 533 2068 588 etiam
2114 531 2390 598 discimus,
2435 530 2740 585 Stoicorum
2770 528 2981 599 placitis
3010 530 3183 600 ipsum
3216 529 3384 585 fuisse
3409 527 3504 584 ad-

1907 624 2128 678 dictum.
2167 623 2345 677 Patria
2397 623 2560 678 domo
2589 622 2774 677 relicta
2808 621 3034 676 Romam
3083 638 3143 678 se
3178 622 3428 687 contulit,
3477 635 3509 676 e

1910 715 2127 771 Porticu
2162 715 2212 768 in
2256 715 2556 770 Ecclesium
2591 715 2877 770 transiens.
2915 714 3105 769 Adhuc
3147 711 3506 769 Catechume-

1910 824 2010 863 nus
2038 807 2187 877 gravi
2217 808 2406 862 morbo
2427 818 2731 876 correptus,
2765 807 3007 862 Clinicus
3029 805 3357 875 Baptismum
3385 821 3509 860 sus-

1909 904 2072 974 cepit.
2105 922 2122 953 t
2150 903 2333 974 Neque
2349 914 2548 970 tamen,
2570 914 2627 958 ιιι
2651 903 2907 959 scribitS.
2926 903 3211 960 Cornelius
3235 903 3335 976 (7),
3367 903 3511 958 Satti-

1915 997 2006 1051 tati
2045 997 2325 1052 reSIitutus
2369 997 2576 1067 reliqua
2622 997 2883 1068 percepit,
2917 1012 3037 1068 quat
3064 996 3364 1052 Secundum
3407 996 3510 1050 Ec-

1911 1091 2091 1146 clesia:
2123 1091 2364 1161 regulam
2399 1092 2741 1161 percipienda
2774 1102 2929 1156 sunt;
2965 1107 3136 1162 neque
3162 1091 3231 1146 ab
3256 1089 3510 1161 episcopo

1911 1187 2258 1256 consignatus
2299 1193 2403 1240 est.
2437 1186 2701 1256 Deinceps
2756 1185 2937 1240 subdit
2963 1185 3102 1241 idem
3131 1195 3348 1240 sanctus
3375 1201 3512 1255 pon-

1915 1277 2040 1332 tifex
2079 1280 2157 1348 (8)
2192 1279 2527 1350 presbyterio
2552 1280 2940 1334 cohonestatus
2960 1290 3042 1335 est
3071 1295 3166 1350 per
3192 1279 3419 1350 gratiam
3461 1289 3516 1335 et

1912 1371 2300 1441 indulgentiam
2337 1372 2608 1442 EpiscOpi.
2635 1413 2648 1426 .
2675 1413 2688 1428 .
2712 1413 2724 1426 .
2751 1373 3121 1429 intercedebat
3166 1375 3309 1429 enim
3339 1374 3516 1429 omnis

1914 1465 2116 1532 clerus,
2145 1477 2199 1521 ct
2243 1467 2394 1521 tnulti
2434 1483 2500 1522 ex
2546 1468 2728 1536 laicis;
2762 1485 2827 1523 eo
2857 1469 2998 1540 qttod
3041 1487 3144 1524 non
3175 1470 3362 1526 liceret
3391 1487 3515 1526 eum

1915 1560 2027 1628 qui,
2062 1559 2514 1630 quemadmodum
2541 1569 2593 1616 et
2623 1562 2732 1624 ille,
2765 1564 2814 1616 itt
2845 1564 3043 1619 lectulo
3074 1574 3299 1635 urgente
3326 1565 3517 1620 morbo

1919 1655 2166 1723 perfusus
2206 1655 2412 1720 fuisset,
2460 1657 2509 1710 in
2544 1657 2748 1711 clerum
2781 1657 3014 1728 aliquem
3049 1661 3264 1716 assumi.
3314 1659 3516 1716 Verum

1917 1749 2126 1819 rogavit
2165 1749 2470 1821 episcopus,
2516 1761 2572 1806 ut
2603 1767 2725 1807 euut
2758 1768 2921 1807 unum
2954 1752 3207 1810 ordinare
3253 1754 3353 1809 sibi
3401 1770 3518 1826 per-

210 1859 368 1915 grum
401 1857 596 1898 nomen
627 1857 692 1896 eo
721 1840 990 1897 lubentius
1021 1841 1360 1906 retiuuerint,
1409 1841 1550 1912 quod
1605 1841 1812 1896 facilius
1845 1846 1889 1905 Β
1918 1843 2240 1898 mitteretur.
2275 1864 2292 1896 ι

209 1952 375 2010 atque
420 1943 720 1996 accuratius
747 1941 942 1997 exinde
970 1942 1144 1998 amba:
1175 1957 1420 2013 personze
1451 1942 1688 1998 Novatus
1710 1943 1818 1997 sci-

209 2035 338 2090 licet
375 2049 440 2090 ac
483 2034 807 2090 Novatianus
851 2034 1307 2091 discernerentur.

287 2169 472 2225 Tertio
495 2167 712 2223 demum
736 2168 1109 2233 observamus,
1141 2169 1283 2239 quod
1309 2184 1373 2224 ex
1408 2169 1666 2225 Lardneri
1699 2170 1815 2224 atti-

214 2263 678 2322 madversiouihus
729 2264 1006 2319 evidenter
1056 2273 1316 2336 patescat,
1371 2280 1544 2334 neque
1596 2264 1819 2318 Latinos

213 2357 509 2413 discrimen
551 2357 689 2412 inter
716 2357 978 2412 Novatum
1006 2368 1060 2413 et
1088 2356 1444 2412 Novatianunt
1473 2373 1688 2428 semper
1719 2357 1817 2412 ob-

213 2463 498 2517 servasse,
546 2460 662 2505 utut
703 2466 733 2505 a
780 2450 1174 2505 recentioribus
1229 2451 1408 2505 latinis
1466 2452 1819 2521 scriptoribus

217 2545 498 2599 laudatum
529 2543 822 2600 discrimen
867 2555 971 2600 tam
1002 2544 1188 2599 sedulo
1221 2545 1542 2610 inculcetur,
1572 2543 1712 2615 quod
1739 2545 1819 2598 ni-

216 2640 412 2694 mirum
444 2655 509 2694 ex
541 2639 749 2693 duobus
790 2639 893 2693 illis
933 2638 1262 2710 presbyteris
1311 2637 1593 2693 Novatiaui
1642 2637 1817 2693 schiso

216 2733 380 2787 matis
409 2732 775 2802 antesignanis
830 2730 1270 2803 Carthaginensis
1318 2730 1580 2796 Novatus,
1615 2731 1818 2786 Roma-

217 2840 323 2881 nus
362 2840 490 2879 vero
521 2824 850 2879 Novatianus
897 2825 1158 2880 dicendus
1190 2828 1282 2880 sit.
1341 2827 1463 2880 llarc
1507 2827 1691 2880 ultima
1725 2827 1819 2880 ob-

217 2920 477 2982 servatio,
533 2936 690 2989 quam
745 2935 809 2975 ex
845 2919 1232 2976 Dissertatione
1263 2920 1523 2976 Lardneri
1591 2922 1819 2991 primum

219 3010 390 3066 menti
420 3020 618 3066 ιιοδῑι-ίρ
637 3010 878 3077 obvenit,
907 3027 1153 3082 magnam
1172 3011 1456 3066 utilitatem
1485 3028 1546 3066 ac
1580 3028 1820 3069 momen-

222 3112 334 3158 tum
365 3102 526 3158 habet
551 3102 615 3158 ad
644 3118 748 3157 non
773 3118 970 3173 paucas
985 3103 1332 3159 difficultates
1360 3105 1668 3170 solvendas,
1699 3105 1822 3162 inde

219 3203 584 3266 emergentes,
637 3194 780 3266 quod
808 3195 860 3249 in
894 3195 1075 3250 latinis
1107 3195 1351 3250 Patrihtts
1379 3196 1493 3251 loca
1521 3197 1588 3252 de
1614 3196 1821 3252 Novato

221 3287 636 3358 Carthaginensi
667 3296 1008 3359 exponantur
1049 3305 1077 3343 a
1129 3289 1517 3360 Scriptorihus,
1569 3307 1688 3361 qua:
1734 3308 1819 3346 re-

226 3397 358 3436 vera
388 3389 566 3438 tamen
595 3381 661 3438 de
685 3381 987 3437 Novatiano
1012 3391 1197 3454 agunt.
1237 3383 1500 3440 Caeterum
1528 3384 1612 3441 hic
1639 3386 1822 3456 vulga-

223 3492 343 3532 rcm
367 3491 594 3542 morem,
623 3477 734 3532 suis
759 3478 917 3532 etiam
961 3477 1198 3532 innixum
1231 3480 1499 3534 rationum
1535 3482 1823 3536 momentis

225 3569 522 3639 sequimur,
556 3583 662 3639 quo
683 3585 879 3625 nomen
902 3568 1140 3624 Novatus
1161 3569 1228 3624 de
1258 3569 1512 3626 Africano
1543 3570 1824 3638 duntaxat,

226 3673 283 3718 et
335 3679 528 3720 nomen
569 3663 894 3719 Novatianus
951 3665 1019 3720 de
1063 3664 1304 3719 Romano
1365 3666 1678 3737 presbytero
1732 3667 1827 3721 ad-

226 3759 469 3815 hibetur.

305 3893 394 3950 IV.
436 3893 762 3949 Novatianus
785 3909 847 3950 ex
882 3894 1152 3967 Phrygum
1180 3889 1360 3966 gente,
1393 3895 1435 3948 si
1471 3895 1830 3966 Philostorgio

229 3988 366 4046 fides
387 3988 700 4062 (4),s:cculo
724 4006 776 4044 ιιι
794 3991 1009 4045 ineunte
1034 4000 1210 4044 ortum
1241 3989 1457 4044 duxisse
1474 3990 1830 4045 existimatur.

229 4085 534 4153 Antequam
577 4081 794 4137 Christo
833 4097 1028 4136 nomen
1076 4081 1246 4147 daret,
1293 4081 1688 4153 philosophiam
1735 4099 1834 4138 ex-

228 4174 464 4230 coluisse
510 4174 842 4244 perhibetur.
884 4173 1138 4230 Scribens
1188 4175 1330 4230 enim
1371 4175 1436 4230 ad
1475 4175 1834 4247 Sympronia-

231 4283 361 4323 num
393 4267 453 4322 S.
482 4267 765 4334 Pacianus,
793 4266 911 4323 hate
931 4267 1090 4322 habet
1123 4266 1200 4340 (5)
1231 4287 1245 4323 :
1285 4287 1301 4318 ι
1331 4267 1686 4323 Novatianum
1709 4269 1834 4324 tnihi

231 4361 477 4434 ingeris?
529 4361 918 4432 Philosottltum
976 4361 1157 4418 saeculi
1208 4363 1370 4417 fuisse
1407 4362 1630 4416 audio.»
1685 4362 1838 4429 Quod

311 4679 394 4750 (Ι)
421 4677 621 4734 Euseb.
655 4677 721 4734 Η.
755 4677 818 4733 Ε.
849 4677 965 4734 Lib.
999 4693 1073 4742 vt,
1099 4691 1218 4746 cap.
1251 4675 1339 4730 29.

316 4771 396 4840 (2)
430 4770 670 4826 Bolland.
696 4771 806 4824 Act.
836 4769 968 4836 SS.,
1000 4779 1106 4823 tom
1131 4785 1188 4840 ιι,
1211 4767 1334 4822 Jan.
1363 4782 1481 4838 pag.
1503 4769 1610 4822 252
1631 4778 1679 4822 et
1706 4767 1838 4835 256,

241 4839 558 4900 Tillemont.
598 4841 868 4896 Me’moires
911 4859 1001 4895 sur
1028 4841 1087 4897 S.
1125 4839 1354 4902 Fabt’en,
1391 4848 1520 4893 tom.
1554 4856 1605 4892 ιιι
1653 4840 1714 4892 ιι.
1757 4840 1842 4902 E.,

246 4929 373 4987 pag,
419 4911 547 4968 362.
574 4912 772 4968 Bower
801 4911 936 4966 Hist.
971 4911 1272 4983 Paparum,
1309 4920 1445 4980 part.
1479 4927 1510 4974 t,
1548 4926 1662 4979 pag.
1695 4910 1782 4965 85.

322 5008 399 5076 (5)
441 5005 652 5061 Fabric.
687 5017 818 5059 tom.
851 5021 900 5060 Vt
940 5003 1189 5058 Bibliotlt.
1247 5004 1340 5056 lat.
1402 5006 1533 5058 med.
1585 5013 1631 5056 et
1681 5005 1847 5072 iuﬁm.

245 5089 412 5144 etab,
442 5093 563 5148 pag.
599 5077 690 5132 24.

323 5173 402 5242 (4)
445 5171 769 5242 Philostorg.
801 5171 864 5225 ll.
900 5172 964 5236 E,
1001 5171 1091 5225 lih.
1131 5187 1242 5236 vnt,
1272 5186 1390 5238 cap.
1426 5186 1512 5224 av.
1546 5171 1690 5225 llanc
1724 5170 1847 5224 Phi-

250 5241 493 5312 lostorgii
539 5241 844 5313 opinionem
879 5243 1165 5297 admodum
1194 5241 1536 5296 verisimilem
1561 5242 1853 5296 arbitratur

256 5315 501 5372 Valesius
529 5330 594 5371 ex
622 5330 709 5376 eo.
752 5314 893 5385 quod
938 5315 1132 5368 multos
1179 5323 1474 5385 sectatores
1524 5313 1847 5385 inPltrygia

252 5397 444 5443 nactus
471 5385 634 5442 fuerit
655 5384 1000 5441 Novatianus.
1034 5385 1187 5440 Cunl.
1221 5384 1417 5438 Valesii
1447 5394 1556 5437 not.
1586 5384 1621 5438 f.
1652 5386 1716 5438 ad
1753 5389 1845 5438 ltb.

249 5474 331 5523 Iv,
362 5458 428 5513 fl.
459 5459 546 5520 E.,
579 5473 679 5528 cap
707 5457 796 5513 28.
829 5458 1065 5514 Socratis
1095 5474 1147 5528 p.
1173 5456 1280 5510 2I2
1308 5456 1840 5528 editaTanriucnsis.

251 5529 297 5585 E
322 5539 507 5586 contra
533 5527 616 5584 Cl.
636 5529 926 5598 Jacksonig
948 5530 1152 5598 prmfat.
1174 5528 1240 5584 ad
1267 5544 1391 5599 opp.
1426 5527 1700 5599 Novatiani
1727 5542 1846 5596 pag.

250 5602 285 5656 8
319 5611 374 5656 et
403 5601 708 5657 Lardnerus
746 5603 800 5656 in
845 5597 1075 5654 credibil.
1126 5603 1200 5668 of.
1230 5597 1352 5654 tlte.
1383 5598 1446 5652 (ὦ.
1504 5597 1573 5650 Η.
1624 5607 1761 5668 part.
1794 5615 1851 5666 ιι,

254 5673 362 5727 vol.
391 5690 463 5740 ιιι,
499 5689 619 5744 pag.
645 5674 733 5738 17,
764 5672 909 5728 haud
935 5671 1280 5727 verisimilem
1313 5677 1562 5726 censent.

335 5765 412 5834 (5)
455 5765 671 5820 Pacian.
724 5763 898 5836 Epist.
931 5781 970 5820 ιι
1003 5764 1072 5818 ad
1116 5763 1399 5836 Sympron.
1423 5803 1446 5836 ,_
1489 5770 1621 5836 tom.
1655 5778 1692 5817 ιι
1714 5761 1851 5820 Bibl.

259 5831 364 5897 PP}
414 5836 584 5893 Paris.
616 5851 738 5909 pag.
774 5835 864 5905 56,
897 5831 1205 5911 llieronytu.
1241 5835 1342 5908 Ep.
1378 5834 1446 5890 ad
1475 5831 1780 5891 Damasum.

1868 4656 1919 4715 D

1994 1933 2058 1986 V.
2082 1933 2510 1992 Existimaverim
2531 1939 2743 2008 quidem
2764 1955 2884 1994 cum
2902 1940 3029 1994 viris
3044 1940 3356 2013 eruditis(9)
3382 1941 3521 1998 haud

1921 2027 2182 2083 mediocri
2231 2044 2506 2085 sacrarum
2551 2031 2853 2088 litterarum
2909 2035 3136 2090 scicntia
3193 2045 3356 2108 atque
3408 2037 3524 2092 elo-

1923 2121 2165 2188 quentia,
2210 2122 2403 2191 quibus
2433 2122 2668 2178 imbutus
2694 2135 2810 2180 erat
2834 2124 3182 2192 Novatianus,
3218 2138 3522 2197 permotum

1923 2214 2090 2270 fuisse
2121 2215 2451 2285 pontificem,
2487 2219 2601 2272 sive
2634 2219 2675 2273 is
2703 2218 2919 2273 demum
2952 2221 3112 2276 fuerit
3138 2220 3196 2276 S.
3226 2220 3520 2290 Fabianus,

1922 2307 2035 2362 sive
2081 2307 2256 2377 potius
2301 2309 2496 2378 aliquis
2535 2327 2598 2364 ex
2644 2310 2763 2380 ejus
2794 2311 3192 2381 decessoribus,
3249 2322 3305 2368 ut
3348 2315 3522 2386 ipsum

1923 2399 1989 2455 ad
2025 2401 2341 2472 presbyterii
2369 2402 2592 2473 gradum
2619 2403 2916 2460 eveheret:
2952 2416 3100 2461 ratus
3122 2407 3372 2462 nimirum
3400 2408 3524 2464 hac-

1927 2503 2085 2550 tenus
2134 2495 2411 2550 dumtaxat
2464 2513 2493 2551 a
2537 2507 2792 2554 consueta
2837 2499 3200 2557 ecclesiastica
3243 2501 3523 2573 disciplina

1925 2587 2030 2642 sibi
2086 2587 2164 2642 fas
2217 2604 2338 2644 esse
2391 2591 2678 2657 recedere,
2734 2592 2806 2647 ob
2849 2607 3102 2662 operam,
3161 2610 3321 2666 quant
3377 2596 3524 2652 illum

1926 2679 2184 2736 Ecclesirc
2214 2683 2535 2738 collaturum
2556 2684 2809 2754 sperabat
2837 2683 2953 2757 (10)
2980 2703 2994 2743 :
3027 2695 3083 2742 et
3112 2688 3286 2757 primo
3306 2689 3524 2759 quidem

1924 2786 2202 2844 conceptre
2239 2775 2619 2831 existimationi
2661 2792 2784 2831 eum
2829 2778 2962 2834 satis
3000 2781 3346 2851 respondisse
3371 2825 3384 2848 ,
3423 2794 3530 2838 tes-

1928 2873 1994 2927 tis
2022 2881 2103 2928 est
2136 2873 2376 2944 locuples
2415 2887 2602 2932 auctor
2643 2877 2962 2951 Anonymus
2991 2879 3092 2951 ipsi
3129 2896 3368 2949 comvus,
3401 2882 3527 2937 dum

1925 2967 1999 3021 ait
2027 2966 2142 3040 (ll)
2184 2985 2196 3020 :
2232 2988 2249 3020 ι
2289 2968 2638 3026 Novatianum
2671 2989 2886 3044 semper
2921 2974 2974 3030 in
3000 2976 3163 3031 domo
3193 2993 3320 3044 una,
3345 2978 3397 3033 id
3425 2989 3528 3047 est,

1925 3056 2125 3113 Christi
2171 3059 2433 3127 Ecclesia,
2478 3065 2844 3132 proximorum
2875 3067 3065 3122 delicta
3100 3078 3156 3122 ut
3183 3071 3396 3142 propria
3427 3072 3531 3129 fle-

1926 3153 2100 3220 visse;
2143 3170 2307 3210 onera
2354 3157 2602 3224 fratrum,
2631 3159 2768 3214 sicut
2790 3161 3081 3230 Apostolus
3110 3160 3372 3232 hortatur,
3403 3180 3533 3222 sus-

1850 3249 1895 3310 C
1931 3244 2154 3302 tinuisse
2183 3264 2198 3302 :
2248 3248 2483 3306 lubricos
2527 3252 2580 3305 in
2615 3251 2717 3308 fide
2743 3253 2952 3310 C(elesti
2982 3253 3309 3312 allocutione
3347 3273 3534 3313 corro-

1931 3339 2174 3395 borasse.
2210 3359 2230 3393 ι
2262 3341 2454 3396 Verum
2487 3344 2681 3400 deinde
2711 3346 2887 3416 palam
2918 3345 3064 3413 fecit,
3095 3364 3254 3417 quam
3280 3349 3534 3422 indignus

1930 3432 2232 3488 sacerdotio
2261 3444 2426 3502 esset,
2459 3436 2526 3491 ad
2557 3439 2698 3508 quod
2727 3450 2910 3494 contra
2941 3452 3253 3498 consuetam
3280 3443 3535 3502 Ecclesia:

1933 3525 2272 3598 Disciplinam
2305 3528 2479 3586 fuerat
2505 3543 2744 3590 evectus.
2772 3536 2966 3592 Exorta
2985 3539 3130 3595 enim
3161 3547 3536 3612 persecutione

1935 3621 2165 3678 Deciana
2188 3638 2309 3678 cum
2337 3640 2365 3678 a
2398 3625 2644 3681 Diaconis
2676 3640 3006 3696 moneretur,
3039 3643 3094 3688 ut
3125 3636 3392 3706 cubiculo,
3427 3657 3536 3711 quo

1933 3731 1992 3770 se
2031 3719 2392 3785 concluserat,
2423 3721 2788 3790 egrederetur,
2823 3734 2983 3796 atque
3012 3727 3322 3801 Presbyteri
3354 3732 3533 3789 ofticio

1935 3813 2076 3866 inter
2119 3813 2313 3869 fratres
2342 3813 2649 3870 laborantes
2671 3827 2722 3872 et
2749 3834 3038 3888 oppressos
3069 3821 3402 3894 fungeretur,
3435 3845 3530 3884 uc-

1935 3905 2110 3975 gabat,
2136 3922 2193 3961 se
2224 3905 2272 3960 id
2308 3905 2593 3974 facturum,
2617 3914 2778 3964 immo
2804 3923 2989 3982 aperte
3011 3915 3370 3986 significabat,
3414 3936 3534 3975 mo-

1939 3999 2131 4052 lestum
2156 3998 2255 4052 sibi
2287 3999 2596 4072 Presbyteri
2625 4019 2819 4059 munus
2841 4022 2983 4073 esse,
3009 4023 3174 4080 seque
3202 4011 3266 4065 ad
3294 4011 3540 4071 Philoso-

1938 4091 2117 4162 phiam
2147 4107 2299 4147 suam
2345 4095 2540 4150 reverti
2584 4097 2722 4154 velle
2759 4101 3214 4170 quemadmodum
3255 4104 3566 4178 Cornelius,

2005 4361 2093 4443 t6)
2211 4363 2465 4448 Cypriani
2495 4366 2592 4451 Ep.
2623 4385 2671 4424 L.
2705 4384 2741 4423 ιι
2761 4371 2830 4424 ad
2855 4373 3042 4427 Anton.
3067 4375 3221 4430 Couf.
3255 4379 3540 4451 Suyslienii

1955 4431 2071 4488 Vita
2097 4435 2319 4492 Lorneltt
2365 4455 2417 4509 p.
2450 4440 2518 4496 84
2548 4457 2600 4495 tn
2646 4441 2768 4498 Act.
2812 4443 3061 4501 Sanctor.
3107 4459 3237 4508 tom.
3269 4467 3346 4509 tv.
3387 4454 3538 4509 Sent.

2403 4477 2417 4491 .
2450 4471 2518 4496 οφ
2548 4471 2600 4495 ιιι
2646 4471 2768 4498 aut.
2812 4471 3061 4501 Dullcull'.
3107 4471 3237 4508 ιυιιι.
3269 4471 3346 4519 ιγ,
3387 4471 3538 4525 δρρι.

1945 4525 2352 4672 ι)³ῗ”5)1ἕέ(ῗιίιιθι.
2380 4603 2550 4674 Epist.
2582 4604 2650 4659 ad
2678 4603 2896 4662 Fabium
2923 4611 3158 4668 Antioch.
3191 4616 3243 4686 ἐ.
3270 4617 3324 4674 4.

2019 4691 2100 4762 (8)
2132 4691 2210 4749 Id.
2245 4695 2372 4750 ibid.
2409 4695 2458 4768 θ.
2485 4699 2539 4752 6.

2024 4785 2099 4856 (9)
2139 4787 2383 4843 Bolland.
2418 4790 2532 4844 Act.
2575 4792 2682 4848 SS.
2715 4795 2862 4868 Sept.
2899 4807 3030 4853 tom.
3064 4815 3132 4865 tv,
3176 4816 3295 4872 pag.
3329 4804 3453 4860 156.

2026 4878 2139 4952 (l0)
2181 4878 2315 4962 Num
2346 4883 2606 4964 praeclara
2631 4885 2906 4964 Novatiani
2931 4892 3139 4959 merita,
3170 4896 3253 4949 vel
3283 4912 3407 4964 spes
3435 4914 3546 4954 tne-

1955 4955 2486 5039 tusquenepiscopum
2520 4955 2843 5039 induxerint,
2878 4970 2934 5014 ut
2964 4955 3142 5018 statim
3176 4977 3296 5039 post
3317 4955 3546 5039 suscep-

1957 5032 2071 5107 tum
2129 5023 2460 5107 Baptismum
2495 5026 3068 5107 .admprt-sbyterorum
3130 5023 3372 5094 ordinent
3422 5023 3545 5096 ἔιιίη

1957 5095 2234 5176 evelleret,
2280 5113 2343 5176 ne
2370 5097 2537 5152 sacris
2574 5094 2888 5158 Christianis
2921 5105 3081 5162 homo
3122 5111 3372 5176 resiliret,

1955 5175 2163 5250 veteres
2196 5168 2393 5250 sordes
2420 5178 2818 5250 reverteretur;
2847 5193 3004 5246 quam
3035 5181 3170 5235 forte
3215 5168 3545 5240 voluntatem

1957 5253 2062 5322 non
2081 5238 2470 5322 dissitttttlaltat,
2498 5242 2571 5296 uti
2591 5240 2673 5298 Cl.
2689 5238 3032 5322 Mpshe'tnius,
3058 5268 3110 5322 p.
3131 5253 3236 5308 516
3252 5238 3547 5311 comment.

1955 5311 2016 5392 tte
2045 5312 2190 5364 rebus
2236 5321 2352 5392 ante
2397 5310 2662 5392 Constant.
2708 5317 2773 5369 Μ.
2804 5310 3073 5392 loquitur,-
3100 5339 3264 5392 quare
3294 5325 3400 5381 hoc
3425 5343 3548 5382 eum

1956 5380 2162 5464 honore
2199 5383 2416 5452 alligare
2462 5380 3162 5464 quodammodoEcclesiae,
3201 5404 3361 5464 atque
3385 5380 3552 5455 ’a'déL

1955 5453 2182 5533 fectiotte
2224 5453 2489 5510 revocare
2512 5457 2742 5533 volebat,
2771 5461 2948 5525 judice
2978 5461 3060 5533 Cl.
3087 5453 3329 5522 Wztlcltio
3369 5453 3553 5526 Histo-

1954 5524 2030 5576 ria
2081 5523 2348 5600 Hau-esum
2393 5542 2510 5600 pag.
2555 5528 2676 5591 197,
2711 5523 2858 5600 parte
2895 5547 2952 5596 tt,
2992 5531 3202 5590 deliniri
3231 5538 3368 5595 baud
3399 5523 3554 5599 facile

1961 5605 2157 5670 ρυιρδιἐ
2202 5597 2385 5670 Falsas
2416 5598 2624 5670 Eulogii
2661 5597 2991 5662 narrationes
3024 5605 3095 5664 de
3119 5607 3426 5669 Novatianis
3464 5597 3554 5669 re;

1959 5665 2094 5722 l'utat
2125 5666 2459 5740 Suyskenius
2492 5665 2600 5727 loc.
2630 5674 2722 5728 cit.

1965 5764 2146 5908 mg
2181 5764 2498 5840 Anonymus
2525 5769 2594 5823 ad
2619 5769 2897 5826 Novatum.
2928 5773 2957 5847 §
2987 5774 3074 5830 l3.
3101 5776 3240 5834 inter
3277 5779 3417 5852 Opp.
3457 5776 3562 5856 Cy-
