4068 6324
567 269 675 333 8ϋ7

1837 285 1925 346 DE
1965 285 2129 349 Vl'l'A
2154 291 2245 350 ΕΤ
2275 290 2580 354 SCRIPTIS

3742 310 3823 369 868

565 407 795 455 testatur
827 399 932 475 (l).
966 399 1048 457 Ad
1088 408 1393 458 extremum
1442 409 1548 457 tam
1589 404 1814 472 perditae
1853 405 2165 464 ambitionis
2192 411 2240 471 Α
2272 412 2519 468 valianus
2542 413 2841 485 Episcopus
2863 416 3144 475 ordinatus
3171 427 3273 477 est.
3316 421 3430 490 Qua
3456 434 3631 481 autem
3652 430 3824 487 ratione

562 502 700 549 a-stu
721 493 979 564 abreptus
1001 495 1120 563 fuit,
1154 505 1368 566 tamque
1395 496 1513 552 dira
1539 496 1767 570 ﬂagrare
1788 504 1953 570 cmpit
1975 518 2164 559 amen-

563 584 656 653 tia,
691 594 745 642 ut
777 602 899 642 eum
933 603 1038 642 non
1077 587 1330 659 puduerit
1375 608 1394 641 ι
1440 590 1700 647 adversus
1730 590 2035 649 Cornelium
2065 595 2168 651 Ca—

565 678 811 736 thedratn
843 681 1237 737 suaerdutalem
1284 682 1538 740 invadere
1569 702 1583 738 :
1626 704 1645 738 ι
1679 685 1858 741 verbis
1884 698 2008 743 utor
2034 687 2164 745 Ilie-

563 775 774 846 renymi
794 772 894 847 (2).
922 774 1129 844 Quibus
1151 788 1330 831 autem
1361 778 1566 834 artibus
1590 778 1885 835 Romanam
1908 781 2167 839 invaserit

561 867 769 936 sedem,
816 869 1079 939 quibusve
1123 870 1407 925 calumniis
1437 870 1743 928 Cornelium
1772 889 1843 929 ex
1889 890 1951 932 ea
1980 877 2165 933 detur-

560 958 694 1016 bare
723 968 950 1015 conatus
975 961 1156 1028 fuerit,
1194 962 1497 1034 Cyprianus
1522 964 1589 1019 ad
1619 966 1983 1022 Antonianum
2015 969 2164 1026 hisce

561 1054 929 1108 refert‘verbis
955 1054 1034 1125 (5)
1064 1072 1077 1109 :
1117 1072 1136 1107 ι
1161 1054 1313 1123 Quod
1330 1065 1510 1111 autem
1533 1058 1778 1127 quasdam
1809 1059 1879 1115 de
1908 1059 2021 1130 illo,
2056 1081 2075 1115 ι
2109 1062 2160 1118 id

558 1154 640 1199 est
660 1146 1101 1218 CoruelioLPapa,
1138 1166 1157 1199 ι
1197 1148 1501 1216 inhonesta,
1530 1160 1584 1206 et
1611 1151 1841 1223 maligna
1863 1152 2155 1223 jactantur,

557 1238 684 1293 nolo
710 1239 953 1306 mireris;
998 1255 1122 1296 cum
1149 1241 1311 1309 scias,
1356 1240 1459 1297 hoc
1483 1257 1606 1298 esse
1635 1258 1771 1315 opus
1791 1260 2008 1316 semper
2038 1248 2163 1303 Dia-

556 1332 685 1397 buli,
721 1344 777 1388 ttt
802 1349 992 1390 servos
1019 1335 1114 1391 Dei
1148 1335 1428 1391 mendacio
1459 1338 1681 1406 laceret,
1724 1351 1778 1395 et
1813 1341 2160 1412 epittionibus

555 1420 707 1476 falsis
731 1422 1027 1493 gloriosum
1071 1439 1265 1479 nomen
1313 1423 1572 1493 infamet;
1604 1435 1661 1482 ut
1695 1428 1786 1496 qui
1812 1430 2160 1487 conscientite

555 1531 667 1571 suae
714 1515 835 1572 luce
874 1516 1199 1585 clarescunt,
1231 1518 1424 1575 alienis
1450 1519 1756 1576 rumoribus
1785 1521 2151 1578 sordideutur.

556 1607 880 1678 Explorasse
905 1619 1084 1666 autem
1103 1610 1339 1682 collegas
1364 1620 1582 1669 nostros
1603 1615 1763 1678 scias.
1792 1625 1847 1670 et
1877 1616 2159 1673 verissime

554 1700 907 1771 comperisse,
952 1701 1097 1757 nulla
1136 1703 1285 1758 illum
1332 1703 1521 1771 libelli,
1566 1716 1628 1760 ut
1665 1707 1881 1777 quidam
1921 1707 2150 1778 jactant,

2270 502 2600 563 Novatiauus
2629 508 2927 567 Romanam
2957 514 3140 571 sedem
3175 516 3449 585 invaserit,
3478 535 3542 576 ac
3566 521 3826 598 Episcopus

2269 595 2432 653 fuerit
2472 600 2749 657 ordinatus
2768 644 2783 669 ,
2826 602 3109 663 Cornelius
3135 608 3200 664 ad
3225 610 3445 667 Fabium
3471 595 3825 677 Antiochenam

2268 693 2578 762 episcopum
2627 695 2869 764 pluribus
2914 702 3281 773 persequitur,
3330 716 3454 761 eum
3500 708 3697 766 scilicet
3735 714 3827 785 epi-

2269 784 2501 855 scopalis
2548 785 2825 857 dignitatis
2883 790 3177 859 cupiditate
3231 796 3511 853 incensum
3563 806 3704 858 suam
3752 784 3828 859 ali-

2267 876 2521 945 quamdiu
2549 880 2897 936 ambitionem
2939 883 3183 942 ati‘ectata
3215 888 3518 947 humilitate
3555 893 3756 964 texisse,
3783 906 3827 954 ttt

2268 968 2391 1024 ﬁdei
2422 971 2760 1030 confessores
2784 976 2885 1032 sibi
2900 978 3166 1046 sociaret;
3195 980 3343 1038 brevi
3372 993 3574 1053 tamen,
3601 989 3713 1058 quis
3737 989 3826 1046 fue~

2266 1061 2356 1123 rit.
2378 1076 2685 1138 quantoque
2700 1072 2970 1141 superbim
2991 1074 3178 1143 spiritu
3192 1076 3502 1146 duceretur,
3526 1084 3822 1153 apparuisse.

2277 1174 2295 1208 ι
2340 1157 2475 1213 Nam
2497 1162 2750 1233 egregius
2790 1164 2879 1221 lllc
2923 1167 3026 1235 vir,
3069 1170 3160 1239 qui
3207 1172 3505 1229 tremendis
3545 1176 3824 1247 quibusdam

2269 1255 2629 1310 sacramentis
2672 1255 3056 1328 afﬁrmaverat,
3091 1276 3150 1317 se
3175 1263 3542 1336 episcopatum
3572 1280 3673 1324 non
3715 1285 3822 1327 con-

2266 1348 2567 1417 cupiscere,
2610 1362 2834 1422 repente
2856 1360 3129 1426 tamquam
3157 1370 3221 1413 ett
3250 1358 3503 1417 machina
3548 1364 3762 1433 quadam
3785 1366 3825 1421 in

2266 1439 2505 1496 medium
2537 1443 2814 1514 projectus
2855 1448 3149 1520 episcopus
3170 1452 3440 1523 apparuit.
3474 1453 3545 1510 Et
3569 1456 3635 1519 is.
3677 1456 3755 1529 qui
3777 1475 3821 1517 se

2264 1531 2567 1601 doctorem,
2594 1545 2648 1591 et
2682 1538 3064 1597 ecclesiasticae
3081 1542 3377 1615 di'sciplinaa
3404 1558 3824 1621 propugnatorem

2262 1625 2490 1694 ferebat,
2524 1641 2644 1684 cum
2671 1630 3041 1704 episcopatum
3069 1637 3170 1692 sibi
3198 1653 3228 1693 a
3258 1638 3370 1696 Deo
3398 1642 3623 1701 minime
3644 1661 3825 1704 conces-

2263 1732 2382 1774 sum
2411 1735 2623 1791 rapere,
2656 1736 2720 1779 ac
2752 1725 3026 1783 vindicare
3054 1738 3367 1802 conaretur,
3398 1734 3539 1792 duos
3570 1737 3823 1809 deplorata

555 1793 677 1849 labe
700 1795 1024 1850 maculatum
1056 1810 1213 1862 esse;
1244 1796 1339 1851 sed
1373 1814 1546 1869 neque
1573 1814 1693 1854 cum
1737 1801 2024 1871 episcopis,
2065 1802 2156 1873 qui
2188 1814 2235 1873 Β
2265 1812 2452 1868 salutis
2497 1813 2743 1872 homines
2772 1817 2875 1874 sibi
2903 1822 3085 1877 socios
3113 1793 3378 1894 adjunxlt,
3432 1837 3494 1883 ut
3534 1793 3702 1887 eos'in

554 1888 1029 1956 sacrificaverunt,
1088 1891 1633 1946 communicationem
1681 1894 1997 1963 sacrilegam
2028 1894 2157 1949 mis-

556 1983 769 2050 cuisse;
800 1984 895 2040 sed
936 2002 1000 2039 eo
1035 1984 1275 2052 demum,
1303 2002 1532 2059 quorum
1564 2003 1724 2043 causa
1750 1989 1949 2057 audita,
1983 1997 2038 2045 et
2075 1990 2159 2045 itt-

555 2076 803 2132 nocentia
854 2078 1202 2148 comprobata
1248 2080 1337 2145 sit,
1382 2080 1731 2151 conjunxisse
1786 2083 2089 2137 nobiscum.
2128 2100 2148 2134 ι

554 2169 906 2241 Truphimum
935 2181 1112 2228 autem
1135 2172 1422 2244 quemdam
1445 2173 1513 2228 ab
1532 2173 1724 2229 eodem
1756 2188 1877 2230 cutn
1912 2173 2155 2231 Ecclesia

549 2266 670 2334 jure
730 2267 1130 2323 reconciliatum
1194 2267 1382 2335 fuisse,
1448 2269 1691 2339 pluribus
1744 2271 2087 2340 persequitur
2136 2287 2150 2324 :

550 2359 767 2428 deinde,
804 2380 824 2414 ι
860 2362 1004 2433 quod
1037 2363 1233 2433 passim
1258 2364 1657 2419 communicare
1685 2374 1809 2420 cum
1836 2364 2153 2421 sacriﬁcatis

549 2456 856 2513 Cornelium
883 2458 977 2513 tibi
1010 2460 1321 2515 nunciatum
1358 2467 1461 2528 est,
1499 2459 1600 2515 hoc
1629 2460 1790 2515 etiam
1822 2459 1891 2516 de
1922 2461 2154 2532 Aposta-

549 2558 721 2604 tarum
753 2549 888 2605 ﬁctis
915 2551 1222 2607 rumoribus
1244 2553 1501 2608 nascitur.
1524 2551 1731 2623 ‘Neque
1755 2551 1897 2607 enim
1926 2561 2151 2622 possunt

549 2643 767 2701 laudare
796 2659 918 2712 nos,
951 2650 1042 2715 qui
1075 2645 1353 2711 recedunt,
1394 2655 1485 2701 aut
1514 2656 1840 2716 exspectare
1864 2644 2147 2714 debemus,

549 2749 608 2793 ut
637 2740 942 2809 placeamus
986 2739 1113 2806 illis,
1153 2741 1244 2811 qui
1278 2739 1434 2795 nobis
1465 2738 1835 2811 displicentes,
1881 2749 1932 2795 et
1960 2748 2146 2794 contra

546 2832 842 2889 Ecclesiam
867 2832 1117 2900 rebelles,
1138 2832 1494 2889 sollicitandis
1520 2833 1589 2889 de
1620 2831 1862 2887 Ecclesia
1893 2831 2149 2888 fratribus

545 2926 809 2982 violenter
839 2926 1114 2982 insistunt.
1154 2927 1335 2996 Quare
1360 2936 1417 2983 et
1458 2926 1527 2982 de
1552 2925 1834 2993 Cornelio,
1866 2935 1920 2981 et
1947 2925 2017 2981 de
2048 2938 2149 2980 no-

543 3020 626 3076 bis
685 3037 1039 3092 quaecumque
1074 3022 1379 3094 jactentur,
1429 3038 1527 3077 ttec
1554 3022 1741 3077 audias
1797 3021 1992 3090 facile,
2046 3031 2147 3078 nec

545 3114 758 3178 credas,
812 3114 1004 3171 Frater
1029 3116 1366 3172 charissima.
1399 3134 1419 3168 ι
1454 3114 1566 3171 Hoc
1606 3116 1907 3187 Cyprianus
1946 3114 2013 3170 de
2055 3129 2147 3170 ca-

2261 1923 2443 1977 guam,
2483 1924 2548 1965 ac
2590 1911 2904 1969 vilissimum
2946 1914 3113 1972 Italia:
3157 1929 3369 1989 partem
3409 1923 3669 1990 mitteret,
3697 1932 3823 1999 atque

2262 2000 2409 2055 illinc
2435 2002 2637 2059 accitos
2662 2015 2771 2061 tres
2793 2008 3099 2079 episcopos,
3129 2011 3377 2071 homines
3405 2017 3569 2087 plane
3593 2019 3757 2090 rudes,
3775 2036 3823 2078 ac

2260 2093 2557 2162 simplices,
2593 2098 2931 2157 fraudulenta
2971 2105 3201 2175 quadam
3228 2110 3513 2168 molitione
3540 2112 3819 2184 deciperet:

2260 2185 2709 2248 Constantissime
2751 2194 3049 2265 affirmans,
3107 2201 3253 2270 ipsos
3298 2209 3693 2277 quamprimum
3737 2210 3822 2268 Ro-

2260 2298 2401 2338 mam
2442 2285 2706 2355 proﬁcisci
2736 2300 3010 2361 oportere,
3045 2304 3104 2350 ut
3132 2299 3309 2354 omnis
3337 2301 3707 2376 undecumque
3729 2315 3820 2362 orta

2258 2375 2524 2434 discordia
2548 2381 2785 2451 ipsorum
2810 2401 2913 2440 una
2941 2402 3062 2443 cum
3082 2390 3205 2447 aliis
3230 2396 3507 2468 episcopis
3532 2375 3819 2469 intermitti,

2256 2478 2416 2541 atque
2446 2470 2671 2531 arbitrio
2699 2477 3003 2536 sedaretur.
3035 2483 3134 2552 Qui
3160 2501 3280 2542 cum
3309 2488 3657 2549 advenissent
3678 2492 3820 2549 homi-

2256 2581 2374 2632 nes,
2407 2568 2589 2638 utjam
2622 2570 2874 2639 diximus,
2919 2577 3272 2648 simplicioris
3301 2584 3527 2656 ingenii,
3558 2603 3654 2644 nec
3681 2590 3727 2644 in
3753 2587 3819 2645 his

2255 2659 2588 2730 perditorum
2624 2664 2902 2724 hominum
2929 2669 3158 2741 artibus,
3186 2689 3254 2730 ac
3284 2675 3516 2733 fallaciis
3545 2681 3673 2737 satis
3710 2682 3813 2749 triti,

2254 2767 2347 2808 eos
2375 2754 2486 2821 ille,
2512 2773 2539 2810 a
2566 2758 2885 2827 quibusdam
2909 2765 2989 2818 sui
3019 2762 3328 2836 simillimis,
3361 2786 3503 2841 quos
3528 2771 3595 2828 ad
3622 2773 3673 2829 id
3699 2787 3810 2830 com-

2253 2860 2562 2918 paraverat,
2596 2853 2832 2911 inclusos
2866 2857 2997 2913 liora
3020 2859 3249 2930 decima,
3283 2865 3631 2932 temulentos,
3658 2876 3814 2924 etcra-

2251 2945 2375 3016 pula
2424 2962 2736 3019 oppressos,
2794 2952 3109 3010 adumbrata
3156 2958 3408 3028 quadam,
3465 2971 3521 3017 et
3551 2962 3686 3018 inani
3721 2977 3812 3017 ma-

2252 3056 2416 3096 nuum
2450 3044 2797 3114 impositione
2834 3049 3206 3123 episcopatum
3231 3054 3334 3110 sibi
3365 3056 3583 3113 tradere
3610 3072 3698 3129 per
3727 3057 3812 3112 vim

2249 3138 2426 3209 cogit;
2454 3155 2686 3211 eumque
2708 3142 2859 3199 nullo
2885 3144 2986 3200 sibi
3010 3145 3131 3216 jure
3159 3158 3562 3220 competentem
3585 3167 3677 3224 per
3697 3151 3813 3208 frau-

544 3208 761 3264 ltttuttiis
813 3210 867 3265 itt
919 3208 1224 3265 Cornelium
1270 3225 1464 3281 Papam
1510 3209 1765 3316 νυ¹8²ιί⁸ι
1811 3223 2141 3316 «ιυθτιξιηνθθ
2170 3215 2215 3279 C
2249 3208 2392 3301 dem,
2417 3244 2583 3305 atque
2602 3208 2834 3292 insidias
2858 3208 3115 3296 vindicat.
3145 3240 3255 3297 Nec
3277 3208 3452 3300 multo
3482 3208 3602 3316 post
3619 3259 3743 3302 unus
3760 3256 3811 3301 ex

546 3305 812 3375 praecipua
856 3315 995 3368 erat.
1024 3305 1167 3377 quod
1194 3306 1374 3377 lapsos
1402 3305 1469 3361 ad
1499 3306 1931 3361 mmrnunionem
1974 3304 2142 3359 indis-

542 3397 867 3454 critninatim
888 3399 1197 3456 admitteret
1221 3419 1233 3454 :
1263 3399 1592 3456 Novaﬁanus
1619 3415 1649 3455 e
1680 3410 1890 3462 contra,
1920 3398 2144 3469 ejusque

541 3492 754 3547 scctarii
787 3492 852 3547 ad
887 3507 1109 3562 pacem;
1162 3500 1217 3548 et
1244 3492 1499 3549 Ecclesiae
1528 3492 1965 3549 commuttionem
2014 3500 2143 3546 nus-

542 3584 684 3655 piam
733 3584 1094 3641 admittendos
1135 3600 1256 3643 esse
1300 3586 1613 3641 censebant.
1660 3585 1767 3641 Sed
1812 3594 1868 3641 ct
1906 3583 2142 3641 Novatus

541 3677 864 3749 Carthagine
888 3679 1107 3751 quidem
1152 3680 1218 3737 ad
1264 3680 1587 3752 captandam
1628 3680 1801 3752 plebis
1825 3695 2011 3735 auram
2058 3679 2140 3733 la-

540 3787 666 3842 psos
708 3773 826 3830 sine
875 3764 1186 3832 discrimine
1228 3775 1295 3831 ad
1341 3777 1778 3832 communionem
1810 3775 2137 3842 admiserat;

540 3875 598 3921 ttt
625 3878 805 3923 narrat
832 3868 1168 3941 Cyprianus;
1206 3878 1258 3925 at
1286 3878 1496 3927 mutato
1536 3871 1727 3927 Roma
1754 3871 2001 3937 consilio,
2032 3885 2138 3926 una

537 3975 658 4015 cum
688 3961 1005 4032 Novatiano,
1036 3965 1238 4019 nullam
1265 3965 1742 4032 reconciliationis,
1774 3974 1868 4021 aut
1894 3980 2138 4020 commu-

538 4053 715 4108 nionis
741 4069 892 4125 spem
921 4056 1084 4126 lapsis
1110 4057 1448 4130 relinquebat
1471 4076 1485 4113 :
1512 4058 1751 4115 Ecclesia
1783 4073 1912 4115 vero
1936 4057 2139 4114 Catho-

534 4140 639 4200 lica
687 4145 914 4202 mediam
945 4148 1120 4205 iniens
1150 4150 1288 4205 viam
1341 4151 1496 4224 (qua:
1519 4151 1783 4206 tutissima
1812 4149 1926 4223 cat)
1955 4150 2138 4222 singu-

537 4239 710 4294 lorum
737 4242 1042 4298 examinata
1065 4257 1244 4307 causa,
1278 4254 1399 4316 post
1429 4253 1695 4315 peractam
1726 4259 1825 4316 pro
1845 4244 2133 4299 criminum

534 4336 792 4392 varietate
816 4338 1211 4408 paenitentiam,
1244 4338 1408 4410 lapsis
1449 4346 1660 4410 pawm,
1706 4347 1763 4395 et
1804 4338 2137 4394 communio-

533 4443 658 4486 nem
688 4430 871 4488 dabat.

602 4523 808 4582 Interea
850 4540 973 4581 cum
1013 4525 1082 4581 de
1126 4524 1387 4592 Cornelii,
1433 4533 1487 4581 et
1532 4525 1811 4581 Novatiani
1863 4524 2132 4582 electione

530 4616 665 4674 vat-ii
705 4614 943 4691 undique
983 4628 1365 4690 spargerentur
1412 4624 1680 4687 rumores,

527 4711 755 4784 falsique
794 4712 980 4768 nuntia
1013 4714 1154 4768 inter
1179 4727 1239 4769 se
1263 4714 1537 4769 contraria
1565 4712 1847 4785 vulgarat;
1896 4723 1951 4767 ut
1979 4711 2030 4767 iit
2075 4729 2132 4769 re

525 4804 839 4875 gravi~sitna
878 4812 1037 4862 caute
1089 4814 1312 4877 agerent
1342 4794 1580 4862 Africani
1632 4805 1892 4878 episcopi,
1924 4802 2133 4877 legatos

528 4898 779 4967 Romam,
820 4909 879 4956 ut
919 4908 1034 4957 rem
1066 4898 1288 4971 propius
1320 4899 1679 4971 inspicerent,
1710 4901 1993 4956 miserunt.
2028 4894 2132 4956 Vix

526 5001 705 5050 autem
749 4982 910 5066 legati
952 4993 1182 5050 Romam
1214 4991 1567 5064 advenerant,
1600 5008 1721 5050 cum
1749 5001 1973 5066 repente
2016 4990 2128 5048 No-

590 5242 672 5316 (l)
707 5239 927 5299 Coraci.
974 5243 1146 5316 Epist.
1189 5240 1258 5298 ad
1294 5238 1519 5298 Fabium
1562 5236 1799 5296 Antibch.
1835 5237 1975 5312 apud
2008 5230 2116 5295 Eu-

521 5314 696 5459 selé),
731 5384 1042 5458 "temnytii.
1088 5385 1151 5459 de
1202 5386 1312 5443 Vir.
1340 5380 1545 5457 Itmrir-
1589 5375 1724 5459 Cap-
1756 5382 2111 5459 ἸθτΑΜ⁰⁵¹¹θ

518 5448 666 5512 mitts,
687 5448 737 5511 in
760 5448 1052 5515 etiamnam.
1091 5452 1154 5514 de
1190 5460 1338 5517 rebus
1364 5448 1814 5515 Christianisante
1836 5454 2104 5513 Constant.

515 5527 612 5594 Μ..
664 5536 786 5604 ἣξει
825 5528 953 5604 515,
982 5540 1035 5604 et
1062 5528 1340 5587 Walchius
1382 5536 1621 5604 part._tt.
1670 5527 1812 5604 Hist.
1862 5526 2106 5604 Iltrretic.

517 5610 637 5673 pag.
676 5601 805 5665 $31,
848 5600 1160 5658 ambitionis
1198 5612 1360 5674 atque
1384 5599 1610 5674 invidiae
1637 5600 1841 5674 criifnen
1877 5610 1908 5655 a
1936 5599 2113 5674 Nova-

516 5668 663 5729 tiaito
703 5688 987 5729 removere
1026 5668 1311 5745 conantur,
1363 5668 1458 5733 sed
1502 5682 1621 5732 mea
1660 5668 1919 5746 opinione
1960 5672 2114 5730 irrito

513 5754 954 5894 ωῗέἶυάγριίιιη.
982 5817 1085 5892 Ερ.
1116 5835 1168 5875 ι..
1202 5833 1261 5874 ιι.

2249 3326 2356 3381 illis
2400 3329 2670 3401 episcopis
2716 3331 2782 3386 ad
2813 3330 3112 3390 Ecclesium
3158 3337 3340 3403 rediit,
3383 3339 3643 3398 delictum
3681 3355 3808 3397 suum

2247 3408 2368 3473 cuni
2397 3418 2669 3487 lamentis,
2709 3437 2772 3478 ac
2809 3425 3025 3481 ﬂetibus
3054 3428 3342 3487 confitens.
3372 3431 3550 3501 Quem
3575 3450 3688 3502 nos,
3710 3448 3807 3489 cum

2248 3514 2534 3569 universus
2563 3516 2793 3585 populus
2814 3533 2914 3590 pro
2944 3520 3036 3577 illo
3061 3523 3484 3597 intercessisset,
3513 3529 3581 3585 ad
3602 3542 3810 3586 comatu-

2246 3607 2463 3663 nionem
2488 3608 2678 3664 laiCam
2709 3612 3068 3683 suscepimus.
3105 3636 3124 3669 ι

2319 3698 2406 3755 VI.
2436 3699 2583 3767 Quos
2620 3718 2748 3758 vero
2794 3706 3100 3774 seduxerat,
3153 3719 3211 3766 ut
3262 3713 3314 3766 in
3364 3713 3657 3773 schismate
3697 3727 3805 3771 cou-

2245 3791 2508 3862 ﬁrmaret,
2541 3797 2828 3870 sacrilegio
2875 3800 3215 3876 Novatianus,
3244 3809 3679 3882 constringebat;
3706 3824 3803 3866 nam

2243 3886 2640 3946 Eucharistiam
2688 3892 2993 3965 porrigens,
3046 3904 3110 3953 ac
3158 3914 3347 3955 manus
3385 3902 3529 3970 ejus,
3561 3907 3645 3976 qui
3686 3919 3801 3971 eam,

2241 3984 2562 4055 accipiebat,
2593 3987 2852 4045 ambabus
2882 3991 2993 4048 suis
3022 3984 3272 4050 manibus
3301 3999 3711 4068 comprehensas
3732 4014 3801 4054 re-

2243 4080 2441 4145 tinens,
2471 4098 2490 4131 ι
2515 4076 2635 4149 jura
2656 4080 2808 4150 mihi,
2837 4084 3067 4148 dicebat.
3092 4102 3190 4158 per
3209 4104 3406 4162 corpus
3431 4102 3489 4148 et
3516 4094 3795 4166 sanguinem

2239 4170 2451 4230 Domini
2476 4176 2645 4229 nostri
2671 4172 2800 4232 Jesu
2822 4176 3045 4246 Christi,
3081 4190 3133 4238 te
3163 4200 3455 4256 numquam
3481 4198 3626 4245 meas
3648 4196 3797 4259 partes

2238 4260 2597 4334 deserturum,
2631 4286 2733 4327 nec
2760 4271 2825 4327 ad
2852 4273 3161 4331 Cornelium
3194 4288 3314 4335 esse
3345 4264 3661 4339 rediturum.
3696 4302 3713 4335 ι
3750 4277 3798 4335 Et

2237 4376 2357 4417 cum
2376 4375 2567 4432 panem
2594 4362 2740 4419 illum
2757 4368 3029 4437 accipiens
3057 4367 3238 4427 dicere
3255 4370 3534 4432 debuisset
3553 4395 3573 4429 ι
3593 4377 3761 4439 Amen,
3779 4390 3793 4422 ι

2236 4456 2355 4526 ejus
2400 4457 2524 4513 loco
2570 4461 2901 4530 respondere
2943 4463 3237 4534 cogebatur
3283 4482 3296 4519 :
3359 4484 3381 4520 ι
3436 4484 3547 4524 non
3593 4475 3796 4526 revertar

2235 4550 2489 4619 deinceps
2516 4551 2584 4607 ad
2623 4552 2956 4612 Cornelium.
2990 4576 3008 4609 ι
3036 4557 3310 4629 Occupato
3339 4559 3392 4615 in
3423 4560 3570 4618 hunc
3612 4559 3793 4616 modum

1728 4635 1802 4725 d9
1839 4614 1992 4725 Ῐίιηξθ.
2016 4619 2126 4674 νθτί
2160 4629 2208 4690 Ι)
2236 4645 2801 4720 pseudo-episcopatu,
2826 4647 3032 4722 legatos
3056 4666 3185 4708 suos
3210 4666 3634 4725 quaquaversum
3647 4660 3791 4709 trans-

2231 4740 2410 4807 misit,
2441 4742 2529 4811 qui
2560 4742 2611 4796 id
2639 4743 2982 4811 nuntiarent;
3033 4754 3088 4802 et
3126 4748 3171 4802 si
3197 4742 3404 4804 Socrati
3431 4747 3514 4823 (θ)
3534 4738 3790 4807 creditum.

2230 4835 2390 4890 simul
2419 4835 2719 4906 edicerent,
2764 4856 2783 4891 ι
2829 4841 2905 4895 ιιιὶ
2948 4850 3063 4907 eos,
3109 4841 3200 4913 qui
3230 4842 3535 4901 simulacris
3561 4840 3791 4901 immolas-

2230 4939 2372 4997 sent,
2402 4929 2626 4987 minime
2654 4931 2722 4987 ad
2751 4935 3005 5005 mysteria
3027 4935 3396 5007 admitterent,
3427 4938 3521 4996 sed
3544 4938 3788 4994 hortaren-

2232 5035 2317 5078 tur
2346 5022 2413 5079 ad
2444 5025 2835 5095 ptenitentiam,
2882 5031 3370 5105 remissionemque
3402 5034 3511 5092 Deo
3542 5032 3787 5107 permitte-

2228 5128 2370 5175 rent.
2420 5139 2439 5173 ι
2474 5119 2552 5177 Ne
2599 5130 2775 5178 tamen
2821 5127 3174 5197 apostolicam
3226 5127 3551 5186 Cathedram
3594 5126 3784 5198 turpiter

2226 5213 2496 5269 invasisse
2527 5215 2818 5284 videretur,
2850 5219 3125 5276 simulavit
3150 5229 3426 5279 veterator
3446 5232 3567 5280 sese
3592 5221 3780 5277 invitum

2222 5305 2289 5363 ad
2321 5322 2440 5363 eam
2469 5320 2714 5365 evectum
2748 5310 2933 5380 fuisse,
2984 5324 3042 5370 ut
3081 5328 3147 5371 ex
3182 5314 3426 5391 Dionysii
3471 5309 3779 5383 Alexandrini

2218 5400 2461 5472 Epistula
2491 5404 2560 5459 ab
2590 5404 2828 5463 Eusebio
2861 5406 2939 5482 (ὅ)
2973 5408 3185 5467 laudata
3212 5422 3449 5481 censtat,
3478 5414 3529 5469 in
3557 5424 3649 5482 qua
3678 5419 3774 5464 eum

2211 5495 2352 5550 inter
2375 5505 2574 5552 castera
2601 5496 2876 5568 admonet,
2907 5499 3281 5575 hortaturque,
3312 5500 3550 5577 utquam
3581 5501 3772 5560 invitum

2297 5748 2376 5827 (ᾗ)
2399 5748 2610 5827 gestat.
2638 5748 2710 5827 lg.
2740 5749 2809 5827 ﬁ.
2834 5750 2959 5827 Lib.
2997 5760 3068 5822 tv,
3093 5762 3215 5827 cap.
3247 5752 3341 5827 23,
3364 5757 3437 5814 al.
3466 5752 3551 5814 25.

2297 5816 2377 5894 (5')
2404 5820 2610 5880 Euseb.
2638 5818 2706 5879 lt.
2738 5822 2801 5881 Ε.
2833 5822 2954 5882 Lib.
2984 5816 3066 5895 tv,
3092 5816 3214 5900 cap.
3242 5816 3332 5887 illi.
