4026 6328
478 290 582 349 871

1791 293 1880 350 DE
1920 293 2083 351 VITA
2124 293 2213 351 ET
2254 291 2564 350 SCRIPTIS

3677 292 3773 350 87%

479 411 658 465 minus
685 416 831 466 recte
858 409 1197 480 pronuntiata
1241 407 1628 479 reprehendit,
1679 416 1736 464 et
1779 409 1974 464 Ruliuo
2003 409 2076 464 si-
2104 419 2154 480 Α
2185 410 2273 464 ille
2320 408 2656 464 Samosateni
2705 407 2974 473 haeresim,
3023 407 3149 464 licet
3190 420 3484 480 suppresso
3513 403 3769 476 "nomine,

479 503 682 558 utiliter
727 503 1069 574 displicuisse
1147 511 1338 574 putat,
1401 503 1559 573 paulo
1605 501 1742 557 iul‘ra
1809 504 2081 574 expende-

480 612 623 652 IIIIIS.
1698 643 1709 658 .

554 693 641 748 IV.
684 692 863 749 Unum
895 692 1073 747 adhuc
1098 691 1195 746 'ltis
1240 690 1438 746 addere
1475 691 1664 756 liceat,
1696 690 1763 745 ad
1793 690 1970 746 locum
2018 691 2081 744 il-

480 785 588 840 lum
623 785 921 856 pertinens,
955 784 1046 856 qui
1095 784 1312 839 laudato
1352 783 1592 838 Pamclio
1635 783 1848 839 errandi
1893 799 2080 838 ansam

479 879 720 950 prtcbere
747 880 892 934 visus
913 887 1018 938 est.
1050 876 1162 932 Sub
1189 877 1368 947 aperis
1406 878 1566 931 linem
1599 876 1870 947 egregiam
1903 877 2083 930 unita-

479 973 546 1026 tis
586 969 904 1026 substantize
938 970 990 1024 in
1022 969 1184 1025 Patre
1208 979 1262 1024 et
1294 967 1432 1024 Filio
1459 970 1916 1024 asseverationem
1947 978 2082 1023 atte-

481 1081 614 1120 xcns
635 1063 982 1130 Novatianus,
1015 1062 1131 1118 [nec
1159 1062 1321 1118 habet
1346 1062 1415 1119 de
1439 1062 1617 1118 Verbo
1649 1063 1740 1118 Dei
1775 1060 1877 1134 (l).
1913 1079 1931 1112 (
1965 1061 2083 1115 0m-

478 1158 584 1223 nia,
615 1157 815 1228 inquit,
850 1166 970 1228 post
1001 1157 1176 1226 ipsum
1217 1165 1373 1224 sunt,
1419 1156 1540 1228 quia
1588 1171 1685 1225 per
1726 1155 1901 1226 ipsum
1935 1165 2079 1210 sunt.

479 1253 542 1307 Et
571 1253 766 1307 merito
795 1252 1195 1322 ipse_est.ante
1241 1252 1462 1319 omnia,
1515 1251 1611 1306 sed
1662 1260 1784 1322 post
1830 1249 2082 1316 Patrem,

474 1347 690 1418 quando
719 1363 814 1418 per
841 1347 993 1402 illum
1024 1345 1164 1401 facta
1193 1356 1323 1402 sunt
1343 1347 1544 1400 omnia.
1581 1347 1724 1400 Deus
1752 1345 1934 1414 utique
1959 1359 2084 1415 pro-

475 1440 676 1495 cedens
705 1455 770 1495 ex
803 1439 950 1506 Deo,
995 1439 1294 1495 secundam
1343 1454 1632 1510 personam
1675 1437 1920 1493 elliciens
1965 1445 2089 1506 post

475 1532 689 1590 Patrem
730 1548 835 1603 qua
880 1531 1085 1598 Filius,
1133 1533 1229 1588 sed
1275 1548 1383 1587 non
1433 1531 1668 1602 eripiens
1718 1529 1851 1584 illud
1899 1529 2083 1594 Patri,

475 1627 618 1696 quod
649 1643 788 1682 unus
823 1635 908 1682 est
946 1625 1112 1681 Deus.
1156 1644 1174 1676 ι
1207 1624 1305 1680 Cui
1333 1626 1547 1698 quidem
1591 1624 1875 1679 sententia:
1915 1622 2088 1677 simil-

473 1721 597 1776 lima
619 1731 673 1777 et
697 1721 930 1776 maxime
955 1720 1188 1791 genuina
1215 1729 1370 1785 sunt,
1395 1735 1516 1790 qua:
1543 1730 1761 1774 sanctus
1786 1716 2086 1772 Methodius

2183 499 2395 556 fortiter
2439 502 2810 572 impugnassc.
2856 501 3056 556 Verum
3087 501 3220 556 nihil
3250 501 3450 569 obstat,
3501 502 3775 571 quominus

2185 595 2514 650 Novatianus
2559 595 2844 652 dimicasse
2884 597 3060 667 potius
3117 596 3328 652 dicatur
3381 597 3640 652 adversus
3680 600 3776 652 Ar-

2183 698 2403 756 temam,
2443 691 2598 762 cujus
2644 693 2914 748 hzereseos
2939 693 3194 763 deinceps
3230 700 3551 748 sectatorem
3599 707 3775 764 propa-

2185 795 2533 854 gatoremque
2573 785 2983 842 Samosatenum
3038 786 3202 842 fuisse
3241 794 3473 841 constat.
3510 784 3599 841 Sic
3642 787 3774 842 enint

2186 877 2537 933 Antiochenze
2565 878 2767 950 Synodi
2815 879 3005 934 Patres
3033 878 3114 950 (6)
3138 891 3204 947 τῷ
3233 882 3280 932 δὲ
3309 873 3505 949 Ᾱρτεμᾶ
3528 874 3662 938 οὗτος
3681 884 3779 933 ἐπι-

2186 976 2391 1024 τέλλετω
2415 977 2495 1025 καὶ
2546 979 2589 1025 οἱ
2617 978 2679 1026 τὰ
2704 966 2902 1042 Ᾱρτὲμα
2927 983 3199 1044 ςρονοῦντες
3228 975 3378 1041 τοῦτῳ
3409 989 3778 1028 κοινωνειτῶσοιν.

2192 1081 2208 1112 ι
2245 1063 2344 1118 Hic
2372 1079 2498 1120 vero
2544 1065 2766 1133 (Paulus
2793 1063 3200 1136 Samosatenus)
3230 1063 3298 1119 ad
3351 1067 3626 1119 Artemam
3655 1065 3777 1119 scri-

2186 1154 2296 1219 bat,
2331 1157 2374 1210 si
2427 1158 2613 1223 lubet;
2669 1166 2724 1212 et
2758 1158 2848 1228 qui
2894 1156 3168 1212 Artemam
3215 1166 3510 1222 sectantur,
3549 1171 3666 1211 cum
3711 1171 3773 1212 eo

2186 1250 2607 1304 communicent.
2649 1269 2667 1300 ι
2720 1249 2821 1303 Alii
2841 1258 3058 1316 autem,
3125 1265 3260 1320 quos
3318 1250 3459 1305 inter
3501 1248 3780 1305 Tillemon-

2189 1339 2294 1395 tius
2321 1340 2426 1413 (7),
2461 1351 2516 1396 et
2553 1341 2768 1397 Caveas
2817 1342 2896 1414 (8)
2942 1343 3090 1397 ocius
3120 1342 3360 1414 quidem,
3397 1354 3518 1414 post
3560 1344 3778 1399 schisma

2189 1441 2390 1502 tamen,
2424 1451 2560 1506 opus
2588 1452 2744 1491 suum
2775 1437 3166 1506 conscripsisse
3210 1436 3566 1492 Novatianum
3617 1438 3778 1508 conji-

2187 1531 2336 1584 ciunt
2380 1550 2392 1585 :
2455 1546 2576 1586 nam
2629 1532 2896 1602 inquiunt,
2945 1531 3146 1588 Sabelii
3197 1531 3445 1588 meminit
3473 1543 3656 1588 auctor
3684 1532 3776 1605 (9),

2189 1625 2417 1695 ejusque
2465 1626 2796 1696 impietatem
2825 1627 3116 1693 convellit;
3149 1629 3236 1698 qui
3262 1627 3473 1683 scilicet
3502 1644 3564 1683 ex
3597 1629 3781 1700 Diony-

2189 1721 2252 1773 sii
2298 1721 2646 1775 Alexandrini
2704 1721 2897 1778 litteris
2926 1723 3080 1778 Sixto
3118 1723 3164 1778 ll
3194 1724 3470 1794 inscriptis
3497 1725 3640 1795 (10),
3674 1735 3781 1795 post

475 1813 527 1868 in
566 1814 726 1870 Libro
757 1813 823 1868 de
860 1812 1114 1878 Creatis;
1157 1813 1247 1866 ubi
1293 1812 1361 1868 de
1395 1812 1558 1866 Verbi
1593 1810 1894 1881 principatu
1935 1809 2076 1879 apud
2111 1824 2157 1884 Β
2193 1813 2426 1868 medium
2458 1815 2675 1870 demum
2705 1817 2889 1871 saeculi
2937 1832 3016 1884 ιιι,
3045 1817 3298 1873 haeresim
3329 1832 3484 1872 suam
3530 1819 3780 1886 Sparsissc

477 1910 689 1965 l’atrcm
732 1923 896 1980 agens
937 1908 1015 1964 sic
1055 1908 1228 1980 inquit
1259 1907 1364 1979 (2).
1393 1909 1591 1962 Οὐκοῦν
1624 1909 1768 1984 ἀρχὴ
1790 1947 1803 1971 ,
1835 1907 1967 1976 μετὰ
1991 1909 2082 1962 τήν

473 2003 604 2058 ἵδιαν
636 2000 869 2078 ἄναρχον
897 2005 1090 2080 ἀρχὴν,
1121 2005 1208 2058 τὸν
1256 2004 1474 2078 Πάτερα,
1503 2002 1658 2060 αὐτὸς
1688 2007 1788 2055 τῶν
1818 1999 1975 2053 ἀλλῶν
2001 2002 2081 2071 γί-

473 2121 633 2163 νεται,
667 2097 731 2154 δι’
757 2107 817 2159 ἧς
848 2097 1054 2154 ἅπαντα
1079 2095 1485 2175 δημιουργεῖται,
1520 2115 1538 2145 ι
1584 2095 1712 2149 Post
1740 2110 1868 2164 ergo
1895 2095 2080 2163 singu-

476 2191 588 2246 lare
616 2188 746 2244 illud
777 2188 1100 2260 Principium
1123 2191 1326 2260 absque
1356 2189 1643 2258 Principio,
1669 2189 1759 2258 qui
1785 2197 1866 2242 est
1896 2188 2078 2250 Pater,

473 2293 558 2338 est
599 2283 772 2352 ipsum
814 2303 832 2334 ι
869 2281 1178 2354 (Verbum)
1228 2283 1455 2338 aliorum
1506 2282 1828 2352 principium
1855 2323 1870 2349 ,
1910 2300 1927 2331 ι
1988 2295 2082 2349 per

473 2374 617 2445 quod
654 2375 834 2430 omnia
877 2389 1150 2430 creantur.
1193 2395 1211 2426 ι
1263 2373 1362 2430 Ubi
1410 2374 1581 2430 saneti
1629 2373 1878 2445 Martyris
1919 2371 2080 2427 verba

472 2471 782 2526 edisserens
829 2471 1235 2533 Cotnbcﬁsius;
1269 2470 1476 2536 Patris,
1521 2469 1624 2536 ait,
1672 2469 1814 2522 illam
1861 2467 2080 2538 ingeniti

474 2566 749 2622 notionem
779 2582 841 2621 ac
886 2565 1263 2622 auctoritatem
1303 2566 1538 2620 insinuat
1587 2563 1928 2627 Methodius,
1977 2578 2080 2633 qua

472 2661 634 2717 etiam
695 2663 1092 2718 emanationem
1143 2660 1210 2716 ad
1258 2661 1431 2727 intra,
1485 2661 1757 2730 totiusque
1804 2659 2082 2714 Trinitatis

473 2754 597 2811 fons
640 2755 865 2822 dicitur,
910 2764 966 2810 et
991 2765 1074 2810 est
1120 2770 1259 2809 unus
1297 2754 1432 2825 ipse.
1466 2757 1612 2832 ἀρχὴ
1661 2751 1896 2832 ἄναρχος
1931 2770 1943 2806 :
1975 2766 2080 2806 non

472 2848 654 2919 ntipte
693 2849 758 2904 ad
787 2849 1086 2904 existentiae
1127 2848 1321 2918 prioris
1365 2848 1776 2912 exclusionem;
1817 2848 1896 2902 sic
1937 2846 2080 2900 enim

472 2951 526 2998 ct
555 2941 722 2998 Filius
763 2953 847 2998 est
876 2939 1149 3017 ἄναρχος,
1199 2951 1256 2994 ιιι
1287 2941 1425 2995 bene
1474 2939 1768 3011 Gregorius
1820 2939 1970 2993 Orat.
2015 2938 2082 2993 de

472 3033 737 3106 'l‘hcolog.
759 3034 954 3105 aliique
984 3033 1187 3104 passim
1217 3033 1429 3100 Grmci;
1463 3034 1556 3090 sed
1597 3049 1693 3104 per
1723 3034 2081 3090 remotionem

473 3125 676 3196 αἵτιας,
721 3143 784 3183 ac
813 3129 957 3183 velut
987 3142 1197 3194 causze,
1232 3126 1590 3201 principiique
1635 3127 1850 3182 esseudi
1892 3143 1904 3179 :
1957 3141 2079 3180 nam

2186 1909 2536 1978 comperitur.
2584 1913 2650 1965 At
2679 1925 2807 1964 vero
2833 1911 3098 1964 sententia
3122 1909 3394 1980 ejusmodi
3423 1909 3563 1965 haud
3592 1911 3780 1966 levibus

2187 2000 2600 2056 difﬁcultatibus
2646 2002 2918 2056 invenitur
2968 2001 3250 2073 implicita.
3306 2003 3576 2058 Sabellius
3625 2005 3777 2070 enim,

2189 2104 2244 2148 ut
2287 2095 2453 2165 liquet
2479 2111 2544 2150 ex
2578 2095 2870 2150 Philastrio
2907 2095 3046 2168 (ll),
3080 2106 3134 2152 et
3162 2095 3471 2168 Augustino
3498 2096 3612 2172 (12)
3641 2096 3780 2152 Nocti

2187 2188 2481 2258 discipulus
2505 2188 2623 2256 fuit,
2653 2191 2806 2258 cujus
2837 2188 3062 2258 proinde
3091 2189 3551 2259 blasphemiarum
3583 2187 3773 2244 exstitit

2187 2296 2526 2356 propagator.
2586 2285 2722 2353 Quid
2767 2301 2895 2340 veto
2945 2285 3014 2341 de
3065 2284 3236 2340 Noeto
3286 2287 3574 2341 memoriae
3615 2284 3782 2356 prodi-

2188 2378 2345 2432 tum?
2405 2377 2688 2446 Nimirum,
2733 2378 2789 2434 S.
2845 2377 3186 2450 Hippolytus,
3235 2381 3323 2450 qui
3382 2379 3525 2435 circa
3583 2374 3780 2432 Domini

2185 2487 2387 2527 annum
2426 2488 2562 2527 ccxx
2602 2472 2812 2539 ﬂoruit,
2850 2481 2906 2526 ut
2946 2474 3189 2543 agnoscit
3234 2473 3468 2542 ipsemet
3505 2473 3782 2528 Tillemon-

2189 2570 2292 2621 tius
2315 2565 2451 2639 (15),
2476 2567 2736 2622 adversus
2756 2566 2982 2622 Noetum
3005 2566 3247 2622 scribens
3270 2576 3499 2622 testatur
3516 2564 3626 2637 (l4)
3653 2581 3779 2620 ιιιοιι

2187 2662 2356 2716 multo
2414 2672 2559 2725 ante.
2593 2668 2643 2718 οὗ
2675 2673 2766 2733 πρὸ
2799 2669 2980 2718 πολλοῦ
3019 2674 3203 2733 χρονοῦ,
3242 2660 3420 2732 ipsum
3468 2663 3778 2732 impietatem

2185 2771 2337 2811 suam
2390 2756 2562 2825 palam
2612 2756 2947 2826 prodidisse;
2977 2757 3100 2827 quia
3141 2757 3209 2811 ab
3254 2757 3509 2813 Ecclesia:
3555 2771 3780 2812 commu-

2186 2851 2347 2905 nione
2371 2859 2657 2920 propterea
2685 2851 2911 2920 ejectus,
2947 2870 2965 2903 ι
3025 2851 3182 2920 paulo
3215 2861 3335 2923 post
3365 2853 3618 2916 moritur,
3652 2870 3668 2903 ι
3703 2852 3777 2904 in.

2185 2944 2299 3014 quit
2328 2942 2661 3014 Epiphanius
2684 2942 3026 3017 (15),τιλευτᾷ
3040 2947 3252 3007 δὲαύτὸς
3280 2955 3494 3018 ἔναρχος.
3516 2944 3630 3001 Jam
3659 2957 3773 2998 vero

2186 3036 2229 3091 si
2255 3036 2374 3107 quis
2405 3036 2750 3109 Hippolytum
2777 3052 2896 3092 cum
2934 3037 3230 3108 Epiphanio
3262 3037 3526 3102 conferat,
3573 3038 3774 3107 colligat

2190 3144 2413 3184 necesse
2438 3139 2542 3195 est,
2572 3129 2823 3196 Nectum,
2865 3150 2883 3182 ι
2917 3129 3009 3200 qui
3041 3145 3144 3185 non
3178 3130 3348 3186 multo
3377 3140 3505 3186 ante
3543 3151 3560 3183 ι
3591 3144 3775 3185 annum

471 3221 764 3278 causamin
800 3222 995 3278 Divinis
1027 3239 1130 3277 non
1161 3225 1233 3278 ita
1265 3221 1664 3289 fcruntLatini,
1704 3231 1759 3277 ut
1783 3237 1882 3278 nec
1908 3220 2083 3277 Graeci
2109 3231 2154 3294 ρ
2187 3237 2323 3278 ccxx
2368 3223 2822 3279 contmneliosum
2865 3222 2918 3277 in
2952 3224 3116 3279 Deum
3150 3223 3365 3280 Patrem
3419 3226 3611 3295 Dogma
3662 3239 3777 3277 evo-

474 3319 678 3394 ἀρχὴνς
711 3317 848 3373 bono
886 3318 1099 3390 utrique
1127 3332 1291 3374 sensu
1313 3359 1330 3384 ,
1363 3317 1590 3388 aliisque
1619 3325 1674 3373 et
1713 3318 1831 3372 aliis
1861 3316 2072 3382 verbis,

473 3409 615 3483 quod
639 3427 826 3466 sanum
859 3419 972 3476 est,
1001 3411 1358 3482 explicantes.

546 3504 748 3561 Eodem
797 3505 952 3575 plane
1001 3520 1164 3561 sensu
1205 3515 1262 3562 et
1305 3505 1584 3560 Novatiani
1608 3503 1773 3560 verba
1800 3501 2080 3572 accipien-

473 3598 539 3656 da
568 3642 581 3666 ,
611 3598 702 3672 qui
743 3599 863 3670 jure
900 3599 1276 3664 concludebat,
1321 3599 1459 3655 duos
1502 3597 1619 3655 fore
1648 3598 1786 3654 Deos
1825 3597 1868 3652 si
1912 3596 2080 3652 Filius

472 3704 618 3751 esset
665 3694 975 3766 ingenitus:
1022 3710 1144 3749 nam
1190 3695 1312 3750 dote
1355 3695 1533 3750 forent
1576 3695 1913 3759 substantiae,
1955 3709 2077 3748 curn

475 3798 667 3846 neuter
691 3789 759 3845 ab
803 3790 977 3845 altero
1019 3789 1359 3846 Divinitatem
1401 3789 1720 3860 accepisset.
1749 3788 1883 3843 Cum
1914 3787 2077 3860 igitur

473 3881 775 3938 Novatiano
818 3881 948 3938 nihil
995 3882 1136 3938 aliud
1171 3883 1504 3954 propositmn
1533 3885 1622 3949 sit,
1647 3899 1806 3954 quam
1843 3893 1899 3937 ut
1944 3882 2077 3936 illud

476 3974 878 4032 incommodum
900 3990 966 4032 ex
989 3973 1200 4032 duobus
1228 3976 1480 4047 ingenitis
1507 3991 1847 4046 consequens
1875 3974 2037 4046 fugiat
2063 3993 2075 4029 :

473 4070 584 4140 jam
605 4086 714 4126 non
751 4070 900 4126 laedit
926 4070 1248 4128 catholicam
1278 4071 1601 4139 doctrinam,
1647 4071 1744 4128 sed
1769 4071 2076 4138 conlirmat,

478 4167 591 4221 sive
627 4165 756 4222 dum
796 4166 1010 4222 Patrem
1053 4183 1216 4222 unum
1245 4182 1366 4224 esse
1399 4166 1566 4222 Deum
1593 4167 1806 4232 asserit,
1837 4166 1958 4236 quia
1986 4163 2078 4219 Fi-

477 4260 580 4316 lius
609 4260 678 4316 ab
705 4276 770 4316 eo
825 4259 1164 4316 Divinitatem
1190 4261 1430 4332 accepit;
1461 4261 1575 4316 sive
1600 4260 1728 4315 dum
1771 4259 1965 4314 Filium
1995 4259 2078 4314 id-

476 4353 622 4409 circo
657 4353 820 4409 Patre
863 4353 1152 4421 minorem,
1175 4352 1378 4409 idcirco
1407 4351 1553 4407 Patri
1579 4351 1965 4422 obsequentem
1997 4349 2078 4406 fa-

477 4447 568 4513 cit,
602 4447 724 4518 quia
750 4447 911 4503 Pater
937 4446 1060 4504 fons
1085 4457 1140 4502 et
1159 4446 1311 4518 origo
1335 4445 1656 4501 Divinitatis.
1677 4445 1760 4501 Ad
1790 4461 2078 4512 summam,

478 4549 538 4596 ιιι
589 4541 806 4596 demum
849 4539 1254 4606 concludamus,
1310 4539 1639 4596 Novatianus
1679 4555 1742 4595 ea
1783 4539 1921 4595 Filio
1970 4555 2077 4594 non

2183 3317 2335 3381 muit,
2366 3316 2566 3387 quippe
2599 3317 2757 3387 paulo
2828 3326 2948 3386 post
2999 3327 3226 3372 mortem
3269 3319 3523 3390 cppetiit,
3575 3318 3778 3372 ineunte

2181 3410 2382 3464 saeculo
2433 3426 2507 3476 Ill,
2559 3419 2614 3465 ut
2641 3413 2908 3474 maxime,
2958 3410 3251 3465 satauicam
3306 3411 3452 3466 illam
3492 3409 3776 3465 doctrinam

2181 3502 2456 3574 discipulis
2495 3505 2608 3560 suis
2655 3503 3112 3559 disseminandam
3145 3504 3457 3575 reliquiSse.
3491 3505 3581 3559 l-lis
3608 3512 3773 3556 autem

2184 3600 2390 3668 positis,
2420 3600 2542 3670 quis
2583 3615 2742 3670 porro
2793 3599 2896 3654 sibi
2922 3600 3263 3670 persuadeat,
3296 3601 3586 3657 Sabellium
3630 3598 3775 3654 Nocti
3874 3638 3879 3643 -

2181 3692 2502 3764 discipulum
2535 3703 2656 3763 post
2684 3692 3036 3765 quadraginta
3084 3695 3302 3750 circiter
3350 3711 3520 3751 annos
3547 3695 3611 3750 ab
3640 3692 3774 3748 obitu

2184 3789 2532 3856 praeceptoris
2556 3786 2661 3851 sui,
2697 3787 2928 3842 haeresin
2975 3786 3192 3842 demum
3223 3786 3540 3844 Noetiauam
3582 3789 3773 3842 instau-

2185 3895 2305 3935 rare
2334 3895 2396 3937 ac
2423 3879 2766 3951 promulgare
2792 3878 3067 3950 ccepisse?

2254 3974 2424 4030 Nolim
2453 3974 2702 4044 equidem
2756 3973 3006 4039 inliciari,
3061 3973 3379 4046 Dionysium
3407 3989 3549 4030 anno
3578 3967 3768 4027 Christi

2183 4084 2355 4124 CCLV‘II
2397 4067 2465 4122 ad
2511 4068 2672 4123 istum
2702 4066 2985 4138 scripsisse
3011 4072 3119 4140 περὶ
3149 4075 3231 4125 τοῦ
3257 4076 3333 4124 νῦν
3359 4076 3617 4131 uviae-aro;
3645 4072 3686 4120 ἐν
3721 4074 3775 4134 τῇ

2184 4165 2482 4233 animarat
2525 4167 2755 4232 δόγματος
2775 4205 2791 4230 ,
2820 4161 2924 4218 hoc
2952 4171 3066 4230 est,
3096 4162 3309 4219 Valesio
3337 4163 3644 4233 interprete,
3674 4179 3691 4212 ι
3713 4157 3774 4214 de

2185 4257 2444 4327 Dogmate
2471 4256 2583 4320 illo,
2604 4255 2746 4326 quod
2777 4271 2979 4326 nuper,
3004 4256 3194 4328 inquit,
3224 4256 3365 4327 apud
3405 4253 3773 4312 Ptolemaidem

2184 4358 2514 4404 commotum
2536 4358 2638 4404 est.
2663 4367 2682 4401 ι
2711 4348 2909 4404 Verum
2945 4363 3050 4404 non
3073 4349 3147 4404 ait
3168 4349 3474 4422 Dionysius,
3509 4364 3622 4405 eam
3651 4347 3772 4401 Doc—

2187 4443 2380 4498 trinam
2421 4459 2450 4496 a
2473 4441 2706 4500 Sabellio
2729 4443 2892 4498 fuisse
2937 4462 2955 4494 ι
2984 4459 3155 4513 nuper
3183 4462 3201 4496 ι
3247 4443 3387 4515 apud
3421 4443 3772 4498 Ptolemenses

2185 4535 2452 4592 invectam
2482 4552 2495 4589 :
2527 4535 2655 4606 quin
2679 4536 2844 4591 immo
2871 4535 3158 4603 Eusebius,
3187 4537 3277 4607 qui
3305 4536 3543 4608 Dionysii
3567 4534 3770 4604 Episto-

479 4633 662 4688 tribuit
689 4631 791 4707 (5),
847 4652 866 4685 ι
899 4648 1251 4704 quaecumque
1301 4642 1426 4688 sunt
1473 4633 1674 4700 Patris,
1714 4652 1733 4685 ι
1788 4649 1894 4689 ιιοιι
1951 4649 2080 4690 vero
2104 4637 2158 4698 D
2185 4629 2288 4685 lam
2320 4629 2579 4702 integram
2609 4645 2720 4700 pra:
2751 4631 2920 4686 oculis
2961 4630 3231 4697 habebat,
3264 4631 3619 4703 fragmentum
3647 4622 3765 4681 illud

479 4737 661 4799 negat,
692 4742 1046 4799 quaecumque
1074 4737 1200 4782 sunt
1231 4727 1322 4783 Dei
1352 4726 1454 4799 (ι).

553 4823 617 4878 V.
666 4820 819 4878 Nunc
848 4836 976 4877 vero
1015 4820 1391 4891 inquirendum
1429 4831 1678 4891 superest
1704 4837 1810 4891 quo
1834 4832 2082 4893 tempore

480 4915 624 4970 hunc
694 4913 1146 4971 commentarium
1211 4911 1490 4984 scripserit
1539 4911 1890 4968 Novatianns.
1953 4915 2080 4969 Exi-

479 5011 718 5065 stimavit
761 5009 979 5082 quidem
1026 5006 1291 5064 Baronius
1341 5005 1448 5079 (5),
1500 5009 1950 5063 commentarium
2012 5008 2079 5063 de

477 5102 742 5162 Trinitate
767 5104 929 5162 fuisse
957 5105 1025 5160 ab
1051 5115 1269 5160 auctore
1299 5102 1488 5158 litteris
1517 5102 1886 5174 consignatum
1937 5102 2077 5158 circa

479 5195 677 5251 Christi
724 5211 923 5251 annum
975 5211 1165 5252 cccxx.
1190 5212 1296 5266 quo
1331 5210 1362 5249 a
1397 5195 1643 5250 Patribus
1695 5195 1917 5250 Concilii
1970 5195 2081 5250 An-

480 5289 720 5346 tiocheni
767 5290 1056 5346 damnatus
1099 5300 1185 5346 est
1214 5289 1416 5346 Paulus
1469 5289 2084 5361 Satnosatenuszprop-

481 5392 627 5439 terea
655 5383 882 5450 scilicet,
911 5381 1055 5454 quod
1085 5382 1202 5438 viro
1228 5398 1424 5455 magno
1473 5383 1619 5440 visus
1657 5383 1817 5440 fuerit
1849 5383 2082 5455 scriptor

552 5541 632 5606 (Ι)
663 5539 854 5594 Novat.
889 5541 951 5595 de
977 5540 1165 5595 Trinit.
1194 5556 1314 5608 cap.
1341 5543 1432 5597 3i.

551 5612 633 5683 (2)
671 5611 908 5684 Method.
942 5612 1006 5684 de
1034 5610 1206 5668 Creat.
1235 5611 1262 5684 §
1293 5613 1346 5668 8.

578 5686 638 5755 ὃ)
669 5683 950 5755 Novatian.
975 5683 1038 5740 Ι..
1063 5699 1113 5739 c.
1142 5683 1262 5754 cap.
1289 5685 1379 5740 51.

572 5753 631 5824 4)
659 5754 795 5811 Vide
822 5753 1024 5826 Maran.
1056 5755 1118 5810 L.
1142 5769 1192 5809 c.
1211 5753 1344 5826 pag.
1368 5757 1495 5813 518.

551 5827 630 5905 (5)
659 5826 855 5884 Baron.
907 5825 973 5883 ad
1003 5842 1130 5882 ann.
1161 5825 1346 5901 2ης
1377 5828 1465 5884 15.

2183 4723 2418 4780 recitans
2458 4723 2657 4780 diserte
2694 4733 2942 4791 testatur,
2976 4724 3300 4796 Episcopum
3357 4722 3767 4781 Alexandrinum

2186 4817 2254 4872 de
2281 4816 2604 4873 Sabellianis
2657 4817 2929 4873 haereticis
2956 4829 3064 4890 περι
3101 4823 3191 4875 ἀρῶν
3217 4827 3346 4876 κατὰ
3375 4827 3618 4874 saeuam
3642 4821 3768 4883 αἱρξο

2182 4932 2342 4977 mm,
2393 4923 2699 4966 sermonem
2743 4909 2998 4966 habuisse
3036 4927 3050 4965 :
3105 4919 3164 4966 ut
3203 4921 3484 4984 propterea
3540 4902 3764 4976 Dionysii

2263 5106 2340 5178 (6)
2371 5106 2526 5174 Apud
2559 5107 2754 5162 Euseb.
2782 5107 2846 5164 Η.
2880 5107 2944 5162 Ε.
2969 5107 3062 5162 lib.
3102 5107 3194 5174 vti,
3227 5124 3347 5178 cap.
3371 5109 3460 5170 50.

2257 5176 2336 5254 (7)
2362 5178 2672 5254 Tillemont.
2704 5178 2862 5254 diem.
2895 5179 3048 5254 Tom.
3076 5197 3150 5247 tn,
3175 5189 3277 5235 art.
3296 5176 3359 5254 :5,
3380 5198 3467 5234 sur
3492 5180 3561 5234 [re
3588 5176 3762 5230 Norat.

2257 5249 2338 5320 (8)
2361 5249 2520 5305 Cave.
2547 5250 2686 5304 Hist.
2715 5249 2951 5306 Litterar.
2985 5252 3050 5306 ad
3069 5268 3264 5308 annum
3285 5253 3414 5317 25L
3439 5261 3560 5306 tom.
3596 5266 3629 5303 ι.

2259 5325 2338 5394 (9)
2355 5321 2550 5394 Norat.
2584 5323 2647 5377 de
2670 5321 2855 5377 Trinil.
2891 5337 3010 5391 cap.
3048 5323 3136 5377 ιε.

2261 5392 2372 5467 (10)
2409 5394 2627 5467 Dionys.
2659 5394 2949 5450 Alexandr.
2964 5397 3105 5466 apud
3135 5395 3325 5452 Euseb.
3360 5395 3431 5451 Η.
3461 5393 3526 5448 Ε.
3557 5392 3643 5447 lib.
3675 5401 3760 5448 vn,

2188 5465 2753 5612 ca¥i1§.Pltilastr._¢le
2787 5537 2982 5594 Haeres.
3013 5556 3128 5610 cap.
3165 5541 3253 5595 5i.

2260 5609 2374 5678 (12)
2403 5611 2631 5681 August.
2669 5609 2870 5666 Haeres.
2904 5613 2996 5668 M.

2291 5681 2707 5739 l5l'l'illemont.
2743 5683 2803 5737 L.
2833 5699 2883 5737 c.

2285 5753 2372 5829 lli)
2401 5753 2672 5829 ﬂippolyt.
2706 5754 3006 5829 9510.,Noet.
3034 5757 3074 5829 ᾗ
3093 5758 3147 5812 l.

2258 5825 2374 5899 (ιδ)
2408 5825 2671 5898 Epiphan.
2703 5825 2905 5884 eres.
2935 5825 3084 5904 ὅτίς
3118 5829 3167 5884 ι.
