4026 6328
341 333 447 388 875

1803 318 2201 379 NOVATIANI.

3541 328 3647 389 874

341 450 507 506 verba
535 447 602 503 de
623 443 841 503 Sabellii
865 444 1042 515 potius
1061 437 1550 509 sectatoribus,'qui
1578 444 1707 494 tunc
1733 444 1940 506 tempo—
1963 437 2017 498 Α
2043 437 2362 509 inscriptum
2389 441 2456 497 de
2477 440 2625 497 Cibis
2643 438 2902 497 Judaicis.
2935 439 3258 499 Guilielmus
3285 443 3496 502 Caveus
3526 446 3645 519 (10)

338 542 413 597 ris
477 537 990 604 increbrescebant,
1044 550 1204 606 quam
1253 534 1322 590 de
1377 533 1496 603 ipso
1545 531 1782 588 Sabellio
1834 531 1942 586 sint

337 631 670 704 accipienda.
716 631 866 686 Hunc
895 629 1158 701 siquidem
1178 628 1288 697 jam
1314 625 1518 682 dudum
1547 623 1730 696 pravis
1759 622 1936 691 Nueti,

339 725 579 798 magistri
626 724 732 787 sui.
763 724 1039 781 erroribus
1065 723 1346 788 imbutum,
1379 736 1474 777 eos
1502 720 1661 791 longe
1710 727 1835 774 ante
1885 718 1938 773 in

337 819 529 888 vulgus
574 817 838 889 sparsisse
887 816 1158 887 oportuit:
1192 813 1438 886 adeoque
1483 813 1652 884 ipsius
1682 811 1932 868 haeresim

339 922 464 971 ante
493 926 693 967 annum
721 925 821 967 CCL
856 908 1183 964 Novatianns
1227 907 1572 978 impugnasse
1619 903 1936 960 existiman-

338 1008 439 1065 dus
457 1025 472 1075 ;
489 1022 594 1079 quo
612 1015 854 1077 tempore
865 1004 1069 1060 scilicet
1094 1001 1350 1059 Ecclesia:
1362 1001 1528 1057 Roma
1536 1016 1616 1056 nte
1630 999 1936 1071 presbyter,

340 1099 694 1158 orthodoxam
708 1100 828 1168 ejus
846 1096 1146 1152 doctrinam
1172 1094 1523 1168 proﬁtebatur
1544 1092 1939 1164 propugnabato

340 1210 462 1266 que.
478 1192 654 1264 Atque
666 1189 969 1261 hujusmodi
984 1189 1196 1260 quidem
1215 1187 1536 1244 sententiam
1559 1184 1798 1241 Pamelio
1828 1184 1941 1254 pri-

341 1303 486 1344 tuum
542 1285 790 1342 arrisisse
837 1282 949 1356 (l),
977 1281 1172 1338 deinde
1215 1278 1539 1337 Jacksonum
1573 1277 1811 1350 pluribus
1841 1273 1934 1330 atl-

339 1391 450 1436 stru
462 1395 490 1432 χ
501 1378 606 1434 isse
621 1376 1004 1447 comperimus.

317 1469 322 1475 ’
409 1474 499 1530 Vl.
552 1470 794 1542 Analysis
841 1471 996 1542 hujus
1045 1467 1209 1523 Libri.
1246 1496 1320 1508 -
1361 1465 1624 1522 Dividitur
1680 1472 1940 1520 tractatus

337 1565 622 1624 Novatiani
661 1565 722 1620 de
747 1563 1021 1629 Trinitate,
1071 1563 1124 1618 in
1183 1561 1396 1633 triginta
1447 1570 1502 1616 et
1556 1574 1718 1614 unum
1753 1567 1935 1630 caput.

334 1663 574 1719 Primum
597 1660 666 1717 de
691 1661 756 1715 iis
786 1659 960 1716 verbis
987 1677 1006 1711 ι
1041 1658 1239 1729 regula:
1262 1657 1502 1713 veritatis
1529 1676 1574 1721 ι,
1595 1671 1689 1712 seu
1721 1674 1738 1707 ι
1767 1654 1888 1711 ﬁdei
1913 1673 1933 1707 ι

337 1756 520 1828 (quam
561 1753 882 1826 Symbolum
923 1751 1199 1823 vocamus)
1247 1758 1663 1814 commentatur,
1695 1764 1815 1820 quae
1842 1763 1940 1803 nos

2044 530 2323 600 ambiguus
2352 539 2458 599 cst,
2491 547 2558 586 an
2586 543 2736 588 certo
2759 547 2895 603 opus
2915 533 2983 588 de
3003 531 3153 590 Cibis
3177 533 3414 592 Judaicis
3442 539 3514 594 sit
3534 538 3643 595 No-

2043 623 2240 678 vatiani
2259 641 2271 678 :
2288 625 2431 695 quod
2448 626 2576 681 mihi
2599 635 2805 682 certum
2818 625 3049 693 videtur,
3066 628 3546 706 inquitOudinusU
3562 632 3640 706 1),

2044 733 2164 773 cum
2195 734 2509 790 expressam
2546 721 2689 776 illius
2734 721 3064 777 mentionem
3098 721 3256 778 faciat
3287 723 3644 798 Hieronymus

2045 811 2166 868 loco
2213 812 2412 880 citato,
2464 823 2624 885 atque
2666 813 2935 886 interpres
2975 815 3199 872 Graecus
3246 819 3360 874 sive
3403 819 3642 888 Saphro-

2045 904 2198 974 nius,
2246 907 2360 962 sive
2408 907 2546 963 alius
2589 907 2840 980 antiquus
2891 910 3154 976 omnino,
3199 915 3309 982 περὶ
3377 921 3645 984 βρωμάτων

2046 989 2322 1055 insanitas».
2354 998 2624 1056 Praeterea
2667 1011 2858 1056 auctor
2886 1000 3046 1071 hujus
3082 1004 3262 1073 Operis
3303 1003 3404 1060 sub
3432 1004 3642 1062 initium

2044 1091 2249 1164 inquit,
2307 1092 2536 1164 scriptas
2559 1111 2587 1148 a
2612 1109 2672 1150 se
2713 1093 2882 1150 fuisse
2918 1094 3054 1151 duas
3099 1096 3366 1167 Epistolas
3389 1139 3403 1160 ,
3449 1099 3644 1168 quibus

2043 1183 2281 1240 ostendit
2308 1184 2528 1240 Judteos
2554 1185 2833 1256 ignorasse
2869 1204 2888 1237 ι
2927 1201 3109 1242 veram
3141 1187 3603 1246 circumcisioncm
3624 1233 3642 1259 ,

2042 1287 2096 1334 et
2119 1294 2308 1335 verum
2337 1278 2650 1335 Sabbatum.
2689 1298 2708 1332 ι
2742 1280 2900 1351 Atqui
2935 1280 3126 1336 horum
3154 1281 3383 1337 duorum
3415 1299 3644 1355 opuscu-

2043 1374 2219 1428 lorum
2248 1372 2302 1427 in
2319 1371 2654 1441 Novatiano,
2708 1374 3017 1430 nominatim
3047 1376 3240 1430 citatus
3280 1377 3642 1451 Hieronymus

2044 1467 2293 1524 meminit
2339 1487 2352 1521 :
2397 1468 2540 1524 unde
2584 1467 2806 1524 dubium
2857 1469 3062 1524 nullum
3108 1469 3462 1541 relinquitur,
3511 1474 3638 1543 quin

2043 1574 2180 1631 opus
2208 1559 2278 1616 de
2306 1559 2451 1616 Cibis
2478 1560 2717 1617 Judaicis
2760 1570 2968 1630 Spectet
2997 1561 3064 1617 ad
3092 1561 3362 1617 eumdem.
3403 1564 3641 1638 Denique

2043 1667 2106 1708 ex
2141 1651 2244 1709 hoc
2271 1655 2530 1723 opusculo
2563 1653 2630 1710 de
2651 1651 2797 1710 Cibis
2825 1653 3062 1710 Judaicis
3083 1695 3098 1719 ,
3147 1657 3406 1712 asseritnr
3428 1676 3644 1731 quoque

2043 1743 2342 1801 Novatiano
2378 1745 2609 1816 epistola
2635 1761 2732 1802 seu
2765 1746 2977 1802 libellus
3006 1747 3070 1803 de
3098 1763 3218 1803 vera
3239 1747 3641 1807 Circumcisione

334 1849 556 1906 credere
577 1847 770 1918 jubent
800 1865 819 1899 ι
849 1847 901 1901 in
922 1845 1091 1902 Deum
1120 1845 1335 1900 Patrem
1363 1852 1416 1900 et
1440 1841 1726 1898 Dominum
1756 1841 1930 1897 omni-
1964 1841 2013 1902 B
2044 1838 2184 1894 inter
2253 1853 2420 1908 opera
2493 1838 2603 1894 divi
2679 1838 2990 1911 Hieronymi
3057 1841 3355 1912 impressus
3398 1861 3411 1898 :
3442 1845 3643 1916 quippe

333 1950 822 2014 potentem,rerum
845 1938 1084 1994 omnium
1106 1935 1556 2008 perfectissimum
1573 1944 1897 2001 creatorem,
1913 1952 1930 1986 ι

331 2052 362 2092 a
398 2037 574 2107 capite
603 2051 640 2100 ι,
667 2035 735 2091 ad
779 2051 868 2090 vnt
904 2048 1112 2105 usque;
1163 2032 1253 2088 ubi
1293 2032 1434 2088 inter
1461 2030 1566 2085 alia
1597 2030 1757 2086 etiam
1786 2029 1936 2084 attri-

332 2129 460 2185 buta
501 2129 705 2195 divina,
756 2127 1196 2192 immensitatcm,
1239 2124 1619 2190 aeternitatem,
1649 2123 1933 2188 unitatem,

329 2221 648 2289 bonitatem,
683 2219 1171 2277 immutabilitatem
1196 2260 1210 2285 ,
1243 2216 1724 2280 immortalitatem,
1773 2215 1931 2287 spiri-

333 2316 629 2372 tualitatetn
679 2314 874 2385 partim
921 2329 988 2368 ex
1014 2312 1244 2375 ratione,
1291 2310 1485 2382 partim
1511 2326 1577 2364 ex
1609 2309 1708 2366 SS.
1742 2309 1936 2364 litteris

329 2410 596 2477 adstruit;
631 2409 885 2481 additque
914 2426 1015 2465 nec
1043 2410 1344 2479 passiones,
1381 2421 1479 2462 nec
1524 2405 1766 2462 membra
1823 2406 1934 2461 Deo

329 2505 548 2561 attribui
611 2518 788 2574 posse,
863 2501 1084 2573 haecque
1143 2502 1194 2556 in
1250 2500 1526 2571 Scriptura
1598 2495 1936 2554 solummodo

333 2603 760 2670 ἀνθρωποπειθικῶς
787 2595 854 2651 de
883 2595 993 2651 Deo
1017 2594 1309 2650 enuntiari.
1345 2594 1385 2647 A
1432 2592 1606 2662 capite
1645 2607 1722 2657 ιι,
1767 2605 1936 2661 usque

331 2691 398 2748 ad
431 2706 613 2757 xxvm,
663 2689 731 2745 ad
779 2704 843 2745 ea
871 2687 1112 2760 Symboli
1162 2685 1330 2741 nostri
1371 2698 1585 2755 quoque
1626 2682 1788 2738 verba
1830 2682 1936 2737 late

330 2781 652 2854 esplieanda
677 2781 903 2849 accedit,
934 2796 1053 2852 quze
1091 2779 1245 2834 nobis
1276 2777 1434 2832 ﬁdem
1470 2774 1853 2832 commendant
1880 2775 1934 2829 in

338 2896 356 2930 ι
382 2876 578 2933 Filium
608 2877 699 2933 Dei
727 2875 909 2932 Jesum
934 2874 1232 2939 Christum,
1269 2873 1553 2927 Dominum
1588 2871 1754 2926 Deum
1807 2884 1935 2924 nos-

333 2979 494 3026 trum.
510 2989 529 3023 ι
550 2969 824 3025 Christum
855 2970 910 3023 in
932 2966 1110 3023 Veteri
1132 2965 1482 3021 Testamento
1506 2962 1828 3034 promissum
1851 2960 1934 3035 (2)

330 3079 518 3120 verum
535 3063 805 3118 hominem
822 3063 924 3134 (5),
944 3075 1237 3130 verumque
1252 3058 1362 3113 Deu
1372 3073 1418 3112 ιιι
1440 3071 1558 3112 esse
1573 3055 1674 3127 (4),
1688 3054 1935 3125 Scriptu-

330 3155 752 3222 rarumVeteris,
773 3155 1011 3226 Novique
1027 3152 1272 3210 Frederis
1294 3149 1610 3206 auctoritate
1627 3147 1817 3219 probat
1830 3144 1933 3220 (5);

2040 1933 2197 1999 cujus
2226 1933 2556 1988 mentionem
2607 1931 2770 1988 faciat
2802 1933 3163 2006 Hieronymus
3209 1945 3319 1992 tum
3361 1936 3428 1993 de
3456 1937 3643 2008 Scrip-

2042 2027 2252 2083 toribus
2278 2026 2677 2083 Ecclesiasticis
2709 2042 2832 2098 cap.
2883 2027 2917 2083 8
2965 2029 3049 2086 vel
3087 2029 3139 2096 7,
3170 2038 3280 2084 tum
3314 2030 3642 2088 Novatianus

2039 2121 2154 2190 ipse
2199 2121 2300 2176 sub
2350 2121 2558 2176 initium
2611 2121 2796 2191 Operis
2843 2121 2912 2176 de
2955 2121 3102 2176 Cibis
3147 2121 3404 2188 Judaicis,
3453 2123 3542 2180 ubi
3570 2126 3646 2180 ait

2040 2213 2338 2284 Epistolam
2370 2229 2399 2268 a
2431 2229 2490 2269 se
2516 2213 2586 2269 de
2615 2229 2740 2270 vera
2769 2213 3198 2271 Circumcisione
3244 2217 3639 2288 conscriptam,

2039 2307 2181 2376 quod
2207 2308 2331 2362 huic
2360 2307 2620 2378 opusculo
2648 2307 2890 2378 apprime
2915 2309 3186 2364 convenit.
3215 2308 3435 2366 Nullum
3462 2311 3645 2383 itaque

2039 2397 2108 2454 de
2139 2399 2224 2454 bis
2250 2397 2533 2454 Novatiani
2565 2400 2823 2470 operibus
2867 2400 3088 2456 dubium
3133 2417 3346 2471 aequum
3395 2418 3520 2460 esse
3548 2421 3645 2474 po-

2042 2499 2175 2557 test;
2210 2493 2508 2562 prazsertim
2549 2508 2673 2546 cum
2717 2492 2901 2562 judice
2936 2493 3166 2563 Dupinio
3194 2494 3492 2552 similitudo
3517 2498 3644 2569 styli

2036 2585 2272 2656 idipsum
2316 2585 2639 2656 persuadeat
2669 2585 2806 2657 (l2).
2842 2605 2861 2637 ς
2901 2586 3056 2642 Patet
3081 2596 3283 2654 autem,
3315 2588 3510 2659 inquit.
3540 2591 3642 2646 Pa-

2039 2677 2234 2734 melius
2263 2676 2406 2750 (l5),
2438 2677 2578 2732 hanc
2606 2676 2903 2746 Epistulam
2935 2679 2988 2733 in
3021 2692 3240 2735 secessu
3271 2680 3439 2737 fuisse
3482 2696 3648 2739 cons-

2037 2773 2266 2845 criptam
2301 2773 2438 2845 (14),
2470 2773 2740 2840 fortas~is,
2781 2774 2828 2828 si
2858 2773 2987 2844 quid
3033 2775 3275 2831 divinare
3306 2776 3450 2842 licet,
3498 2792 3644 2845 cum,

2039 2875 2097 2921 ut
2112 2867 2294 2921 scribit
2312 2867 2367 2920 S.
2383 2864 2668 2921 Cornelius
2681 2867 2698 2935 (
2713 2874 2724 2918 t
2740 2867 2816 2934 5),
2836 2876 2978 2921 metu
3003 2868 3391 2937 persecutionis
3408 2870 3460 2924 in
3483 2868 3645 2925 domo

2039 2973 2099 3013 se
2128 2958 2441 3014 conclusum
2489 2958 2783 3014 occuleret.
2822 2957 2976 3027 Quod
3009 2975 3132 3015 cum
3181 2961 3233 3015 in
3283 2961 3377 3016 illo
3427 2962 3646 3018 tandem

2039 3049 2530 3121 reprehenderetur
2557 3067 2586 3106 a
2630 3050 2872 3106 diaconis
2900 3051 3192 3119 Romanis,
3247 3064 3301 3108 et
3347 3065 3645 3125 rogaretur,

2040 3152 2096 3199 ut
2122 3158 2406 3215 egressus,
2439 3151 2697 3214 quantum
2747 3144 3066 3216 presbytero
3097 3145 3318 3210 liceret,
3346 3157 3643 3218 quantum.

331 3249 507 3321 capite
551 3261 680 3305 xvnt
704 3263 944 3305 errorem
977 3246 1405 3303 Sabellianorum
1440 3244 1634 3299 refutat
1659 3284 1674 3310 ,
1703 3252 1758 3298 et
1802 3255 1932 3295 auc-
1960 3235 2006 3299 C
2039 3251 2143 3307 que
2173 3237 2224 3291 in
2253 3235 2372 3306 ejus
2403 3237 2564 3291 situm
2593 3245 2738 3293 esset
2765 3245 3035 3306 potestate
3057 3281 3071 3305 ,
3107 3236 3302 3294 fratres
3327 3239 3379 3294 in
3407 3241 3649 3310 periculo

331 3343 551 3402 toritate
578 3342 676 3400 SS.
706 3342 1030 3398 Litterarum
1086 3339 1483 3395 distinctionem
1527 3337 1701 3392 Patris
1739 3346 1795 3392 et
1820 3335 1940 3392 Filii

329 3438 633 3501 conﬁrmat,
661 3435 928 3507 hujusque
967 3433 1344 3490 haeresiarchte
1375 3431 1771 3502 objectionibus
1799 3428 1936 3484 alio-

333 3546 560 3602 rumque
585 3529 710 3586 dein
738 3529 1028 3600 respondet
1059 3527 1162 3601 (6).
1197 3529 1270 3583 De
1301 3526 1407 3582 ﬁde
1427 3527 1478 3581 in
1495 3526 1755 3597 Spiritum
1783 3539 1942 3580 sanc—

332 3635 444 3680 tuin
473 3625 582 3696 agit
607 3624 783 3696 capite
811 3623 1070 3696 vigesimo
1101 3637 1264 3687 nono,
1296 3621 1544 3692 inquiens
1570 3634 1586 3675 :
1619 3638 1637 3671 ι
1675 3618 1941 3688 Deinceps

335 3721 459 3777 fidei
488 3720 865 3776 auctoritatem
893 3719 1189 3775 admonere
1221 3732 1341 3783 nos,
1373 3725 1494 3786 post
1519 3713 1726 3768 Patrem
1757 3721 1812 3768 et
1846 3709 1941 3765 Fi-

336 3816 482 3883 lium,
509 3816 731 3871 credere
748 3814 908 3870 etiam
934 3814 986 3868 in
1011 3812 1270 3884 Spiritum
1291 3819 1560 3871 sanctum,
1593 3827 1612 3860 ι
1641 3806 1797 3877 cujus
1813 3820 1942 3876 ope-

335 3910 574 3965 rationes
599 3925 666 3964 ex
691 3907 989 3978 Scripturis
1017 3913 1297 3970 recenset,
1335 3914 1392 3959 et
1423 3900 1760 3972 comprobat.
1807 3898 1938 3954 Dein

336 4005 598 4060 unitatem
615 4002 710 4060 Dei
727 4019 849 4058 cum
869 4010 993 4057 ante
1005 3998 1293 4071 disputatis
1309 3996 1640 4068 conjungere
1653 3990 1938 4064 studet(7),

338 4097 660 4170 tandemque
688 4111 952 4153 summam
975 4109 1154 4150 rerum
1181 4092 1546 4163 expositarum
1588 4087 1804 4146 exhibet
1835 4087 1937 4157 (8).

940 4202 1234 4245 AR'I‘ICULUS
1274 4203 1332 4242 11.

540 4288 620 4343 De
651 4287 932 4344 Novatiani
961 4285 1177 4356 epistola
1203 4282 1266 4336 de
1293 4281 1427 4337 Cibis
1438 4281 1690 4352 judaicis.

411 4382 431 4438 Ι
471 4380 766 4452 Epistolam
801 4379 864 4433 de
899 4377 1036 4434 Cibis
1073 4375 1310 4432 Judaicis
1350 4376 1406 4431 S.
1439 4377 1799 4449 Hieronymus
1831 4393 1941 4433 me-

337 4481 517 4530 morat
565 4488 688 4528 cum
738 4471 790 4526 in
838 4470 1001 4526 Libro
1046 4468 1116 4525 de
1162 4468 1309 4524 Viris
1352 4469 1691 4536 Illustribus,
1722 4478 1832 4524 tum
1874 4469 1942 4524 ad

339 4570 626 4624 Damasum
650 4565 895 4622 scribens
927 4560 1028 4637 (9),
1063 4577 1172 4632 quo
1205 4561 1255 4616 in
1297 4561 1418 4616 loco
1447 4561 1686 4617 declarat
1722 4571 1942 4618 sanctus

2040 3329 2361 3385 constitutos
2402 3329 2618 3400 juvaret
2647 3347 2662 3385 :
2695 3338 2902 3385 tantum
2934 3330 3138 3398 abfuit,
3185 3340 3242 3386 nt
3285 3333 3391 3387 illis
3436 3349 3647 3391 morem

2039 3435 2272 3497 gereret,
2303 3433 2362 3480 ut
2391 3425 2551 3480 etiam
2595 3440 2702 3480 non
2734 3425 2850 3480 sine
2881 3425 3164 3481 stomacho
3194 3425 3543 3493 discederet,
3588 3443 3650 3485 se

2042 3519 2188 3574 nolle
2215 3518 2448 3588 amplius
2476 3534 2598 3574 esse
2629 3517 3001 3590 presbyterum
3049 3532 3320 3574 asserens.
3354 3519 3504 3576 Hanc
3552 3521 3652 3576 ila-

2041 3628 2147 3685 que
2174 3612 2401 3684 primam
2429 3613 2768 3668 occasionem
2801 3610 2877 3666 illi
2907 3612 3070 3666 fuisse
3096 3611 3423 3680 schismatis,
3454 3613 3650 3670 deinde

2042 3717 2098 3764 et
2124 3706 2394 3762 hmreseos
2414 3746 2429 3769 ,
2464 3706 2812 3761 admonuisse
2841 3704 3109 3771 sufﬁciat;
3140 3706 3234 3761 sed
3264 3715 3524 3778 quantum
3548 3723 3648 3779 ap-

2045 3810 2232 3872 paret,
2263 3810 2381 3872 post
2403 3801 2656 3870 scriptam
2683 3800 2822 3856 hanc
2843 3812 2895 3855 et
2917 3800 3120 3855 similes
3146 3801 3436 3870 Epistolas.
3472 3821 3490 3854 ι
3518 3802 3648 3860 Haec

2045 3895 2139 3951 Vir
2155 3896 2346 3950 doctus
2372 3912 2385 3948 :
2410 3895 2494 3949 cui
2523 3895 2750 3950 accessit
2768 3910 2984 3966 quoque
3005 3894 3306 3951 Jacksonus
3327 3898 3440 3969 (l6)
3459 3899 3648 3955 existi-

2044 4005 2202 4046 mans
2223 3988 2363 4044 hanc
2387 3989 2669 4060 epistolam
2689 3989 2970 4058 scripsisse
2988 3988 3343 4046 Novatianum
3366 3992 3467 4048 sub
3481 3993 3642 4050 linem

2045 4082 2171 4138 anni
2184 4097 2303 4148 εει,
2322 4096 2441 4136 cum
2459 4081 2794 4148 seceSsisset,
2813 4082 3242 4152 persecutionem
3258 4084 3544 4157 Decianam
3561 4089 3650 4146 de-

2044 4177 2284 4243 clinans;
2312 4191 2435 4246 qua:
2453 4190 2594 4229 anno
2616 4190 2807 4231 ccxux
2841 4185 3072 4231 exeunte
3097 4175 3283 4232 Romae
3309 4189 3524 4248 exorta,
3547 4181 3646 4238 de-

2046 4285 2191 4326 mtnn
2219 4268 2486 4324 deferbuit
2511 4267 2732 4325 ineunte
2770 4283 2912 4322 anno
2947 4284 3084 4324 ccu.
3108 4269 3165 4324 In
3187 4270 3347 4325 aliam
3369 4273 3648 4330 abiitsen-

2049 4366 2268 4420 tentiam
2297 4361 2675 4417 Tillemontius
2695 4359 2829 4433 (l7):
2855 4361 2954 4415 sub
2972 4361 3089 4430 ejus
3111 4362 3254 4418 enirn
3273 4365 3527 4435 Epistola:
3545 4369 3646 4424 ini-

2045 4458 2176 4514 tium
2203 4457 2512 4528 episcopum
2536 4465 2784 4525 agentem
2807 4453 3206 4510 schismaticum
3235 4455 3504 4514 hominem
3528 4475 3647 4528 per-

2045 4550 2290 4622 spexisse
2313 4549 2414 4604 sibi
2443 4547 2730 4619 persuasit.
2759 4545 2912 4615 Quod
2941 4557 3068 4602 ante
3097 4547 3274 4618 ipsum
3315 4549 3426 4619 jam
3458 4551 3648 4608 obser-

340 4660 550 4726 doctor,
603 4659 740 4714 duas
771 4672 800 4712 a
831 4671 891 4712 se
939 4635 1279 4727 praztermitti
1326 4654 1775 4724 qttrcstiuttculas,
1805 4670 1939 4726 qua-
1969 4635 2021 4694 υ
2048 4653 2273 4700 vaveral
2295 4640 2634 4712 DupilliuSila
2649 4639 2922 4696 disserens
2949 4640 3064 4714 (18)
3092 4660 3104 4694 :
3137 4661 3155 4694 ‹
3181 4641 3354 4698 Prima
3371 4643 3488 4713 ejus
3517 4644 3646 4717 (No-

340 4770 458 4810 rum
489 4754 659 4810 altera
692 4771 710 4804 ι
749 4750 817 4807 de
853 4749 1064 4805 Mundis
1094 4758 1147 4805 et
1177 4749 1469 4803 immundis
1519 4747 1841 4804 animalibus
1862 4791 1876 4813 ,
1917 4768 1936 4802 ›

340 4847 511 4904 altera
541 4865 560 4899 ε
593 4846 660 4901 de
679 4843 1137 4908 Circumcisione;
1165 4839 1332 4912 quod,
1365 4840 1570 4912 inquit,
1597 4841 1665 4896 ab
1686 4840 1945 4912 eloquen-

342 4942 568 4999 tissimis
596 4940 756 5005 viris,
790 4937 1126 4995 Tertulliano
1167 4943 1356 4991 nostro
1383 4935 1623 5001 scilicet,
1676 4943 1732 4992 et
1767 4934 1944 4992 Nova-

343 5037 510 5102 tiano,
538 5034 706 5090 latino
735 5047 987 5089 sermone
1015 5031 1126 5086 sint
1150 5031 1332 5086 editze.
1373 5050 1391 5082 ι
1425 5030 1491 5086 Et
1515 5030 1784 5101 posterius
1827 5030 1944 5100 qui-

343 5126 469 5182 dem
499 5124 780 5182 Novatiani
810 5139 945 5194 opus
977 5122 1288 5189 intercidit,
1333 5122 1483 5192 prius
1523 5136 1655 5178 vero
1701 5131 1951 5193 superest

450 5287 499 5358 l)
522 5289 727 5344 Pamel.
757 5288 808 5342 in
840 5285 967 5341 Not.
998 5285 1066 5358 ad
1088 5284 1320 5355 inscript.

445 5357 499 5426 2)
525 5361 808 5416 Novatian.
836 5373 953 5427 cap.
983 5357 1033 5413 9.

445 5430 500 5502 5)
534 5433 696 5500 Idem,
731 5446 850 5502 cap.
885 5430 972 5486 10.

447 5503 506 5574 4)
529 5503 696 5569 Idem,
742 5517 860 5574 cap.
897 5503 983 5574 ii.

446 5572 500 5640 5)
522 5576 689 5638 Idem,
720 5572 842 5643 cap.
877 5572 944 5629 i2
964 5607 989 5615 -
1017 5576 1104 5630 17.

446 5647 502 5714 6)
529 5647 677 5704 Idem
706 5661 734 5700 a
762 5661 882 5714 cap.
915 5648 983 5703 18
1017 5678 1037 5688 -
1061 5647 1152 5702 29.

449 5718 502 5787 7)
532 5718 703 5786 Idem,
731 5731 851 5787 cap.
891 5718 983 5773 50.

449 5790 504 5858 8)
531 5791 698 5854 Idem,
723 5805 840 5858 cap.
871 5790 970 5845 5i.

447 5857 504 5938 9)
535 5857 1022 5934 Hieronym.Epist.
1049 5861 1140 5927 56,
1156 5861 1224 5916 ad
1237 5858 1541 5929 Damasum,
1560 5859 1692 5918 alias
1709 5857 1830 5927 125,
1853 5859 1881 5934 ᾗ
1904 5858 1950 5914 1.

802 5958 1083 6022 ΡΑτιιοι..
1131 5954 1241 6018 III.

2049 4736 2286 4808 vatiani)
2314 4735 2475 4792 verba
2507 4734 2636 4790 mihi
2681 4733 2908 4790 suadent
2938 4734 3118 4804 potius
3147 4733 3314 4792 fuisse
3351 4738 3604 4809 scriptam
3627 4783 3642 4807 ,

2050 4843 2334 4906 postquam
2366 4828 2594 4900 partium
2641 4826 2751 4882 dux
2797 4827 2972 4882 factus
3010 4838 3094 4884 est
3124 4827 3260 4884 Galli
3300 4838 3354 4885 et
3375 4828 3650 4888 Volusiani

2052 4921 2441 4999 persecutionis
2471 4929 2734 4990 tempore.
2771 4938 2790 4971 ›

2151 5061 2237 5119 10)
2266 5060 2429 5116 Cave.
2461 5053 2659 5110 Histor.
2688 5055 2840 5110 litter.
2878 5055 2930 5110 in
2959 5057 3158 5113 saeculo
3188 5058 3468 5116 Novatian.

2151 5062 2214 5119 10
2266 5062 2429 5116 Cave.
2461 5062 2659 5110 Histor.
2688 5062 2840 5110 litter.
2878 5062 2930 5110 in
2959 5062 3158 5113 saeculo
3188 5062 3468 5116 Novatian.

2149 5062 2238 5208 11)
2264 5130 2460 5188 Oudin.
2484 5135 2796 5208 Acpjnment.
2829 5127 2892 5182 de
2917 5127 3175 5200 Scriptor.
3205 5129 3406 5187 Eccles.
3443 5143 3571 5190 tont.
3606 5137 3648 5202 Ι,

2053 5199 2191 5266 sect.
2219 5199 2302 5268 ιιι,
2333 5216 2455 5273 pag.
2483 5199 2610 5273 283.

2128 5277 2244 5351 (t2)
2278 5270 2471 5351 Dupin,
2496 5270 2851 5351 Bibliotliéque
2885 5271 2973 5326 des
2987 5282 3362 5341 autcurs,tom.
3384 5294 3422 5344 ι,
3450 5279 3647 5348 p.282,

2053 5342 2183 5408 edit.
2216 5342 2393 5404 latium
2418 5342 2776 5400 Coloniensis.

2128 5420 2242 5494 (15)
2270 5417 2472 5494 Ιζξιηιθι.
2504 5425 2618 5494 not.
2652 5416 2704 5480 5,
2736 5415 2806 5494 ad
2835 5412 3008 5494 βρίθει.
3033 5417 3106 5494 ‘de
3133 5417 3240 5472 Cib.
3272 5417 3400 5478 Jud.

2133 5484 2247 5566 (Μ’)
2284 5490 2477 5566 Norat.
2504 5485 2676 5566 Epist.
2711 5484 3062 5566 άειεξέιζιειιιᾴ.
3096 5504 3222 5566 cap.
3249 5506 3290 5566 t_.

2129 5555 2244 5638 (15)
2273 5560 2490 5638 ῼοιζιιθι.
2526 5559 2697 5638 Epist.
2725 5557 2792 5611 ad
2820 5555 2954 5638 Fab.
2986 5555 3225 5615 Antioch.
3258 5561 3363 5633 §5.

2134 5629 2246 5711 (Ni)
2271 5632 2529 5711 lackson.
2559 5629 2701 5711 L._c._
2723 5643 2843 5711 pag.

2131 5700 2244 5781 (17)
2271 5705 2580 5771 Tillemont,
2613 5700 2853 5756 Mémoir.
2885 5700 3042 5758 Tom.
3076 5719 3165 5771 tn,
3198 5716 3299 5762 art.
3347 5709 3398 5774 5,
3433 5725 3521 5764 sur
3553 5709 3665 5766 Νο-

2061 5784 2245 5840 vatien.

2143 5852 2258 5930 (18)
2290 5848 2486 5922 Dupin,
2521 5848 2621 5905 loc.
2652 5846 2745 5904 cit.
2781 5860 2902 5920 pag.
2932 5845 3058 5905 285.

3115 5941 3196 6006 28
