4000 6322
503 287 614 351 875
1745 294 1837 352 DE
1878 295 2038 354 VITA
2080 296 2174 356 ET
2208 297 2514 359 SCRIPTIS
3677 309 3763 370 876

572 408 636 465 Il.
663 406 906 481 Auaiysis
936 407 1092 482 hujus
1120 408 1411 464 Tractatum
1430 405 1600 478 littjns
1623 416 1883 467 tractatus
1907 425 2106 484 scopus
2132 416 2186 475 A
2210 414 2358 483 iicta,
2387 423 2448 471 ut
2476 416 2694 487 propria
2727 414 2979 483 ﬂeverit;
3022 429 3189 474 onera
3214 413 3438 476 fratrum
3456 412 3765 495 [sicutApo-

510 514 598 562 est
666 504 953 560 ostendere
1009 502 1260 559 animalia
1325 517 1445 573 qua:
1474 501 1561 558 lex
1614 502 1777 559 Mosis
1821 506 2110 562 comedere
2210 510 2380 564 stolns
2411 509 2693 576 hortatur,
2725 512 3071 579 sustinuerit;
3108 513 3348 570 lubricos
3387 516 3439 570 in
3469 515 3570 572 ilde
3596 518 3768 576 caelesti

512 600 827 671 prohibeat,
858 612 966 655 non
992 598 1237 655 absoluto
1266 611 1389 653 csso
1416 597 1712 653 immunda.
1743 599 1822 655 Ad
1852 599 1954 655 hoc
1986 615 2109 671 pre-
2212 602 2537 658 allocutione
2578 604 3037 661 correhoraverit.
3077 622 3098 658 ι
3134 606 3229 663 llis
3272 607 3506 678 denique
3529 609 3770 668 addendos

514 697 746 753 bandum
794 695 904 759 ait,
937 694 1190 749 arborum
1239 694 1441 748 [ructus
1471 694 1701 763 primum
1731 693 2005 750 hominum
2032 696 2108 750 ci-
2215 694 2272 750 S.
2303 694 2585 763 Pacianus,
2609 698 2696 766 qui
2719 697 2921 752 saeculo
2951 698 3269 770 insequente
3297 699 3497 755 ﬂoruit.
3528 718 3548 752 ι
3574 699 3674 757 Car
3696 702 3775 775 igi-

510 789 639 845 bum
667 788 864 853 fuisse;
894 795 1081 858 postea
1107 785 1177 841 de
1201 801 1366 842 carne
1402 786 1715 842 animalium
1759 802 1853 843 eos
1884 787 2113 843 mandu-
2213 797 2317 854 tur,
2349 789 2521 859 inquit
2540 832 2555 856 ,
2584 789 3037 861 Symprouianum
3052 792 3334 864 alloquens
3359 793 3465 869 (ὅ),
3486 794 3777 852 Nevatianus

509 895 701 946 casse;
727 878 942 936 venisse
986 878 1182 934 deinde
1209 879 1405 950 legem,
1448 894 1570 949 quae
1596 880 2000 937 distinctionem
2030 880 2111 937 fe-
2213 889 2369 946 tuus,
2404 897 2472 937 ne
2494 882 2631 937 falso
2664 883 2883 954 quidem
2929 884 3107 941 adhuc
3152 887 3468 958 episcopatu
3519 888 3777 959 sacerdos,

510 988 658 1030 cerat
684 976 823 1029 inter
849 974 1124 1041 animalia,
1152 989 1275 1042 quas
1305 973 1632 1029 manducare
1657 971 1740 1029 fas
1769 983 1888 1030 erat
1909 1013 1923 1037 ,
1948 982 2003 1029 et
2045 989 2110 1030 ea
2212 974 2371 1044 longe
2399 984 2524 1032 ante
2562 992 2720 1045 quam
2750 976 3035 1033 Cornelius
3072 978 3369 1050 Episcopus
3413 980 3601 1049 ﬁeret,
3628 992 3775 1037 ante)

510 1066 579 1122 de
603 1067 795 1135 quibus
821 1066 1107 1123 comedere
1137 1080 1244 1121 non
1277 1074 1551 1135 poterant.
1578 1066 1800 1137 Iunoque
1834 1066 2111 1122 immunda
2210 1083 2373 1146 quam
2417 1070 2722 1127 sacerdotio
2760 1071 2907 1126 illius
2949 1071 3249 1138 invideret,
3301 1072 3417 1130 haec
3456 1075 3664 1129 suasit?
3691 1074 3784 1146 (de

510 1161 835 1234 appellasse,
867 1175 975 1216 non
1002 1159 1145 1231 quod
1173 1175 1363 1216 revera
1398 1160 1525 1215 talia
1547 1169 1753 1227 essent,
1787 1176 1910 1216 cum
1943 1176 1970 1213 a
1999 1160 2112 1216 Deo
2213 1163 2378 1234 lapsis
2409 1166 2732 1236 recipiendis
2762 1165 2782 1237 )
2817 1185 2837 1220 ι
2874 1167 3041 1224 habes
3065 1166 3319 1241 Cypriani
3373 1170 3783 1225 testimonium...

508 1252 736 1310 fuissent
774 1264 987 1321 creata;
1020 1254 1113 1310 sed
1143 1254 1316 1324 primo
1343 1263 1401 1309 ut
1431 1254 1678 1311 homines
1712 1255 1986 1311 discerent
2030 1256 2114 1309 ῆι·
2213 1257 2348 1313 Nam
2375 1260 2606 1330 quedam
2639 1261 2693 1315 in
2740 1261 2863 1315 loco
2906 1262 3123 1331 scripsit
3152 1278 3166 1315 :
3195 1276 3437 1318 averru-
3476 1276 3576 1317 ls'r
3615 1277 3783 1331 ιτιιι,

510 1364 641 1421 gere
659 1348 948 1405 vitiahisce
967 1348 1525 1419 animalibnsiigurata
1543 1359 1596 1404 et
1613 1348 2109 1421 reprzesentatati),
2214 1368 2525 1409 nova-naue
2566 1369 2705 1409 TUNC
2743 1369 3056 1410 scmasurs.
3083 1374 3104 1406 ι
3152 1356 3221 1411 Et
3264 1366 3465 1412 cratera
3517 1371 3637 1427 qua:
3658 1356 3791 1412 modo

510 1450 566 1497 et
592 1441 905 1498 secundent
929 1441 1229 1497 remedium
1256 1442 1684 1511 intemperantia:
1710 1451 1926 1508 essent;
1958 1441 2113 1497 Chri‘
2212 1463 2278 1502 ex
2324 1446 2595 1517 Cypriane
2614 1448 2919 1503 retulimus.
2958 1446 3162 1504 Deinde
3186 1449 3410 1505 subdit:
3459 1465 3480 1501 s
3523 1449 3659 1517 Quid
3697 1450 3777 1514 ais,

507 1545 672 1599 stum,
709 1534 870 1590 linem
894 1543 950 1590 et
978 1534 1433 1604 complementum
1459 1534 1593 1605 legis
1613 1546 1733 1590 eam
1762 1534 2109 1605 explicuisse,
2214 1540 2612 1613 Symproniane
2658 1540 2874 1597 frater?
2919 1540 3252 1598 Nevatianus
3306 1541 3430 1598 haec
3472 1541 3712 1611 scripsit,
3748 1551 3793 1597 et

511 1639 566 1685 et
594 1628 901 1685 hominibus
932 1628 1231 1684 libertatem
1262 1627 1512 1684 omnibus
1560 1628 1814 1684 carnibus
1858 1626 2112 1683 vescendi
2215 1642 2274 1687 ut
2326 1634 2647 1704 obsequium
2705 1649 2870 1689 merae
2904 1633 3203 1691 voluntatis
3261 1634 3619 1707 adjnngeret,
3660 1634 3791 1689 etiam

510 1724 764 1793 dedisse,
814 1723 976 1781 modo
1013 1724 1153 1780 intra
1201 1723 1508 1780 sobrietatis
1553 1723 1863 1779 christianas
1912 1724 2113 1779 limites
2214 1726 2413 1797 scripta
2448 1725 2712 1781 recitavit.
2746 1725 2923 1782 Testis
2970 1736 3056 1783 est
3100 1727 3221 1796 ejus
3251 1726 3480 1793 dextra;
3514 1726 3681 1792 testis,
3700 1742 3791 1795 qua:

510 1817 838 1884 consistant;
868 1818 994 1874 hinc
1014 1830 1192 1895 autem
1215 1816 1788 1888 arripiteccasienem,
1815 1816 2110 1872 nonnullos
2137 1824 2187 1884 Β
2214 1821 2465 1890 scripsit,
2525 1834 2751 1889 manus;
2789 1821 2941 1877 testis
2996 1820 3208 1893 lingua,
3261 1836 3387 1892 qum
3439 1819 3593 1892 legit.
3636 1819 3793 1875 Adhuc

508 1910 847 1967 Christianos
889 1911 1314 1982 intemperanter
1356 1911 1598 1966 viventes
1651 1909 2108 1982 reprehendendi.
2216 1912 2532 1981 Cornelius,
2576 1928 2676 1983 pro
2723 1928 2832 1984 quo
2886 1913 3068 1969 omnis
3108 1915 3224 1969 haec
3268 1922 3451 1969 vestra
3482 1914 3658 1983 erupit
3683 1911 3792 1967 imi-

510 2007 780 2063 Observat
815 2006 919 2062 hoc
944 1998 1073 2062 esse
1095 2018 1316 2077 prorsus
1347 2005 1624 2077 indignum
1657 2004 1967 2059 hominibus
2019 2002 2112 2074 qui
2216 2006 2338 2072 dia,
2386 2007 2678 2078 episcopus
2724 2025 2831 2063 non
2884 2016 3023 2063 erat.
3051 2047 3065 2061 .
3089 2050 3102 2062 .
3124 2046 3139 2060 .
3162 2045 3176 2061 .
3232 2006 3291 2063 Si
3344 2007 3680 2078 paenitentia:
3717 2022 3793 2061 ae-

508 2102 602 2158 diu
633 2111 902 2173 noctuque
929 2117 1085 2157 orare
1118 2101 1338 2157 debent.
1376 2101 1615 2170 Denique
1639 2101 1707 2157 de
1730 2114 1959 2156 numero
1988 2114 2111 2155 car-
2218 2100 2426 2172 gandus
2475 2110 2563 2158 est
2618 2102 2832 2169 aditus,
2866 2101 3203 2158 Novatianns
3229 2104 3281 2157 in
3313 2103 3553 2159 crimine
3577 2111 3687 2169 est,
3721 2100 3791 2172 qui

510 2196 683 2262 nium,
712 2196 906 2266 quibus
932 2197 1078 2251 vesci
1112 2194 1194 2251 ias
1221 2204 1336 2261 est,
1362 2194 1519 2250 idolis
1539 2195 1867 2251 sacriﬁcans
1890 2194 2110 2265 excipit,
2222 2196 2338 2250 inec
2374 2195 2628 2265 scripsit,
2682 2196 2883 2261 suasit,
2933 2204 2989 2251 et
3021 2194 3172 2265 legit.
3230 2193 3334 2251 Ubi
3384 2203 3517 2250 tunc
3546 2193 3795 2265 impatiens

509 2291 702 2362 quibus
731 2289 893 2362 primi
917 2289 1209 2346 Christiani
1235 2290 1465 2347 sollicite
1494 2291 1869 2359 abstinebant,
1921 2292 2116 2362 hisque
2220 2286 2409 2358 rigor?
2436 2288 2524 2342 ubi
2558 2288 2709 2343 iero:
2733 2288 2824 2342 illa
2852 2288 3123 2343 censura?
3154 2287 3210 2343 Si
3253 2302 3417 2343 nemo
3446 2288 3604 2344 vobis
3626 2285 3793 2342 Cerne-

508 2386 693 2442 verbis
712 2425 728 2451 ,
757 2401 877 2458 quze
908 2387 1072 2440 totius
1099 2385 1217 2455 ejus
1243 2385 1510 2442 sermonis
1540 2394 1665 2441 sunt
1691 2386 2072 2456 compendium
2095 2428 2111 2452 ,
2221 2380 2351 2437 lium
2381 2381 2735 2452 przctuiisset,
2753 2391 2999 2436 maneret
3024 2380 3116 2435 illa
3143 2381 3436 2436 scribentis
3458 2379 3750 2436 auctoritas.
3770 2395 3788 2432 ι

506 2478 775 2534 absolvit:
816 2497 836 2531 ε
868 2478 1033 2551 igitur
1080 2479 1328 2535 carnium
1384 2489 1575 2534 natura
1631 2476 1926 2548 explicata,
1981 2478 2119 2547 legis
2225 2477 2497 2533 Hactenus
2527 2486 2748 2530 sanctus
2780 2476 2875 2530 ille
2903 2474 3125 2546 praesul.

509 2571 676 2628 Musis
701 2587 924 2643 scopum
952 2572 1192 2637 exhibet,
1221 2584 1277 2629 et
1305 2571 1545 2628 ostendit
1581 2586 1701 2642 quae
1726 2571 1795 2625 sit
1835 2569 2117 2641 Evangelii
2294 2572 2371 2627 Ex
2402 2571 2600 2641 quibus
2649 2571 2900 2642 equidem
2946 2571 3181 2627 arbitrer
3230 2570 3365 2626 satis
3418 2584 3545 2628 esse
3585 2584 3794 2640 comper-

507 2665 748 2733 lihertas,
777 2666 942 2723 modo
969 2676 1148 2723 tamen
1169 2667 1541 2737 temperantiae
1562 2666 1896 2730 stndeamns,
1915 2673 1970 2719 et
1994 2678 2117 2718 car-
2223 2676 2335 2719 tum
2357 2706 2372 2730 ,
2407 2664 2784 2719 incunctanter
2826 2663 3127 2719 Novatiano
3155 2663 3295 2719 hanc
3322 2678 3451 2720 esse
3492 2661 3792 2719 tribuendam

512 2763 675 2819 nibus
702 2763 862 2818 idolis
895 2761 1212 2819 sacriﬁcans
1236 2760 1640 2826 abstineamus;
1672 2761 1873 2832 gratias
1896 2772 2119 2830 agamus
2224 2759 2553 2830 Epistulam.
2586 2759 2798 2829 Scripta
2820 2758 2921 2814 fuit
2942 2768 3122 2814 autem
3152 2768 3411 2816 currente
3437 2776 3583 2816 anno
3607 2757 3793 2826 ccs,vel

507 2857 740 2914 Domino
773 2866 961 2915 nostro
990 2858 1117 2914 Jesu
1148 2859 1385 2923 Christo,
1417 2859 1534 2928 ejus
1565 2856 1723 2924 Filio,
1775 2856 1862 2912 cui
1903 2855 2114 2923 honos,
2222 2855 2364 2911 forte
2398 2856 2617 2911 ineunte
2663 2870 2802 2910 ceu.
2857 2854 2949 2911 Sic
2995 2856 3141 2911 enim
3196 2852 3401 2911 Auctor
3458 2853 3540 2928 (ti)
3572 2873 3586 2910 :
3626 2854 3792 2922 Quam-

513 2953 628 3009 laus
648 2996 661 3022 ,
691 2962 747 3010 et
770 2954 942 3026 gloria
972 2954 1026 3010 in
1056 2955 1237 3010 omnia
1276 2953 1493 3009 sarcula.
1526 2948 1720 3008 Amen.
1760 2969 1780 3003 ι
2221 2960 2380 3019 quam
2410 2950 2565 3004 nobis
2595 2947 2894 3005 diil’erenda
2927 2947 3090 3018 hujus
3120 2948 3197 3003 rei
3223 2949 3528 3003 necessitas
3547 2946 3708 3016 major
3727 2945 3790 3000 im

2221 3042 2472 3108 eumbat,
2503 3042 2732 3112 quibus,
2767 3049 2890 3113 post
2917 3055 3200 3097 excessum
3226 3040 3584 3097 nobilissima
3615 3051 3788 3095 memo-

2221 3138 2317 3192 ria:
2343 3138 2446 3193 viri
2478 3137 2731 3199 Fabiani,
2759 3138 2997 3193 nondum
3022 3146 3108 3194 est
3146 3138 3441 3208 episcopus
3478 3145 3688 3208 propter
3721 3147 3789 3189 re-

507 3222 587 3281 De
628 3222 905 3280 Novatiaui
959 3223 1196 3294 Epistola
1223 3223 1361 3280 Cleri
1408 3223 1631 3279 Romani
1671 3225 1876 3279 nomine
1925 3222 1987 3278 S.
2015 3221 2115 3293 Cy-

2225 3246 2344 3286 rum
2370 3242 2428 3286 et
2467 3239 2770 3301 temporum
2804 3230 3151 3287 difﬁcultates
3197 3231 3550 3286 constitutus.
3579 3245 3599 3283 ι
3628 3229 3691 3284 At
3712 3224 3791 3281 Fa-

1088 3322 1269 3392 priano
1293 3320 1558 3392 inscripta.
2222 3324 2415 3380 bianus
2443 3323 2703 3397 martyrio
2727 3324 2973 3380 sublatus
2993 3332 3237 3379 estanne
3257 3337 3378 3385 ccc.
3406 3324 3496 3379 i5.
3520 3320 3634 3377 Kal.
3660 3317 3788 3374 Febr.

2224 3416 2382 3486 eique
2410 3418 2671 3472 successit
2696 3416 2983 3472 Cornelius
3037 3417 3262 3471 ineunte
3290 3415 3456 3472 Junio
3498 3408 3789 3485 insequentis

2226 3514 2352 3566 anni
2383 3527 2533 3579 ceu,
2570 3513 2647 3568 uti
2700 3527 2800 3568 suo
2848 3512 2968 3567 loco
3014 3510 3433 3581 annotavimus,
3487 3510 3609 3567 licet
3663 3504 3791 3580 paulo

2227 3605 2385 3661 aliter
2408 3598 2760 3661 Constantius
2787 3602 2891 3677 (7).

1103 3104 1393 3147 ABTICULUS
1432 3105 1509 3145 Ill.

589 3457 887 3519 LAlteram
914 3476 1125 3533 quoque
1155 3461 1471 3531 Epistulam,
1497 3475 1616 3532 qua)
1645 3456 1970 3530 przecedenti
1992 3455 2120 3512 sub-

520 3557 721 3629 jicitur,
769 3556 912 3612 Cleri
956 3554 1184 3609 Boinani
1236 3555 1455 3608 nomine
1496 3560 1685 3608 sancte
1715 3550 1985 3623 Cypriane
2030 3548 2118 3603 in—

516 3655 772 3722 scriptam
793 3651 1089 3707 Novatiane
1117 3648 1349 3705 vindicat
1380 3651 1608 3720 ipsemet
1629 3648 1946 3721 Cyprianus.
1973 3644 2121 3701 Scri-

518 3746 655 3803 bens
679 3747 822 3801 enim
849 3743 917 3800 ad
947 3743 1311 3800 Antonianum
1345 3740 1446 3814 (2),
1481 3742 1658 3796 locum
1682 3741 1873 3796 recitat
1917 3754 1984 3795 ex
2026 3754 2119 3792 cn.
2710 3784 2713 3801 ι
2830 3734 3127 3801 ARTICULUS
3164 3736 3237 3776 tv.

522 3839 645 3895 dem
674 3839 914 3909 Epistola
947 3845 1217 3908 sumptum
1254 3835 1331 3910 (5)
1363 3836 1651 3906 statimque
1699 3833 1883 3888 subdit
1904 3840 2122 3887 sanctus

2555 3815 2629 3871 De
2670 3814 2906 3884 oneribus
2937 3815 3216 3870 Novatiaui
3246 3815 3544 3885 deperditis.

517 3907 755 4005 Martyr—z
797 3951 815 3983 ι
851 3907 1107 3986 Additum
1139 3939 1223 3985 est
1252 3907 1445 3994 etiam,
1487 3927 1786 3984 Novatiane
1818 3938 1944 3981 tunc
1989 3923 2122 3981 scri-

2304 3910 2448 3965 lnter
2485 3922 2649 3980 Opera
2676 3907 2958 3964 Novatiani
2978 3908 3257 3979 deperdita
3285 3916 3632 3964 numeramus
3651 3907 3790 3975 primo

520 4025 681 4081 bente
699 4066 712 4090 ,
737 4033 792 4080 et
820 4023 961 4096 quod
982 4022 1294 4094 scripserat,
1322 4038 1415 4077 sna
1438 4037 1569 4076 voce
1592 4021 1874 4086 recitante,
1898 4028 1953 4074 et
1976 4033 2122 4089 pres—

2230 4018 2323 4059 eos
2351 4016 2539 4057 omnes
2570 4008 2830 4057 tractatus
2852 4044 2865 4068 ,
2900 4015 3035 4071 quos
3069 4000 3126 4057 S.
3177 4000 3540 4073 Hieronymus
3585 3997 3677 4053 hoc
3715 4008 3785 4049 or-

518 4118 712 4190 bytcre
741 4117 887 4173 Mose
915 4126 1041 4173 tunc
1084 4116 1259 4172 adhuc
1303 4114 1635 4181 cnnfessore,
1667 4130 1809 4169 nunc
1833 4113 1944 4185 jam
1984 4129 2122 4168 mar-

2231 4096 2355 4150 dine
2385 4094 2660 4150 recensuit
2691 4094 2772 4165 (8)
2806 4113 2819 4149 :
2851 4094 3116 4150 Nimirum
3147 4094 3211 4150 de
3240 4091 3538 4159 Paschate,
3588 4093 3646 4147 de
3687 4086 3789 4146 Sab-

524 4219 676 4282 tyre,
709 4207 1100 4275 subscribente,
1134 4218 1192 4264 nt
1212 4207 1378 4278 lapsis
1400 4206 1647 4275 inﬁrmis,
1671 4217 1725 4262 et
1751 4207 1803 4261 in
1828 4206 1973 4262 exitu
1996 4221 2122 4261 con-

2232 4188 2349 4243 bato
2370 4230 2384 4253 ,
2428 4188 2491 4242 de
2519 4186 2919 4243 Circumcisioue
2939 4228 2954 4254 ,
2985 4188 3048 4241 de
3095 4184 3379 4244 Sacerdote
3428 4187 3447 4259 (
3469 4185 3607 4244 forte
3633 4184 3690 4240 de
3710 4182 3785 4238 Sa-

524 4271 726 4357 stitutis
751 4317 855 4372 pax
888 4271 1110 4357 daretur
1137 4319 1150 4355 :
1175 4271 1295 4372 quae
1318 4299 1513 4357 littera:
1540 4271 1642 4371 per
1666 4308 1837 4356 totum
1866 4297 2122 4356 mundum

2232 4282 2475 4338 cerdotie
2505 4280 2715 4336 Veteris
2767 4279 3144 4353 Tcstamenti)
3196 4281 3261 4336 de
3307 4279 3587 4349 Oratione,
3640 4278 3693 4331 de
3716 4271 3786 4328 ln-

527 4394 707 4449 missae
735 4404 880 4449 sunt.
920 4413 939 4445 ›
2232 4377 2454 4441 stantia,
2496 4375 2562 4430 de
2609 4376 2803 4431 Attalo.
2866 4372 3259 4434 Circumfertur
3304 4376 3526 4448 quidem
3577 4376 3784 4429 tractatus

601 4487 771 4543 Ροηιο
797 4503 918 4557 ηυδε
944 4484 1063 4542 ιιρίρ
1088 4484 1407 4559 Cyprianus,
1440 4486 1628 4543 eadem
1657 4485 1977 4543 conﬁrmare
2006 4502 2128 4558 per-
2233 4471 2450 4542 quidam
2468 4470 2530 4524 de
2545 4468 2943 4525 Circumcisione
2960 4470 3100 4525 inter
3117 4485 3279 4540 opera
3294 4469 3403 4525 divi
3429 4457 3782 4539 Hiereuymi(9)

532 4578 750 4635 hibetur
792 4594 1094 4651 anenymus
1143 4591 1328 4635 auctor
1380 4578 1675 4634 Novatiano
1736 4594 1991 4647 eomvns,
2038 4580 2130 4651 qui
2159 4638 2205 4651 ,λ
2235 4580 2393 4636 quem
2445 4564 2534 4618 alii
2568 4560 2865 4620 Νυνηῑίθηο
2912 4562 3355 4634 adscripserunt;
3411 4560 3511 4619 58d
3555 4561 3620 4616 οδ
3662 4570 3780 4611 πιεη·

529 4672 743 4743 quidem
771 4670 839 4728 de
868 4638 1121 4728 eovverbn
1170 4672 1373 4729 faciens
1398 4669 1517 4745 (4);
1567 4693 1585 4725 ι
1619 4671 1775 4729 unde
1826 4638 2007 4745 igitur;
2049 4638 2132 4727 ξπ-
2159 4638 2211 4698 Ῐ)
2239 4661 2438 4715 tionem
2470 4662 2814 4727 Arianorum,
2857 4670 2911 4716 et
2936 4659 3379 4727 Manichreorum,
3415 4660 3506 4714 vix
3536 4651 3781 4745 Horatia-n0

533 4767 677 4837 quit,
726 4776 834 4822 tam
881 4765 1166 4823 discordia:
1215 4766 1396 4823 furore
1433 4783 1668 4823 vesanus
1717 4766 1988 4823 exstiterit
2028 4768 2122 4824 iste

2236 4750 2352 4810 dari
2381 4763 2584 4826 potest,
2618 4756 2920 4825 meritoque
2949 4754 3111 4825 igitur
3148 4754 3289 4808 inter
3334 4752 3636 4823 deperditas
3675 4743 3781 4800 illius

530 4854 879 4925 Novatianus,
929 4860 1172 4916 invenire
1221 4875 1327 4915 ῃοη
1379 4875 1640 4930 possum;
1684 4860 1773 4931 qui
1824 4874 2039 4931 semper
2078 4860 2134 4916 in
2238 4846 2645 4903 lucubrationes
2695 4847 2997 4919 Epismlam
3045 4847 3110 4903 de
3139 4844 3547 4902 Circumcislane
3574 4848 3779 4899 numera-

535 4953 698 5010 domo
728 4970 854 5022 una,
886 4953 937 5010 id
961 4965 1080 5020 est,
1114 4953 1311 5011 Christi
1343 4954 1606 5025 Ecclesia,
1640 4957 2008 5025 proximorum
2040 4954 2122 5012 de

2236 4954 2377 4996 mus.
2407 4941 2633 5009 Quidam
2663 4939 2963 5011 Epistoiam
3015 4939 3075 4998 S.
3122 4939 3407 5012 Augustini
3462 4938 3525 4995 de
3572 4931 3780 4992 Passim

2235 5035 2425 5091 ordine
2465 5050 2530 5090 Lv
2564 5036 2715 5106 juxta
2748 5034 3131 5114 Benedictinos
3173 5043 3485 5093 statuerunt
3529 5025 3775 5091 habendam

614 5113 693 5186 (l)
717 5114 965 5183 Exempli
994 5114 1184 5185 gratia,
1209 5115 1283 5168 ait
1311 5131 1325 5171 :
1354 5114 1670 5186 Prwceptum
1717 5117 1780 5172 de
1819 5133 1921 5172 non
1968 5134 2132 5172 come-

540 5181 707 5267 denda
736 5181 1031 5267 porceideo
1063 5196 1260 5240 tantum
1300 5187 1474 5267 datum
1516 5181 1642 5251 esse,
1696 5200 1751 5243 ut
1781 5189 2092 5267 disceremus
2113 5231 2129 5257 ,
2236 5263 2277 5267 _
2311 5190 2390 5265 (5)
2417 5192 2660 5259 Pacian.,
2688 5192 2863 5267 Epist.
2897 5211 2988 5267 ut,
3041 5196 3111 5248 ad
3154 5194 3527 5267 Sympronian.
3551 5188 3671 5247 Bibl.
3693 5181 3769 5239 ΡΡ·

539 5258 695 5335 uitam
721 5259 978 5335 carnalem
1005 5275 1106 5335 non
1128 5275 1236 5335 esse
1253 5260 1538 5335 agendam;
1564 5274 1679 5313 cum
1703 5261 1943 5316 nmstelas
1970 5278 2132 5335 corue-
2235 5258 2389 5319 Tom.
2421 5281 2498 5325 lii,
2537 5258 2654 5335 pag.
2683 5258 2774 5325 59.
2803 5266 2932 5320 edit.
2964 5266 3135 5321 Paris.
3170 5258 3333 5322 iii“.

539 5330 658 5412 dere
679 5329 1151 5412 pro/tibeumr..hoc
1192 5324 1525 5412 signi/icore,
1576 5335 1770 5402 furtum
1816 5349 1922 5388 esse
1953 5332 2134 5404 pra/tio
2238 5407 2251 5412 _
2313 5335 2388 5412 (ti)
2416 5324 2697 5412 Novatian.
2732 5324 2899 5409 Epist.
2928 5340 2996 5392 ad
3014 5339 3074 5395 S.
3100 5337 3351 5410 Cyprius.
3384 5339 3413 5412 §
3437 5341 3473 5395 4
3492 5374 3507 5403 ,
3535 5330 3657 5407 apud
3677 5324 3767 5385 Gil“

543 5399 701 5477 (ritum
718 5416 749 5477 λ
774 5403 937 5477 corvis
963 5399 1663 5477 catapultasdesignarietc.
1848 5476 1853 5477 ί
1953 5399 1963 5404 ⁷
2086 5476 2095 5477 7
2238 5399 2383 5461 land.
2416 5424 2533 5477 pag.
2561 5408 2686 5463 522.

536 5471 689 5599 am(I20)
1010 5472 1179 5544 Epist.
1210 5488 1299 5541 Lit,
1342 5470 1465 5546 p'ag.
1493 5474 1616 5541 164,
1650 5477 1782 5532 edit.
1816 5476 2035 5533 Venetis
2067 5476 2134 5532 de
2244 5550 2272 5621 ἓ
2304 5477 2389 5604 i(7)
2414 5470 2660 5536 Calland.
2686 5481 2824 5537 Bibl.
2850 5482 2955 5537 PP.
2983 5482 3138 5538 Tom.
3164 5498 3242 5537 ιιι.
3279 5481 3577 5553 Prelegom.
3598 5482 3765 5546 cap".

609 5616 688 5697 (τᾷ)
717 5614 997 5697 ἧονέιῙθιι.
1032 5614 1204 5683 Epist.
1229 5616 1571 5697 ad_§g_jprian.
1603 5617 1631 5690 §
1660 5617 1693 5674 6
1714 5662 1727 5688 ,
1761 5629 1873 5674 not.
1909 5621 1959 5687 i,
1992 5620 2133 5691 apud
2247 5614 2270 5621 ν
2315 5621 2396 5697 (8)
2429 5623 2741 5697 liieroiiym.
2773 5625 2837 5679 de
2878 5623 2984 5697 Vir.
3006 5625 3209 5681 Illustr.
3243 5640 3365 5697 cap.
3398 5627 3481 5682 70.

609 5622 688 5683 (5)
718 5622 997 5707 Novatian.
1032 5622 1204 5683 Epist.
1229 5622 1297 5671 ad
1326 5622 1571 5689 Cyprium.
1603 5622 1631 5690 §
1660 5622 1693 5674 6
1714 5662 1727 5688 ,
1761 5629 1873 5674 not.
1909 5622 1959 5687 l,
1992 5622 2133 5691 apud
2315 5622 2396 5766 (8)
2429 5623 2741 5705 Hieronym.
2773 5625 2837 5679 de
2878 5623 2984 5679 Vir.
3006 5625 3209 5681 Itlustr.
3243 5640 3365 5697 cap.
3398 5627 3481 5682 70.
3592 5692 3601 5703 .

534 5686 784 5770 Ca]!=§||¢_i-
818 5686 971 5741 Τυηι·
1005 5702 1094 5770 lg.
1124 5704 1239 5758 βεδε.
1287 5689 1421 5770 δᾷδα,
1526 5763 1537 5770 _
1620 5761 1641 5770 _
1685 5764 1740 5770 __
1948 5762 1960 5770 α
2026 5762 2056 5770 _
2101 5764 2111 5770 _
2265 5766 2275 5770 _
2313 5696 2368 5767 (9
2421 5695 2558 5765 Opp.
2591 5696 2910 5767 Hieronym.
2942 5696 3172 5770 'l_‘em.v,
3199 5712 3329 5770 pag.
3364 5698 3484 5770 150,
3526 5683 3762 5770 omnia?

608 5756 690 5840 (ιξ)
707 5761 989 5840 énonym.
1022 5751 1258 5840 nassa,
1303 5762 1365 5815 de
1403 5761 1584 5833 lapsis.
1617 5761 1645 5833 §
1678 5764 1763 5833 15,
1821 5762 1961 5836 apud
2016 5762 2135 5820 Gal-
2242 5751 2617 5840 tianfettom.
2655 5783 2749 5836 ιι,
2780 5751 2915 5840 part.
2952 5751 3171 5839 2,6an
3193 5751 3757 5827 Ῠόῖιθιξὸεἰιιιιοίπίι

534 5829 678 5887 land.
707 5829 862 5887 Tom.
896 5846 971 5885 ιιι.
1011 5845 1129 5901 pag.
1159 5830 1285 5886 574.
1458 5829 1466 5833 “
1621 5829 1641 5833 '
1751 5829 1757 5833 '
1858 5829 1870 5836 ·

2239 5851 2360 5909 pag.
2389 5836 2496 5895 220
2520 5847 2576 5895 et
2600 5829 2754 5911 seqq'.
