4000 6322
273 320 382 381 877

1736 310 2135 371 NOVATIANI.

3470 317 3578 375 878

273 460 395 503 esse
418 444 770 517 proTractatu
789 430 1076 494 Novatiani
1093 434 1161 493 de
1177 434 1442 491 Paschate
1462 433 1566 507 (l).
1594 432 1878 503 Inscriptio
1904 435 1952 495 A
1982 432 2283 488 illustratus
2319 445 2417 503 per
2457 428 2769 487 Eduardum
2796 428 3139 487 Welchman.
3191 431 3430 506 Denique
3458 453 3577 493 rur-

274 533 667 595 iucubratinnis
724 531 1007 588 Novatiani
1037 531 1105 585 de
1154 528 1413 584 lnstantia
1464 527 1674 583 videtur
1724 527 1878 582 nobis

274 631 571 688 admodum
623 626 888 690 obscura;
944 624 1166 681 Graccus
1219 622 1489 692 interpres
1539 620 1738 684 reddit,
1770 624 1880 690 περὶ

273 734 532 784 διαγόντων
563 741 577 778 :
606 723 745 778 forte
795 720 930 792 legis
975 718 1043 775 de
1114 716 1459 773 Instantibus.
1531 713 1640 769 Nos
1707 714 1877 769 inter-

273 830 550 893 pretamur
562 819 629 875 de
646 817 897 874 instantia
913 830 1008 871 seu
1024 812 1419 885 perseverantia
1437 812 1489 867 in
1507 810 1752 866 oratione
1772 806 1877 882 (3).

346 917 548 972 Omnes
597 924 811 985 qunque
869 910 1150 966 Novationi
1213 909 1457 973 lltteras,
1529 910 1683 977 quas,
1737 902 1880 959 iacto

274 1010 589 1076 schismate,
621 1006 689 1063 ad
718 1006 965 1063 diversas
996 1004 1237 1060 exaravit
1270 1002 1566 1065 Ecclesiae,
1595 999 1730 1055 edax
1786 1012 1880 1053 ro-

276 1120 398 1161 rum
446 1112 657 1172 tempus
698 1100 1019 1170 absumpsit.
1056 1097 1299 1154 Meminit
1324 1096 1382 1153 S.
1414 1094 1711 1167 Cyprianus
1754 1104 1878 1163 per-

277 1212 422 1270 saepe
444 1210 629 1253 eorum
670 1190 1074 1266 Epistolarum,
1123 1205 1258 1263 quas
1308 1188 1674 1254 Novatianus,
1730 1194 1880 1258 post-

278 1305 436 1362 quam
463 1288 793 1345 Cathedram
823 1285 1119 1342 Romanam
1145 1282 1461 1355 occupavit,
1493 1281 1561 1337 ad
1591 1281 1727 1336 alios
1761 1279 1880 1351 epi-

277 1398 473 1455 scopos
494 1382 827 1456 perscripsit.
844 1379 1076 1438 Sanctus
1095 1379 1257 1436 etiam
1276 1378 1638 1451 Hieronymus
1667 1389 1882 1432 earum-

278 1478 401 1535 dem
431 1479 762 1534 mentionem
795 1477 922 1531 iacit
946 1475 1032 1530 bis
1060 1474 1240 1529 verbis
1267 1487 1282 1529 ι
1320 1473 1593 1543 Simulque
1618 1469 1885 1541 Epistolas

281 1571 561 1629 Novatiani
588 1614 604 1639 ,
642 1580 697 1626 ut
725 1570 848 1624 dum
898 1568 1230 1625 Schisntatiei
1276 1567 1499 1621 hominis
1546 1580 1739 1620 venena
1794 1578 1883 1617 co-

279 1665 590 1739 gnoscimus,
624 1663 861 1719 libentius
891 1663 1055 1717 sancti
1086 1660 1335 1733 Martyris
1360 1657 1610 1733 Cypriani
1647 1658 1880 1712 bibamus

281 1763 566 1817 antidotum
596 1757 698 1832 (ὃ).
749 1757 905 1815 Unde
955 1756 1289 1827 colligimus,
1350 1753 1496 1826 quod
1544 1752 1631 1808 hae
1685 1751 1881 1807 littera:

280 1851 598 1925 Hieronymi
620 1859 779 1907 aetate
806 1849 987 1905 adhuc
1015 1849 1345 1905 exstiterint.

355 1950 433 2006 De
471 1949 619 2022 ston
643 1948 926 2004 Novatiani
974 1948 1090 2001 haec
1124 1951 1277 2000 notat
1326 1942 1412 1999 Cl.
1459 1941 1725 2012 Dupinius
1756 1938 1836 2011 (4)
1870 1956 1884 1993 :

291 2062 310 2099 s
333 2042 432 2101 llic
451 2044 653 2101 Auctor
682 2042 918 2114 ingenio,
941 2040 1269 2112 eloquentia,
1285 2046 1340 2094 et
1367 2037 1595 2093 scientia
1627 2034 1885 2105 pollebat.

286 2138 417 2209 Ejus
447 2138 619 2202 stylus
639 2142 722 2193 est
746 2142 936 2203 purus,
965 2134 1187 2200 nitidus,
1232 2143 1287 2188 et
1315 2130 1618 2202 expolitus;
1662 2129 1889 2199 phrases

286 2233 473 2290 electa:
494 2273 508 2296 ,
534 2230 889 2303 cogitationes
912 2226 1186 2283 naturales
1210 2267 1226 2293 ,
1278 2232 1333 2281 et
1375 2223 1656 2279 ratiocinia
1690 2220 1885 2276 solida.

288 2322 451 2382 Multa
480 2324 642 2380 habet
657 2322 954 2393 Scriptum
981 2321 1097 2377 loca
1130 2318 1377 2389 apposite
1397 2317 1559 2371 citata
1592 2333 1605 2370 :
1638 2314 1805 2369 immo
1834 2312 1889 2368 in

286 2416 647 2483 Tractatlbns,
679 2415 770 2487 qui
801 2426 945 2469 nunc
973 2416 1209 2478 exStant,
1239 2409 1375 2465 ordo
1402 2413 1457 2463 et
1482 2406 1771 2462 methodus
1796 2421 1893 2476 op—

290 2512 419 2568 tima
450 2509 802 2576 observatur,
832 2516 1155 2577 semperque
1183 2503 1391 2575 placide
1416 2511 1471 2558 et
1502 2502 1778 2557 moderate
1807 2500 1892 2555 lo-

289 2608 495 2680 quitur.
534 2620 555 2660 ι
583 2602 756 2675 Hujus
784 2601 912 2658 crisi
963 2610 1194 2669 utroque
1224 2596 1419 2668 pollice
1444 2590 1736 2651 subscribit
1768 2606 1891 2665 per-

289 2698 485 2755 doctus
536 2696 761 2754 Ceillier
808 2692 917 2767 (5).
952 2691 1193 2749 Libellus
1241 2689 1306 2745 de
1362 2686 1715 2761 Negntoribus
1762 2686 1894 2741 reci-

292 2790 529 2864 piendis,
564 2790 656 2861 qui
686 2804 716 2845 a
745 2787 978 2844 Paciano
1004 2783 1085 2859 (6)
1110 2782 1440 2839 adscribitur
1472 2788 1688 2847 nostro,
1718 2786 1896 2851 potest

291 2900 415 2943 esse
442 2898 631 2939 xxxvi.
658 2881 899 2954 Epistola
928 2880 1073 2936 inter
1099 2875 1471 2950 Cyprianicas,
1497 2874 1641 2930 Cleri
1667 2868 1897 2929 Romani

293 2980 514 3037 nomine
534 2977 731 3049 scripta
757 2976 907 3048 juxta
937 2973 1303 3032 Oxo‘uiensem
1333 2971 1649 3031 editionem.

900 3105 1197 3147 ARTICULUS
1225 3107 1281 3145 γ.

679 3228 945 3285 Editiones
968 3241 1180 3298 operum
1209 3223 1509 3281 Novatiani.

370 3392 453 3449 Ex
483 3392 548 3448 iis
576 3397 755 3447 autem
785 3386 1039 3459 operibus
1059 3427 1073 3452 ,
1105 3400 1224 3456 quae
1257 3382 1362 3439 huc
1393 3395 1565 3453 usque
1590 3372 1894 3435 Novatiano

297 3486 662 3551 asseruimus,
724 3481 917 3537 librum
973 3479 1036 3533 de
1088 3475 1339 3532 Trinitate
1386 3490 1508 3530 cum
1567 3472 1806 3544 Epistola
1836 3471 1900 3526 de

298 3581 436 3638 Cibis
462 3574 698 3634 Judaicis
726 3576 931 3648 primus
953 3588 1020 3629 ex
1046 3569 1396 3641 antiquisimo
1420 3566 1608 3623 codice
1636 3558 1690 3620 in
1720 3564 1899 3620 lucem

300 3676 512 3743 extulit,
537 3672 780 3740 Parisiis,
798 3665 1367 3733 annoiii-iSJoannes
1388 3660 1678 3733 Gagnaetts.
1699 3657 1902 3715 Deinde

300 3769 370 3826 ad
401 3768 528 3825 Mss.
557 3766 924 3823 Britannicum
946 3762 1001 3818 in
1030 3760 1363 3817 Masbureusi
1393 3752 1658 3813 C(BIIODIO
1710 3768 1898 3825 reper-

304 3873 418 3922 tum
449 3863 628 3935 exegit
643 3860 920 3925 Gelenius,
942 3853 1285 3926 vulgavitque
1303 3850 1527 3908 Basilem
1556 3864 1700 3904 anno
1737 3845 1896 3915 1550,

304 3958 607 4028 iterumque
658 3953 818 4010 1562.
855 3949 1126 4005 Pamelius
1171 3955 1437 4019 praeterea
1470 3942 1653 3998 multis
1685 3940 1737 3996 in
1768 3940 1903 3995 locis

305 4049 619 4127 recognovit
645 4048 712 4104 ad
739 4045 1019 4118 Anglicum
1048 4056 1181 4098 mss.
1224 4039 1502 4110 exemplar
1544 4036 1645 4092 Du.
1678 4033 1904 4091 Joannis

304 4149 633 4214 Clementis,
681 4152 737 4201 et
764 4138 1087 4216 quibusdam
1128 4153 1194 4194 ex
1234 4133 1563 4207 conjecturis
1585 4131 1759 4188 Latini
1786 4129 1904 4186 La-

307 4244 459 4312 tinii,
486 4251 646 4312 atque
672 4236 930 4309 operibus
960 4231 1280 4290 Tertulliani
1306 4228 1557 4296 attexuit,
1591 4226 1753 4281 Duaci
1788 4223 1903 4296 pri-

306 4351 458 4396 mum
486 4333 646 4391 editis
672 4345 815 4387 anno
842 4328 1004 4393 1579,
1040 4326 1349 4396 εωρίιιείιιιθ
1386 4320 1643 4391 deinceps
1671 4316 1901 4374 recusis.

307 4433 468 4489 Anno
523 4428 741 4485 demum
800 4424 1119 4493 insequente
1172 4418 1344 4486 1580,
1412 4413 1719 4479 recensuit,
1784 4408 1903 4465 edi-

307 4526 495 4597 ditque
539 4519 765 4579 Parisiis
810 4517 1052 4573 Renatus
1108 4510 1435 4569 Laurentius
1487 4508 1553 4563 de
1609 4507 1657 4561 la
1712 4504 1899 4559 Barre.

1981 542 2074 581 sus
2121 524 2349 581 Londini
2406 540 2550 580 anno
2600 525 2773 589 1728,
2830 524 3023 580 Studio
3070 525 3292 583 Joannis
3317 527 3576 601 Jackson,

1985 618 2240 673 Ecclesia:
2280 618 2590 689 Anglicanas
2630 618 2940 691 Presbyteri
2980 620 3149 676 iit-8°.
3196 622 3371 692 Atque
3418 622 3581 680 Whi-

1983 720 2172 766 stonus
2199 712 2418 782 quidem
2447 727 2611 767 unum
2638 710 2833 767 libruut
2885 712 2949 767 de
2996 711 3245 769 Trinitate
3288 715 3580 773 lectoribus

1982 804 2219 861 exhibet.
2253 804 2643 862 Weichmanus
2692 821 2820 862 vero
2858 806 2991 862 duas
3015 818 3276 877 prattcrea
3308 809 3581 879 Epistolas

1984 897 2215 969 adjecit,
2261 898 2485 954 alteram
2532 898 2597 954 de
2623 897 2763 955 Cibis
2786 898 3026 956 ludaicis
3051 942 3065 968 ,
3109 902 3332 958 alterum
3359 903 3583 960 Romani

1984 988 2121 1047 Cleri
2184 993 2388 1047 nomine
2464 992 2744 1061 scriptam.
2829 992 3067 1049 Jackson
3125 1001 3307 1049 autem
3362 995 3583 1052 tertiam

1986 1083 2207 1154 insuper
2249 1084 2428 1154 junxit
2477 1084 2810 1155 Epistulam,
2860 1100 3019 1155 quain
3077 1084 3267 1142 Clerus
3306 1087 3584 1143 Romanus

1984 1177 2260 1249 Cypriane
2306 1178 2582 1249 inscripsit
2612 1195 2626 1232 :
2658 1177 2898 1234 incertus
2927 1189 3104 1235 tamen
3126 1189 3181 1235 et
3208 1180 3322 1250 ipse
3342 1222 3357 1247 ,
3404 1190 3587 1237 utrum

1985 1270 2255 1340 ejusmodi
2296 1270 2537 1343 Epistola
2579 1270 2935 1327 Novatianum
2981 1281 3239 1343 agnoscat
3286 1284 3590 1330 auctorem.

1986 1362 2188 1419 Omnes
2242 1362 2296 1419 hi
2341 1372 2452 1420 tres
2502 1364 2742 1421 editores
2798 1364 3154 1421 Novatianum
3202 1365 3586 1423 eruditissimis

1989 1464 2133 1519 notis
2162 1472 2324 1534 atque
2348 1463 2819 1520 observationibus
2846 1463 3217 1528 illustrarunt,
3259 1464 3362 1519 hoc
3406 1471 3591 1519 tamen

1987 1557 2321 1626 discrimine,
2336 1557 2481 1629 quod
2498 1557 2834 1614 Welchmani
2854 1564 2997 1612 notae
3025 1557 3248 1611 omnino
3268 1555 3590 1612 orthodoxae

1989 1650 2132 1715 sint,
2176 1650 2508 1722 reliquorum
2536 1649 2766 1705 duorum
2796 1648 2971 1719 quoad
2998 1647 3194 1719 dogma
3214 1647 3282 1704 de
3311 1648 3595 1704 divinitate

1987 1743 2111 1798 Filii
2150 1759 2342 1814 purum
2372 1744 2729 1814 putidumque
2774 1741 3141 1797 Ariauismum
3183 1740 3417 1812 sapiant.
3450 1739 3596 1795 Huc-

1912 1838 1964 1902 B
1993 1851 2164 1906 usque
2190 1835 2257 1892 de
2284 1835 2615 1892 editionibus
2651 1833 2911 1905 antiquis.

2061 1929 2420 1986 Novissimatn
2440 1970 2455 1996 ,
2487 1944 2646 2000 quam
2693 1926 2778 1984 Cl.
2812 1926 3058 1983 Andreas
3088 1927 3409 1984 Gallandius
3439 1942 3596 1997 para-

1992 2023 2089 2088 vit.
2121 2023 2416 2079 editionem
2442 2023 2629 2092 exegit
2654 2022 2993 2093 potissimum
3022 2020 3088 2076 ad
3110 2022 3388 2091 exemplar
3411 2020 3599 2076 Pome-

1994 2119 2191 2173 lianum
2213 2161 2228 2186 ,
2258 2118 2499 2189 illudque
2525 2132 2646 2173 cum
2684 2116 2892 2172 duobus
2919 2116 3209 2186 postremis
3248 2115 3602 2182 editionibus,

1992 2213 2304 2279 Oxoniensi,
2334 2223 2390 2267 ct
2414 2211 2745 2267 Londinensi
2773 2210 3027 2277 contulit;
3058 2226 3232 2275 neque
3255 2209 3605 2281 negligendas

1995 2307 2217 2361 omnino
2245 2306 2541 2361 arbitratus
2564 2312 2648 2361 est
2676 2303 2943 2359 editibues
2964 2303 3137 2374 magis
3161 2303 3427 2373 antiquas.
3461 2298 3605 2356 Illud

1995 2417 2126 2456 vero
2147 2400 2381 2455 maxime
2406 2398 2636 2464 curavit,
2662 2406 2721 2452 ut
2748 2395 2816 2452 ad
2847 2392 2945 2451 sua
2970 2409 3199 2467 quaeque
3230 2396 3347 2450 loca
3375 2394 3605 2449 reduce-

1996 2505 2185 2551 rentur
2228 2492 2409 2547 luxata
2455 2492 2699 2546 membra
2722 2530 2738 2557 ,
2773 2489 2912 2543 duce
2952 2487 3298 2559 potissimum
3330 2495 3609 2557 praeeunte

1995 2585 2288 2653 Cotelerio,
2318 2584 2410 2655 qui
2435 2585 2669 2655 capitum
2700 2582 3049 2651 trajectioues
3079 2581 3131 2634 in
3160 2580 3302 2635 libro
3329 2578 3391 2633 de
3422 2576 3602 2632 Trini-

2000 2689 2100 2735 tate
2125 2688 2248 2751 post
2276 2678 2566 2734 Henricum
2603 2675 2876 2732 Valesium
2907 2681 3062 2729 acute
3091 2673 3343 2739 advertit,
3377 2679 3607 2726 annota-

1999 2774 2203 2844 vitque.
2253 2771 2332 2827 Ex
2375 2771 2574 2843 quibus
2614 2779 2697 2824 est
2726 2769 3093 2840 perspicuum,
3123 2775 3383 2839 quantum
3414 2766 3614 2822 debeat

2002 2865 2244 2939 praeferri
2290 2862 2660 2921 recentissima
2704 2861 2821 2915 haec
2863 2859 3147 2915 Novatiani
3187 2859 3354 2914 editio
3395 2856 3612 2913 caeteris

2002 2957 2454 3032 praecedentibus.
2493 2957 2652 3011 Anno
2679 2954 2840 3022 i782,
2872 2955 3012 3026 typis
3044 2952 3373 3010 Staheliauis
3402 2950 3610 3007 Wirce—

2001 3053 2156 3125 burgi
2189 3050 2469 3108 Novatiani
2510 3064 2674 3120 opera
2702 3064 2896 3103 recusa
2920 3048 3072 3103 fuere
3100 3046 3374 3101 volumine
3401 3061 3453 3099 tv
3472 3046 3616 3099 inter

2001 3162 2165 3217 opera
2200 3145 2301 3202 SS.
2334 3144 2556 3200 Patrum
2600 3142 2911 3209 latinorum,
2936 3156 2966 3196 a
2995 3156 3117 3212 pag.
3149 3138 3415 3206 453-544,
3444 3135 3613 3193 in-8°.

1920 3240 1969 3306 α
2005 3238 2266 3310 Analysin
2295 3237 2577 3305 utriusque
2621 3234 2867 3307 opusculi
2900 3243 3010 3289 tum
3051 3232 3121 3289 de
3159 3232 3425 3289 Trinitate
3448 3272 3463 3299 ,
3499 3238 3612 3285 tum

2002 3332 2072 3389 de
2101 3330 2251 3387 Cibis
2275 3329 2518 3387 Judaicis
2548 3327 2782 3384 coniecit
2807 3325 2890 3382 Cl.
2920 3326 2982 3381 P.
3017 3325 3330 3380 Dominicus
3356 3323 3611 3387 Schram,

2002 3434 2136 3480 tom.
2183 3439 2238 3478 v1
2285 3422 2368 3477 sui
2395 3420 2577 3491 operis
2611 3418 2901 3483 Patristici,
2935 3432 2967 3472 a
2997 3431 3119 3487 pag.
3144 3414 3429 3478 269~5t9,
3468 3427 3615 3469 anno

2004 3516 2166 3573 1784.
2213 3514 2330 3571 Jam
2381 3527 2526 3567 anno
2580 3511 2739 3577 1777,
2785 3507 2871 3564 Cl.
2918 3506 3253 3565 Christianus
3303 3504 3615 3562 Fridericus

2003 3610 2298 3673 Roslerus,
2330 3615 2478 3663 tomo
2519 3620 2576 3660 ιιι
2625 3602 2973 3659 Bibliotheca:
3025 3600 3243 3655 Patrum
3274 3597 3469 3667 Lipsiae
3511 3598 3618 3652 im-

2005 3717 2196 3774 presso
2231 3716 2262 3757 e
2290 3697 2577 3756 Novatiani
2604 3696 2859 3752 Tractatu
2885 3693 2954 3749 de
2981 3691 3246 3748 Trinitate
3274 3697 3527 3760 excerpta
3558 3688 3616 3743 in

2006 3798 2187 3869 lingua
2229 3806 2413 3857 nostra
2457 3792 2743 3849 vernacula
2786 3787 3013 3860 adjectis
3054 3784 3438 3844 eruditissimis
3470 3781 3613 3839 notis

2006 3889 2125 3947 orbi
2157 3887 2369 3946 erudito
2395 3884 2831 3944 communicavit.

2622 4018 2852 4080 CAPUT
2882 4016 2970 4074 Ill.

2421 4132 2748 4176 DOCTRINA
2788 4125 3156 4170 NOVATIANI

2540 4220 2839 4265 ARTICULUS
2857 4217 3073 4259 PRIIUS.

2010 4332 2213 4388 Puncta
2226 4327 2515 4399 dogmatica
2529 4324 2591 4380 de
2604 4324 2736 4390 Deo,
2752 4319 3033 4391 divinisque
3052 4318 3165 4389 ejus
3183 4311 3611 4388 perfectionibus.

2079 4452 2195 4509 Etsi
2240 4463 2405 4521 pauca
2448 4443 2738 4502 admodum
2764 4482 2779 4509 ,
2828 4452 3002 4510 eaque
3047 4434 3366 4493 brevissima
3415 4431 3619 4489 vetusti

2010 4548 2171 4620 hujus
2209 4542 2436 4601 Romani
2471 4535 2772 4611 presbyteri
2800 4548 2963 4606 opera
2998 4531 3067 4587 ad
3110 4545 3209 4586 nos
3239 4528 3609 4600 pervenerint,

309 4620 489 4691 Atque
518 4615 777 4673 hactenus
804 4612 943 4668 inter
979 4621 1144 4680 opera
1171 4603 1489 4662 Tertulliani
1534 4599 1689 4657 latuit
1723 4597 1902 4652 Nova-
1930 4646 1987 4707 Β
2011 4597 2700 4699 ξᾶἆὲτῶὧὶωῐοωὶηἶη
2766 4597 2986 4695 in'cjus
3036 4597 3289 4678 “nem-ﬂ
3318 4619 3404 4687 vde
3442 4617 3616 4674 Trini_

311 4716 514 4772 tianus.

386 4808 688 4882 Separatim
715 4819 846 4863 vero
865 4804 1097 4875 primum
1119 4795 1559 4873 prodiitLondini
1583 4809 1725 4851 anno
1749 4792 1909 4861 i709,

312 4913 539 4963 curante
567 4899 863 4959 Wilhelmo
887 4897 1202 4964 Whistouo,
1251 4895 1320 4950 ad
1359 4893 1560 4950 calcem
1592 4890 1771 4962 operis
1800 4887 1914 4944 Au-

312 4999 455 5073 glice
505 4994 784 5066 inscripti,
828 4993 1088 5049 Sermons
1128 4988 1235 5045 and
1283 4988 1481 5060 Essays
1530 4999 1674 5056 upon
1703 4978 1915 5039 several

315 5093 590 5166 subjects,
624 5104 746 5163 pag.
777 5087 906 5155 327,
932 5084 1128 5143 deinde
1174 5083 1369 5141 Oxonii
1406 5097 1548 5138 anno
1579 5078 1740 5145 1721i,
1775 5074 1917 5132 notis

393 5227 477 5303 (Ι)
500 5225 745 5303 Lardner
762 5226 822 5303 in
842 5221 1125 5303 credibility
1147 5222 1209 5294 of
1223 5223 1305 5278 the
1325 5219 1390 5276 G.
1409 5217 1482 5274 Η.
1506 5224 1644 5290 part.
1663 5215 1721 5284 Ξ,
1739 5229 1795 5287 p.
1819 5212 1911 5270 82.

417 5296 474 5366 ‘2)
500 5300 668 5355 Idem.
703 5296 835 5352 Ibid.
878 5312 997 5366 pag.
1027 5296 1121 5351 21.

393 5228 441 5303 (l
502 5227 745 5283 Lardner
766 5227 822 5279 in
842 5227 1125 5294 credibility
1147 5227 1209 5294 of
1223 5227 1305 5278 the
1325 5227 1390 5276 (ἱ.
1409 5227 1482 5274 u.
1506 5227 1644 5290 part.
1663 5227 1721 5284 2,
1739 5229 1795 5287 p.
1819 5227 1906 5270 es.

417 5303 452 5356 ‘2
500 5300 668 5355 Idem.
703 5296 835 5352 Ibid.
878 5312 997 5366 pag.
1027 5296 1121 5351 21.

393 5227 477 5445 ἒὸξ
508 5372 828 5445 Ηίειίι-οιιγιιῃΔ
855 5367 1014 5445 Epist.
1062 5384 1120 5445 ῃ,
1169 5366 1236 5420 ad
1288 5364 1516 5445 {aulam
1544 5359 1906 5445 Concordiam.

323 5431 478 5503 Τοὶηί
512 5460 561 5498 tv
581 5431 726 5511 Ομρῖ
743 5440 872 5495 edit.
895 5431 1114 5495 Betted.
1142 5453 1262 5511 pag.
1286 5437 1375 5511 17,
1400 5442 1455 5491 et.
1474 5443 1602 5488 tum.
1632 5448 1671 5500 ι,
1699 5440 1835 5502 part.
1854 5431 1906 5499 1,

323 5513 569 5591 pagaﬁfs,
600 5508 726 5591 edit.
746 5511 949 5591 leuet:
976 5511 1135 5591 ἱιιῖιθ.
1169 5508 1323 5565 1766.

349 5572 488 5680 ’-ζῇ
515 5572 983 5680 υέιηβιξρ,ΒὲὺιὶοιΙι.
1035 5580 1188 5638 Tom.
1241 5597 1279 5649 ι,
1328 5593 1449 5652 pag.
1494 5575 1627 5646 285,
1682 5572 1912 5632 adimat.

759 5725 987 5783 Histoire
1008 5725 1248 5801 generate
1268 5726 1358 5781 des
1382 5730 1607 5779 auteurs.
1647 5721 1800 5779 Tom.
1828 5734 1918 5788 ιιι,

329 5802 726 5952 νθῗὸῗῗδξέἱθιι.
761 5870 929 5944 Epist.
962 5885 1043 5945 ιιι,
1072 5870 1141 5928 ad
1158 5869 1614 5944 Symproniamun.

2014 4746 2144 4803 tate,
2179 4733 2271 4805 qui
2294 4728 2480 4786 fusiori
2512 4725 2722 4782 calamo
2751 4729 3005 4775 exemtus
3029 4722 3134 4781 est,
3168 4713 3447 4768 innumera
3476 4725 3616 4780 pene

2013 4801 2243 4885 dixerim
2285 4823 2516 4895 pretiosa
2559 4817 2857 4886 fragmenta
2901 4807 3077 4880 quoad
3116 4805 3416 4877 praecipuas
3454 4801 3617 4858 Chri-

2014 4924 2201 4981 stianrc
2236 4918 2498 4976 doctrinae
2526 4913 2803 4969 veritates.
2846 4905 2923 4962 lbi
2951 4900 3215 4975 siquidem
3247 4896 3615 4970 deprehendi-

2019 5026 2123 5082 tur,
2152 5014 2277 5088 quid
2300 5013 2369 5068 de
2400 5011 2508 5066 Deo
2537 5000 2881 5064 sentiendum
2909 4997 2999 5062 sit,
3028 4993 3252 5065 ejusque
3277 4987 3621 5061 perfectioni-

2017 5082 2452 5180 bus;'qurenam
2503 5102 2571 5157 sit
2614 5098 2748 5154 iides
2802 5089 3060 5148 Ecclesiae
3103 5087 3248 5143 circa
3298 5082 3619 5180 Mysterium

2015 5171 2369 5259 sanctissimae
2414 5190 2694 5250 Trinitatis
2718 5228 2733 5252 ,
2782 5192 2837 5240 et
2876 5181 3003 5237 Iesu
3028 5175 3228 5233 Christi
3255 5171 3617 5242 divinitatem,

2013 5298 2236 5371 ejusque
2262 5290 2707 5350 incarnationem.
3062 5364 3078 5371 Α
3142 5363 3184 5371 _

2085 5359 2413 5448 Novatianus
2443 5382 2596 5438 initio
2623 5377 2907 5433 Tractatus
2934 5367 3017 5424 sui
3046 5364 3114 5421 de
3142 5362 3410 5418 Trinitate
3430 5359 3616 5429 docet,

2016 5484 2189 5544 teneri
2222 5498 2341 5547 nos,
2382 5486 2538 5551 prout
2561 5465 2933 5546 praescribitur
2960 5463 3013 5516 in
3043 5457 3323 5531 Symbolo,
3353 5453 3497 5551 quod
3530 5466 3620 5509 re-

2016 5580 2194 5653 gulam
2226 5546 2495 5635 iidei,vseu
2525 5562 2765 5621 veritatis
2795 5559 3089 5624 nuncupat,
3129 5548 3355 5606 credere
3378 5546 3431 5601 in
3454 5547 3627 5653 Dcu‘m

2023 5637 2258 5736 Patrem,
2289 5679 2343 5725 et
2365 5663 2651 5722 Dominum
2680 5652 3105 5724 omnipotentem
3125 5687 3139 5711 ,
3164 5640 3406 5699 universi
3438 5637 3631 5695 condi-

2024 5778 2218 5825 torem.
2252 5763 2393 5818 Deus
2421 5759 2520 5813 iste
2542 5769 2647 5809 non
2672 5749 2845 5805 solum
2873 5739 3075 5800 creavit
3101 5736 3297 5793 coelum
3321 5740 3376 5789 et
3402 5741 3629 5798 terram,

2034 5861 2130 5920 sed
2172 5859 2394 5929 insuper
2428 5852 2543 5907 haec
2575 5842 2756 5903 omnia
2785 5835 3018 5912 propriis
3044 5842 3100 5890 et
3124 5825 3407 5899 condignis
3438 5824 3641 5885 instra.
