4026 6328
395 310 508 368 879

1701 310 1791 365 DE
1831 306 1992 365 VITA
2034 306 2123 364 ET
2162 305 2470 367 SCRIPTIS

3599 312 3711 371 880

396 429 595 487 mentis
623 437 678 486 et
704 438 915 497 ornata,
941 437 997 485 et
1020 428 1175 501 plena
1198 427 1440 499 digessit.
1464 424 1685 483 Creavit
1716 425 1806 481 ille
1830 424 2001 480 homi-
2031 427 2080 486 A
2110 426 2206 481 sed
2260 427 2455 497 populo
2502 426 2685 499 potius
2737 427 3032 499 imputetur
3061 447 3074 483 :
3108 427 3232 484 Non
3255 429 3412 502 igitur
3440 429 3712 486 mediocris

394 537 521 579 nem
552 522 618 578 ad
648 523 932 593 imaginem
964 537 1140 589 suam,
1169 521 1253 576 cui
1284 530 1517 575 mentem
1545 528 1596 574 et
1621 520 1884 573 rationem
1915 518 1997 572 in-

393 614 567 680 didit,
604 624 659 670 et
686 614 1056 685 prudentiam,
1090 622 1147 668 ut
1172 614 1337 669 Deum
1376 621 1556 683 posset
1582 611 1799 667 imitari.
1827 608 1996 680 Cujus

392 709 495 765 etsi
524 710 769 779 corporis
799 718 1011 765 terrena
1057 706 1349 780 primordia
1376 747 1390 770 ,
1435 706 1672 762 caelestis
1720 715 1897 760 tamen
1943 714 1998 758 et

390 803 560 860 divini
591 803 791 859 halitus
821 804 1079 873 inspirata
1122 801 1419 857 substantia
1459 817 1472 853 :
1507 815 1627 868 qua:
1662 814 1783 855 cuni
1815 798 1994 853 omnia

389 898 444 952 in
484 896 797 952 servitutem
840 896 916 950 illi
946 895 1224 959 dedisset,
1256 894 1432 949 solum
1476 892 1707 949 liberum
1736 907 1858 948 esse
1898 907 1993 948 vo-

384 990 504 1045 luit.
540 989 604 1044 Et
632 1004 700 1045 ne
724 990 775 1045 in
805 989 1100 1058 periculum
1143 987 1365 1043 caderet
1389 1002 1603 1042 rursum
1635 987 1809 1042 soluta
1836 985 1995 1041 liber-

386 1094 489 1149 tas,
520 1082 827 1138 mandatum
847 1083 1025 1154 posuit
1043 1080 1322 1153 (homini),
1350 1094 1456 1149 quo
1481 1088 1658 1135 tamen
1684 1095 1788 1133 non
1814 1078 1995 1134 inesse

385 1175 591 1230 malum
633 1175 685 1229 in
728 1174 902 1231 fructu
943 1173 1154 1229 arboris
1182 1173 1473 1239 diceretur,
1512 1172 1608 1227 scd
1640 1170 1875 1226 futurum
1903 1212 1915 1234 ,
1948 1170 1993 1225 si

382 1267 525 1324 forte
552 1283 619 1324 ex
659 1268 933 1323 voluntate
974 1266 1209 1323 hominis
1239 1266 1306 1322 de
1346 1274 1660 1335 contemptu
1692 1264 1831 1319 datae
1860 1264 1993 1333 legis

376 1371 810 1432 praemoneretur
839 1360 943 1433 (l).
974 1360 1151 1415 Arbor
1177 1360 1358 1430 itaque
1382 1359 1542 1414 vetita
1563 1358 1722 1427 juxta
1735 1356 1990 1412 Novatia-

381 1470 511 1510 nuni
555 1470 660 1511 non
688 1470 756 1511 ex
795 1471 855 1511 se
893 1464 1010 1509 erat
1038 1461 1301 1509 venenata
1348 1460 1440 1507 aut
1480 1451 1660 1506 noxia.
1712 1468 1731 1501 ι
1766 1450 1831 1505 Et
1856 1449 1992 1505 liber

380 1565 503 1604 esse
532 1548 827 1616 debuerat,
858 1548 1032 1619 pergit
1062 1547 1391 1602 Novatianus
1410 1589 1425 1609 ,
1460 1562 1528 1602 ne
1571 1546 1992 1615 incongrucntcr

378 1642 477 1700 Dei
513 1644 689 1715 imago
717 1644 966 1707 serviret,
990 1652 1043 1698 et
1069 1643 1156 1697 lex
1186 1640 1455 1711 addenda,
1485 1657 1553 1697 ne
1575 1656 1747 1710 usque
1777 1639 1841 1694 ad
1860 1654 1990 1694 con-

373 1748 639 1808 temptum
661 1737 841 1793 dantis
872 1738 1093 1791 libertas
1117 1736 1392 1791 ell‘rienata
1419 1745 1815 1806 prorumperet,
1849 1743 1908 1788 ut
1934 1742 1989 1788 et

2107 518 2266 586 Deus,
2297 519 2390 574 sed
2424 518 2603 589 populi
2638 518 2925 576 mediocris
2952 528 3036 575 est
3063 534 3279 577 sensus.
3310 541 3329 575 ι
3355 520 3455 577 Cui
3484 522 3713 592 praecla-

2100 609 2329 666 rissima:
2341 611 2989 685 observationisubjungit
3008 612 3357 682 Novatianus,
3379 615 3711 686 Scripturam

2102 720 2199 774 per
2233 706 2475 762 membra
2501 721 2604 762 non
2635 709 2936 777 corporalia
2964 708 3311 775 lineamenta,
3339 708 3434 764 sed
3465 708 3714 767 diversas

2099 797 2193 853 Dei
2225 798 2569 868 operationes
2611 799 3210 855 ostenderezel‘licaeiie
3231 799 3391 871 igitur
3427 798 3714 855 ibidivinaa

2100 907 2197 962 per
2227 892 2471 949 membra
2502 902 2923 950 monstrantur.¢
2951 891 3086 949 Nam
3112 902 3310 950 etcum
3332 892 3473 949 oculi
3503 892 3714 949 descri-

2100 983 2319 1051 buntur,
2350 1005 2368 1038 i
2404 987 2748 1057 prosequitur
2769 985 2914 1042 idem
2948 986 3260 1058 Presbyter,
3296 1005 3314 1039 ι
3351 985 3494 1057 quod
3530 985 3715 1041 omnia

2098 1079 2297 1146 videat,
2326 1081 2665 1152 exprimitur.
2700 1080 2767 1136 Et
2788 1082 3005 1151 quando
3027 1081 3193 1150 auris,
3223 1079 3369 1151 quod
3400 1080 3580 1136 omnia
3609 1096 3709 1136 au-

2097 1172 2229 1240 diat,
2249 1175 2587 1246 proponitur.
2610 1175 2815 1231 Etcum
2838 1175 3054 1244 digitus,
3080 1176 3432 1247 signiﬁcantia
3463 1176 3711 1246 quaedam

2097 1264 2386 1322 voluntatis
2414 1268 2675 1337 aperitur;
2695 1279 2751 1323 et
2770 1268 2848 1323 sic
2860 1267 2930 1323 de
2946 1267 3187 1339 reliquis.
3203 1264 3388 1339 Neque
3414 1267 3558 1323 enim
3584 1275 3714 1323 sunt

2096 1358 2145 1413 ei
2161 1369 2253 1414 aut
2268 1359 2531 1425 membra,
2547 1370 2637 1416 aut
2654 1360 3021 1417 membrorum
3034 1361 3209 1417 ofﬁcia
3228 1370 3355 1417 sunt
3375 1361 3706 1429 necessaria,

2096 1450 2165 1507 ad
2210 1454 2363 1523 cujus
2404 1454 2651 1510 solum...
2692 1454 3008 1521 arbitrium,
3046 1463 3099 1510 et
3126 1454 3400 1521 serviunt,
3431 1463 3487 1511 et
3512 1453 3709 1510 adsunt

2100 1545 2304 1600 omnia.
2351 1564 2369 1593 ›
2400 1544 2511 1602 Cur
2532 1547 2677 1603 enim
2707 1548 2946 1619 requirat
2969 1548 3178 1614 oculos,
3217 1548 3306 1618 qui
3332 1548 3420 1603 lux
3451 1548 3574 1604 est?
3604 1550 3708 1604 Aut

2096 1650 2197 1691 cur
2225 1646 2439 1707 quaerat
2484 1638 2680 1709 pedes,
2724 1640 2815 1709 qui
2856 1638 3052 1709 ubique
3082 1640 3206 1694 est?
3238 1641 3343 1694 Aut
3382 1654 3478 1694 cur
3517 1655 3706 1696 manus

2096 1742 2332 1803 expetat,
2363 1735 2517 1805 cujus
2546 1751 2699 1793 mens
2726 1735 2795 1792 ad
2822 1737 3002 1792 omnia
3032 1736 3364 1792 instituenda
3384 1736 3576 1792 artifex
3596 1746 3701 1802 est,

377 1832 599 1902 priemia
625 1832 889 1903 condigna
916 1872 931 1897 ,
960 1840 1014 1884 et
1052 1831 1243 1885 merita
1280 1844 1561 1900 poenarum
1592 1835 1988 1896 consequenter
2015 1828 2065 1888 Β
2092 1834 2148 1881 et
2168 1826 2333 1883 silens
2361 1829 2640 1883 voluntas?
2666 1828 2776 1885 Nec
2796 1830 3017 1885 auribus
3037 1839 3180 1901 eget,
3204 1830 3295 1901 qui
3323 1830 3511 1886 tacitas
3540 1830 3702 1887 etiam

373 1924 690 1993 exciperet:
722 1938 786 1978 ex
834 1938 941 1990 quo
984 1920 1300 1986 mortalitas,
1339 1920 1532 1974 invidia
1566 1920 1749 1990 utique
1788 1918 1890 1991 (2),
1933 1919 1985 1973 in

372 2017 550 2088 ipsum
582 2016 751 2081 redit,
777 2016 868 2086 qui
894 2030 1015 2070 cum
1046 2015 1189 2069 illam
1212 2015 1280 2070 de
1303 2014 1609 2070 obedientia
1641 2024 1825 2083 posset
1861 2028 1987 2069 eva-

378 2108 511 2163 dere
534 2150 548 2173 ,
575 2108 627 2163 in
658 2107 901 2162 eamdem
929 2106 1189 2171 incurrit,
1218 2105 1346 2161 dum
1377 2121 1445 2161 ex
1469 2104 1699 2161 consilio
1728 2120 1987 2174 perverso

376 2200 521 2257 Dens
547 2217 667 2257 esse
700 2200 937 2256 festinat.
988 2197 1154 2270 Cujus
1179 2209 1358 2256 tamen
1389 2215 1603 2271 pinnam
1636 2198 1987 2255 nihilominus

372 2292 723 2363 indulgenter
774 2291 1093 2362 temperavit
1143 2290 1332 2364 (Deus)
1354 2332 1370 2359 ,
1408 2290 1534 2347 dum
1568 2307 1673 2347 non
1706 2300 1814 2346 tam
1848 2292 1983 2361 ipse.

372 2400 534 2456 quam
563 2384 776 2441 labores
801 2384 919 2455 ejus
961 2383 1357 2440 maledicuntur
1390 2401 1552 2456 super
1581 2395 1801 2442 terram.
1831 2385 1986 2455 Quod

370 2493 445 2532 ne
472 2476 540 2533 de
563 2478 706 2548 ligno
734 2476 944 2533 arboris
965 2478 1089 2532 vitm
1111 2478 1409 2549 contingat,
1431 2488 1665 2543 arcetur,
1688 2494 1796 2534 non
1817 2478 1884 2535 de
1907 2480 1988 2534 in-

368 2569 528 2625 vidiae
572 2570 803 2641 maligno
857 2572 1027 2625 livore
1080 2570 1397 2636 descendit,
1442 2570 1539 2625 sed
1590 2588 1657 2627 ne
1703 2572 1888 2627 vivens
1930 2572 1984 2627 in

368 2672 668 2730 aeternum,
705 2662 806 2716 nisi
860 2674 1075 2732 peccata
1107 2661 1357 2718 Christus
1386 2671 1513 2718 ante
1538 2662 1830 2728 donasset,
1874 2665 1983 2718 cir-

372 2756 674 2813 cumferret
717 2772 900 2812 secum
946 2758 998 2812 in
1039 2772 1253 2828 poenam
1292 2758 1376 2813 sui
1416 2773 1633 2828 semper
1681 2758 1987 2815 immortale

330 2866 341 2881 ‘
371 2852 655 2908 delictum.
699 2872 717 2905 ι
756 2852 994 2908 lrenmus
1019 2851 1236 2908 adducit
1265 2852 1425 2907 etiam
1454 2853 1732 2923 antiquum
1760 2854 1987 2922 scripto-

364 2963 488 3004 rem
541 2948 667 3019 (5),
715 2948 806 3017 qui
849 2948 1081 3002 asseruit
1120 2962 1334 3018 quoque
1376 2962 1482 3003 non
1528 2957 1634 3001 tam
1688 2948 1983 3014 hominem,

368 3057 532 3113 quam
587 3051 783 3097 terram
832 3040 1119 3097 maledicto
1177 3040 1475 3111 subjectam
1523 3039 1710 3097 fuisse.
1761 3060 1779 3094 ι
1838 3040 1989 3097 Sicut

365 3146 591 3192 enarrat
637 3135 962 3205 Scriptura,
1018 3134 1232 3206 inquit,
1294 3150 1400 3190 non
1470 3136 1647 3206 ipsum
1705 3136 1989 3192 maledixit

2093 1919 2243 1974 novit
2268 1919 2595 1977 voluntates.
2641 1924 2747 1978 Aut
2765 1927 3006 1992 jpropter
3030 1937 3190 1993 quam
3218 1935 3437 1978 causam
3470 1922 3703 1995 linguam

2095 2021 2333 2083 quierat,
2373 2031 2393 2065 ι
2427 2012 2513 2069 cui
2541 2014 2778 2085 cogitare
2811 2014 3041 2084 jussisse
3065 2015 3190 2071 eSt‘!
3220 2033 3239 2067 ι
3299 2014 3587 2071 Fateamur
3620 2016 3702 2071 iii-

2091 2118 2304 2177 genue,,
2354 2120 2546 2162 omnes
2593 2106 2691 2161 has
2734 2106 2883 2162 ideas
2938 2106 3298 2163 nobilissimas
3335 2122 3400 2163 ac
3444 2108 3701 2164 sublimes

2089 2210 2251 2264 esse,
2298 2196 2488 2269 hisque
2530 2197 2798 2270 indigitari
2839 2199 3075 2255 auctoris
3120 2199 3396 2272 ingenium
3445 2201 3697 2257 eximium

2090 2291 2332 2346 omnino.
2374 2290 2485 2347 Nec
2530 2293 2707 2348 minus
2748 2291 2909 2349 docte
2947 2303 3110 2365 atque
3147 2294 3415 2351 subtiliter
3458 2298 3696 2367 exponit,

2088 2396 2196 2452 quo
2222 2392 2379 2455 pacto
2402 2383 2744 2455 interpretari
2782 2395 3029 2455 oporteat
3058 2386 3362 2458 passiones,
3392 2403 3526 2460 quas
3558 2390 3699 2447 Scri-

2090 2483 2241 2544 ptura
2259 2476 2367 2531 Deo
2384 2477 2620 2534 tribuere
2637 2476 2849 2533 videtur
2870 2478 2941 2533 ita
2970 2478 3248 2536 disserens
3277 2478 3380 2553 (7).
3418 2500 3437 2534 ι
3467 2481 3618 2550 Quod
3650 2482 3697 2537 si

2091 2566 2185 2623 Dei
2239 2568 2543 2626 iracundias
2585 2570 2834 2641 legimus,
2880 2582 2934 2627 et
2971 2571 3093 2628 odia
3133 2574 3300 2630 relata
3333 2576 3693 2646 agnoscimus,

2089 2674 2199 2714 non
2255 2670 2433 2716 tamen
2476 2660 2593 2717 haec
2628 2661 2974 2735 intelligimus
3013 2664 3082 2720 ad
3125 2664 3484 2724 humanorum
3530 2669 3694 2725 relata

2092 2766 2217 2809 esse
2255 2755 2503 2826 exempla
2534 2756 2823 2823 vitiorum;
2876 2759 3151 2828 passiones
3178 2761 3321 2816 enim
3364 2763 3481 2818 ista:
3515 2762 3569 2817 in
3601 2762 3696 2818 ho—

2088 2843 2322 2899 minibus
2360 2848 2552 2903 merito
2594 2847 2860 2917 dicentur,
2906 2850 2961 2906 in
2990 2851 3099 2907 Deo
3127 2868 3232 2908 non
3265 2855 3458 2910 merito
3486 2855 3695 2925 judica-

2090 2938 2325 3006 buntur;
2372 2942 2647 3013 corrumpi
2689 2943 2834 2999 enim
2865 2958 2961 3015 per
2998 2944 3116 3002 hinc
3146 2946 3309 3003 homo
3336 2958 3533 3019 potest,
3572 2950 3693 3021 quia

2090 3037 2363 3107 corrumpi
2396 3047 2589 3108 potest,
2620 3039 2896 3112 corrumpi
2926 3055 3021 3112 per
3041 3041 3159 3098 haec
3188 3042 3332 3101 Deus
3361 3059 3465 3100 non
3497 3052 3688 3115 potest,

2090 3126 2213 3197 quia
2251 3142 2352 3183 nec
2391 3132 2666 3202 corrumpi
2716 3142 2932 3203 potest;
2985 3149 3109 3189 nam
3163 3144 3216 3192 et
3260 3136 3402 3208 quod
3454 3137 3695 3194 irascitur

370 3227 544 3283 Adam
571 3268 584 3291 ,
618 3226 713 3282 sed
754 3237 952 3283 terram
983 3226 1037 3281 in
1064 3226 1322 3297 operibus
1353 3226 1492 3296 ejus,
1523 3226 1982 3299 quemadmodum
2011 3220 2057 3286 C
2092 3216 2255 3282 θθυδι
2288 3235 2392 3276 ηοη
2421 3236 2485 3276 ex
2514 3221 2641 3278 "ilio
2674 3222 2792 3294 eius
2820 3225 3001 3292 νθηίιν
3030 3225 3125 3282 80d
3159 3226 3226 3282 ad
3254 3228 3549 3304 remedium
3573 3245 3695 3286 005-

368 3334 439 3376 ex
472 3318 745 3374 veteribus
813 3318 1033 3387 quidam
1066 3318 1141 3373 ait
1186 3338 1199 3373 :
1249 3318 1515 3385 Quoniam
1577 3318 1794 3389 quidem
1845 3319 1983 3393 (huic

363 3413 636 3469 sententia
675 3411 878 3467 veteris
906 3412 1048 3467 illius
1072 3410 1329 3482 auctoris)
1371 3412 1639 3467 transtulit
1659 3412 1817 3480 ,Deus
1870 3427 1986 3466 ma-

371 3505 629 3561 ledictum
656 3504 707 3559 in
734 3514 953 3570 terram,
988 3513 1044 3559 ut
1071 3519 1177 3559 non
1204 3513 1578 3574 perseveraret
1601 3505 1652 3559 in
1683 3504 1917 3560 homine.
1960 3527 1978 3558 ι

445 3596 635 3652 Tradit
660 3596 1018 3661 Novatianus,
1051 3595 1194 3667 quod
1224 3612 1288 3651 ea
1311 3640 1325 3662 ,
1356 3612 1477 3668 quae
1507 3598 1642 3652 intra
1675 3606 1871 3653 terram
1895 3598 1977 3668 ja-

369 3699 515 3757 cent,
547 3706 722 3759 neque
744 3689 852 3744 sint
883 3687 1107 3761 digestis
1130 3698 1185 3745 et
1209 3688 1477 3744 ordinatis
1504 3689 1861 3759 poteStatibus
1887 3706 1983 3745 va-

372 3798 495 3838 cua.
527 3781 701 3838 Locus
728 3782 872 3837 enim
895 3790 998 3849 est,
1036 3797 1145 3852 quo
1186 3783 1397 3852 piorum
1425 3783 1639 3846 animae,
1672 3784 1986 3853 impiorum-

372 3892 480 3947 que
500 3874 792 3941 ducuntur,
816 3873 978 3928 futuri
996 3872 1186 3944 judieii
1213 3873 1522 3944 praijudicia
1547 3874 1865 3931 sentientes.
1889 3876 1986 3932 Se—

371 3969 609 4027 cundum
656 3980 892 4025 mentem
938 3969 1108 4023 nostri
1157 3967 1396 4024 auctoris
1443 3970 1488 4024 is
1530 3969 1680 4025 locus
1726 3970 1861 4026 forte
1903 3981 1987 4026 est

374 4068 497 4133 ᾅδης
523 4062 811 4137 (infernus)
843 4077 1096 4133 magnum
1133 4061 1267 4117 illud
1299 4077 1330 4118 e
1357 4062 1675 4134 corporibus
1712 4061 1985 4120 deceden-

373 4158 507 4211 tium
540 4156 839 4212 animarum
870 4154 1275 4225 receptaculum
1310 4152 1411 4225 (4).

446 4250 601 4306 Circa
644 4250 1040 4321 simplicitatem
1089 4250 1183 4306 Dei
1212 4250 1492 4320 sequentia
1525 4250 1684 4307 docet
1723 4250 1987 4307 Novatia-

375 4358 482 4400 nus
507 4344 586 4417 (ὅ)
625 4361 636 4397 :
674 4362 693 4395 ‹
731 4344 825 4398 Est
850 4344 1079 4414 simplex
1107 4341 1295 4416 (Deus)
1332 4353 1384 4398 et
1407 4345 1526 4399 sine
1572 4344 1680 4399 ulla
1726 4360 1986 4415 corporea

385 4436 827 4496 concretionem.
844 4435 1275 4508 quandoquidem
1299 4437 1531 4507 Spiritus
1548 4438 1618 4492 sit
1643 4436 1837 4493 dictus.
1877 4457 1895 4490 ι
1925 4438 1989 4493 Et

379 4530 509 4587 dum
544 4530 821 4599 Scriptura
870 4529 980 4584 Deo
1009 4529 1209 4597 tribuit;
1239 4530 1447 4594 oculos,
1482 4530 1721 4597 brachia,
1772 4546 1983 4599 manus,

2088 3322 2228 3368 trum
2257 3314 2386 3371 illud
2429 3313 2587 3383 facit;
2628 3318 2914 3390 indulgens
2938 3320 3081 3376 enim
3105 3330 3190 3377 est
3212 3322 3374 3377 etiam
3398 3332 3542 3392 tunc,
3574 3339 3693 3380 cum

2094 3407 2347 3475 minatur,
2378 3408 2505 3464 dum
2544 3425 2640 3481 per
2670 3411 2787 3468 hinc
2819 3412 3064 3471 homines
3103 3414 3171 3470 ad
3212 3425 3358 3473 recta
3397 3428 3690 3485 vocantur;

2089 3516 2214 3555 nam
2241 3502 2435 3573 quibus
2476 3503 2544 3558 ad
2598 3503 2879 3561 honestam
2909 3506 3077 3562 vitam
3112 3506 3267 3565 deest
3313 3510 3451 3566 ratio
3473 3552 3489 3578 ,
3524 3519 3694 3568 metus

2088 3602 2171 3647 est
2195 3596 2555 3663 necessarius,
2583 3607 2661 3664 ut,
2686 3598 2777 3669 qui
2797 3598 3059 3655 rationem
3083 3601 3440 3674 reliquerunt,
3467 3605 3550 3660 vel
3584 3614 3693 3661 ter-

2088 3706 2210 3748 rore
2260 3702 2613 3761 moveantur;
2669 3705 2723 3752 et
2763 3696 2887 3753 ideo
2924 3711 3116 3755 omnes
3164 3700 3316 3767 istze,
3375 3703 3455 3758 vel
3486 3703 3694 3758 iracun-

2087 3783 2192 3841 dia:
2229 3785 2347 3853 Dei,
2383 3786 2465 3843 vel
2507 3785 2630 3842 odia
2666 3788 2792 3856 Dei,
2833 3789 2919 3845 vel
2949 3806 3303 3863 quaecumque
3342 3802 3469 3849 sunt
3506 3795 3692 3866 hujus-

2088 3880 2278 3949 modi,
2309 3880 2437 3936 dum
2483 3881 2550 3938 ad
2590 3882 2912 3941 medicinam
2951 3895 3192 3941 nostram
3231 3887 3597 3958 proferuntur,
3627 3905 3693 3946 ex

2087 3972 2336 4038 consilio,
2361 3989 2468 4028 non
2494 3990 2559 4031 ex
2580 3974 3018 4043 vitio,venerunt.
3046 3976 3202 4033 Hunc
3229 3996 3348 4053 ergo
3363 3979 3691 4049 Deum,con-

2088 4062 2255 4119 cludit
2292 4061 2619 4122 NoVatianus
2644 4067 2746 4139 (8),
2797 4069 2983 4135 novit,
3013 4079 3069 4127 et
3113 4082 3407 4130 veneratur
3432 4073 3689 4142 Ecclesia,

2091 4155 2178 4210 cui
2221 4156 2585 4214 testimonium
2613 4160 2792 4217 reddit
2818 4172 2924 4217 tam
2947 4162 3317 4235 invisibilium,
3342 4183 3502 4239 quam
3531 4169 3690 4225 etiam

2090 4249 2411 4319 visibilium,
2453 4263 2505 4308 et
2535 4268 2773 4325 semper,
2820 4265 2877 4311 et
2905 4266 3014 4313 tota
3051 4267 3282 4330 natura,
3309 4276 3470 4332 quem
3504 4262 3689 4334 Angeli

2090 4347 2357 4418 adorant,
2429 4363 2584 4405 mens
2642 4349 2877 4405 humana
2923 4351 3121 4418 sentit,
3192 4353 3284 4424 qui
3351 4356 3690 4427 protoplastis

2091 4450 2308 4497 aeterna:
2396 4442 2520 4497 vitze
2587 4443 2847 4499 mundum
2911 4443 3198 4514 quemdam
3261 4445 3573 4505 Paradisum
3638 4451 3689 4505 in

2089 4534 2307 4592 Oriente
2326 4538 2603 4593 constituit
2630 4538 2729 4611 (9),
2762 4539 3003 4594 Arborem
3026 4540 3141 4595 vita:
3161 4541 3447 4611 plantavit;
3474 4544 3690 4599 scientia:

376 4624 569 4697 pedes,
603 4623 813 4693 aliaque
850 4623 1067 4678 humani
1091 4623 1335 4695 corporis
1376 4626 1641 4691 membra,
1671 4641 1780 4682 non
1812 4627 1984 4682 inten-
2017 4610 2071 4671 Ῑ)
2101 4627 2217 4682 boni
2264 4638 2311 4684 et
2356 4629 2480 4684 mali
2534 4610 2784 4687 similiter
2821 4632 3044 4686 alteram
3084 4610 3332 4688 arborem
3373 4634 3686 4701 collocavit;

381 4717 460 4773 dit
514 4717 605 4771 liei
649 4716 938 4772 essentiam
978 4716 1317 4785 exprimere,
1360 4719 1583 4787 ejusque
1613 4733 1795 4773 veram
1828 4718 1984 4775 nobis

378 4816 774 4880 repraesentare
801 4818 1076 4863 naturam:
1107 4807 1201 4863 sed
1229 4809 1569 4872 solummodo
1596 4825 1720 4865 eum
1752 4810 1831 4866 sic
1861 4826 1985 4882 pro-

380 4918 605 4973 ponere,
637 4901 852 4972 qualem
894 4916 1091 4973 capere
1121 4901 1350 4957 humana
1392 4918 1545 4959 mens
1576 4912 1753 4974 potest
1802 4922 1815 4959 :
1863 4903 1985 4960 Non

382 4994 638 5065 quomodo
662 4992 804 5050 Deus
830 5004 938 5048 erat
957 5037 974 5063 ,
1006 4994 1095 5049 sed
1121 4995 1374 5067 quomodo
1413 4996 1633 5067 populus
1675 5013 1856 5068 capere
1896 5014 1988 5067 po-

383 5095 511 5141 terat
533 5085 649 5158 (6);
686 5096 743 5142 ut
763 5088 925 5159 igitur
950 5087 1066 5144 haec
1092 5089 1170 5145 sic
1195 5088 1263 5145 de
1295 5089 1403 5145 Deo
1429 5089 1695 5157 dicantur,
1722 5108 1827 5146 non
1855 5092 1983 5159 Deo,

462 5262 541 5335 (ξ)
580 5261 772 5335 Novat.
800 5268 864 5335 de
896 5263 1080 5319 Trinit.
1114 5280 1231 5335 cap.
1267 5266 1317 5323 1.

463 5333 540 5416 (ξ)
586 5334 791 5416 invidia
810 5334 1017 5392 Diaboli
1045 5333 1252 5393 intrarit
1278 5354 1414 5394 mors
1433 5340 1487 5394 in
1512 5340 1680 5397 orbem
1710 5352 1980 5402 terrarum.

384 5405 630 5471 Sapient.

459 5476 541 5553 (Ei)
581 5477 723 5553 lien.
751 5474 869 5553 LE).
907 5495 960 5532 ιιι
988 5480 1116 5553 adv:
1136 5482 1316 5538 Iiwres.
1345 5498 1461 5553 cap.
1493 5484 1583 5542 25.

458 5547 539 5626 (4)
581 5548 769 5626 Novat.
796 5547 962 5626 Trac_t.
989 5552 1052 5604 de
1076 5551 1257 5608 Trim‘t.
1283 5547 1478 5626 capfl.
1500 5558 1556 5614 In
1588 5561 1833 5620 eamdem
1865 5580 1988 5621 sen-

384 5620 609 5679 tentiam
639 5620 881 5689 pteriqne
908 5620 1123 5679 Patrum
1152 5620 1496 5687 concessere.

460 5691 540 5760 (5i
579 5691 659 5748 ld.
684 5690 813 5747 ibid.
839 5707 957 5761 cap.
987 5692 1043 5749 5.

460 5765 539 5842 (ei
580 5763 655 5822 ιιι.
681 5761 808 5823 ibid.
836 5778 954 5836 cap.
982 5777 1052 5821 Vl.

2088 4721 2395 4778 mandatum
2419 4723 2919 4790 dedit,sententiam
2947 4736 3137 4781 contra
3164 4724 3417 4783 delictum
3435 4730 3686 4786 statuit...

2090 4814 2140 4869 Is
2184 4813 2372 4887 (Deus)
2425 4816 2727 4889 Prophetas
2782 4817 2985 4888 Spiritu
3029 4818 3317 4890 instruxit,
3358 4831 3415 4878 et
3459 4837 3554 4893 per
3596 4822 3691 4879 bos

2087 4922 2276 4963 omnes
2305 4906 2498 4964 Filium
2536 4925 2690 4964 suum
2716 4908 2990 4968 Christum
3025 4915 3364 4984 repromisit,
3407 4926 3462 4972 et
3481 4916 3690 4989 quando

2089 4996 2338 5055 daturum
2384 5016 2443 5058 se
2486 5005 2887 5073 spoponderat,
2920 5006 3085 5074 misit,
3136 5024 3232 5079 per
3267 5025 3428 5081 quem
3456 5011 3611 5068 nobis
3635 5012 3687 5069 in

2090 5092 2331 5148 notitiam
2358 5095 2542 5152 venire
2558 5096 2749 5165 voluit,
2773 5107 2827 5154 et
2846 5099 2901 5153 in
2922 5115 3020 5155 nos
3042 5100 3389 5174 indulgentia:
3410 5118 3520 5159 suae
3540 5104 3689 5160 sinus

2088 5186 2266 5260 largos
2304 5188 2575 5260 proludit,
2622 5192 2809 5263 egenis
2849 5192 3176 5265 locupletem
3241 5196 3505 5268 Spiritum
3560 5213 3687 5256 con-

2161 5427 2240 5500 (ἶ)
2284 5427 2473 5500 Novat.
2499 5429 2626 5486 ibid.
2660 5444 2776 5498 cap.
2810 5432 2862 5487 5.

2163 5498 2245 5571 ('8)
2286 5499 2364 5555 Id.
2396 5500 2525 5555 ibid.
2554 5517 2674 5571 cap.
2706 5503 2761 5558 8.

2164 5570 2265 5647 (ρ),
2284 5573 2410 5627 Sine
2431 5570 2797 5647 controversia
2836 5574 3015 5647 itaque
3041 5576 3374 5637 Novatianus
3407 5581 3684 5638 historiam

2092 5643 2160 5718 de
2193 5643 2336 5718 Eden
2385 5653 2460 5718 et_
2486 5644 2914 5718 hominislapsu
2929 5643 3205 5718 tamquam
3239 5667 3420 5709 veram
3448 5653 3682 5715 admisit,

2092 5715 2232 5797 sicut
2257 5713 2589 5797 TlteOphilus
2621 5716 3010 5797 Antiochenus,
3031 5713 3265 5793 quocum
3305 5724 3360 5780 in
3382 5725 3503 5782 aliis
3522 5713 3682 5783 etiam

2093 5788 2376 5845 sententiis
2400 5788 2622 5846 omnino
2648 5790 2945 5864 conspirat.
