4026 6328
320 288 423 348 881

1776 281 2171 342 NOVATIANI.

3528 287 3640 345 882

321 403 567 462 ferendo.
622 403 693 461 Et
740 402 864 475 quia
897 401 1040 458 ultro
1075 408 1131 457 et
1171 398 1370 470 largus,
1414 405 1469 454 et
1498 397 1671 454 bonus
1700 406 1805 464 est,
1846 413 1913 454 ne
1937 400 1993 461 Α
2019 398 2194 470 ipsam
2247 397 2645 470 aggrediamur.
2712 396 2769 453 In
2832 397 3012 469 capite
3076 398 3149 455 25
3190 407 3380 456 auctor
3432 397 3635 457 Christi

322 505 469 554 totus
499 495 584 551 hic
610 494 757 551 orbis
783 508 1003 550 aversus
1024 493 1210 565 gratiae
1237 491 1352 561 ejus
1373 489 1680 549 ﬂuminibus
1707 505 1918 547 aresce-

320 598 442 656 ret,
472 588 759 662 Apostolos
788 587 1122 643 institutores
1153 585 1206 640 in
1239 594 1409 641 toturn
1437 584 1623 640 orbem
1656 585 1792 639 mitti
1824 598 1920 654 per

325 680 527 739 Filium
550 697 705 737 suum
736 680 994 747 voluit,ut
1012 680 1250 735 conditio
1279 680 1489 749 generis
1511 679 1729 734 humani
1756 693 1921 751 agno—

323 783 501 830 sceret
528 772 917 828 institutionem
939 814 953 837 ,
982 781 1038 828 et
1076 772 1120 827 si
1162 774 1312 841 sequi
1341 770 1637 834 maluisset,
1672 769 1918 837 haberet,

322 881 481 938 quem
505 880 605 937 pro
633 866 743 921 Deo
769 865 821 920 in
853 866 963 920 suis
984 864 1092 936 jam
1124 863 1572 934 postulationibus
1598 863 1808 918 Patrem
1840 862 1922 919 di-

322 969 491 1017 ceret.
527 978 548 1011 ι
598 958 748 1014 Hanc
785 958 880 1014 Dei
917 957 1139 1029 ejusque
1179 957 1480 1013 divinarum
1531 956 1919 1029 perlectionum

325 1053 499 1108 ideam
526 1051 770 1124 perbibet
797 1051 1142 1107 Novatianus.
1180 1051 1471 1108 Videamus
1491 1050 1651 1106 modo
1673 1066 1793 1121 quae
1815 1061 1923 1106 tra-

324 1148 415 1205 dat
444 1150 558 1220 ipse
587 1147 731 1203 circa
761 1146 1067 1220 Mysterium
1093 1146 1459 1203 Sanctissimae
1486 1146 1784 1202 Trinitatis.

929 1277 1222 1320 ARTICULUS
1252 1261 1317 1317 ll.

432 1381 678 1437 Doctrina
704 1380 982 1437 Novatiam’
1004 1380 1067 1434 de
1097 1378 1345 1450 Mysterio
1377 1376 1484 1433 SS.
1522 1375 1811 1431 Trinitatis.

403 1516 420 1547 ι
453 1494 654 1567 Regula
699 1494 865 1563 exigit
901 1491 1175 1558 veritatis,
1235 1489 1406 1560 inquit
1461 1488 1791 1544 Novatianus
1841 1487 1923 1561 (1)

322 1597 381 1643 ut
437 1587 612 1659 primo
649 1586 889 1643 omnium
944 1583 1234 1640 credamus
1286 1583 1338 1637 in
1386 1581 1553 1637 Deum
1608 1581 1921 1637 Patrem...

322 1679 522 1735 Eadem
565 1678 747 1751 regula
796 1676 1060 1739 veritatis,
1099 1694 1118 1727 ι
1164 1674 1338 1745 pergit
1386 1674 1477 1728 ille
1529 1672 1636 1746 (2),
1691 1692 1710 1724 ‹
1765 1673 1927 1729 docet

2023 491 2361 547 divinitatem
2391 491 2468 547 sic
2518 490 2785 546 adstruit:
2842 510 2861 542 ι
2920 490 2976 547 Si
3027 491 3226 560 homo,
3274 492 3480 563 inquit,
3511 502 3635 547 tan—

2027 584 2307 641 tummodo
2366 582 2652 649 Christus,
2716 585 2988 656 quomodo
3054 584 3211 643 dicit:
3266 584 3381 657 Ego
3420 601 3484 640 ea:
3524 583 3635 638 Deo

2027 677 2237 745 prodii,
2293 684 2339 730 et
2390 675 2541 741 veni,
2596 689 2716 730 cum
2794 685 3004 731 constet
3077 676 3349 732 hominem
3414 692 3443 731 a
3525 676 3635 731 Deo

2026 769 2224 825 factum
2286 784 2439 835 esse,
2495 784 2600 824 non
2678 784 2746 825 ex
2802 769 2915 824 Deo
2980 771 3329 840 processisse.
3392 770 3470 826 Ex
3524 770 3636 824 Deo

2026 874 2207 919 autem
2267 862 2435 918 homo
2489 861 2762 934 quomodo
2801 878 2907 917 non
2955 864 3218 932 processit
3243 864 3320 919 sic
3367 863 3457 918 Dei
3496 863 3637 916 Ver-

2025 956 2152 1012 bum
2204 955 2485 1026 processit.
2520 974 2539 1006 r
2575 953 2695 1009 Mox
2750 954 2940 1009 addit:
2980 973 2998 1005 ι
3030 956 3170 1010 Deus
3207 969 3338 1027 ergo
3375 955 3642 1025 processit

2025 1066 2091 1106 ex
2127 1052 2257 1115 Deo,
2300 1050 2427 1106 dum
2478 1050 2568 1121 qui
2615 1050 2879 1119 processit
2909 1050 3135 1116 Sermo,
3177 1050 3321 1108 Deus
3360 1059 3444 1108 est
3471 1093 3486 1119 ,
3544 1051 3641 1121 qui

2027 1145 2291 1213 processit
2332 1160 2399 1199 cx
2447 1143 2577 1200 Deo.
2618 1163 2637 1195 ι

2102 1236 2187 1291 lll.
2211 1235 2347 1305 Quid
2372 1234 2487 1291 fere
2505 1235 2558 1290 in
2585 1235 2701 1305 ipso
2716 1234 2934 1291 Nicaeno
2954 1235 3213 1308 Symbolo
3233 1245 3421 1292 contra
3447 1235 3636 1292 Arium

2028 1329 2338 1400 expressius
2365 1328 2606 1383 dicitur?
2642 1327 2779 1383 Nam
2825 1328 2941 1384 haec
2991 1329 3098 1385 dno
3123 1371 3138 1395 ,
3179 1349 3197 1381 ι
3232 1344 3259 1383 a
3296 1329 3407 1385 Deo
3435 1329 3635 1384 factum

2028 1436 2185 1488 esse,
2238 1429 2293 1477 et
2321 1436 2385 1476 ex
2447 1419 2559 1477 Deo
2602 1406 2998 1491 procedere.)
3047 1420 3380 1476 Novatianus
3432 1420 3640 1477 diserte

2029 1518 2257 1588 Opponit
2294 1537 2308 1573 :
2339 1526 2395 1573 et
2443 1516 2718 1573 Christum
2775 1519 2828 1572 in
2876 1518 3247 1574 excellentiori
3303 1533 3398 1573 sua
3441 1527 3635 1573 natura

2033 1625 2138 1664 non
2186 1608 2387 1663 factum
2434 1608 2548 1664 sive
2576 1608 2796 1664 minime
2816 1619 3058 1664 creatum
3099 1624 3253 1675 esse,
3290 1610 3386 1666 sed
3413 1625 3482 1665 ex
3509 1611 3630 1681 ipso

2034 1700 2147 1756 Deo
2185 1700 2517 1770 processisse
2539 1742 2555 1767 ,
2588 1699 2815 1770 proinde
2848 1701 3013 1756 Deum
3059 1716 3125 1756 ex
3177 1702 3284 1758 Deo
3312 1717 3455 1768 esse,
3486 1702 3630 1757 haud

322 1788 421 1827 ms
472 1771 700 1828 credere
739 1769 1121 1865 l’osﬂpa‘rem
1166 1768 1220 1823 in
1268 1767 1459 1823 Fi'i‘m‘
1479 1766 1922 1865 _Dei_Chri5wm
1955 1799 2004 1860 B
2032 1766 2208 1848 minus
2244 1792 2447 1849 diserte
2482 1766 2731 1849 afﬁrmat.
2778 1793 2923 1850 idem
2959 1796 3116 1864 paulo
3166 1804 3288 1865 post
3343 1796 3394 1850 in
3438 1766 3631 1851 eodem

322 1865 508 1922 Jesum
553 1865 839 1923 Dominum
878 1863 1049 1920 Deum
1091 1870 1358 1919 nOstrum.
1402 1882 1420 1915 ι
1478 1860 1718 1917 Tandem
1759 1877 1927 1933 prope

322 1958 484 2015 ﬁnem
528 1957 774 2030 ejusdem
825 1957 1141 2022 Tractatus,
1171 1969 1429 2025 expresse
1484 1954 1678 2022 tradit,
1728 1954 1928 2011 debere

322 2066 423 2107 nos
449 2051 671 2108 credere
721 2053 775 2107 in
826 2051 1086 2122 Spiritum
1140 2059 1422 2114 sanctum,
1472 2050 1602 2106 olim
1667 2048 1925 2105 Ecclesiae

321 2146 745 2213 repromissum,
791 2145 886 2201 sed
931 2144 1146 2199 statutis
1195 2152 1494 2213 temporum
1547 2144 1923 2214 opportunita-

321 2237 463 2293 tibus
482 2238 748 2295 redditum
778 2236 861 2312 (5)
888 2256 900 2292 :
942 2256 961 2289 ι
992 2236 1098 2295 Sed
1126 2236 1269 2291 enim
1301 2234 1434 2291 ordo
1465 2236 1689 2291 rationis
1714 2246 1771 2291 et
1802 2235 1923 2291 ﬁdei

317 2332 630 2387 Auctoritas
668 2331 892 2403 digestis
943 2331 1167 2387 vocibus
1213 2339 1269 2386 et
1318 2329 1512 2386 litteris
1567 2331 1778 2385 Domini
1830 2329 1925 2385 ad-

319 2433 508 2482 monet
549 2440 648 2482 nos
706 2434 830 2497 post
880 2424 997 2480 haec
1051 2423 1277 2481 credere
1327 2424 1488 2479 etiam
1556 2425 1608 2479 in
1666 2423 1922 2494 Spiritum

320 2531 593 2576 sanctum.
617 2538 635 2572 ι
670 2519 847 2575 Habes
893 2518 1055 2590 igitur
1086 2527 1196 2574 tres
1216 2517 1429 2573 divinas
1470 2516 1741 2573 Personas
1771 2532 1923 2588 pers-

319 2613 480 2685 picue
524 2628 555 2668 a
591 2611 890 2669 Novatiano
924 2610 1222 2676 distinctas,
1272 2610 1363 2682 qui
1414 2610 1572 2681 paulo
1618 2608 1756 2665 infra
1805 2610 1923 2667 haec

316 2704 479 2761 habet
507 2703 632 2777 (4):
671 2723 689 2757 ‹
722 2704 794 2760 Et
814 2704 931 2760 lucc
957 2703 1175 2775 quidem
1218 2704 1286 2760 de
1334 2704 1514 2770 Patre,
1557 2713 1607 2758 ct
1640 2703 1709 2759 de
1758 2702 1919 2769 Filio,

312 2810 369 2855 et
402 2799 470 2855 de
515 2799 718 2870 Spiritu
746 2807 952 2855 sancto.
998 2818 1016 2851 ι
1054 2798 1133 2854 Ex
1162 2798 1356 2869 quibus
1399 2798 1624 2863 eruitur,
1656 2812 1755 2868 per
1790 2811 1921 2853 con-

307 2890 641 2962 junctionem
690 2898 781 2958 et,
833 2890 991 2946 sicuti
1034 2898 1087 2945 et
1135 2905 1230 2960 per
1280 2888 1591 2945 adverbium
1648 2907 1664 2941 ι
1703 2890 1863 2945 etiam
1894 2910 1913 2944 ι

314 2992 495 3039 textus
523 2997 682 3053 supra
724 2982 997 3047 recensiti,
1042 2980 1147 3037 hoc
1181 2982 1301 3038 loco
1356 2997 1662 3038 sermonem
1704 2996 1824 3039 esse
1849 2982 1919 3039 de

314 3077 485 3131 tribus
512 3076 755 3146 personis
782 3075 1077 3141 distinctis,
1126 3090 1351 3146 quarum
1396 3088 1499 3129 una
1546 3090 1651 3129 non
1679 3082 1762 3129 est
1789 3073 1914 3129 alia.

2032 1890 2246 1959 capite:
2286 1908 2304 1940 ‹
2345 1888 2425 1952 Si,
2457 1889 2651 1960 inquit,
2704 1888 2869 1945 homo
2920 1890 3291 1948 tantummodo
3341 1889 3586 1945 Christus
3613 1933 3628 1958 ,

2030 1981 2158 2053 quid
2210 1991 2321 2046 est,
2367 1983 2510 2054 quod
2548 1986 2664 2039 ait:
2748 1982 2864 2055 Ego
2910 1995 2956 2039 et
3008 1983 3169 2041 Pater
3207 2001 3366 2040 unum
3414 1988 3637 2040 sumus?

2027 2074 2311 2142 Quomodo
2339 2076 2482 2130 enim
2523 2091 2624 2146 ego
2668 2085 2723 2131 et
2770 2076 2929 2133 Pater
2979 2093 3144 2133 unum
3189 2093 3397 2145 sumus,
3445 2078 3491 2133 si
3522 2094 3630 2133 non

2030 2182 2083 2223 et
2130 2168 2270 2224 Dens
2317 2178 2401 2223 est
2430 2178 2483 2223 et
2512 2168 2713 2233 Filius,
2746 2169 2837 2236 qui
2870 2169 3070 2225 idcirco
3103 2186 3269 2225 unum
3301 2178 3481 2241 potest
3506 2169 3632 2236 dici,

2028 2259 2156 2315 dum
2198 2276 2265 2316 ex
2307 2260 2424 2331 ipso
2454 2269 2557 2328 est,
2604 2271 2657 2316 et
2685 2260 2812 2316 dum
2854 2260 3025 2318 Filius
3052 2262 3170 2330 ejus
3236 2271 3355 2327 est,
3400 2271 3455 2317 et
3507 2260 3642 2317 dum

2028 2370 2094 2411 ex
2144 2354 2260 2426 ipso
2289 2355 2552 2422 nascitur,
2587 2365 2641 2411 et
2685 2355 2814 2410 dum
2856 2371 2921 2412 ex
2971 2357 3087 2426 ipso
3116 2357 3447 2425 processisse
3477 2370 3632 2428 repe—

2027 2449 2200 2515 ritur,
2259 2464 2353 2519 per
2386 2448 2529 2519 quod
2571 2456 2625 2503 et
2683 2449 2829 2506 Deus
2863 2459 2966 2505 est.
3008 2469 3027 2502 ι
3064 2450 3140 2505 Ex
3171 2465 3279 2521 quo
3314 2449 3432 2506 loco
3480 2449 3630 2505 clare

2026 2539 2291 2595 refellitur
2333 2539 2535 2596 Petavii
2566 2540 2833 2595 calumnia
2878 2542 2931 2596 in
2984 2540 3142 2611 hujus
3164 2540 3285 2596 libri
3318 2544 3626 2605 Auctorem,

2026 2633 2155 2688 dum
2193 2634 2297 2699 ait,
2356 2633 2530 2704 ipsum
2568 2651 2587 2684 ε
2642 2633 2810 2688 verba
2843 2634 2931 2689 illa
2961 2632 3189 2690 Joannis
3234 2633 3478 2703 decimo,
3523 2634 3634 2706 Ego

2025 2737 2071 2781 et
2126 2726 2284 2782 Pater
2327 2743 2491 2782 unum
2543 2743 2756 2795 sumus,
2798 2727 2999 2783 Ariano
3055 2744 3192 2800 pene
3249 2744 3402 2785 more
3449 2729 3636 2785 decla-

2024 2836 2215 2888 rasse;
2261 2841 2278 2874 ι
2333 2823 2398 2878 ad
2453 2823 2590 2879 hanc
2645 2839 2927 2880 censuram
2979 2824 3402 2881 conﬁrmandam
3456 2825 3629 2881 citans

2023 2917 2121 2971 ista
2149 2916 2267 2985 ejus
2289 2917 2453 2971 verba
2490 2932 2611 2987 cap.
2642 2932 2832 2972 xxxn:
2870 2936 2889 2969 ι
2920 2914 3098 2971 Unum
3140 2926 3320 2971 autem
3354 2916 3497 2987 quod
3525 2916 3631 2983 ait,

2021 3007 2087 3062 ad
2136 3007 2481 3063 concordiam
2535 3017 2591 3064 et
2643 3007 2889 3063 eamdem
2926 3008 3293 3074 sententiam,
3355 3018 3412 3062 et
3464 3008 3636 3078 ipsam

2022 3100 2300 3155 charitatis
2330 3100 2642 3156 societatem
2678 3100 2947 3170 pertinet;
2982 3110 3038 3154 ut
3085 3101 3278 3155 merito
3314 3115 3478 3155 unum
3522 3102 3630 3154 sint

312 3168 541 3265 Certim
596 3166 811 3265 F'aflueg
861 3167 1182 3265 ﬁrmumque
1213 3177 1393 3265 ηἶθτξθί
1420 3208 1435 3232 ν
1485 3165 1864 3265 ΝΡῬΪῘΨἾΜ,
1886 3183 1915 3221 ³
1943 3198 1988 3262 C
2021 3194 2182 3249 Pater
2210 3203 2265 3249 et
2291 3192 2462 3249 Filius
2506 3209 2603 3264 per
2641 3165 2987 3250 concordiam
3007 3237 3022 3261 ,
3054 3204 3107 3249 et
3148 3208 3244 3265 per
3267 3209 3507 3249 amorem
3530 3236 3545 3259 ,
3574 3205 3634 3248 et

271 3303 274 3307 ε
322 3261 542 3318 nemine
592 3260 894 3316 insimulari
941 3275 1136 3332 posse,
1194 3260 1337 3330 quod
1366 3261 1536 3316 errori
1566 3258 1785 3316 Sabellii
1839 3258 1919 3315 fac

316 3357 458 3411 verit
481 3367 569 3411 aut
595 3355 920 3426 praeluserit.
954 3355 1060 3411 Sed
1085 3354 1212 3425 quid
1243 3354 1313 3410 de
1351 3352 1711 3409 Arianismo?

389 3449 453 3505 ll.
496 3447 849 3504 Novatianum
891 3448 959 3504 de
987 3447 1265 3503 Trinitatis
1294 3447 1553 3520 mysterio
1601 3467 1618 3501 ι
1652 3462 1760 3503 non
1787 3445 1920 3501 satis

315 3552 566 3597 accurate
621 3555 743 3598 esse
804 3541 1074 3607 locutum,
1143 3541 1308 3595 immo
1358 3539 1593 3595 absurde
1662 3538 1920 3609 pleraque

317 3637 634 3702 tradidisse,
687 3655 706 3689 ι
739 3635 869 3691 dicit
908 3636 1155 3691 Petavius
1183 3633 1294 3706 (5);
1324 3642 1379 3689 et
1420 3632 1671 3699 Sandins,
1718 3631 1923 3687 Petavii

311 3732 559 3805 judicio,
608 3740 667 3786 ut
712 3731 874 3796 solet,
926 3730 1149 3786 nimium
1170 3730 1426 3792 conﬁsus,
1472 3730 1644 3797 ipsum
1668 3734 1919 3782 accenset

316 3828 381 3883 iis
431 3828 521 3899 qui
571 3826 710 3883 idem
765 3826 907 3898 quod
936 3827 1125 3889 Arius,
1156 3834 1280 3879 ante
1321 3823 1660 3880 tradiderunt
1687 3820 1789 3895 (6).
1815 3822 1922 3877 Ve-

320 3935 440 3975 rum
490 3920 668 3974 minus
718 3928 969 3975 accurata
1015 3927 1069 3973 et
1112 3917 1341 3972 absurda
1397 3916 1485 3971 illa
1533 3916 1619 3971 vel
1672 3915 1737 3969 ad
1800 3914 1921 3970 Filii

321 4017 624 4081 οἶνοκομίαν,
653 4013 739 4068 vel
770 4012 834 4067 ad
868 4011 1230 4066 minoritatcm
1262 4010 1418 4064 istam
1463 4008 1580 4063 Filii
1610 4007 1676 4063 ad
1706 4006 1921 4062 Patrem

323 4113 593 4176 tamquam
642 4104 708 4159 ad
744 4111 1019 4160 auctorem
1066 4112 1121 4159 et
1153 4102 1471 4174 principium
1501 4114 1655 4155 suum
1704 4096 1918 4165 collati,

321 4214 483 4269 quam
529 4196 786 4252 Catholici
816 4211 1002 4252 omnes
1031 4196 1191 4251 etiam
1216 4202 1332 4264 post
1362 4193 1624 4265 synodum
1653 4191 1922 4247 Nicmnam

323 4299 679 4361 agnoverunt,
696 4288 981 4345 referenda
1002 4286 1319 4358 suntjudice
1333 4285 1643 4341 doctissimo
1661 4283 1812 4337 Bnllo
1822 4283 1923 4357 (7).

323 4382 676 4439 Novatiannm
737 4390 914 4436 autem
996 4396 1117 4435 cum
1186 4378 1314 4433 Ario
1381 4376 1601 4432 minime
1667 4376 1923 4445 sensisse,

325 4479 510 4549 paucis
548 4492 612 4531 ex
662 4477 798 4546 ipso.
830 4474 924 4529 sed
958 4474 1024 4529 iis
1055 4470 1515 4537 luculentissimis,
1545 4467 1789 4555 adductis
1821 4476 1927 4524 tes-

2024 3300 2121 3356 per
2176 3286 2602 3341 dilectionem.»
2652 3287 2852 3357 Atqui,
2906 3286 3160 3357 inquam,
3220 3301 3286 3341 ex
3343 3288 3463 3340 loco
3521 3286 3635 3357 jam

2022 3397 2051 3437 a
2083 3383 2237 3438 nobis
2288 3383 2453 3438 allato
2497 3390 2714 3438 consmt
2736 3423 2752 3450 ,
2793 3393 3072 3438 auctorem
3102 3383 3265 3437 verba
3295 3382 3383 3436 illa
3414 3380 3637 3437 Joannis

2026 3491 2133 3532 non
2180 3475 2248 3532 de
2299 3476 2413 3531 sola
2453 3475 2785 3542 concordia,
2841 3477 2956 3531 sive
3007 3491 3277 3532 consensu
3340 3475 3635 3530 voluntatis

2026 3566 2191 3638 (quod
2235 3566 2421 3622 Ariani
2457 3566 2724 3640 fecerunt)
2744 3608 2760 3634 ,
2791 3567 2887 3623 sed
2918 3568 3104 3633 etiam,
3136 3578 3297 3638 atque
3328 3566 3591 3639 imprimis
3618 3611 3633 3631 ,

2025 3658 2093 3714 de
2139 3659 2519 3714 communione
2564 3658 2913 3726 substantiae,
2959 3676 3079 3730 qua:
3125 3660 3266 3715 inter
3311 3659 3524 3715 Patrem
3580 3668 3635 3713 et

2026 3751 2222 3808 Filium
2268 3751 2584 3817 intercedit,
2633 3767 2755 3807 cum
2804 3752 3087 3809 catholicis
3133 3751 3356 3807 omnino
3416 3750 3631 3806 intelle-

2027 3848 2199 3902 xisse.
2242 3846 2396 3915 Quod
2424 3856 2479 3902 ct
2507 3861 2574 3901 eo
2605 3848 2722 3917 ipso
2746 3846 2799 3901 in
2832 3846 2949 3901 loco
2971 3888 2985 3911 ,
3015 3860 3175 3917 quem
3201 3846 3329 3901 citat
3360 3843 3630 3909 Petavius,

2025 3952 2215 3997 auctor
2262 3941 2407 3996 clare
2432 3940 2564 3996 satis
2586 3940 2860 4011 exprimit,
2893 3939 3019 3995 dum
3036 3939 3151 3994 lucc
3168 3938 3327 3994 verba
3348 3937 3401 4011 (a
3415 3936 3637 3993 Petavio

2029 4034 2167 4090 haud
2193 4035 2327 4089 bona
2361 4035 2466 4090 ﬁde
2490 4034 2681 4106 celata)
2711 4041 2898 4103 ἀμέσως
2922 4033 3173 4102 suhjicit:
3211 4051 3229 4083 ι
3271 4032 3338 4087 Et
3376 4031 3628 4103 quoniam

2028 4143 2096 4183 ex
2131 4127 2296 4182 Patre
2321 4135 2436 4192 est,
2470 4125 2723 4197 quicquid
2756 4126 2884 4180 illud
2908 4134 2990 4181 est
3015 4124 3182 4180 Filius
3225 4135 3337 4189 est;
3382 4132 3634 4179 manente

2031 4229 2208 4276 tamen
2238 4218 2613 4284 distinctione,
2647 4228 2705 4273 ut
2736 4234 2843 4272 non
2892 4219 2961 4271 sit
2987 4218 3148 4273 Pater
3178 4216 3269 4272 ille
3295 4216 3384 4287 qui
3417 4215 3586 4270 Filius
3610 4257 3627 4281 ,

2029 4317 2152 4384 quia
2184 4328 2283 4367 nec
2310 4310 2476 4367 Filius
2508 4310 2630 4376 ille,
2661 4311 2749 4382 qui
2778 4310 2938 4365 Pater
2966 4322 3068 4366 est.
3106 4330 3124 4361 ι
3158 4309 3419 4365 Nimirum
3440 4308 3629 4364 Sabel-

2032 4404 2086 4459 lii
2120 4402 2348 4458 htcrcsin
2392 4403 2466 4457 ibi
2511 4402 2667 4457 unice
2713 4403 3009 4474 impugnat,
3047 4418 3168 4473 qua:
3222 4402 3435 4457 Patrem
3464 4412 3516 4457 et
3535 4400 3632 4456 Fi-

2032 4496 2161 4551 lium
2212 4496 2294 4551 sic
2336 4511 2499 4551 unum
2547 4496 2838 4566 prredicat,
2891 4504 2949 4550 ut
2995 4495 3392 4551 distinctionem
3432 4496 3632 4552 Perso-

327 4571 567 4626 tintoniis
587 4571 952 4634 den-tonstj-at;
980 4568 1063 4624 cui
1111 4562 1556 4623 demonstrationi
1591 4561 1740 4635 (sunt
1762 4561 1924 4617 verba
1954 4602 2005 4662 Β
2032 4605 2222 4644 mrum
2253 4589 2475 4644 omnino
2511 4561 2681 4644 "illa"
2716 4561 2994 4644 Μήνης
3020 4589 3157 4643 hanc
3188 4587 3418 4645 ,ἱππείῃ
3450 4589 3630 4655 docet,

324 4663 407 4718 Cl.
460 4662 621 4732 Bnlli)
666 4661 770 4717 hoc
818 4677 979 4716 unum
1049 4659 1423 4731 praemittimus
1489 4653 1918 4724 observandum,

327 4759 501 4826 ipsum
554 4756 827 4813 Petavium
894 4754 1021 4811 alibi
1068 4753 1145 4827 (8)
1211 4750 1367 4807 fateri
1431 4748 1649 4805 disertis
1704 4746 1922 4812 verbis,

327 4855 505 4908 minus
555 4859 837 4917 accurata,
889 4858 943 4905 et
986 4846 1218 4903 absurda
1275 4845 1399 4911 illa‘,
1464 4857 1585 4914 qum
1629 4841 1781 4912 operi
1826 4852 1925 4894 suo

329 4947 554 5002 inseruit
599 4945 923 5002 Novatianus
949 4987 963 5009 ,
995 4961 1014 4995 ι
1054 4953 1146 4998 aut
1189 4941 1305 4997 solo
1337 4937 1588 5011 loquendi
1621 4936 1803 5002 modo,
1835 4943 1929 4989 aut

330 5051 477 5098 certe
535 5042 668 5096 citra
740 5038 982 5112 mysterii
1063 5034 1459 5099 substantiam,
1519 5032 1587 5088 ab
1649 5029 1929 5087 Catholica

332 5134 536 5206 Regula
601 5134 930 5204 discrepare.
968 5151 988 5185 ι
1051 5130 1164 5187 Hoc
1228 5126 1455 5184 strictim
1517 5134 1747 5191 notato,
1816 5138 1930 5180 rem

409 5249 490 5319 (ι)
529 5246 808 5319 Notavian.
854 5243 942 5298 lib.
964 5243 1037 5319 _de
1070 5241 1308 5297 Trinitat.
1337 5253 1457 5310 cap.
1486 5237 1571 5293 10.

407 5316 491 5388 (9)
526 5319 605 5374 Id.
637 5318 767 5373 ibid.
795 5332 912 5385 cap.
945 5316 1006 5388 gl.

408 5386 486 5461 (ὅ)
527 5391 603 5446 Id.
631 5390 760 5446 ibid.
785 5403 905 5458 cap.
936 5386 1029 5461 2Q.

409 5458 491 5536 (4)
534 5458 1038 5536 id.ibid._(‘_ap._5(i.
1114 5527 1147 5536 ἢ
1318 5534 1322 5536 Α
1409 5523 1424 5536 ι
1495 5521 1582 5536 η.
1630 5523 1662 5536 Ἀ
1737 5521 1769 5536 ν

408 5521 713 5615 (5}__Petav.
767 5521 1058 5603 Théologic.
1102 5527 1344 5600 Dogmat.
1392 5523 1460 5581 de
1495 5521 1688 5578 Trinit.
1737 5521 1834 5577 lib.
1893 5537 1931 5589 ι,

334 5606 890 5757 θθῖὸ)5ξεξίᾖςῗ.ξικιιεαι.
923 5672 1086 5757 li."
1121 5671 1239 5757 uti).
1275 5686 1314 5737 ι,
1345 5684 1465 5757 ρειςζ
1511 5666 1637 5757 (to.

436 5739 495 5815 7')
539 5751 674 5805 Bull.
711 5748 919 5815 Defens.
964 5744 1091 5815 Fid.
1133 5739 1486 5811 Nica’n.pag.
1521 5739 1647 5793 154.

417 5756 466 5826 (7
539 5756 674 5805 Bull.
711 5756 919 5815 Helena.
964 5756 1091 5800 Ftd.
1133 5756 1337 5798 meum.
1365 5756 1486 5811 pag.
1521 5756 1647 5793 τοι.

417 5756 495 5896 (8i
537 5822 719 5878 Petav.
746 5820 809 5876 L.
851 5836 900 5876 c.
934 5813 1151 5874 Prazfat.
1200 5815 1254 5870 in
1282 5824 1413 5870 tom.
1441 5827 1501 5878 ll,
1538 5825 1657 5881 cap.
1691 5808 1747 5878 5,
1795 5825 1850 5865 n.
1881 5809 1936 5863 ὃ.

2027 4680 2240 4736 Patrem
2287 4689 2341 4737 et
2372 4680 2566 4736 Filium
2618 4695 2783 4734 unum
2829 4680 3044 4750 quidem
3096 4696 3217 4737 esse
3261 4695 3384 4735 cum
3441 4680 3632 4736 volun-

2031 4776 2156 4829 tatis
2191 4788 2479 4838 consensu,
2531 4781 2643 4827 tum
2695 4772 2856 4827 etiam
2912 4773 3226 4828 substantia:
3274 4772 3511 4840 unitate,
3558 4774 3635 4828 si-

2028 4866 2243 4940 quidem
2287 4866 2455 4921 Filius
2481 4880 2546 4920 ex
2570 4865 2690 4937 ipso
2735 4873 2973 4935 paterna:
3001 4865 3250 4919 essentia:
3288 4863 3435 4920 fonte
3477 4862 3627 4919 deri-

2032 4971 2227 5029 vetur;
2283 4960 2381 5018 scd
2430 4970 2610 5017 tamen
2654 4959 2789 5017 duos
2834 4959 3054 5016 omnino
3105 4974 3226 5015 esse
3288 4959 3638 5016 subsistentia

2034 5059 2147 5115 sive
2179 5070 2428 5129 persona.

2109 5151 2376 5207 Prreterea
2407 5159 2461 5206 τὸ
2489 5150 2742 5218 ὁμοούσιον
2771 5146 2890 5203 Filii
2910 5146 3332 5203 luculentissime
3357 5145 3643 5204 conﬁrmat

2036 5252 2186 5307 locus
2228 5266 2294 5306 ex
2339 5249 2513 5319 capite
2550 5249 2636 5315 ll,
2669 5246 2757 5303 ubi
2800 5245 2869 5301 de
2918 5253 3144 5317 utraque
3188 5243 3385 5301 Christi
3425 5254 3640 5314 natura,

2037 5342 2217 5398 divina
2258 5351 2311 5397 et
2348 5341 2581 5396 humana
2624 5339 2704 5396 sic
2741 5338 3073 5394 Novatianus
3118 5338 3392 5409 loquitur:
3442 5357 3463 5391 ι
3508 5338 3642 5394 'l‘am

2045 5457 2063 5489 ‹
2113 5438 2254 5494 enim
2294 5436 2570 5506 Scriptura
2618 5432 2777 5489 etiam
2816 5433 2985 5487 Deum
3030 5433 3313 5487 annuntiat
3342 5430 3641 5500 Christum,

2039 5546 2197 5601 quam
2239 5530 2398 5584 etiam
2444 5528 2616 5597 ipsum
2670 5525 2943 5580 hominem
2975 5526 3259 5579 annuntiat
3286 5525 3477 5581 Deum.
3505 5525 3641 5581 Tam

2040 5621 2315 5678 hominem
2347 5619 2532 5675 Jesum
2563 5632 2722 5688 quam
2748 5616 2915 5672 Deum
2937 5632 3151 5688 quoque
3177 5617 3461 5685 descripsit
3485 5616 3641 5674 Chri-

2039 5726 2179 5770 stum
2208 5712 2510 5767 Dominum.
2538 5709 2802 5777 Quoniam
2821 5723 2919 5764 nec
2942 5708 3033 5764 Dei
3052 5717 3253 5762 tantum
3280 5709 3427 5763 illutn
3452 5708 3644 5764 Filium

2049 5822 2169 5863 esse
2205 5805 2485 5879 proponit,
2530 5802 2623 5859 sed
2664 5811 2719 5858 ct
2748 5800 3019 5870 hominis;
3052 5816 3152 5859 nec
3183 5801 3417 5858 hominis
3444 5810 3647 5857 tantum
