4026 6328
418 271 528 332 883

1477 273 1566 329 DE
1607 272 1766 330 VITA
1795 272 1887 331 ET
1927 271 2241 331 SCRIPTIS
2289 273 2685 332 NOVATIANI.

3629 277 3734 336 ω

419 389 574 459 dicit,
604 390 700 447 sed
723 398 778 447 et
794 391 890 447 Dei
916 391 1121 447 referre
1139 389 1419 446 consuevit
1446 405 1460 442 :
1489 398 1545 444 ut
1571 389 1697 445 dum
1715 405 1781 447 ex
1799 398 2025 462 utroque
2052 393 2107 452 Α
2131 390 2438 462 prehendit,
2469 389 2615 461 quod
2659 392 2839 462 capite
2884 391 2916 446 7
2961 391 3166 448 scribat
3206 394 3486 465 sequentia
3518 412 3533 448 :
3572 410 3594 448 t
3632 394 3737 451 De-

415 497 524 553 est,
549 495 836 557 utrumque
883 488 976 555 sit,
998 501 1087 553 ne,
1107 485 1153 540 si
1183 484 1411 540 alterum
1437 491 1646 539 tantum
1676 485 1763 552 sit,
1791 484 2022 540 alterum

413 594 540 636 esse
587 594 694 635 non
749 580 935 651 possit.
996 578 1066 635 Ut
1111 579 1255 633 enim
1317 577 1646 647 prmscripsit
1676 578 1790 647 ipsa
1833 586 2023 632 natura

414 672 691 727 hominem
746 670 1095 735 credendum,
1140 670 1231 741 qui
1270 685 1336 725 ex
1365 668 1584 725 homine
1605 669 1692 735 sit,
1715 669 1788 724 ita
1831 668 2021 725 eadem

414 770 607 817 natura
637 762 935 833 praescribit
980 771 1037 818 et
1067 762 1233 817 Deum
1260 760 1588 816 credendum
1646 776 1787 827 esse,
1819 761 1908 833 qni
1954 777 2023 817 ex

417 857 534 913 Deo
581 856 791 912 sitzne
831 858 877 912 si
930 871 1038 911 non
1080 864 1135 912 et
1169 856 1311 911 Deus
1365 853 1560 920 fuerit,
1616 870 1736 910 cum
1791 871 1858 910 ex
1911 856 2022 911 Deo

413 949 509 1015 sit,
535 948 648 1019 jam
706 963 808 1003 nec
868 948 1033 1002 homo
1084 948 1193 1013 sit,
1262 948 1386 1001 licet
1440 962 1507 1014 ea
1569 945 1791 1001 homine
1835 945 2017 1014 fuerit,

413 1055 470 1098 et
518 1043 570 1097 in
616 1042 880 1097 alterutro
932 1051 1219 1112 utrumque
1249 1040 1598 1110 periclitetur,
1631 1039 1759 1095 dum
1791 1041 2018 1096 alterum

411 1135 586 1191 altero
627 1133 789 1189 ﬁdem
832 1134 1133 1204 perdidisse
1187 1132 1545 1189 convincitur.
1585 1151 1605 1184 ι
1654 1132 1815 1188 Certo
1864 1148 2020 1189 mens

405 1227 488 1283 illi
515 1236 624 1282 tota
664 1228 875 1299 caligat,
923 1228 1012 1299 qui
1045 1242 1149 1283 non
1195 1227 1336 1281 illico
1359 1226 1635 1298 perspicit,
1671 1225 1819 1282 hisce
1841 1227 2018 1282 verbis

406 1320 750 1391 apertissime
780 1320 964 1376 doceri
990 1320 1261 1376 Christum
1289 1318 1512 1389 perinde
1537 1320 1648 1373 Deo
1678 1318 1822 1375 Patri
1848 1324 2018 1388 ὁμοοΰα

407 1437 512 1468 σιον
542 1428 684 1480 esse,
714 1429 817 1484 qua
863 1428 929 1469 ex
980 1413 1089 1468 Deo
1119 1423 1223 1478 est,
1255 1421 1415 1483 atquc
1451 1416 1702 1481 ὁμοοὺσιος
1740 1420 1825 1467 est
1863 1413 2018 1468 nobis

409 1508 741 1572 hominibus,
774 1524 878 1577 qua
913 1523 979 1563 ex
1008 1506 1228 1563 homine
1246 1516 1370 1572 est;
1407 1520 1582 1577 neque
1611 1507 1790 1562 minus
1825 1523 2015 1565 verum

408 1602 603 1666 Deum,
650 1615 810 1671 quam
842 1615 1030 1656 verum
1059 1599 1332 1654 hominem
1364 1613 1504 1654 esse.
1562 1597 1830 1653 Cancrum
1870 1599 2016 1656 haud

405 1693 756 1766 injucundum
785 1695 887 1749 erit
912 1694 1222 1757 observare,
1245 1692 1386 1763 quod
1415 1691 1766 1760 Novatianus,
1792 1696 2012 1763 cap.l5,

2129 483 2291 556 nique
2321 485 2365 540 si
2392 485 2669 557 acceperis
2694 484 2952 555 Spiritum
2981 486 3336 544 substantiam
3364 488 3483 556 Dei,
3513 500 3734 546 creatu-

2127 592 2241 633 ram
2264 578 2455 634 feeeris
2478 578 2668 647 Deum,
2688 580 2867 636 omnis
2885 582 3027 637 enim
3053 581 3283 653 Spiritus
3301 590 3550 649 creatura
3571 595 3674 641 est.
3706 605 3726 640 I

2127 668 2256 724 ﬂare
2272 670 2417 727 enim
2451 671 2634 738 verba,
2670 690 2690 723 ι
2724 673 2899 728 omnis
2925 675 3143 744 spiritus
3173 684 3417 730 creatura
3444 686 3549 744 est,
3581 694 3602 729 ι
3633 677 3733 732 mi-

2127 761 2271 817 nime
2301 762 2557 831 Spiritum
2586 774 2824 820 sanctum
2847 766 3135 838 attingunt.
3178 767 3519 823 Demonstrat
3547 769 3727 824 Nova-

2124 854 2302 909 tianus
2343 855 2511 910 Deum
2540 856 2608 910 ab
2637 856 2943 914 hominibus
2974 859 3117 915 nulla
3148 875 3282 916 voce
3307 861 3579 934 designari
3610 879 3733 933 pos-

2125 961 2206 1013 se,
2236 962 2356 1016 quac
2385 963 2489 1001 non
2511 948 2798 1018 plurimum
2817 950 3113 1009 aberretab
3135 952 3340 1009 inlinita
3366 955 3455 1009 illa
3486 954 3734 1026 Majesta-

2124 1046 2197 1092 te.
2251 1037 2608 1105 Quamobrem
2659 1042 2771 1096 sivc
2812 1042 2937 1105 luas,
2976 1044 3092 1099 sive
3140 1046 3387 1115 spiritus,
3432 1046 3548 1104 sive
3600 1049 3735 1121 ignis

2122 1129 2333 1184 dicatur
2351 1173 2366 1197 ,
2418 1131 2549 1187 nihil
2593 1133 2783 1189 horum
2809 1145 2933 1205 apte
2959 1135 3028 1191 de
3054 1136 3182 1202 Deo,
3209 1147 3264 1192 et
3284 1140 3570 1194 commode
3601 1155 3728 1210 pro-

2125 1226 2358 1279 nuntiari
2388 1242 2402 1291 ;
2436 1237 2720 1296 propterea
2771 1230 2915 1300 quod
2944 1239 2997 1284 et
3023 1231 3266 1301 spiritus,
3314 1240 3369 1288 et
3404 1233 3547 1302 ignis
3576 1248 3729 1290 crea-

2130 1325 2261 1372 tunc
2279 1318 2405 1372 sint.
2442 1337 2461 1371 t
2498 1318 2640 1383 Haec,
2675 1321 2865 1392 inquit,
2899 1322 3194 1397 ﬁgurantur
3230 1312 3432 1397 potius,
3459 1342 3621 1399 quam
3660 1329 3728 1384 ita

2122 1421 2268 1466 sunt.
2288 1410 2419 1467 Nam
2444 1413 2566 1467 etin
2590 1413 2768 1469 Veteri
2799 1414 3149 1474 Testamento
3181 1419 3320 1475 Deus
3340 1421 3477 1493 ignis
3510 1422 3726 1489 dicitur;

2120 1514 2179 1559 ut
2206 1507 2472 1576 peccatori
2503 1509 2701 1577 popqu
2735 1519 2907 1563 metus
2936 1510 3246 1578 incutiatur,
3277 1512 3405 1568 dum
3434 1512 3610 1570 Judex
3637 1531 3727 1571 os-

2123 1597 2396 1667 tenditur;
2454 1611 2508 1655 et
2545 1601 2597 1654 in
2637 1599 2789 1655 Novo
2815 1601 3165 1659 Testamento
3194 1606 3411 1674 spiritus
3439 1621 3563 1663 esse
3606 1622 3730 1679 pro-

2122 1692 2311 1759 fertur,
2367 1702 2425 1748 ut
2467 1693 2721 1759 refector,
2765 1703 2819 1750 et
2862 1706 3076 1753 creator
3105 1696 3156 1752 in
3184 1697 3399 1754 delictis
3439 1701 3553 1755 suis
3580 1716 3728 1756 mor-

408 1789 549 1845 sicut
613 1797 669 1843 et
722 1787 912 1858 reliqui
972 1787 1178 1858 antiqui
1231 1787 1442 1851 Patres,
1482 1787 1682 1853 passim
1725 1801 1825 1855 pro
1872 1786 2010 1841 divi-
2043 1793 2368 1858 Btuorum,
2425 1801 2521 1856 per
2575 1786 2715 1842 hanc
2766 1787 3061 1846 bonitatem
3116 1791 3328 1846 collatae
3384 1792 3731 1850 credentibus

407 1883 579 1940 nitate
603 1882 731 1938 Jesu
774 1881 976 1936 Christi
1020 1880 1439 1937 demonstranda
1480 1880 1544 1936 iis
1592 1880 1698 1934 sint
1740 1881 1821 1934 usi
1875 1879 2013 1936 Novi

408 1974 656 2031 Fmderis
688 1974 940 2037 testibus,
982 1988 1060 2028 sc.
1091 1972 1248 2028 Joan.
1285 1988 1323 2039 t,
1359 1972 1392 2025 3
1433 1981 1487 2026 et
1533 1972 1623 2036 M;
1656 1970 1813 2029 Joan.
1844 1987 1917 2036 tu,
1947 1973 2018 2028 15

411 2075 469 2124 et
496 2068 586 2134 i7;
640 2068 794 2123 Joan.
842 2067 1028 2132 x,50;
1061 2082 1153 2135 xx,
1200 2065 1291 2132 98;
1350 2064 1508 2119 Rom.
1539 2079 1619 2125 ix;
1653 2063 1719 2118 ad
1763 2062 2013 2132 Galat.1;

407 2158 621 2215 Coloss.
660 2176 697 2229 ι,
746 2171 877 2227 etc.,
926 2173 1060 2231 quos
1115 2158 1409 2214 etiamnum
1447 2165 1503 2212 et
1552 2156 1725 2213 nostri
1753 2157 2016 2229 Theologi

410 2254 524 2309 suis
551 2255 605 2308 in
634 2254 1057 2309 institutionibus
1084 2252 1362 2308 adhibent.

482 2347 576 2404 ιν.
619 2346 677 2403 ιιι
724 2348 915 2418 capitis
960 2347 1031 2403 29
1080 2360 1360 2418 processu,
1413 2342 1741 2399 Novatianus
1770 2360 1862 2401 eas
1892 2345 2016 2416 Spi-

406 2444 533 2500 ritui
559 2454 745 2498 sancto
786 2443 986 2498 addicit
1023 2443 1247 2497 virtutes
1292 2449 1345 2495 et
1397 2440 1760 2509 operationes,
1806 2455 1925 2510 quae
1962 2440 2017 2495 in

408 2544 716 2593 creaturam
766 2544 1075 2606 competere
1126 2534 1434 2605 neutiquam
1474 2543 1718 2603 possunt.
1765 2534 1842 2589 Ac
1867 2532 2020 2589 deni-

407 2645 515 2701 que
563 2644 731 2700 prepe
769 2629 928 2685 finem
982 2627 1171 2699 capitis
1190 2627 1365 2684 eidem
1404 2625 1623 2697 Spiritui
1656 2635 1845 2681 sancto
1880 2645 1899 2677 ι
1938 2626 2021 2681 di-

407 2725 589 2779 vinam
622 2723 981 2778 aeternitatem
1016 2741 1035 2775 )
1065 2735 1321 2792 expresse
1348 2719 1554 2774 tribuit.
1608 2718 1868 2789 Spiritum
1893 2733 2021 2773 san-

408 2825 578 2883 ctum,
603 2815 691 2872 ubi
746 2816 923 2885 capite
967 2831 1075 2882 xvi,
1112 2814 1183 2869 al.
1230 2828 1380 2879 xxnv,
1420 2812 1685 2867 minorem
1730 2826 1851 2867 esse
1884 2810 2020 2866 Filio

409 2910 571 2975 dicit,
627 2909 818 2965 eodem
866 2909 1023 2979 plane
1063 2908 1224 2963 modo
1266 2905 1693 2976 intelligendum,
1746 2920 1853 2976 quo
1900 2903 2019 2959 Filii

409 3002 929 3065 auhordinalionem,
971 3000 1037 3055 ad
1083 3000 1300 3055 Patrem
1342 2998 1519 3062 relati,
1563 2997 1822 3069 Theologi
1853 2998 2021 3051 inter-

407 3104 710 3165 pretantur,
728 3094 796 3147 ita
814 3093 1043 3158 scilicet,
1061 3092 1366 3163 utSpiritns
1394 3101 1614 3147 sanctus
1643 3090 1852 3145 dicatur
1880 3088 2019 3143 Filio

2122 1877 2488 1949 indulgentiae,
2545 1880 2952 1949 cmuprobetur.
2993 1901 3013 1934 ι
3050 1880 3151 1939 Ubi
3197 1883 3385 1951 vides,
3440 1903 3460 1937 ι
3500 1885 3637 1957 ignis
3680 1896 3732 1942 et

2122 1970 2345 2041 spiritus
2383 1988 2403 2022 ι
2435 1972 2831 2042 appellationes
2861 1973 3162 2030 Novatiano
3203 1991 3232 2030 a
3276 1974 3442 2032 rebus
3482 1978 3732 2033 materia—

2121 2060 2263 2115 libus
2309 2061 2593 2118 translatas
2635 2062 2841 2130 videri;
2888 2079 2989 2121 nec
3042 2081 3165 2121 eum
3208 2066 3276 2121 de
3306 2066 3509 2136 Spiritu
3544 2078 3732 2124 saucio

2121 2154 2320 2210 dictum
2353 2155 2618 2223 voluisse,
2651 2157 2793 2229 quod
2827 2177 2846 2210 ‹
2877 2174 3094 2215 omnem
3127 2161 3378 2232 Spiritum
3421 2180 3439 2215 ι
3476 2163 3552 2218 ait
3580 2178 3732 2220 crea-

2123 2257 2300 2304 turam
2326 2263 2468 2305 es~e.
2500 2248 2627 2304 Haec
2659 2249 2908 2308 Maranus
2940 2251 3042 2327 (Ξ).

2194 2342 2449 2409 Qucritur
2485 2344 2609 2400 dein
2660 2342 2951 2413 Pamelius,
2997 2342 3377 2415 Novatianum,
3410 2353 3589 2420 capite
3642 2351 3730 2418 50,

2124 2437 2385 2508 Spiritum
2428 2446 2670 2494 sanctum
2719 2455 2825 2494 non
2871 2440 3149 2511 appellare
3191 2441 3394 2509 Deum,
3424 2457 3525 2497 nec
3574 2442 3734 2497 ullam

2124 2528 2457 2585 mentionem
2486 2532 2604 2600 ejus
2634 2530 2834 2599 facere,
2864 2547 2985 2587 cum
3016 2531 3229 2588 Patrem
3253 2543 3307 2588 et
3349 2533 3544 2589 Filium
3571 2551 3730 2591 unum

2123 2638 2245 2680 esse
2279 2624 2470 2693 Deum,
2502 2624 2669 2681 hocce
2695 2627 2747 2682 in
2790 2627 2964 2697 capite
2999 2637 3187 2683 auctor
3215 2626 3568 2686 demonstrat.
3602 2630 3734 2687 San-

2123 2728 2267 2774 ctum
2291 2718 2508 2789 quidem
2533 2719 2792 2787 Spiritum
2822 2719 3139 2775 nominatim
3169 2735 3274 2775 non
3302 2721 3541 2792 appellat
3567 2723 3732 2778 Deum

2121 2808 2455 2866 Novatianus
2490 2810 2636 2866 :Sed
2687 2809 2757 2865 dc
2813 2810 2953 2866 illius
3003 2830 3022 2863 ι
3050 2812 3253 2866 divina
3293 2815 3593 2871 a-tcrnitate
3626 2833 3645 2867 ι
3681 2815 3732 2871 iu

2123 2905 2301 2973 capite
2350 2904 2687 2974 praecedente
2734 2920 2839 2960 non
2886 2904 3028 2971 silet,
3062 2914 3115 2960 et
3170 2906 3338 2961 Deum
3388 2923 3511 2964 esse
3556 2910 3734 2965 multis

2123 2997 2453 3069 argumentis
2510 2999 2720 3069 prohat.
2777 2997 2917 3066 Quid
2962 2998 3105 3053 enim
3149 2999 3197 3054 ei
3250 3001 3589 3070 propositum
3616 3012 3731 3071 est,

2125 3106 2247 3145 cum
2279 3089 2459 3146 divina
2508 3092 2653 3147 illius
2693 3092 2951 3145 attributa
2998 3089 3276 3159 defendit;
3328 3092 3431 3148 nisi
3463 3102 3525 3150 ut
3548 3096 3736 3165 probet

404 3189 587 3242 minor
616 3202 723 3241 non
751 3196 976 3250 naturae,
1007 3185 1102 3241 sed
1125 3185 1347 3255 originis
1376 3193 1649 3254 respectu.
1672 3182 1796 3253 quia
1823 3195 2019 3251 nempe
2046 3195 2091 3259 ρ
2123 3183 2267 3255 quod
2311 3200 2370 3239 se
2411 3185 2762 3255 probaturum
2812 3185 3157 3255 promiserat,
3212 3201 3407 3255 nempe
3455 3197 3726 3259 oportere,

406 3297 437 3336 a
464 3282 623 3337 Patre
644 3295 738 3351 per
754 3280 944 3336 Filium
967 3279 1271 3344 deducitur,
1303 3287 1361 3332 ιιι
1378 3278 1611 3346 loquitur
1627 3276 2014 3340 Tertullianus,

409 3375 532 3429 adv.
564 3374 825 3429 Praxeam
848 3414 862 3441 ,
892 3388 1013 3444 cap.
1056 3375 1111 3439 4,
1146 3386 1208 3427 ac
1248 3370 1473 3442 proinde
1501 3384 1597 3425 sua
1647 3369 1825 3424 omnia
1854 3383 1884 3422 ιι
1918 3367 2017 3422 Pa-

406 3482 492 3529 tre
520 3488 615 3542 per
642 3471 834 3527 Filium
862 3471 1073 3543 accipit,
1106 3480 1162 3526 ut
1184 3470 1313 3526 dicit
1335 3468 1664 3525 Novatianus
1696 3466 1800 3541 (l).

480 3566 774 3621 Levissima
805 3574 950 3633 sunt,
999 3580 1119 3636 quae
1170 3562 1439 3622 Pamelius
1484 3565 1536 3617 in
1583 3561 1889 3616 Novatiano
1930 3575 2017 3615 re-

476 3722 557 3793 (l)
597 3722 675 3777 Ex
699 3720 977 3779 Novatiani
1004 3722 1304 3793 principiis,
1329 3721 1422 3792 qui
1451 3720 1644 3776 Filium
1692 3731 1961 3791 quatenus
1982 3736 2013 3775 a

401 3794 566 3850 Patre
593 3794 828 3865 genitus,
866 3794 1009 3849 Patri
1041 3794 1301 3866 aequalem
1325 3802 1504 3866 negat,
1538 3803 1721 3861 aptum
1751 3803 1868 3846 erat
1898 3809 2014 3866 om-

399 3868 532 3931 nino
578 3864 632 3920 et
685 3880 1046 3935 consequens,
1102 3864 1158 3919 ut
1193 3864 1452 3932 Spiritum
1493 3873 1774 3928 sanctum,
1820 3865 1908 3932 qui
1945 3879 2012 3918 ex

398 3938 562 3993 Patre
612 3936 856 4007 Filioque
894 3936 1155 4005 procedit,
1185 3946 1414 4005 utroque
1461 3936 1725 4007 trniuorem
1753 3949 1875 3990 esse
1900 3946 2011 3990 sta-

393 4017 594 4065 tueret.
623 4008 733 4064 Nec
760 4006 929 4079 magis
955 4008 1021 4064 de
1061 4010 1294 4079 Spiritus
1321 4006 1490 4062 sancti
1518 4006 1797 4062 divinitate
1827 4008 2011 4065 detra-

396 4080 500 4141 hit,
534 4095 654 4134 cum
686 4095 808 4134 eum
850 4083 950 4134 hoc
976 4094 1138 4136 sensu
1180 4079 1441 4149 aequalem
1473 4079 1609 4141 Filio
1637 4090 1814 4148 negat,
1848 4094 2009 4148 quam

396 4151 469 4206 de
497 4149 640 4217 Filii,
672 4166 792 4206 cum
824 4166 944 4205 eum
975 4150 1122 4206 Patri
1155 4148 1391 4218 sulijicit,
1438 4159 1493 4204 ut
1541 4148 1764 4217 originis
1810 4151 2012 4219 princi-

394 4222 510 4294 pio,
562 4237 593 4276 a
626 4237 741 4294 quo
774 4230 956 4294 totam
1006 4223 1300 4277 divinitatis
1355 4223 1732 4276 auctoritatem
1775 4226 2007 4291 accepit.

397 4293 535 4363 Quin
565 4293 724 4347 etiam
752 4293 1000 4348 divinitas
1028 4294 1259 4363 Spiritus
1281 4294 1453 4347 Sancti
1488 4307 1590 4347 non
1625 4294 1815 4349 leviter
1860 4309 2009 4349 com-

392 4365 683 4421 mendatur
712 4364 815 4420 hoc
847 4367 985 4436 loco.
1027 4365 1159 4419 Nam
1188 4366 1232 4420 si
1259 4365 1490 4436 Spiritus
1519 4373 1736 4419 sanctus
1762 4375 2007 4436 creatura

390 4448 575 4501 esset;
629 4437 679 4490 id
719 4452 825 4489 non
875 4435 1047 4506 majus
1100 4446 1247 4493 esset
1290 4435 1665 4504 argumentum
1711 4435 2009 4493 Diviuitatis

388 4506 631 4572 Christi,
687 4522 848 4576 quam
881 4507 1021 4577 quod
1073 4517 1287 4563 caetera:
1334 4523 1424 4563 res
1470 4518 1664 4561 create
1698 4508 1766 4561 ab
1813 4508 2005 4563 eodem

2133 3298 2150 3329 ι
2186 3277 2411 3335 credere
2434 3281 2599 3334 etiam
2626 3281 2679 3335 in
2735 3279 2995 3351 Spiritum
3040 3288 3308 3344 sanctum,
3350 3300 3369 3334 ι
3402 3296 3465 3336 ac
3512 3282 3732 3353 proinde

2125 3387 2248 3428 eum
2305 3389 2471 3428 unum
2514 3389 2636 3430 esse
2666 3389 2788 3429 eum
2834 3374 2990 3428 Patre
3032 3384 3083 3429 et
3114 3373 3279 3435 .Filio
3308 3373 3522 3429 Deum?
3584 3375 3731 3443 Unde

2122 3469 2284 3523 etiam
2338 3477 2617 3541 postquam
2665 3484 2728 3525 ea
2776 3468 3167 3539 ahsolvit,quae
3194 3468 3261 3524 de
3299 3469 3502 3540 Spiritu
3550 3481 3729 3526 sancto

2122 3560 2305 3617 dicere
2331 3571 2614 3630 statuerat,
2648 3563 2728 3618 sic
2757 3560 2911 3616 initio
2936 3562 3091 3632 hujus
3118 3563 3310 3632 capitis
3342 3573 3452 3619 tres
3466 3564 3727 3619 Personas

2122 3654 2399 3726 conjungit
2430 3672 2441 3708 :
2480 3673 2497 3706 ι
2533 3654 2603 3710 Ει
2644 3655 2759 3708 haec
2785 3654 3001 3724 quidem
3029 3654 3097 3709 de
3124 3654 3283 3711 Patre
3310 3666 3365 3709 et
3387 3655 3547 3725 Filio,
3578 3669 3631 3714 et
3660 3658 3726 3715 de

2120 3748 2324 3817 Spiritu
2347 3757 2533 3802 sancto
2558 3746 2788 3802 breviter
2801 3747 2956 3802 nobis
2973 3745 3293 3803 sintdicta.»
3313 3750 3465 3815 Quod
3488 3751 3531 3804 si
3556 3759 3726 3807 tacere

2118 3840 2186 3896 de
2216 3840 2421 3911 Spiritu
2455 3849 2643 3896 sancto
2694 3840 2903 3895 videtur
2943 3838 3298 3909 Novatianus,
3351 3841 3479 3897 dum
3515 3844 3721 3899 Patrem

2117 3942 2175 3991 et
2205 3934 2397 3989 Filium
2429 3950 2533 3988 non
2565 3934 2703 3989 duos
2733 3948 2854 3989 esse
2903 3934 3063 4001 Deos,
3097 3934 3190 3989 sed
3233 3950 3399 3990 unum
3450 3937 3721 4003 ostendit;

2118 4044 2225 4082 non
2276 4026 2495 4082 aliunde
2547 4027 2835 4097 quarrenda
2881 4026 3037 4098 hujus
3094 4028 3169 4083 rei
3196 4043 3380 4096 causa,
3436 4030 3541 4087 nisi
3585 4029 3721 4102 quod

2117 4124 2171 4178 in
2222 4122 2514 4178 evertenda
2546 4121 2663 4177 Filii
2688 4122 2967 4178 divinitate
2995 4124 3173 4177 omnis
3222 4122 3604 4179 ltmreticorum
3633 4139 3719 4180 co-

2114 4228 2273 4275 natus
2330 4217 2663 4279 versabatur.
2719 4215 2851 4273 Nam
2884 4218 2927 4273 si
2960 4217 3128 4273 semel
3173 4217 3490 4287 probassent
3531 4218 3717 4275 Filium

2114 4326 2221 4367 non
2250 4326 2372 4366 esse
2400 4326 2561 4365 unum
2591 4325 2711 4365 cum
2747 4309 2903 4364 Patre
2935 4309 3140 4375 Deum;
3175 4310 3361 4366 eadem
3391 4325 3555 4381 opera
3598 4313 3714 4383 Spi-

2113 4403 2273 4458 ritum
2302 4411 2544 4457 sanctum
2575 4416 2603 4455 a
2640 4384 2854 4456 divinae
2881 4408 3087 4457 naturae
3131 4405 3406 4458 consortio
3433 4403 3717 4460 dissocias-

2110 4505 2252 4552 seut.
2316 4496 2405 4552 Sic
2432 4496 2592 4552 etiam
2642 4496 2812 4551 semel
2840 4494 3236 4563 demonstrato,
3280 4496 3493 4553 Patrem
3526 4509 3582 4554 et
3619 4498 3705 4555 Fi-

389 4579 641 4661 accipere
669 4578 970 4661 dicuntur.“
998 4580 1197 4661 Deinde
1232 4595 1363 4634 vero
1412 4577 1552 4647 quod
1585 4579 1732 4634 addit
1758 4578 2007 4661 Novatia-

2124 4590 2243 4644 Lium
2274 4610 2293 4643 ι
2331 4606 2426 4661 per
2456 4590 2772 4645 substantiae
2802 4590 3262 4654 cmnmunionem,
3307 4610 3325 4642 ι
3360 4603 3415 4647 ιιι
3438 4593 3511 4646 ait
3543 4592 3715 4648 Nova-

385 4664 511 4713 nus,
561 4650 832 4705 Christum
880 4666 909 4705 a
939 4649 1139 4718 Spiritu
1185 4660 1374 4709 sancto
1415 4662 1759 4717 accepturum
1815 4650 1998 4719 fuisse,

382 4721 432 4776 si
455 4721 619 4776 homo
649 4731 851 4795 tantum
877 4731 1044 4795 esset,
1079 4732 1173 4777 aut
1230 4724 1468 4793 Angelus
1524 4724 1823 4795 (Angelum
1856 4724 2000 4781 enim

382 4807 507 4848 esse
540 4793 844 4848 fatebantur
884 4792 1185 4865 haeretici),
1220 4792 1396 4850 nonne
1431 4792 1747 4865 argumento
1775 4805 1877 4861 est,
1910 4811 2000 4851 res

381 4880 574 4921 omnes
600 4875 833 4931 creatas,
866 4865 912 4918 si
963 4867 1123 4921 modo
1152 4866 1360 4921 ratione
1404 4877 1643 4932 utantur,
1688 4882 1754 4922 ex
1795 4866 1997 4937 Spiritu

332 4940 336 4943 ’
381 4948 611 5008 sancto,
647 4945 706 4992 ut
747 4939 1008 5008 WAuctore
1043 4939 1366 5003 sanctitatis,
1418 4938 1674 5008 pendere.
1723 4939 1990 5003 Maranus,

379 5006 599 5062 Divim't.
629 5008 697 5063 D.
729 5007 801 5063 N.
837 5007 894 5064 Ι.
1016 5009 1112 5065 lib.
1152 5025 1227 5078 tv,
1258 5024 1379 5081 cap.
1418 5006 1518 5079 '19,
1557 5008 1584 5081 §
1614 5009 1671 5078 5,
1721 5026 1843 5084 pag.
1884 5010 1991 5068 520

383 5087 442 5134 et
467 5094 619 5151 seqq.

2109 4682 2307 4750 tianus,
2341 4697 2507 4736 unum
2550 4697 2672 4737 esse
2700 4682 2866 4743 Deum
2900 4698 2914 4747 ;
2948 4698 3054 4736 non
3084 4681 3193 4753 jam
3240 4693 3520 4754 supererat
3563 4682 3715 4739 dubi-

2104 4776 2251 4832 tandi
2276 4777 2450 4843 locus,
2476 4777 2602 4848 quin
2634 4776 2864 4846 Spiritus
2900 4775 3073 4831 sancti
3102 4775 3355 4833 divinitas
3379 4792 3709 4850 nequaquam

2103 4880 2213 4929 tres
2241 4873 2382 4928 Deos
2411 4872 2650 4928 efﬁceret
2674 4870 2776 4945 ('5).

2197 5008 2255 5066 ἢ)
2295 5008 2500 5066 Marau.
2545 5008 2651 5063 loc.
2679 5008 2775 5064 cit.

2197 5008 2230 5062 ἢ
2295 5008 2500 5066 Marau.
2545 5008 2651 5063 loc.
2679 5008 2775 5064 cit.

2169 5007 2255 5155 £3;
2289 5081 2490 5141 Maran.
2525 5079 2741 5141 Divinit.
2768 5077 2838 5137 D.
2872 5075 2925 5133 Ν
2934 5120 2945 5137 .
2979 5076 3035 5134 Ι.
3070 5077 3130 5134 C.
3164 5077 3259 5135 lih.
3298 5078 3391 5135 cit.
3423 5092 3542 5151 pag.
3580 5077 3704 5135 521.
