4000 6322
314 233 3583 317 W

1293 489 2622 720 ῌΟῪΑΤΙΑΝΙ

878 879 2131 1040 PRESBYTERI
2213 892 3022 1048 ROMANI

1791 1211 2128 1341 0PERA

922 1473 1344 1638 QUZE
1432 1480 1910 1616 EXST.

2074 1490 2244 1613 iiT
2334 1488 3002 1624 OMNIA.

1228 1767 1956 1824 ._____.==_—.g

1964 1781 2635 1827 ψ-

1262 1949 1536 2095 Ι)Ε
1612 1947 2689 2100 ΤΒΙΝΙΤΑΤΕ

1765 2255 2141 2345 LIBER.

1573 2486 2317 2542 ...ι-*Μ*-

292 2722 689 2783 ABGUIEN'I‘UI.
726 2750 798 2763 -—
819 2719 1083 2776 Diuiditur
1109 2727 1355 2777 tractatus
1388 2718 1669 2779 Novatiani
1690 2719 1752 2775 de
1786 2718 1900 2779 Tri-
1928 2727 1977 2789 A
2077 2723 2223 2793 cujus
2246 2724 2565 2793 operationes
2582 2741 2645 2783 ea:
2663 2724 2950 2797 Scripturis
2966 2739 3213 2800 recenset,
3234 2744 3281 2789 et
3298 2737 3614 2808 comprobat.

366 2818 524 2877 nitate
552 2817 605 2875 in
628 2817 837 2886 triginta
866 2825 914 2872 et
941 2832 1096 2870 unum
1119 2824 1295 2885 caput.
1318 2813 1550 2873 Primum
1572 2814 1633 2868 de
1655 2814 1715 2868 iis
1743 2813 1902 2872 verbis
2080 2813 2212 2869 Dein
2247 2816 2493 2873 unitatem
2536 2816 2634 2875 Dei
2677 2835 2792 2877 cum
2836 2829 2955 2875 ante
2995 2821 3267 2894 disputatis
3307 2828 3619 2900 conjungere

365 2910 555 2981 regula
583 2909 828 2976 ueritatis,
848 2925 935 2963 seu
965 2909 1087 2978 ﬁdei
1110 2909 1282 2978 (quam
1311 2906 1612 2979 Symbolum
1639 2905 1900 2978 vocamus)
2078 2908 2265 2977 studet,
2311 2910 2611 2982 tandemque
2636 2928 2887 2971 summam
2910 2931 3080 2975 rerum
3109 2918 3454 2988 expositurum
3477 2925 3623 2979 εωιρε-

367 3012 760 3068 commentatur,
793 3016 907 3074 qua:
930 3016 1023 3056 nos
1049 3000 1253 3055 credere
1287 3000 1466 3071 jubent
1493 2999 1544 3055 in
1588 2997 1753 3056 Deum
1789 2998 1901 3053 Pa-
2079 3001 2159 3059 bet
2187 3002 2294 3074 (7).

373 3107 500 3153 trem
521 3107 567 3151 et
598 3095 879 3151 Dominum
905 3094 1323 3165 omnipotentem,
1353 3109 1523 3149 rerum
1549 3093 1775 3147 omnium
1796 3109 1906 3165 per-
2528 3107 2757 3166 CAPUT
2797 3109 3086 3171 PRIMUM.

365 3191 697 3264 fectissimum
725 3198 1023 3253 creatorem,
1067 3205 1099 3247 α
1143 3186 1310 3256 capite
1342 3186 1366 3241 1
1402 3185 1471 3239 ad
1507 3187 1540 3243 8
1568 3201 1725 3257 usque
1746 3227 1761 3248 ,
1791 3186 1900 3251 ubi,

366 3285 499 3338 inter
520 3283 626 3337 alia
647 3283 799 3336 etiam
830 3281 1075 3335 attributa
1096 3280 1271 3334 divina
1292 3323 1304 3344 ,
1327 3281 1738 3347 immensittttem,
1757 3291 1906 3336 teter-

368 3378 600 3440 nitatem,
628 3376 900 3440 unitatem,
955 3374 1251 3437 bonitatem,
1284 3373 1768 3438 immutabilitatem,
1810 3373 1908 3429 int-

365 3470 747 3535 mortalitatem,
777 3469 1210 3539 spiritnalitatem,
1240 3468 1426 3537 partim
1447 3483 1510 3521 ex
1534 3468 1748 3533 ratione,
1784 3484 1908 3537 par-

370 3565 459 3621 tim
484 3581 548 3620 eJ:
578 3562 686 3619 SS.
720 3561 926 3616 Litteris
951 3561 1208 3625 adstruit;
1236 3558 1481 3632 additque
1515 3576 1604 3613 nec
1626 3561 1905 3631 passiones,

368 3674 460 3713 nec
499 3655 724 3712 membra
749 3654 859 3710 Deo
890 3652 1099 3708 attribui
1121 3669 1288 3724 posse,
1322 3652 1529 3723 lta’cque
1554 3652 1605 3707 in
1635 3650 1911 3721 Scriptura

366 3751 688 3809 solummodo
737 3752 1200 3827 ἀνθρωποπαθικῶς
1229 3750 1291 3802 de
1318 3747 1422 3803 Deo
1445 3748 1721 3802 enuntiari.
1749 3748 1793 3801 Α
1819 3764 1910 3802 ca-

369 3846 472 3919 pite
517 3844 550 3899 9
607 3860 765 3914 usque
813 3844 880 3897 ad
925 3841 1018 3908 ‘28,
1066 3844 1133 3894 ad
1178 3858 1239 3895 ea
1282 3839 1518 3912 Symboli
1576 3841 1737 3895 nostri
1785 3857 1912 3909 quo-

369 3956 465 4013 que
489 3939 641 3994 verba
668 3939 770 3993 late
816 3938 1125 4009 explicanda
1163 3937 1379 4001 accedit,
1424 3952 1539 4007 qua:
1576 3936 1719 3990 nobis
1759 3937 1912 4005 ﬁdem

370 4033 727 4090 commendant
757 4034 810 4089 in
839 4032 1031 4100 Filium
1064 4030 1160 4089 Dei
1189 4030 1367 4088 Iesum
1398 4029 1679 4097 Christum,
1734 4029 1915 4089 Domi-
2088 4032 2292 4104 Regula
2318 4034 2485 4105 exigit
2512 4034 2754 4091 veritatis
2782 4042 2840 4090 ut
2864 4037 3037 4107 primo
3063 4038 3302 4095 omnium
3330 4040 3617 4101 credamus

370 4146 512 4195 num,
568 4127 733 4184 Deum
781 4137 1031 4183 nostram.
1073 4124 1335 4182 Christum
1396 4127 1450 4181 in
1514 4126 1675 4181 Veteri
1730 4125 1911 4181 Testa-
1941 4129 1991 4189 B
2020 4126 2070 4180 in
2106 4126 2269 4181 Deum
2303 4126 2515 4183 Patrem
2544 4136 2597 4183 et
2626 4128 2910 4187 Dominum
2937 4129 3363 4201 omnipotentem
3388 4174 3404 4200 ,
3430 4136 3482 4190 id
3513 4145 3619 4205 est,

370 4234 539 4279 mento
557 4223 861 4293 promissum
914 4238 1087 4276 verum
1114 4221 1366 4275 hominem
1396 4262 1410 4285 ,
1439 4236 1709 4290 verumque
1735 4217 1905 4273 Deum
2009 4235 2188 4279 rerum
2212 4220 2450 4279 omnium
2478 4219 2923 4290 perfectissimum
2966 4223 3321 4293 conditorem,
3350 4228 3441 4299 qui
3469 4228 3487 4259 ι
3508 4244 3620 4287 τω-

2010 3241 2090 3297 DE
2117 3240 2421 3299 Tnmrue
2458 3244 2811 3317 disputatur-us
2837 3245 3160 3305 Novatianus
3188 3266 3251 3305 ea:
3274 3251 3473 3323 Regula
3497 3255 3621 3324 ﬁdei

2084 3338 2343 3407 proponit,
2377 3347 2434 3392 ut
2474 3339 2640 3409 primo
2671 3340 2940 3396 credamus
2987 3343 3041 3397 in
3090 3343 3259 3398 Deum
3306 3343 3517 3401 Patrem
3568 3359 3617 3402 et

2085 3428 2365 3485 Dominum
2397 3434 2815 3504 omnipotentem,
2858 3451 3030 3489 rerum
3074 3437 3301 3490 omnium
3349 3442 3619 3511 perfectis-

2083 3526 2269 3581 simum
2307 3526 2640 3585 conditorem.
2669 3526 2953 3585 Creationis
2983 3545 3139 3599 opera
3178 3530 3389 3599 pulchre
3424 3532 3616 3587 descri-

2087 3618 2291 3672 buntur.
2324 3617 2559 3673 Liberum
2591 3620 2810 3674 hominis
2835 3619 3103 3674 arbitrium
3122 3622 3385 3677 asseritur.
3417 3623 3621 3680 Miseri-

2086 3712 2264 3775 cordia
2292 3712 2386 3766 Dei
2434 3713 2485 3766 in
2517 3729 2665 3783 paena
2713 3713 2907 3769 homini
2949 3713 3235 3785 inﬂigenda
3282 3727 3615 3774 monstratur.

2088 3802 2304 3861 Piorum
2328 3804 2701 3877 impiorumque
2730 3806 3021 3861 animarum
3063 3814 3178 3877 post
3222 3816 3436 3863 mortem
3476 3809 3618 3865 locus

2089 3898 2350 3952 statuitur.

371 4334 496 4386 esse,
558 4317 884 4388 Scripturam
934 4312 1126 4368 Veteris
1180 4312 1412 4382 Noviqne
1452 4310 1685 4366 Foederis
1726 4322 1903 4365 ancto-
2009 4314 2118 4371 lum
2147 4312 2252 4373 alta
2276 4313 2601 4370 sublimitate
2625 4315 2991 4386 suspenderit,
3019 4326 3215 4373 terram
3242 4318 3451 4389 deiecta
3475 4323 3616 4379 mole

370 4412 523 4469 ritate
568 4410 784 4484 probat;
819 4410 986 4479 capite
1018 4408 1083 4465 18
1129 4423 1350 4463 errorem
1379 4406 1903 4463 Sabellianornmre-
2009 4402 2343 4471 solidnvcrit,
2384 4406 2552 4458 maria
2599 4407 2777 4461 soluto
2822 4406 3029 4477 liquore
3069 4407 3363 4478 diliuderit,
3412 4420 3469 4466 et
3498 4412 3616 4469 haec

373 4509 528 4576 fatat,
576 4514 625 4559 et
670 4502 971 4559 auctoritate
1024 4500 1131 4557 SS.
1172 4499 1482 4555 Litterarum
1529 4500 1905 4556 distinctionem
2010 4500 2187 4555 omnia
2222 4496 2450 4571 propriis
2476 4506 2532 4553 et
2554 4497 2834 4570 condignis
2862 4500 3234 4556 instrumentis
3260 4510 3316 4557 et
3344 4514 3532 4560 ornata
3561 4513 3618 4560 et

374 4595 551 4651 Patris
600 4608 649 4651 et
705 4595 828 4650 Filii
875 4595 1184 4664 conﬁrmat,
1244 4593 1497 4663 hujusque
1553 4593 1906 4647 htereshtrcltte
2012 4589 2167 4661 plena
2199 4588 2503 4661 digesserit.
2550 4589 2685 4645 Nam
2733 4601 2788 4647 et
2837 4592 2890 4648 in
2938 4592 3297 4653 solidatnento
3325 4596 3449 4652 caeli
3482 4597 3616 4659 luci-

375 4690 741 4764 objectionibus
785 4689 1102 4759 aliorumque
1154 4688 1272 4743 dein
1342 4688 1633 4760 respondet.
1679 4686 1758 4743 De
1804 4688 1907 4758 ﬁde
2010 4683 2154 4739 feros
2182 4683 2313 4739 solis
2354 4694 2503 4740 ortus
2530 4686 2812 4752 excitavit,
2862 4687 3006 4742 luna:
3040 4690 3360 4746 candentem
3396 4692 3616 4763 globum

372 4787 431 4842 in
475 4785 731 4857 Spiritum
794 4794 1026 4839 sanctum
1098 4784 1202 4854 agit
1266 4784 1434 4851 capite
1476 4782 1563 4849 l8,
1610 4784 1840 4853 inquiens
1885 4801 1904 4838 :
2012 4779 2078 4834 ad
2109 4778 2362 4834 solatium
2392 4780 2563 4834 noctis
2589 4781 2609 4811 ²
2639 4782 2943 4836 mcnsurnis
2963 4783 3311 4839 incrementis
3335 4786 3482 4841 orbis
3512 4788 3616 4842 im-

377 4863 630 4947 Deinceps
656 4877 775 4946 ﬁdei
801 4878 1157 4932 auctoritatem
1196 4877 1473 4930 admonere
1495 4892 1606 4943 nos,
1658 4886 1767 4945 post
1800 4875 1907 4931 Pa-
2013 4872 2197 4943 pluvit,
2224 4882 2491 4928 astrorum
2515 4873 2675 4928 etiam
2699 4872 2880 4929 radios
2903 4874 3064 4931 variis
3089 4874 3387 4947 fulgoribus
3413 4879 3615 4935 mican-

380 4981 507 5037 trem
535 4981 583 5027 et
616 4967 829 5038 Filium,
866 4969 1070 5024 credere
1093 4970 1243 5025 etiam
1273 4969 1324 5023 in
1353 4968 1606 5040 Spiritum
1634 4977 1905 5025 sanctum:
2015 4963 2085 5019 tis
2109 4962 2246 5019 lucis
2272 4963 2515 5019 accendit
2540 4980 2554 5018 :
2582 4973 2637 5019 et
2677 4963 2795 5020 haec
2828 4965 3009 5020 omnia
3040 4964 3330 5037 ‘legitimls
3350 4970 3616 5027 meatibus

1452 5105 1831 5167 GALLANDII
1870 5100 2431 5163 COMMENTARIUS.

385 5255 401 5287 ι
427 5251 619 5308 emtum
649 5250 753 5303 αιιη
770 5245 1078 5318 sublimitate
1098 5243 1435 5318 suspenderit.
1454 5242 1613 5318 Hunc
1633 5240 1913 5318 Novatimi
2020 5241 2174 5318 struis
2194 5255 2214 5304 ;
2238 5240 2380 5311 quod
2405 5256 2467 5297 ea
2492 5256 2594 5297 vox
2616 5243 2686 5318 B.
2701 5243 2969 5315 Cypriane
2997 5246 3156 5305 etiam
3178 5246 3311 5305 Afro
3337 5249 3529 5308 usitata
3551 5254 3620 5310 sit

307 5323 742 5384 locumimitatus
765 5320 925 5374 fuisse
947 5316 1156 5373 videtur
1176 5311 1503 5368 Minuciusin
1535 5312 1767 5387 Octavio,
1793 5329 1914 5384 cap.
2024 5311 2197 5387 Epist.
2234 5328 2428 5387 xuvul,
2472 5330 2618 5370 num.
2669 5311 2839 5380 Ηξὶξι
2878 5318 3046 5387 Epist.
3096 5337 3298 5387 xxxw,
3334 5338 3486 5377 num.
3525 5327 3617 5383 25.

308 5401 363 5461 5,
394 5396 486 5451 ubi
517 5394 631 5448 hunc
660 5393 907 5462 lcgunlur
936 5408 946 5443 :
976 5388 1171 5463 Cottum
1198 5389 1436 5463 licelsna
1469 5386 1682 5438 materia
1714 5402 1918 5463 suspen-
2023 5384 2182 5463 ρεαδ
2226 5384 2386 5463 etiam
2414 5387 2749 5463 _.~_i_c.lc.czcltat
2791 5384 2946 5463 auten
2994 5384 3293 5463 Gugmcus.
3321 5394 3524 5451 ΙἈκΕι..
3550 5428 3622 5443 ...-

309 5456 461 5531 derit,
493 5469 607 5520 licet
632 5456 817 5517 terram
846 5462 1166 5532 fnndaverint
1181 5458 1437 5532 pondera,
1468 5466 1511 5509 et
1541 5474 1676 5532 mare
1697 5457 1817 5532 licet
1841 5459 1919 5510 in-
2024 5456 2208 5532 Negtte
2235 5456 2388 5532 aliter
2414 5457 2761 5532 Whistunus,
2797 5456 3179 5519 Wclcltmnnus
3218 5475 3272 5519 et
3302 5463 3624 5525 Jacksonus.

310 5527 519 5613 ﬂuxerit
546 5554 571 5589 e
598 5527 1153 5613 liquore.llisgetninn
1176 5527 1302 5585 item
1330 5528 1669 5613 \jtleasluputl
1692 5528 1921 5613 Luctan-
2028 5599 2068 5613 ﬁ
2100 5527 2434 5613 {Legionum
2462 5530 2702 5613 scilicet,
2746 5535 3032 5613 perlegam
3082 5536 3313 5613 divinum
3345 5537 3620 5613 institutis.

317 5599 448 5668 ίίυηι
481 5599 660 5680 Diui";
701 5605 899 5680 In_stit.,
931 5599 1023 5680 litt.
1074 5620 1143 5669 Il,
1187 5618 1311 5680 cap.
1444 5599 1696 5680 sultiuit.
1736 5600 1922 5680 Neque
2027 5599 2437 5680 Eudentnpltrusi
2468 5602 2631 5656 utitur
2660 5599 2938 5660 Eusebius
2955 5606 3134 5679 Pt'wp.
3166 5607 3367 5680 Evang.
3410 5609 3504 5668 lib.
3531 5627 3629 5679 vn,

323 5682 542 5743 omittas
565 5679 721 5734 velim
752 5676 1105 5747 Theophilum
1127 5674 1196 5727 ad
1222 5673 1526 5747 Autolycum
1549 5671 1641 5747 Illi.
1662 5687 1700 5737 ι,
1724 5686 1842 5741 cap.
1866 5672 1920 5726 4.
2030 5687 2149 5743 cap.
2187 5672 2276 5729 10.
2318 5671 2567 5730 lacusou.

389 5756 409 5788 ²
450 5752 503 5810 Μ
513 5752 764 5810 ensurnis.
783 5750 871 5809 Sic
882 5741 1107 5820 legimus
1131 5761 1198 5803 ex
1217 5758 1319 5803 ms.
1340 5741 1461 5802 cad.
1485 5741 1641 5814 Angl.
1672 5758 1767 5813 pro
1788 5759 1928 5799 men-
