4000 6322
525 252 629 308 887

1969 238 2344 299 NOVATIANI

3693 250 3771 308 888

521 371 810 428 circumire
842 379 1011 426 totum
1039 366 1220 424 mundi
1251 365 1512 421 ambitum
1549 362 1734 429 voluit,
1765 361 1999 418 humano
2024 373 2117 430 ge-
2145 367 2197 427 Α
2220 356 2499 424 debuerat,
2531 370 2599 411 ne
2619 355 3034 429 incongruenter
3062 358 3154 414 Dei
3173 358 3347 432 imago
3372 362 3690 422 serviret:et
3711 369 3771 426 lex

522 465 639 519 neri
666 461 818 533 (Gen.
847 479 886 528 ι,
913 461 1003 533 14)
1027 461 1165 526 dies,
1191 471 1424 524 menses,
1448 471 1641 523 annos,
1664 456 1836 526 signa,
1860 461 2121 524 tempora,

524 555 893 624 utilitatesquc
919 552 1142 608 faetura.
1169 551 1225 606 ln
1257 549 1415 604 terris
1435 562 1648 618 quoque
1663 547 1953 602 altissimos
1975 558 2126 599 mon-

524 659 609 705 tes
637 649 688 703 in
721 648 976 702 verticem
1000 646 1233 708 sustulit,
1261 642 1428 697 valles
1458 643 1510 696 in
1539 641 1642 695 ima
1665 638 1879 710 dejecit.
1906 652 2127 708 campos

524 741 804 812 aequaliter
833 741 1042 805 stravit,
1077 737 1386 794 animalium
1436 751 1625 808 greges
1655 735 1721 790 ad
1749 735 1924 790 varias
1952 733 2124 788 homi-

518 849 649 889 num
678 834 964 889 servitutes
994 830 1197 887 utiliter
1223 829 1472 884 instituit.
1500 828 1766 884 Silvarum
1794 841 2008 898 quoque
2031 840 2123 880 ro-

519 927 650 982 bora
695 925 947 980 humanis
989 922 1173 979 usibus
1213 921 1493 994 profutura
1537 919 1827 984 solidavit,
1862 918 2040 990 fruges
2069 917 2121 973 in

517 1020 696 1076 cibum
727 1019 930 1086 elicuit,
961 1018 1190 1074 fontium
1211 1033 1305 1072 ora
1337 1017 1597 1072 reseravit
1621 1057 1636 1081 ,
1670 1025 1726 1070 et
1756 1013 1990 1082 lapsuris
2012 1011 2119 1068 llu-

521 1113 752 1169 minibus
777 1111 991 1166 infudit.
1017 1112 1141 1166 Post
1158 1126 1301 1182 quas,
1329 1112 1345 1141 ¹
1365 1126 1432 1166 ne
1456 1125 1561 1165 non
1585 1109 1746 1165 etiam
1769 1109 2124 1179 ipsisquoque

515 1205 727 1261 deliciis
749 1214 1096 1274 procurasset
1121 1205 1418 1268 oculorum,
1445 1203 1608 1258 variis
1630 1202 1824 1256 norum
1848 1201 2122 1257 coloribus

514 1298 581 1354 ad
611 1298 938 1369 voluptatem
985 1299 1340 1370 spectantium
1393 1305 1584 1350 cuncta
1613 1295 1846 1350 vestivit.
1898 1293 1953 1349 ln
2003 1293 2121 1364 ipso

514 1406 729 1463 quoque
760 1393 931 1457 mari,
967 1391 1212 1459 quamvis
1242 1397 1388 1445 esset
1416 1400 1469 1445 et
1497 1387 1864 1459 magnitudine
1894 1397 1949 1443 et
1977 1387 2122 1442 utili-

516 1493 625 1538 tate
655 1483 921 1550 mirabile,
955 1480 1272 1538 multimoda
1301 1481 1586 1545 animalia,
1619 1495 1762 1535 nunc
1790 1479 2082 1536 mediocris
2101 1519 2119 1547 ,

515 1591 660 1631 nunc
690 1576 824 1630 vasti
857 1577 1102 1645 corporis
1133 1575 1305 1638 ﬁnxit,
1337 1573 1608 1644 ingenium
1631 1571 1852 1627 artificis
1872 1571 1943 1627 de
1968 1572 2124 1626 iusti-

515 1668 742 1724 tutionis
759 1669 1020 1724 varietate
1049 1669 1319 1724 testantia.
1350 1665 1554 1735 Quibus
1583 1681 1687 1721 non
1710 1674 2021 1732 contentus,
2053 1680 2122 1720 ne

2228 452 2494 519 addenda,
2526 467 2594 509 ne
2618 466 2788 522 usque
2813 452 2879 508 ad
2907 463 3273 525 contemptum
3303 454 3481 510 dantis
3498 457 3692 516 libertas
3713 463 3774 518 ei-

2228 543 2450 602 frtenata
2486 555 2895 617 prorumperet:
2921 547 2941 577 ⁵
2958 558 3016 602 ιιι
3043 557 3097 603 et
3123 547 3341 620 praemia
3356 549 3611 621 condigna
3622 562 3669 607 et
3689 570 3775 612 me-

2229 639 2332 694 rita
2363 653 2645 709 ptenarum
2669 649 3067 709 consequenter
3094 640 3386 713 exciperet,
3418 656 3570 697 suum
3591 643 3686 714 jam
3709 648 3779 703 ha-

2227 731 2362 788 bens
2388 731 2517 787 illud
2542 774 2556 797 ,
2587 732 2731 804 quod
2763 742 2910 788 motu
2952 734 3150 790 mentis
3187 736 3240 790 in
3283 736 3590 792 alterutram
3617 751 3776 811 partem

2226 826 2431 896 agitare
2461 825 2724 882 voluisset
2748 845 2762 882 :
2785 841 2852 882 ex
2874 843 2982 898 quo
3009 827 3365 896 “mortalitas,
3385 829 3581 885 invidia
3609 833 3779 904 utique,

2226 919 2279 972 in
2311 918 2484 987 ipsum
2529 918 2698 984 redit;
2725 920 2814 989 qui
2854 934 2976 975 cum
3020 920 3165 976 illam
3193 920 3261 977 de
3303 922 3602 978 obedientia
3643 937 3780 995 posset

2226 1015 2475 1080 evadere,
2510 1015 2563 1070 in
2600 1016 2849 1072 eamdem
2894 1017 3154 1080 incurrit,
3187 1017 3313 1072 dum
3351 1033 3418 1072 ex
3448 1018 3663 1075 consilio
3687 1035 3780 1090 per-

2228 1125 2388 1166 verso
2431 1109 2602 1180 (Gen.
2632 1125 2712 1176 tn,
2741 1110 2807 1179 5)
2834 1111 2977 1166 Deus
3017 1125 3142 1167 esse
3181 1112 3434 1167 festinat:
3461 1111 3609 1182 cujus
3648 1121 3781 1171 tamen

2226 1217 2440 1274 ptenam
2463 1202 2816 1258 nihilominus
2837 1203 3177 1275 indulgenter
3191 1206 3211 1236 ⁷
3227 1204 3564 1274 temperavit,
3580 1204 3693 1259 dum
3704 1222 3782 1260 non

2226 1305 2332 1351 tam
2363 1299 2500 1366 ipse,
2532 1311 2692 1366 quam
2726 1295 2938 1351 labores
2963 1296 3082 1366 ejus
3109 1295 3508 1352 maledicuntur
3532 1311 3680 1368 super
3706 1305 3782 1354 ter-

2225 1404 2360 1444 ram.
2386 1388 2520 1443 Nam
2551 1397 2605 1444 et
2641 1388 2782 1458 quod
2809 1390 3119 1460 requiritur,
3155 1404 3260 1445 non
3289 1406 3357 1445 ex
3388 1391 3676 1461 ignorantia
3699 1407 3775 1446 ve-

2222 1482 2326 1547 nit,
2345 1481 2440 1537 sed
2462 1495 2613 1551 spem
2629 1480 2862 1536 hominis
2885 1482 3077 1536 futurae
3100 1483 3152 1536 in
3165 1482 3381 1537 Christo
3402 1493 3458 1537 et
3481 1482 3783 1539 “inventionis

2224 1585 2278 1631 et
2316 1575 2505 1630 salutis
2542 1575 2817 1630 ostendit:
2845 1584 2901 1630 et
2927 1575 3070 1646 quod
3103 1574 3264 1647 (Ibid.
3297 1575 3389 1641 22,
3422 1575 3516 1642 25,
3545 1576 3632 1645 24)
3660 1591 3716 1631 ue
3738 1576 3783 1630 de

2224 1664 2371 1738 ligno
2398 1666 2610 1722 arboris
2650 1668 2774 1721 vita:
2810 1667 3087 1737 contingat
3113 1675 3353 1731 arcetur,
3389 1683 3496 1721 non
3533 1666 3599 1722 de
3619 1667 3784 1721 invidia:

512 1763 653 1816 forte
683 1759 930 1816 fremitus
955 1769 1008 1814 et
1033 1774 1224 1816 cursus
1245 1775 1526 1830 aquarum,
1546 1773 1666 1814 cum
1685 1758 1969 1829 dispendio
1998 1772 2120 1828 pos-
2149 1773 2197 1832 Β
2225 1759 2462 1830 maligno
2492 1758 2662 1815 livore
2688 1758 2997 1824 descendit,
3028 1758 3125 1814 sed
3153 1775 3221 1813 ne
3248 1759 3435 1814 vivens
3467 1759 3521 1813 in
3549 1769 3780 1823 internum,

512 1854 744 1909 sessoris
775 1853 1019 1918 humani,
1047 1852 1282 1908 alienum
1304 1859 1591 1923 occuparet
1611 1851 1960 1916 elementum,
1982 1849 2120 1906 ﬁnes

514 1945 784 2002 littoribus
808 1946 1020 2001 inclusit
1048 1964 1062 2002 :
1091 1961 1197 2016 quo
1218 1961 1338 2002 cum
1361 1945 1600 2002 fremens
1626 1944 1818 2001 fluctus
1842 1955 1896 2001 et
1921 1960 1988 2002 ex
2009 1946 2120 2000 alto

511 2041 638 2096 sinu
667 2053 922 2110 spumans
964 2039 1102 2094 unda
1133 2041 1406 2107 venisset,
1440 2055 1653 2095 rursum
1686 2040 1739 2094 in
1779 2055 1838 2094 se
1876 2039 2117 2104 rediret,

509 2147 614 2187 nec
642 2131 899 2187 terminos
923 2146 1214 2186 concessus
1242 2130 1550 2198 excederet,
1583 2131 1945 2201 servansjura
1975 2147 2115 2201 prte-

508 2224 710 2295 scripta
737 2242 748 2278 :
772 2233 832 2280 ut
861 2224 1075 2279 divinas
1114 2224 1260 2295 leges
1290 2233 1437 2278 tanto
1465 2224 1635 2294 magis
1673 2222 1835 2279 homo
1865 2223 2118 2278 custodi-

510 2327 617 2385 ret,
645 2329 846 2390 quanto
870 2318 986 2374 illas
1007 2317 1167 2374 etiam
1191 2319 1459 2374 elementa
1491 2326 1816 2372 servassent.
1849 2317 1974 2373 Post
1996 2333 2118 2388 quae

509 2413 786 2468 hominem
819 2427 1031 2483 quoque
1061 2411 1263 2466 mundo
1296 2411 1614 2482 praeposuit,
1633 2419 1686 2466 ct
1714 2410 1932 2481 quidem
1959 2409 2111 2482 (Gen.

503 2519 547 2569 ι,
577 2503 670 2575 27)
698 2503 767 2559 ad
796 2504 1080 2575 imaginem
1117 2503 1208 2559 Dei
1237 2503 1432 2559 factum
1457 2522 1471 2558 :
1495 2504 1578 2558 cui
1610 2514 1842 2558 mentem
1875 2513 1926 2559 et
1953 2505 2116 2559 ratio-

501 2610 631 2651 nem
664 2595 852 2652 indidit
878 2606 932 2652 et
958 2596 1318 2668 prudentiam,
1355 2605 1410 2650 ut
1441 2596 1610 2651 Deum
1645 2605 1827 2665 posset
1875 2595 2070 2650 imitari
2099 2615 2111 2651 :

505 2692 528 2722 ’
543 2691 694 2760 cujus
710 2691 812 2746 etsi
831 2692 1077 2762 corporis
1106 2703 1315 2747 terrena
1335 2689 1646 2762 primordia,
1667 2690 1905 2746 cculestis
1933 2698 2112 2746 tamen

505 2793 562 2839 et
607 2784 770 2839 divini
824 2784 1021 2840 halitus
1062 2785 1318 2855 inspirata
1348 2784 1649 2839 substantia
1685 2783 1926 2851 :3quent
1948 2799 2111 2854 quum

506 2877 659 2951 (Gen.
695 2895 734 2945 ι,
764 2878 852 2946 '28)
880 2879 1058 2932 omnia
1089 2878 1143 2932 in
1173 2877 1486 2934 servitutem
1515 2877 1589 2931 illi
1621 2875 1862 2931 dedisset
1890 2918 1906 2943 ,
1936 2876 2111 2931 solum

503 2972 734 3028 liberum
765 2986 888 3028 esse
918 2971 1108 3026 voluit.
1135 2971 1203 3026 Et
1230 2987 1298 3027 ne
1329 2971 1380 3025 in
1415 2971 1710 3041 periculum
1738 2969 1959 3024 caderet
1986 2986 2110 3025 rur-

505 3078 624 3118 sum
653 3063 826 3119 soluta
855 3063 1077 3119 libertas
1109 3062 1263 3136 (Gen.
1292 3078 1352 3131 ll,
1386 3061 1516 3134 17),
1554 3061 1865 3117 mandatum
1897 3064 2107 3133 posuit,

2225 1853 2328 1909 nisi
2356 1862 2570 1924 peccata
2596 1851 2841 1908 Christus
2867 1860 2993 1907 ante
3017 1854 3037 1886 ⁸
3059 1852 3335 1918 donasset,
3363 1849 3782 1907 circumferretse-

2224 1963 2347 2005 cum
2370 1949 2422 2004 itt
2444 1961 2657 2018 poenam
2678 1948 2760 2002 sui
2776 1962 2992 2018 semper
3010 1946 3314 2002 immortale
3335 1947 3610 2002 delictum.
3629 1950 3780 2012 Quam-

2223 2057 2384 2114 quam
2417 2042 2580 2098 etiam
2611 2040 3004 2112 superioribus,
3035 2039 3086 2094 id
3115 2048 3198 2095 est
3223 2054 3390 2110 super
3419 2040 3590 2110 ipsum
3617 2055 3781 2110 quoque

2223 2135 2638 2192 solidamentum
2671 2134 2912 2204 partibus
2934 2175 2948 2199 ,
2983 2148 3106 2204 quze
3135 2149 3242 2188 non
3274 2143 3399 2189 sunt
3431 2133 3594 2188 hodie
3621 2132 3777 2186 nostris

2221 2225 2671 2296 contemplabiles
2723 2225 2916 2291 oculis,
2954 2225 2995 2256 ¹⁰
3025 2223 3263 2296 Angelos
3312 2226 3467 2294 prius
3519 2224 3777 2287 instituerit,

2221 2321 2498 2392 spiritales
2527 2319 2766 2375 Virtutes
2788 2319 3094 2390 digesserit,
3155 2317 3406 2374 Thronos
3429 2319 3778 2387 l’otestatesquc

2220 2415 2543 2486 prmfecerit,
2572 2425 2626 2470 et
2649 2413 2750 2468 alia
2782 2413 2950 2468 multa
2970 2415 3233 2469 ccelorum
3261 2414 3526 2470 immensa
3558 2413 3722 2483 spatia,
3743 2421 3780 2464 et

2221 2518 2683 2563 sacramentorum
2723 2506 2929 2562 inﬁnita
2961 2521 3124 2576 opera
3152 2506 3493 2572 condiderit,
3531 2505 3778 2560 utimmen-

2219 2615 2312 2656 sus
2335 2600 2420 2655 hic
2437 2599 2562 2654 licet
2589 2597 2817 2652 mundus
2841 2613 2998 2667 poene
3020 2598 3372 2652 novissimum
3398 2597 3568 2667 magis
3592 2596 3672 2650 Dei
3691 2609 3775 2649 cor-

2220 2693 2485 2766 poralium
2531 2707 2711 2747 rerum
2759 2700 3016 2762 appareat
3062 2705 3198 2760 Opus
3229 2705 3387 2755 esse,
3423 2705 3579 2760 quam
3621 2687 3772 2743 solum.

2221 2791 2261 2821 “
2292 2787 2536 2858 Namque
2561 2801 2683 2856 qua:
2725 2785 2859 2839 infra
2907 2794 3105 2840 terram
3127 2785 3331 2851 jacent.
3355 2800 3535 2854 neque
3563 2785 3665 2854 ipsa
3686 2788 3776 2836 sont

2217 2880 2442 2952 digestis
2462 2891 2516 2935 et
2536 2878 2799 2933 ordinatis
2825 2879 3180 2947 potestatibus
3204 2893 3395 2932 vacua.
3419 2879 3464 2908 ’ί
3483 2877 3645 2932 Locus
3665 2874 3772 2928 enim

2217 2982 2301 3029 est
2323 2987 2430 3043 quo
2463 2971 2670 3041 piorum
2702 2971 2896 3024 animm
2920 2969 3316 3040 impiorumque
3334 2969 3623 3033 ducuntur,
3647 2966 3771 3021 futuri

2210 3067 2400 3137 judicii
2432 3069 2742 3139 przejudicia
2757 3066 3055 3123 sentientes
3085 3084 3097 3120 :
3123 3077 3426 3136 tttoperum
3442 3066 3605 3137 ipsius
3629 3063 3673 3118 in
3687 3076 3771 3116 ont-

505 3170 616 3225 quo
644 3164 821 3211 tamen
841 3171 948 3211 non
977 3157 1157 3212 inesse
1174 3156 1373 3211 malum
1395 3156 1448 3210 in
1479 3155 1650 3211 fructu
1673 3156 1918 3212 arboris‘
1947 3157 2108 3214 doce-
2135 3173 2180 3236 ρ
2215 3161 2373 3216 nibus
2401 3163 2642 3232 partibus
2670 3161 3033 3217 redundantes
3080 3159 3478 3231 magnitudines
3525 3174 3624 3214 non
3666 3157 3770 3212 intra

506 3260 678 3317 retur,
712 3252 808 3307 sed
841 3252 1101 3318 futurum,
1126 3251 1170 3305 si
1202 3253 1337 3307 forte
1365 3267 1428 3305 ex
1461 3253 1732 3306 voluntate
1765 3251 1998 3307 hominis
2040 3252 2109 3308 de

501 3354 816 3417 contemptu
841 3345 979 3402 datas
996 3345 1127 3417 legis
1149 3353 1588 3416 priemoneretur.
1614 3343 1744 3398 Nam
1768 3354 1823 3400 et
1841 3344 1974 3400 liber
1990 3359 2112 3401 esse

2216 3254 2402 3310 mundi
2434 3255 2590 3326 hujus
2637 3256 3022 3326 capacissimas
3062 3255 3223 3322 licet,
3271 3266 3328 3310 ut
3367 3255 3630 3323 diximus,
3656 3251 3768 3309 sinus

1697 3458 2070 3516 GALLANDII
2105 3456 2673 3516 COMMENTARIUS.

579 3581 593 3610 ¹
622 3575 702 3632 Ne
729 3593 830 3630 non
857 3577 1008 3630 etiam
1039 3576 1162 3646 ipsis
1187 3591 1382 3646 quoque
1411 3574 1606 3629 deliciis
1631 3585 1972 3645 procurasset.
2007 3576 2101 3632 Est

502 3649 717 3720 quidem
767 3649 880 3702 haec
906 3648 1114 3717 phrasis
1140 3647 1514 3720 Tertullianica
1543 3689 1556 3720 ,
1589 3647 1954 3720 quales_infra
1983 3647 2102 3703 alite

500 3717 716 3792 quoque
742 3739 754 3774 :
781 3730 838 3792 ut
861 3720 1150 3792 denotatur,
1177 3719 1305 3773 edici
1331 3733 1394 3772 ac
1422 3718 1619 3792 viritim:
1635 3732 1753 3786 cap.
1782 3717 1848 3792 2;
1882 3735 1981 3792 qua
2004 3736 2100 3787 pa-

503 3787 579 3847 ter
607 3787 727 3862 cap.
784 3790 881 3855 ης
923 3790 1254 3862 conﬁbularet
1293 3805 1412 3862 cap.
1448 3787 1536 3843 18.
1579 3788 1776 3862 Verum
1825 3789 1951 3845 inde
1994 3806 2099 3845 non

501 3865 654 3933 sequi
678 3860 842 3918 'hnnc
875 3863 1062 3917 librum
1095 3861 1409 3916 Tertulliani
1441 3875 1562 3933 esse
1587 3860 1669 3933 vel
1709 3876 1775 3916 ex
1819 3877 1884 3914 co
1915 3871 2099 3930 patet,

497 3931 641 4006 quod
671 3935 786 3991 Afri
815 3935 1102 4002 scriptores
1145 3947 1358 4006 omnes,
1398 3931 1566 4006 etiam,
1607 3931 1708 4006 hoc
1756 3933 2098 4006 posteriores,

498 4003 686 4076 utpote
713 4006 773 4061 Β.
807 4006 1106 4076 Cyprianus
1127 4045 1139 4066 .
1171 4004 1428 4058 Minucius
1459 4003 1608 4076 [felix
1627 4044 1642 4068 ,
1675 4003 1735 4056 Β.
1763 4004 2024 4076 Pacianus
2047 4015 2104 4061 et

498 4075 794 4142 Arnobius,
839 4075 1100 4132 similibus
1137 4077 1212 4129 uti
1240 4077 1432 4131 solent.
1475 4075 1680 4129 pAIlEL.
1704 4104 1776 4115 —
1801 4076 1968 4131 Aliter
1995 4075 2100 4132 Ga-

497 4163 705 4219 gnaeus,
729 4149 867 4218 apud
891 4165 1047 4219 quem
1077 4147 1152 4202 sic
1171 4147 1400 4219 legimus
1423 4164 1442 4219 ε⁸
1463 4144 1647 4219 Postea
1669 4155 1723 4198 ut
1754 4147 1878 4217 ipsis
1904 4164 2102 4217 quoque

497 4218 706 4275 delicias
736 4216 1028 4287 procuraret
1058 4216 1244 4273 oculis.
1286 4216 1391 4274 Sed
1430 4216 1588 4272 lectio
1628 4216 1929 4273 Pameliana
1975 4216 2096 4274 cum

497 4291 654 4345 editis
676 4307 739 4346 ex
763 4291 948 4345 codice
969 4290 1264 4359 Anglicano
1285 4288 1540 4343 Cohaeret.
1577 4287 1745 4340 Ventri
1771 4300 2099 4358 procuratum

497 4371 592 4427 est,
623 4361 784 4418 habet
810 4361 1180 4426 NOSIeriufra,
1205 4361 1268 4414 de
1295 4359 1408 4414 Cib.
1442 4359 1652 4413 Judaic.
1679 4374 1796 4429 cap.
1823 4360 1876 4427 6,
1909 4362 2096 4418 eadem

495 4434 917 4490 constructione.
959 4432 1212 4488 Jacssou.
1339 4499 1341 4501 _

568 4508 587 4537 ³
619 4504 799 4574 Cujus.
831 4503 928 4558 Cui
954 4504 1240 4575 legendum
1268 4503 1485 4573 conjicit
1509 4501 1912 4575 Welcbmanus.

488 4580 494 4586 '
566 4576 586 4607 ³
611 4572 792 4644 Quem.
845 4577 934 4631 Sic
975 4572 1348 4644 rescripsimus
1371 4572 1492 4630 cum
1516 4572 1804 4641 Jacksono,
1831 4583 1887 4628 ut
1911 4575 1976 4630 ad
2006 4577 2101 4630 Ito-

495 4649 681 4701 minem
713 4647 1000 4702 referatur.
1035 4647 1120 4700 Al.
1154 4663 1286 4717 quae.

567 4720 588 4750 ὀ
605 4717 906 4774 Doceretur.
935 4718 1006 4772 Ita
1035 4716 1248 4788 reposui
1271 4732 1336 4772 ex
1356 4717 1473 4771 Lat.
1500 4717 1729 4780 Latinio,
1749 4716 1889 4785 quod
1908 4717 2099 4773 melio-

491 4805 606 4846 rem
635 4790 806 4846 fundit
836 4805 1053 4846 sensum
1082 4804 1241 4861 quam
1272 4789 1400 4844 edit.
1435 4789 1656 4846 Pamelii
1685 4788 1954 4915 dice'retur.

1804 4876 1954 4915 Λαίς(

1804 4876 2019 4917 Αεκςοω.

567 4933 672 4988 “Ut
701 4945 767 4990 et.
800 4933 888 4989 Sic
913 4933 1183 4989 Pamelius
1212 4948 1330 4988 cum
1350 4933 1561 4989 cmteris
1589 4931 1765 4988 editis.
1796 4931 2095 4990 Jacksonus

489 5013 670 5060 tamen
701 5007 884 5062 mallet
909 5015 956 5061 et
983 5015 1055 5059 ut.

569 5077 916 5132 “Mortalitas.
947 5077 1079 5132 Cum
1096 5077 1367 5133 Jacksono
1397 5075 1692 5131 Pamelium
1717 5077 1992 5146 sequimur
2019 5077 2092 5132 ita

490 5147 778 5218 legentem.
808 5150 894 5204 Al.
924 5151 1249 5204 mortalitatis
1276 5148 1489 5214 invidia,
1523 5147 1697 5202 locum
1723 5149 1883 5203 istum
1915 5151 2092 5204 minus

488 5231 638 5274 recte
665 5223 918 5275 assecuti.

561 5292 579 5320 '
613 5291 952 5361 Temperavit.
989 5292 1305 5348 Addendam
1333 5307 1518 5346 voccm
1536 5291 1673 5346 Deus
1691 5299 1975 5346 contextus
1991 5306 2089 5362 po-

487 5362 691 5417 stulare
705 5364 932 5429 videtur,
954 5365 1207 5419 omissam
1237 5365 1459 5418 fortasse
1477 5383 1502 5415 a
1520 5363 1741 5418 librario
1763 5373 1980 5433 propter
1997 5379 2086 5418 se-

482 5435 700 5502 quentis
729 5435 1130 5489 similitudinem
1157 5434 1293 5490 Dum
1315 5453 1334 5490 :
1354 5451 1474 5505 quae
1502 5446 1583 5490 est
1604 5435 1909 5505 cnnjectura
1939 5433 2088 5490 We!-

481 5506 697 5560 chmani
743 5517 798 5559 et
849 5505 1119 5561 Jacksoni.
1160 5507 1278 5561 Mox
1315 5522 1447 5561 vero
1486 5509 1600 5562 sive
1646 5506 1791 5575 legas
1821 5521 1940 5560 cum
1975 5506 2082 5562 Ga-

480 5588 638 5646 gnieo
673 5593 828 5647 super
873 5587 1092 5645 terram,
1126 5579 1239 5633 sive
1265 5593 1388 5633 cum
1421 5578 1645 5635 Gelenio
1673 5578 1899 5648 aliisque
1927 5595 2084 5650 super

479 5657 636 5715 terra,
666 5664 772 5703 non
805 5651 989 5704 refert.

476 5719 1064 5792 rlnventionisNox
1107 5721 1413 5788 importuna
1459 5719 1748 5784 Jacksono.
1773 5720 1861 5792 qui
1880 5721 2077 5776 rescri-

465 5786 695 5849 luendum
719 5803 909 5849 censet
931 5786 1312 5847 resurrectionis
1335 5793 1419 5848 vel
1442 5786 1877 5862 reuelationis,”
1903 5792 2066 5848 Rom.

2207 3592 2319 3640 vin,
2351 3577 2443 3642 20,
2471 3576 2562 3643 21,
2606 3590 2714 3647 quo
2770 3579 3070 3646 respexisse
3121 3577 3476 3632 Novatianum
3524 3574 3760 3632 existimat.

2205 3648 2381 3703 Minus
2401 3649 2619 3718 quidem
2653 3650 2916 3718 apposite.
2950 3650 3139 3706 Melius
3154 3649 3559 3712 Welchn‘tauus,
3577 3649 3763 3712 redemp-

2207 3720 2376 3773 tionis.
2411 3719 2516 3776 Sed
2542 3719 2668 3773 nihil
2691 3719 3003 3775 mutandunt
3031 3722 3260 3776 videtur.
3286 3721 3538 3775 Alluserit
3582 3719 3762 3773 fortasse

2205 3801 2394 3845 auctor
2412 3791 2478 3845 ad
2509 3791 2632 3846 illud
2664 3791 2796 3846 Luc.
2830 3808 2944 3854 χιχ,
2973 3794 3038 3848 10
3070 3812 3081 3846 :
3117 3791 3264 3846 Venit
3287 3794 3425 3846 enim
3455 3790 3613 3845 Filius
3637 3787 3762 3842 homi-

2206 3862 2286 3915 nis
2301 3878 2546 3932 quaerere,
2580 3873 2626 3917 et
2651 3864 2848 3918 salvum
2875 3867 3042 3934 facere
3071 3865 3206 3936 quod
3233 3864 3472 3934 perierat.

2279 3959 2300 3989 θ
2321 3955 2595 4012 Donasset.
2615 3957 2918 4013 Maluissem
2940 3961 3296 4024 condonasset,
3323 3959 3423 4012 nisi
3442 3957 3672 4012 vidissem
3685 3951 3759 4007 No-

2207 4029 2478 4082 vatiannm
2495 4031 2755 4084 vocabulo
2777 4030 2960 4083 donavi
2980 4033 3168 4086 eodem
3193 4046 3352 4086 sensu
3371 4046 3478 4099 quo
3498 4029 3622 4092 lteic,
3641 4040 3754 4099 usum

2207 4116 2328 4155 esse
2368 4101 2421 4154 in
2459 4101 2694 4170 Epistula
2736 4103 2942 4156 romani
2975 4104 3104 4158 cleri
3139 4104 3353 4156 nomine
3380 4097 3573 4172 scripta
3607 4097 3754 4172 adi/fy:

2207 4172 2463 4240 prianum.
2498 4172 2586 4228 Sic
2613 4173 2754 4228 enim
2784 4175 2945 4228 vertit
2969 4173 3152 4229 Matth.
3181 4189 3328 4240 xvm,
3358 4174 3468 4240 52,:
3488 4171 3666 4226 Donati
3688 4171 3754 4220 tilst

2205 4259 2366 4299 omne
2388 4243 2647 4299 debitum.
2688 4243 2944 4304 Jscssox.

2279 4336 2558 4408 “Angelos
2571 4339 2710 4407 prius
2725 4339 3018 4394 instituerit.
3050 4338 3172 4393 Fuit
3203 4354 3306 4393 non
3338 4339 3500 4393 modo
3525 4333 3748 4408 Novatiatti

2209 4405 2630 4482 ltzeesetitentia,
2651 4411 2743 4464 scd
2765 4413 2927 4464 etiam
2950 4411 3010 4464 Β.
3037 4411 3344 4482 llierooymi
3365 4411 3417 4464 in
3444 4427 3558 4479 cap.
3581 4410 3599 4462 l
3622 4405 3747 4482 Epic:

2206 4481 2274 4533 ad
2297 4478 2422 4545 Tit.,
2452 4492 2562 4534 tum
2581 4481 2890 4536 Grmcnrum
2919 4483 3179 4554 omnium.
3201 4477 3345 4550 quod
3367 4477 3547 4554 Ληρειί
3561 4477 3746 4554 prius~(itl

2208 4562 2312 4624 est,
2345 4561 2470 4608 ante
2503 4569 2718 4607 omnem
2771 4553 3114 4624 creaturam),
3155 4546 3373 4608 instituti
3425 4546 3621 4624 fuerint.
3646 4546 3745 4624 “Sed

2207 4621 2267 4694 Β.
2291 4624 2637 4694 Augustinus,
2661 4625 2754 4680 lib.
2777 4641 2834 4679 χι
2867 4625 2929 4680 de
2957 4621 3183 4680 Civ.Dei
3203 4666 3216 4688 .
3250 4639 3406 4694 capp.
3426 4621 3493 4689 '5,
3521 4624 3552 4678 6
3577 4631 3626 4677 et
3645 4621 3685 4683 7,
3708 4627 3744 4671 el

2203 4693 2297 4749 lib.
2331 4693 2426 4760 ιιί,
2457 4711 2576 4767 cap.
2613 4696 2699 4763 15,
2731 4708 2783 4752 et
2811 4698 2934 4770 alibi
2969 4698 3135 4770 magis
3164 4693 3578 4770 amplectendam
3605 4699 3745 4770 censet

2202 4780 2320 4820 eam
2351 4770 2670 4822 sententiam
2698 4768 2839 4838 quod
2875 4769 3023 4838 juxta
3055 4768 3216 4821 Eccli.
3243 4784 3369 4822 xvttt
3391 4811 3406 4833 ,
3441 4770 3502 4830 1,
3529 4768 3738 4838 creaverit

2201 4839 2373 4892 omnia
2391 4839 2545 4893 simul
2570 4834 2730 4895 Deus.
2751 4834 2920 4907 Quam
2949 4841 3107 4894 etiam
3139 4842 3377 4909 sequitur
3398 4839 3630 4908 Magister
3642 4834 3741 4890 Sen-

2199 4910 2525 4975 tentiarum,
2575 4921 2629 4966 et
2667 4923 2788 4982 post
2833 4927 2954 4966 eum
3004 4911 3260 4966 Doctores
3303 4909 3740 4982 Scholasucigquzc

2200 4991 2456 5050 praeterea
2488 4977 2708 5038 definita
2749 4995 2830 5038 est
2877 4985 2926 5038 in
2959 4983 3187 5038 concilio
3218 4982 3470 5038 Lateran.
3502 4980 3592 5036 sub
3613 4977 3734 5032 luno-

2196 5055 2374 5108 centio
2395 5054 2480 5120 lll,
2507 5068 2561 5109 et
2593 5057 2644 5109 in
2671 5055 2975 5111 Decretales
3005 5065 3241 5123 recepta,
3266 5069 3386 5122 cap.
3416 5053 3638 5123 Firmiter
3659 5061 3733 5100 cre-

2194 5125 2382 5186 dimus.
2416 5137 2543 5181 tom.
2579 5128 2646 5182 de
2675 5141 2881 5180 summa
2905 5126 3097 5182 Trinit.
3121 5122 3175 5179 et
3203 5124 3331 5180 Fide
3352 5124 3542 5180 cathol.
3572 5122 3730 5176 Ρλιιει.

2269 5199 2308 5229 ¹¹
2343 5196 2670 5268 Namque....
2698 5199 2810 5266 ipsa
2831 5209 2968 5268 sunt.
2993 5197 3066 5252 Ita
3102 5197 3270 5253 edidit
3292 5197 3548 5252 Pamelius
3564 5209 3619 5249 ex
3637 5205 3730 5268 cott-

2186 5267 2396 5339 jectura
2431 5262 2647 5326 Latinii.
2681 5262 2767 5341 Ai.
2798 5289 2810 5324 :
2841 5267 2978 5341 Nam
3005 5285 3169 5341 neque?
3201 5284 3313 5338 qua:
3338 5269 3475 5340 infra
3499 5262 3726 5341 terram

2191 5337 2326 5413 cent,
2359 5342 2473 5413 ipsa
2504 5352 2642 5396 sunt.
2703 5339 2808 5397 Sed
2861 5337 3410 5413 dttobus'editoribus'
3453 5337 3723 5408 Anglicanis.

2189 5411 2368 5467 deleto
2381 5411 2522 5478 nam,
2540 5413 2818 5483 legendum
2845 5413 3050 5467 videtur
3069 5429 3081 5466 :
3099 5411 3278 5484 Neque
3297 5428 3414 5484 quae
3438 5413 3563 5483 infra
3585 5418 3723 5460 terram

2179 5486 2376 5556 jarent,
2401 5486 2515 5554 ipsa
2535 5494 2675 5552 sunt,
2707 5493 2816 5540 etc.

2261 5577 2302 5606 ¹²
2326 5576 2490 5630 Locus
2515 5579 2646 5630 enim
2665 5586 2757 5631 est.
2788 5576 2841 5629 ln
2866 5575 3111 5631 eamdem
3129 5577 3448 5632 sententiam
3467 5588 3573 5631 cum
3585 5569 3716 5626 Nova-

2186 5646 2352 5714 tiano,
2383 5648 2627 5718 plerique
2651 5650 2890 5714 Patrum,
2920 5650 3032 5704 sive
3059 5647 3402 5714 Graecorum,
3431 5652 3532 5702 sive
3558 5643 3717 5718 LaLittO-

2182 5734 2320 5774 rum.
2337 5710 2661 5775 Consulatnr
2681 5735 2795 5791 prtcr
2811 5710 3024 5774 cieteris
3049 5719 3362 5791 Hippolytus
3381 5710 3595 5774 adversus
3612 5710 3716 5767 Gre!-

2181 5805 2287 5857 cos,
2321 5801 2450 5852 tom.
2484 5808 2517 5846 tt
2549 5790 2744 5849 nostrae
2770 5790 3046 5863 Bibliotlt.,
3076 5807 3198 5861 pag.
3223 5790 3348 5861 1.5!,
3381 5808 3491 5862 seq.
