4000 6322
225 257 333 319 889

1487 262 1576 320 DE
1606 259 1982 322 TRINI'I‘ATE
2008 264 2233 325 LIBER.

3417 277 3523 344 890

221 376 505 435 conclusas
518 376 848 446 videremus,
874 377 969 435 sed
982 378 1144 436 etiam
1162 380 1180 411 ¹
1200 377 1334 436 inira
1360 378 1529 451 ipsius
1554 381 1738 437 mundi
1768 390 1822 438 et
1848 382 1900 442 Α
1924 384 2134 454 concipi
2164 385 2354 456 possit.
2386 386 2555 461 Major
2578 396 2663 447 est
2691 403 2904 465 quoque
2923 396 3071 453 omni
3102 411 3375 470 sermone,
3421 418 3523 461 nec

221 470 486 542 profunda
513 479 568 526 et
592 469 904 528 altitudines
922 473 1159 543 cogitare
1185 488 1495 543 possemus;
1525 483 1577 530 et
1597 475 1675 530 sic
1694 489 1824 531 con-

220 562 457 618 siderata
486 576 709 633 operum
742 563 1130 634 magnitudine,
1165 575 1327 622 tanta:
1355 566 1514 622 molis
1539 566 1699 639 digne
1722 568 1823 623 mi-

217 653 328 710 rari
358 668 637 725 possemus
662 653 946 712 artiﬁcem.

848 769 1082 830 CAPUT
1130 774 1192 830 II.

214 884 360 941 Deus
400 904 552 959 super
595 888 788 955 omnia,
836 889 948 960 ipse
987 890 1247 945 continens
1288 892 1480 957 omnia,
1525 893 1818 962 immensus,

289 991 529 1049 celeratis,
576 992 743 1037 mente
786 983 1005 1039 hominis
1043 985 1231 1054 major,
1271 1001 1502 1041 sermone
1539 987 1822 1057 inexplica-

295 1073 432 1139 bilis,
461 1072 774 1129 sublimitate
799 1076 937 1130 omni
964 1075 1248 1131 sublimior.

289 1235 468 1305 Super
486 1252 606 1307 quae
628 1235 806 1291 omnia
830 1237 944 1309 ipse
972 1237 1252 1293 continens
1277 1246 1490 1303 cuncta,
1515 1238 1646 1294 nihil
1668 1248 1818 1297 extra

203 1345 273 1386 se
302 1345 526 1386 vacuum
558 1331 835 1396 deserens,
871 1331 1004 1387 nulli
1035 1332 1143 1388 Deo
1174 1332 1439 1403 superiori
1463 1332 1815 1406 (ut’quidam

201 1419 424 1495 putant)
451 1424 625 1480 locum
656 1425 893 1498 reliquit.
922 1425 1367 1499 Quandoquidem
1405 1426 1519 1496 ipse
1560 1426 1814 1484 universa

134 1502 147 1511 ’
199 1516 331 1571 sinu
381 1516 632 1588 perfectas
674 1519 1053 1591 magnitudinis
1096 1529 1149 1576 et
1189 1521 1469 1591 potestatis
1500 1520 1813 1590 incluserit,

199 1611 449 1670 intentus
493 1629 709 1685 semper
735 1614 885 1685 operi
918 1629 1016 1670 suo
1039 1658 1053 1683 ,
1082 1623 1137 1671 et
1170 1614 1371 1671 vadens
1397 1629 1493 1687 per
1516 1616 1695 1671 omnia
1716 1657 1731 1681 ,
1760 1626 1816 1673 et

196 1720 432 1762 movens
460 1718 677 1773 cuncta,
709 1717 763 1763 et
788 1708 1063 1765 viviﬁcans
1090 1709 1361 1774 universa,
1390 1719 1445 1765 et
1471 1710 1813 1780 conspiciens

1929 480 1950 510 ⁸
1977 480 2114 536 edici
2155 483 2363 552 possit:
2393 499 2460 540 ne
2490 484 2535 540 si
2566 486 2799 557 potuerit
2831 489 2992 557 edici,
3014 490 3247 549 humano
3269 508 3523 554 sermone

1928 573 2104 628 minor
2129 575 2219 641 sit,
2252 591 2381 647 quo,
2414 592 2576 648 quum
2606 578 2858 649 edicitur,
2887 591 2943 638 et
2966 584 3237 641 circumiri
3267 595 3324 643 et
3346 587 3523 661 colligi

1928 673 2115 741 possit.
2149 674 2419 746 Quidquid
2442 676 2586 732 enim
2611 676 2679 733 de
2701 676 2795 732 illo
2820 677 3111 748 cogitatum
3138 677 3317 747 fuerit,
3345 681 3523 739 minus

1924 766 2043 836 ipso
2072 768 2173 823 erit
2201 787 2214 823 :
2241 779 2296 825 et
2325 770 2584 842 quidquid
2616 771 2948 827 enuntiatum
2988 770 3151 829 fuerit
3175 814 3191 838 ,
3219 775 3398 830 minus
3429 774 3522 830 illo

1924 870 2292 931 comparatum
2333 865 2535 921 circum
2584 867 2757 938 ipsum
2786 868 2908 924 erit.
2941 867 3156 925 Sentire
3181 870 3323 925 enim
3369 869 3520 926 illum

1924 954 2067 1009 taciti
2094 955 2430 1027 aliquatenus
2458 973 2778 1028 possumus;
2808 970 2864 1016 ιιι
2903 970 3083 1017 autem
3114 962 3229 1033 ipse
3252 972 3369 1027 est,
3400 977 3523 1019 ser-

1924 1062 2085 1103 mone
2112 1049 2382 1119 eitplicare
2395 1066 2499 1106 non
2516 1067 2821 1123 possumus.
2848 1056 2867 1086 ⁷
2885 1055 3009 1109 Sive
3030 1056 3173 1111 enim
3202 1055 3353 1110 illum
3370 1054 3521 1112 dixe.

1922 1140 1996 1194 ris
2025 1138 2232 1213 Lucem,
2259 1151 2558 1198 creaturam
2588 1144 2753 1215 ipsius
2782 1147 2949 1217 magis
2978 1162 3136 1218 quam
3167 1148 3341 1219 ipsum
3371 1147 3523 1204 dixe-

1892 1236 2030 1308 _ris;
2063 1236 2232 1305 ipsum
2258 1252 2361 1291 non
2389 1238 2722 1307 expresseris
2753 1256 2764 1292 :
2796 1240 2910 1294 sive
2937 1239 3084 1294 illum
3111 1240 3314 1296 dixeris
3347 1239 3523 1296 Virtu-

1922 1334 2041 1394 tem,
2074 1329 2363 1398 potentiam
2401 1330 2567 1400 ipsius
2598 1331 2766 1401 magis
2809 1346 2968 1402 quam
3000 1333 3174 1401 ipsum
3205 1332 3437 1401 dixeris,
3466 1343 3522 1390 et

1919 1420 2321 1493 deprompseris
2365 1444 2378 1480 :
2416 1424 2530 1480 sive
2584 1425 2783 1480 dixeris
2850 1424 3207 1496 Majestatem,
3258 1426 3518 1483 honorem

1920 1512 2088 1582 ipsius
2117 1515 2285 1585 magis
2310 1530 2468 1586 quam
2500 1515 2651 1571 illum
2697 1516 2870 1588 ipsum
2899 1517 3267 1588 descripseris.
3299 1520 3363 1575 Et
3391 1520 3519 1588 quid

1918 1622 2014 1678 per
2042 1608 2247 1680 singula
2278 1625 2503 1680 quaeque
2545 1625 2863 1681 percurrens
2912 1612 3123 1682 longum
3149 1611 3323 1668 facio?
3350 1613 3519 1670 semel

1917 1709 2086 1756 totum
2117 1701 2413 1771 explicabo.
2444 1702 2710 1775 Quidquid
2755 1706 2975 1760 omnino
3001 1705 3068 1761 de
3102 1705 3198 1761 illo
3238 1705 3515 1775 retuleris,

202 1808 343 1867 tota,
371 1802 501 1856 etin
528 1803 875 1859 concordiam
905 1802 1299 1859 elementorum
1326 1804 1567 1859 omnium
1595 1803 1799 1861 discor-

1913 1808 2024 1848 rem
2056 1794 2288 1864 aliquam
2333 1796 2498 1865 ipsius
2546 1796 2716 1866 magis
2751 1807 2803 1852 et
2837 1797 3108 1865 virtutem,
3139 1813 3300 1870 quam
3342 1797 3517 1870 ipsum

194 1893 397 1951 dantes
426 1898 683 1953 materias
709 1897 787 1953 sic
807 1906 1156 1965 eonnectens,
1185 1907 1244 1953 ut
1268 1913 1334 1954 ex
1361 1899 1668 1970 disparibus
1697 1901 1808 1955 elc-

195 1989 404 2044 mentis
431 1989 501 2045 ita
527 1991 596 2045 sit
624 2005 763 2046 unus
802 1991 1032 2047 mundus
1063 1992 1162 2046 ista
1191 2001 1557 2062 coagmentata
1586 1992 1806 2064 conspi-

193 2086 410 2140 ratione
433 2084 713 2153 solidatus,
744 2095 799 2141 tit
829 2086 969 2140 nulla
995 2087 1042 2140 vi
1059 2085 1485 2158 dissolvipossit,
1511 2085 1614 2143 nisi
1641 2101 1805 2157 quum

194 2177 349 2232 illum
381 2179 527 2234 solus
557 2179 672 2252 ipse
702 2181 790 2250 qui
822 2180 939 2236 fecit
969 2179 1035 2252 (ll
1070 2178 1182 2235 Pet.
1216 2196 1272 2235 ut
1293 2223 1307 2246 ,
1342 2179 1430 2252 15)
1457 2224 1471 2246 ,
1504 2180 1572 2237 ad
1602 2182 1806 2250 majora

194 2268 304 2324 alia
334 2272 633 2341 praestanda
663 2271 838 2334 nobis,
880 2271 1012 2327 solvi
1042 2273 1285 2342 jusserit.
1317 2272 1472 2328 Hunc
1498 2274 1641 2329 enim
1674 2273 1804 2345 legi-

195 2376 327 2418 mus
353 2364 532 2419 omnia
559 2364 835 2420 continere
861 2382 875 2419 :
904 2372 957 2419 et
983 2363 1102 2420 ideo
1132 2364 1264 2420 nihil
1303 2374 1455 2421 extra
1483 2366 1657 2436 ipsum
1682 2378 1807 2421 esse

195 2455 476 2527 potuisse;
509 2457 705 2527 quippe
726 2472 888 2528 quum
917 2456 1179 2527 originem
1207 2457 1428 2512 omnino
1454 2473 1559 2514 non
1587 2456 1802 2523 habeat,

196 2558 595 2618 consequenter
615 2564 712 2605 nec
736 2550 935 2604 exitum
962 2549 1159 2604 sentiat
1188 2567 1201 2603 :
1235 2549 1334 2603 nisi
1362 2548 1521 2614 forte,
1546 2548 1691 2621 quod
1711 2549 1805 2605 ab-

195 2638 293 2705 sit,
320 2639 606 2711 aliquando
629 2655 749 2697 esse
779 2642 1026 2712 casperit,
1056 2656 1155 2698 nec
1184 2656 1348 2713 super
1378 2642 1561 2698 omnia
1584 2642 1675 2710 sit,
1705 2642 1802 2699 sed

196 2731 328 2789 dum
358 2742 479 2804 post
502 2734 702 2807 aliquid
726 2750 846 2791 esse
874 2736 1122 2806 coeperit,
1144 2735 1315 2790 ’infra
1347 2736 1397 2791 id
1424 2735 1651 2808 sitquod
1678 2746 1804 2793 ante

196 2824 374 2896 ipsum
398 2826 576 2889 fuerit,
601 2828 776 2883 minor
797 2828 1044 2884 inventus
1072 2837 1356 2900 potestate,
1387 2828 1512 2884 dum
1537 2830 1805 2900 posterior

194 2915 487 2973 denotatur
511 2919 673 2974 etiam
702 2918 819 2990 ipso
848 2930 1108 2988 tempore.
1139 2918 1221 2976 Ob
1249 2920 1388 2977 hanc
1428 2936 1556 2993 ergo
1581 2936 1801 2979 causam

194 3024 417 3079 semper
443 3011 759 3081 immensus,
784 3014 906 3084 quia
940 3014 1068 3068 nihil
1099 3014 1191 3069 illo
1230 3015 1403 3086 majus
1431 3024 1516 3072 est
1544 3033 1559 3080 ;
1586 3031 1803 3088 semper

197 3112 456 3167 teternus,
486 3105 609 3176 quia
648 3106 778 3161 nihil
810 3106 903 3162 illo
941 3107 1229 3180 antiquius.
1260 3109 1315 3163 Id
1345 3110 1487 3165 enim
1515 3110 1657 3181 qttod
1684 3111 1802 3168 sine

1909 1901 1976 1941 ex
1989 1887 2290 1958 plicaveris.
2321 1887 2458 1956 Quid
2496 1889 2639 1944 enim
2693 1890 2759 1945 de
2789 1904 2857 1946 eo
2904 1890 3170 1962 condigne
3196 1899 3286 1946 aut
3330 1888 3479 1947 dicas
3501 1932 3516 1957 ,

1908 1990 2002 2038 aut
2032 1984 2259 2048 sentias,
2292 1982 2381 2054 qui
2409 1982 2660 2039 omnibus
2696 1994 2749 2040 et
2788 1985 3126 2041 sermonibus
3171 1994 3225 2043 et
3268 1985 3517 2042 sensibus

1910 2076 2082 2146 major
2106 2077 2223 2132 est?
2253 2075 2366 2131 Nisi
2391 2077 2531 2148 quod
2570 2092 2677 2132 uno
2724 2078 2883 2133 modo
2909 2078 2986 2149 (et
3024 2076 3127 2134 hoc
3174 2078 3347 2149 ipsum
3378 2093 3517 2150 quo-

1908 2170 2069 2227 modo
2098 2186 2398 2241 possumus,
2434 2172 2705 2241 quomodo
2731 2173 2993 2243 capimus,
3019 2172 3289 2245 quomodo
3317 2173 3519 2229 intelli-

1906 2279 2035 2337 gere
2066 2266 2206 2336 licet)
2240 2265 2364 2333 quid
2392 2266 2461 2321 sit
2490 2266 2630 2323 Deus
2661 2274 2845 2322 mente
2872 2268 3149 2337 capiemus
3169 2309 3184 2334 ,
3218 2268 3263 2323 si
3310 2267 3514 2339 cegita-

1906 2358 2143 2413 verimus
2176 2358 2226 2413 id
2269 2358 2417 2413 illum
2444 2373 2564 2416 esse
2583 2402 2596 2426 ,
2625 2359 2764 2430 quod
2786 2401 2801 2427 ,
2830 2359 2989 2431 quale
3014 2403 3028 2426 ,
3054 2369 3103 2414 et
3136 2369 3393 2431 quantum
3439 2362 3511 2417 sit

1907 2469 2013 2509 non
2057 2453 2223 2524 possit
2250 2453 2506 2527 intelligi,
2541 2470 2640 2509 nec
2686 2455 2736 2510 in
2784 2454 2951 2524 ipsam
2985 2452 3198 2525 quidem
3228 2453 3515 2525 cogitatio-

1907 2564 2029 2604 nem
2055 2549 2221 2618 possit
2244 2548 2446 2604 venire.
2471 2548 2601 2603 Nam
2625 2548 2668 2602 si
2696 2549 2760 2603 ad
2785 2550 2913 2604 solis
2929 2558 3205 2620 aspectum
3229 2548 3508 2605 oculorum

1906 2652 2211 2696 nostrorum
2259 2641 2402 2696 acies
2449 2640 2723 2707 bebescit,
2754 2655 2819 2695 ne
2849 2640 3035 2696 orbem
3087 2640 3259 2710 ipsum
3292 2640 3509 2696 obtutus

1906 2732 2156 2803 inSpiciat
2181 2733 2465 2789 obviorum
2496 2734 2598 2789 sibi
2625 2744 2908 2804 superatus
2950 2733 3156 2804 fulgore
3183 2733 3458 2790 radiorum
3488 2753 3501 2790 :

1904 2825 2009 2881 hoc
2038 2825 2180 2883 idem
2210 2828 2406 2882 mentis
2431 2825 2576 2882 acies
2607 2827 2805 2896 patitur
2832 2826 2883 2880 in
2913 2826 3237 2898 cogitatione
3264 2828 3410 2882 omni
3441 2827 3511 2883 de

1905 2919 2053 2984 Deo;
2087 2928 2142 2975 et
2171 2928 2369 2990 quanto
2398 2920 2462 2973 ad
2502 2920 2957 2976 considerandum
2984 2921 3146 2975 Deum
3180 2921 3298 2991 plus
3339 2921 3512 2977 inten-

1904 3012 2069 3078 ditur,
2102 3024 2249 3068 tanto
2279 3016 2446 3085 magis
2470 3013 2585 3084 ipsa
2609 3014 2947 3086 cogitationis
2971 3030 3084 3070 suae
3112 3015 3231 3070 luce
3253 3024 3507 3072 caecatur.

1904 3105 2041 3174 Quid
2070 3108 2211 3162 enim
2242 3106 2311 3163 de
2339 3124 2404 3162 eo
2432 3108 2513 3182 (ut
2534 3109 2724 3164 iterum
2753 3110 3015 3180 repetam)
3041 3108 3304 3180 condigne
3330 3108 3502 3175 dicas,

195 3197 404 3269 origine
431 3210 512 3255 est
533 3241 546 3264 ,
583 3200 808 3272 prtecedi
854 3217 885 3257 a
931 3202 1078 3257 nttllo
1108 3212 1321 3273 potest,
1350 3204 1474 3260 dum
1503 3221 1607 3260 non
1642 3206 1799 3264 habet
1825 3188 1870 3253 C
1905 3202 1993 3273 qui
2024 3210 2109 3257 est
2134 3202 2462 3259 sublimitate
2487 3204 2631 3258 omni
2655 3203 2955 3269 sublimior,
2980 3210 3034 3258 et
3053 3201 3335 3258 altitudine
3359 3204 3506 3257 omni

195 3297 427 3360 tempus.
455 3290 580 3347 Ideo
602 3292 941 3358 immortalis,
973 3309 1080 3348 non
1101 3294 1359 3351 deliciens
1380 3295 1431 3351 in
1459 3311 1798 3352 consumma-

196 3382 359 3438 tionis
384 3382 551 3438 exitu.
585 3383 653 3439 Et
678 3387 930 3456 quoniam
970 3388 1087 3443 sine
1115 3388 1231 3459 lege
1270 3398 1354 3445 est
1381 3391 1639 3462 quidquid
1679 3393 1796 3448 sine

194 3474 516 3547 origineest,
548 3475 1092 3551 ‘modum‘temporis
1119 3481 1373 3546 excludit,
1404 3482 1533 3539 dum
1551 3499 1609 3541 se
1639 3484 1793 3541 debi-

193 3578 368 3626 torem
394 3570 594 3626 nemini
625 3572 806 3628 sentit.
834 3572 908 3628 De
936 3573 1036 3630 hoc
1065 3590 1213 3647 ergo,
1241 3592 1304 3633 ac
1331 3576 1397 3634 de
1425 3580 1502 3635 eis
1527 3596 1647 3651 quae
1670 3591 1797 3637 sunt

194 3662 366 3734 ipsius
383 3671 438 3720 et
455 3663 507 3719 in
522 3679 587 3720 eo
609 3673 756 3733 sunt,
774 3680 872 3721 nec
890 3681 1043 3723 mens
1056 3664 1288 3723 hominis
1309 3685 1428 3740 qua:
1445 3672 1572 3738 sint,
1596 3682 1793 3744 quanta

191 3756 323 3821 sint,
356 3765 411 3812 et
438 3758 610 3828 qualia
639 3758 777 3823 sint,
810 3759 969 3831 digne
999 3762 1283 3831 concipere
1315 3772 1520 3833 potest,
1552 3781 1649 3819 nec
1676 3766 1793 3821 elo-

190 3854 410 3924 quentia
456 3857 723 3910 sermonis
754 3854 969 3911 humani
998 3857 1318 3927 :cquabilem
1367 3858 1629 3928 majestati
1678 3860 1794 3931 ejus

190 3949 442 4004 virtutem
470 3950 735 4005 sermonis
764 3951 1049 4020 expromit.
1087 3951 1165 4005 Ad
1193 3951 1532 4020 cogitandam
1570 3954 1713 4008 enim
1740 3964 1796 4010 et

190 4040 260 4095 ad
289 4041 642 4113 eloquendum
666 4042 807 4099 illius
830 4045 1187 4114 majestatem.
1216 4056 1270 4100 et
1291 4045 1592 4116 eloquentia
1620 4048 1794 4105 omnis

189 4135 390 4189 merito
418 4147 561 4191 muta
585 4145 685 4203 est,
706 4146 757 4192 et
785 4150 937 4192 mens
951 4138 1125 4193 omnis
1148 4139 1335 4211 exigua
1366 4149 1449 4194 est
1476 4157 1488 4193 :
1520 4141 1691 4212 major
1713 4150 1797 4199 est

189 4230 333 4284 enim
364 4241 544 4286 mente
576 4234 710 4302 ipsa,
746 4248 842 4289 nec
873 4235 1093 4303 cogitari
1123 4238 1289 4305 possit
1310 4238 1656 4308 quantussit,
1692 4240 1795 4296 “ne

190 4321 234 4375 si
270 4324 503 4393 potuerit
545 4326 801 4397 cogitari,
834 4336 1014 4383 mente
1059 4327 1288 4383 humana
1333 4330 1509 4385 minor
1547 4331 1650 4398 sit,
1691 4348 1794 4404 qua

1900 3294 2082 3363 altior,
2117 3305 2169 3351 et
2201 3295 2467 3367 profundo
2493 3298 2637 3352 omni
2671 3294 3006 3367 profundior,
3031 3305 3081 3350 et
3105 3294 3250 3349 omni
3275 3296 3395 3351 luce
3423 3294 3509 3350 lu-

1899 3388 2161 3455 cidior,et
2184 3391 2327 3444 omni
2346 3389 2587 3445 claritate
2608 3389 2824 3455 clarior,
2848 3388 2991 3443 omni
3015 3387 3304 3459 splendore
3322 3387 3506 3459 Splen-

1899 3482 2099 3549 didior,
2130 3484 2273 3538 omni
2304 3483 2497 3539 robore
2511 3482 2805 3549 robustior,
2840 3482 2984 3538 omni
3013 3483 3206 3538 virtute
3227 3483 3249 3515 ⁸
3276 3482 3505 3547 viritior,

1897 3578 2043 3633 omni
2065 3575 2459 3647 pulchritudine
2478 3575 2766 3644 pulchrior,
2802 3575 3027 3630 veritate
3054 3574 3205 3628 omni
3228 3574 3424 3639 verior,
3453 3583 3507 3629 et

1900 3671 2212 3728 fortitudine
2240 3669 2386 3725 omni
2415 3670 2623 3733 fortior,
2659 3678 2713 3724 et
2739 3668 3020 3736 majestate
3046 3668 3190 3722 omni
3222 3667 3411 3737 major,
3445 3677 3503 3722 et

1900 3766 2047 3822 omni
2094 3763 2327 3836 potentia
2370 3764 2664 3833 potentior,
2695 3772 2748 3818 et
2796 3760 3047 3815 omnibus
3076 3761 3276 3815 divitiis
3320 3760 3504 3823 ditior,

1900 3863 2043 3919 omni
2073 3860 2351 3932 prudentia
2382 3857 2712 3929 prudentior,
2741 3865 2795 3911 et
2823 3858 2968 3912 omni
2994 3856 3319 3925 benignitate
3348 3854 3503 3908 beni-

1900 3957 2074 4026 gnior,
2122 3954 2266 4006 omni
2313 3952 2550 4007 bonitate
2599 3950 2808 4015 melior,
2856 3948 3002 4002 omni
3035 3946 3240 4015 justitia
3283 3945 3499 4016 justior,

1901 4048 2048 4103 omni
2071 4046 2351 4101 clementia
2377 4043 2732 4099 clementior?
2760 4040 2959 4097 Minora
2984 4039 3124 4094 enim
3153 4040 3260 4092 sint
3286 4052 3508 4093 necesse

1906 4152 1987 4198 est
2014 4144 2033 4173 θ
2066 4140 2300 4194 omnium
2338 4153 2533 4209 genera
2568 4136 2842 4199 virtutum,
2873 4149 2938 4189 eo
2971 4134 3107 4204 ipso,
3139 4133 3226 4203 qui
3251 4131 3503 4188 virtutum

1898 4235 2135 4291 omnium
2175 4243 2227 4287 et
2279 4234 2417 4288 Deus
2461 4241 2515 4286 et
2543 4230 2743 4285 Parens
2770 4237 2893 4285 est:
2923 4236 2979 4283 ut
3010 4244 3136 4283 vere
3176 4227 3280 4283 dici
3314 4229 3504 4299 possit,

1902 4332 1944 4364 ¹⁰
1970 4328 2023 4387 id
2061 4329 2198 4385 Deus
2223 4342 2362 4393 esse,
2395 4324 2538 4397 quod
2555 4322 2818 4396 ejusmodi
2845 4333 2927 4378 est
2953 4321 3037 4378 cui
3058 4321 3359 4391 comparari
3379 4321 3506 4378 nihil

1330 4466 1707 4525 GALLANDII
1759 4463 2326 4526 COMMENTARIUS.

265 4605 279 4635 ¹
317 4602 490 4679 Infra.
534 4601 626 4660 Sic
656 4618 720 4659 ex
753 4603 1125 4679 ms.g_W0\veri
1157 4606 1368 4660 correxi
1404 4620 1586 4662 vocem
1618 4607 1785 4674 intra,
1813 4608 1867 4670 D
1893 4606 2094 4679 possit:
2117 4604 2237 4673 quia
2287 4603 2330 4656 si
2361 4600 2579 4673 potuerit
2596 4600 2770 4679 __ed_ici,
2806 4601 3031 4679 humano
3060 4618 3293 4679 sermone
3335 4603 3504 4679 minor

189 4689 354 4747 quam
381 4674 578 4730 habent
606 4690 793 4730 omnes
820 4677 967 4730 editi.
1007 4676 1262 4733 Jacxson.

262 4749 284 4778 ³
312 4746 378 4802 Ut
406 4747 613 4817 quidam
644 4747 1209 4819 putant.Valentiniani
1241 4748 1468 4815 scilicet,
1504 4751 1592 4818 qui
1622 4765 1788 4819 supra

188 4816 525 4890 Demiurgum
550 4860 565 4884 ,
609 4819 660 4872 id
699 4830 825 4890 esti,
866 4818 1111 4887 opiﬁcem
1157 4820 1362 4886 Deum,
1391 4816 1791 4878 censtituebant

188 4891 356 4946 Deum
401 4892 731 4963 superiorem
775 4889 980 4963 Bython
1006 4933 1020 4958 ,
1066 4906 1187 4946 cum
1231 4893 1513 4949 tricenario
1554 4893 1789 4949 .Eonum

186 4978 435 5018 numero.
479 4961 684 5018 PauEL.

260 5034 283 5065 ³
313 5033 486 5104 Infra.
514 5036 660 5088 llanc
693 5035 818 5090 item
849 5050 1033 5091 vocem
1061 5051 1127 5092 ex
1157 5034 1521 5092 ms.Wowerii
1551 5038 1788 5093 restituit

184 5105 627 5181 J‘acksonns,‘ubi
658 5108 853 5177 vulgati
884 5109 1089 5181 habent
1108 5109 1264 5162 intra.
1298 5108 1472 5179 Atque
1500 5111 1568 5163 ita
1603 5110 1788 5181 legen-

187 5177 312 5233 dum
343 5178 662 5247 ceiijiciebat
690 5195 899 5249 quoque
922 5178 1324 5235 Welclnnanus.

261 5249 281 5281 "
300 5250 512 5304 Modum
542 5252 780 5319 temporis
809 5252 1050 5317 excludit,
1080 5252 1221 5316 dum,
1242 5262 1346 5306 etc.
1367 5250 1455 5307 Sic
1474 5251 1741 5307 Pamelins
1765 5295 1779 5317 ,

185 5337 344 5393 quem
376 5324 618 5392 sequitur
642 5322 957 5377 Jacksonus.
994 5323 1199 5378 Placuit
1227 5333 1400 5378 tamen
1429 5322 1785 5380 Welchmano

187 5397 430 5447 Voculam
459 5395 581 5447 dum
624 5405 748 5449 ante
775 5396 979 5449 modum
1006 5393 1314 5449 transferre.

260 5467 280 5497 ⁵
307 5464 389 5519 Ne
412 5466 454 5519 si
478 5467 694 5535 potuerit
722 5467 956 5537 cogitari,
987 5477 1091 5522 etc.
1111 5465 1471 5522 ltftPatnelins
1489 5475 1784 5537 elutraque

184 5536 515 5592 Frobeniana
546 5538 729 5592 editio.
768 5542 830 5594 At
859 5538 1123 5607 Gagnams
1152 5550 1207 5592 et
1239 5538 1512 5593 llarrensis
1538 5557 1552 5593 :
1582 5536 1714 5605 Quid
1740 5540 1786 5594 si

186 5610 366 5677 poterit
390 5610 637 5678 cogitari,
671 5619 834 5664 mente
855 5612 1077 5665 humana
1103 5617 1269 5664 minor
1298 5611 1360 5663 sit
1396 5621 1609 5677 Oportet.

260 5681 280 5713 ⁶
307 5680 475 5735 Ediri.
496 5681 606 5735 Vox
632 5681 926 5738 Novatiano
945 5683 1136 5737 usitata
1163 5700 1175 5737 :
1205 5690 1482 5751 propterea
1501 5683 1660 5752 jurea
1685 5682 1783 5737 Pa-

187 5752 346 5807 mclio
371 5753 720 5826 ctdacksono
763 5763 991 5810 retenta.
1022 5758 1107 5808 Al.
1146 5755 1266 5809 dici.
1296 5753 1576 5826 integrum
1601 5765 1779 5810 autem

189 5826 362 5883 locum
407 5824 672 5897 Gagnteus
712 5835 770 5883 et
796 5826 1076 5882 Barrensis
1115 5826 1185 5881 ita
1234 5824 1462 5882 ell'cruiit
1487 5844 1497 5881 :
1524 5825 1635 5882 Nec
1683 5828 1784 5881 dici

1891 4672 1956 4733 sit
1986 4672 2203 4749 oportet,
2236 4691 2333 4746 quo
2362 4672 2517 4742 quum
2545 4672 2781 4740 edicitur,
2810 4673 3071 4728 circumiri
3100 4686 3145 4728 et
3172 4675 3347 4746 colligi
3377 4691 3497 4745 pos-

1893 4761 1990 4805 δατ.

1966 4823 1985 4853 ⁷
2016 4820 2135 4878 Sive
2152 4818 2284 4874 enim
2307 4818 2456 4872 illum
2470 4817 2662 4872 dixeris
2682 4832 2878 4878 ιυοειι,
2898 4826 3002 4873 etc.
3024 4815 3353 4872 Novatianus
3381 4816 3500 4872 heic

1893 4892 2251 4964 Theophilum
2304 4888 2697 4964 Antiochenum
2742 4890 3093 4964 exscripsissc
3142 4888 3370 4952 videtur,
3406 4891 3496 4958 qui

1893 4965 1987 5020 lib.
2024 4960 2066 5030 ιζ
2094 4979 2211 5032 cap.
2233 4964 2288 5028 ὅ,
2319 4963 2387 5014 ad
2412 4961 2648 5032 Autolyc.
2681 4960 2794 5014 haec
2824 4960 3091 5032 habetin
3116 4967 3213 5032 γὰρ
3238 4973 3328 5030 φῶς
3354 4964 3499 5016 αὗτόν

1892 5043 2031 5101 εἴπω,
2060 5031 2247 5105 miri/at
2283 5040 2430 5090 etin-0'5
2457 5040 2595 5090 εἴπω.
2643 5059 2689 5087 τε.
2724 5058 2771 5105 τε
2807 5039 2852 5084 λ.
2890 5050 2908 5084 ι
2948 5031 3002 5088 Si
3039 5031 3201 5087 lucem
3260 5048 3380 5105 euttl
3411 5032 3499 5086 di-

1891 5122 2034 5171 cam,
2064 5102 2200 5177 epus
2224 5107 2341 5177 ejus
2370 5106 2513 5171 dico,
2561 5112 2665 5160 etc.
2705 5123 2724 5156 »
2756 5104 2953 5159 Locum
2978 5105 3231 5174 inspicias
3256 5102 3421 5159 velim
3446 5114 3499 5159 et

1890 5178 2159 5234 conferas.

1963 5252 1985 5283 ⁸
2016 5249 2245 5305 Viritior.
2266 5248 2384 5305 Vox
2401 5250 2577 5320 ignota
2610 5263 2807 5320 :qttam
2841 5258 3015 5302 tamen
3034 5245 3500 5320 exhibentomncs

1890 5321 2040 5377 editi.
2078 5321 2384 5393 Legendum
2423 5318 2838 5393 omnino‘puto
2863 5320 3118 5383 viriosior,
3162 5318 3319 5393 quod
3338 5318 3499 5375 habet

1887 5390 2251 5450 Tertttllianus
2280 5394 2343 5445 de
2370 5392 2557 5446 Anima
2581 5434 2594 5453 .
2626 5408 2743 5458 cap.
2783 5391 2868 5447 i9.
2902 5393 3075 5461 Atque
3105 5400 3251 5446 errat
3294 5390 3490 5461 Panic-

1887 5465 2154 5532 lius,dum
2174 5466 2245 5520 ait
2267 5464 2653 5521 'l‘ertulliannm
2672 5478 2824 5517 usum
2845 5477 2966 5518 esse
2982 5460 3110 5517 voce
3128 5462 3341 5516 viritior.
3366 5460 3492 5517 Vid.

1889 5531 2153 5606 snpfnot.
2188 5539 2254 5603 4,
2289 5539 2351 5593 ad
2385 5552 2504 5606 cap.
2544 5536 2590 5589 l.
2620 5534 2873 5590 Jacuson.

1961 5605 1981 5645 ⁵
2005 5609 2265 5665 Omnium.
2292 5605 2657 5665 Malletomuia
2676 5606 3078 5671 Welchmanus,
3112 5605 3337 5677 ejusque
3363 5617 3493 5661 cou-

1885 5683 2096 5754 jectura
2128 5683 2392 5754 probatur
2422 5690 2477 5754 et
2506 5678 2800 5754 {acksoum

1963 5755 2005 5786 ¹⁰
2029 5752 2091 5807 Id
2116 5747 2254 5808 Dens
2283 5770 2408 5807 esse.
2425 5751 2500 5807 Ita
2517 5751 2809 5817 Pamelius,
2831 5749 3098 5821 Gagnreus
3126 5757 3182 5803 et
3211 5747 3493 5821 Barrensis

1887 5842 1991 5885 ms.
2023 5826 2200 5883 Wow.
2232 5824 2302 5880 Id
2322 5834 2397 5880 est
2422 5822 2583 5892 Deus,
2612 5824 2751 5894 quod
2787 5818 3039 5896 ejusmodi
3079 5828 3171 5889 est,
3204 5830 3308 5878 etc.
3336 5818 3488 5879 Wei-
