  <div class='ocr_page' id='page_1' title='image "/cluster/home/n/w/nwhite01/storage/ocr_20150623/3/hvd.32044015471212/495.png"; bbox 0 0 4026 6328; ppageno 0'>
   <div class='ocr_carea' id='block_1_1' title="bbox 519 241 620 307">
    <p class='ocr_par' dir='ltr' id='par_1_1' title="bbox 519 241 620 307">
     <span class='ocr_line' id='line_1_1' title="bbox 519 241 620 307; baseline 0.079 -9"><span class='ocrx_word' id='word_1_1' title='bbox 519 241 620 307; x_wconf 80' lang='grc'><strong>891</strong></span> 
     </span>
    </p>
   </div>
   <div class='ocr_carea' id='block_1_2' title="bbox 1967 235 3805 304">
    <p class='ocr_par' dir='ltr' id='par_1_2' title="bbox 1967 235 3805 304">
     <span class='ocr_line' id='line_1_2' title="bbox 1967 235 3805 304; baseline 0.006 -11"><span class='ocrx_word' id='word_1_2' title='bbox 1967 235 2347 295; x_wconf 70' lang='grc' dir='ltr'><strong>ΝΟἾΔΤΙΔΝΙ</strong></span> <span class='ocrx_word' id='word_1_3' title='bbox 3707 246 3805 304; x_wconf 74' lang='grc'><strong>892</strong></span> 
     </span>
    </p>
   </div>
   <div class='ocr_carea' id='block_1_3' title="bbox 523 350 3798 429">
    <p class='ocr_par' dir='ltr' id='par_1_3' title="bbox 523 350 3798 429">
     <span class='ocr_line' id='line_1_3' title="bbox 523 350 3798 429; baseline 0.002 -17"><span class='ocrx_word' id='word_1_4' title='bbox 523 363 720 426; x_wconf 87' lang='lat' dir='ltr'><strong>potest.</strong></span> <span class='ocrx_word' id='word_1_5' title='bbox 751 352 927 426; x_wconf 82' lang='lat' dir='ltr'><strong>Super</strong></span> <span class='ocrx_word' id='word_1_6' title='bbox 954 368 1113 411; x_wconf 84' lang='lat' dir='ltr'><strong>omne</strong></span> <span class='ocrx_word' id='word_1_7' title='bbox 1137 361 1223 415; x_wconf 82' lang='lat' dir='ltr'><strong>est</strong></span> <span class='ocrx_word' id='word_1_8' title='bbox 1257 353 1399 411; x_wconf 81' lang='lat' dir='ltr'><strong>enim</strong></span> <span class='ocrx_word' id='word_1_9' title='bbox 1421 350 1564 424; x_wconf 83' lang='lat' dir='ltr'><strong>quod</strong></span> <span class='ocrx_word' id='word_1_10' title='bbox 1592 351 1698 409; x_wconf 89' lang='lat' dir='ltr'><strong>dici</strong></span> <span class='ocrx_word' id='word_1_11' title='bbox 1728 360 1925 423; x_wconf 78' lang='lat' dir='ltr'><strong>&quot;potest.</strong></span> <span class='ocrx_word' id='word_1_12' title='bbox 1971 352 2121 410; x_wconf 75' lang='lat' dir='ltr'><strong>Mens</strong></span> <span class='ocrx_word' id='word_1_13' title='bbox 2146 354 2199 417; x_wconf 74' lang='grc' dir='ltr'><strong>Α</strong></span> <span class='ocrx_word' id='word_1_14' title='bbox 2226 354 2498 426; x_wconf 78' lang='lat' dir='ltr'><strong>requiescet</strong></span> <span class='ocrx_word' id='word_1_15' title='bbox 2565 353 2791 427; x_wconf 77' lang='lat' dir='ltr'><strong>Spiritus</strong></span> <span class='ocrx_word' id='word_1_16' title='bbox 2863 371 3002 412; x_wconf 80' lang='lat' dir='ltr'><strong>meus</strong></span> <span class='ocrx_word' id='word_1_17' title='bbox 3024 398 3040 424; x_wconf 93' lang='lat'><strong>,</strong></span> <span class='ocrx_word' id='word_1_18' title='bbox 3101 358 3201 412; x_wconf 89' lang='lat' dir='ltr'><strong>nisi</strong></span> <span class='ocrx_word' id='word_1_19' title='bbox 3263 372 3417 429; x_wconf 80' lang='lat' dir='ltr'><strong>super</strong></span> <span class='ocrx_word' id='word_1_20' title='bbox 3469 360 3708 418; x_wconf 78' lang='lat' dir='ltr'><strong>humilem</strong></span> <span class='ocrx_word' id='word_1_21' title='bbox 3759 376 3798 423; x_wconf 83' lang='lat' dir='ltr'><strong>et</strong></span> 
     </span>
    </p>
   </div>
   <div class='ocr_carea' id='block_1_4' title="bbox 523 450 2126 524">
    <p class='ocr_par' dir='ltr' id='par_1_4' title="bbox 523 450 2126 524">
     <span class='ocr_line' id='line_1_4' title="bbox 523 450 2126 524; baseline -0.001 -14"><span class='ocrx_word' id='word_1_22' title='bbox 523 460 609 510; x_wconf 86' lang='lat' dir='ltr'><strong>est</strong></span> <span class='ocrx_word' id='word_1_23' title='bbox 643 453 785 513; x_wconf 89' lang='lat' dir='ltr'><strong>enim</strong></span> <span class='ocrx_word' id='word_1_24' title='bbox 831 451 1076 524; x_wconf 54' lang='lat' dir='ltr'><strong>quaedam</strong></span> <span class='ocrx_word' id='word_1_25' title='bbox 1121 450 1344 522; x_wconf 86' lang='lat' dir='ltr'><strong>gignens</strong></span> <span class='ocrx_word' id='word_1_26' title='bbox 1369 458 1426 508; x_wconf 83' lang='lat' dir='ltr'><strong>et</strong></span> <span class='ocrx_word' id='word_1_27' title='bbox 1457 450 1736 521; x_wconf 88' lang='lat' dir='ltr'><strong>complens</strong></span> <span class='ocrx_word' id='word_1_28' title='bbox 1759 452 1939 506; x_wconf 82' lang='lat' dir='ltr'><strong>omnia</strong></span> <span class='ocrx_word' id='word_1_29' title='bbox 1962 494 1976 519; x_wconf 91' lang='lat'><strong>,</strong></span> <span class='ocrx_word' id='word_1_30' title='bbox 2005 467 2126 523; x_wconf 71' lang='lat' dir='ltr'><strong>quae</strong></span> 
     </span>
    </p>
   </div>
   <div class='ocr_carea' id='block_1_5' title="bbox 525 543 2125 614">
    <p class='ocr_par' dir='ltr' id='par_1_5' title="bbox 525 543 2125 614">
     <span class='ocr_line' id='line_1_5' title="bbox 525 543 2125 614; baseline 0 -13"><span class='ocrx_word' id='word_1_31' title='bbox 525 544 641 603; x_wconf 84' lang='lat' dir='ltr'><strong>sine</strong></span> <span class='ocrx_word' id='word_1_32' title='bbox 656 545 764 607; x_wconf 86' lang='lat' dir='ltr'><strong>ullo</strong></span> <span class='ocrx_word' id='word_1_33' title='bbox 785 555 876 605; x_wconf 83' lang='lat' dir='ltr'><strong>aut</strong></span> <span class='ocrx_word' id='word_1_34' title='bbox 898 544 1045 603; x_wconf 82' lang='lat' dir='ltr'><strong>initio</strong></span> <span class='ocrx_word' id='word_1_35' title='bbox 1060 555 1153 601; x_wconf 88' lang='lat' dir='ltr'><strong>aut</strong></span> <span class='ocrx_word' id='word_1_36' title='bbox 1175 543 1405 600; x_wconf 76' lang='lat' dir='ltr'><strong>termino</strong></span> <span class='ocrx_word' id='word_1_37' title='bbox 1431 545 1709 614; x_wconf 86' lang='lat' dir='ltr'><strong>temporis,</strong></span> <span class='ocrx_word' id='word_1_38' title='bbox 1733 558 1924 600; x_wconf 87' lang='lat' dir='ltr'><strong>causas</strong></span> <span class='ocrx_word' id='word_1_39' title='bbox 1944 560 2125 601; x_wconf 88' lang='lat' dir='ltr'><strong>rerum</strong></span> 
     </span>
    </p>
   </div>
   <div class='ocr_carea' id='block_1_6' title="bbox 525 635 2128 708">
    <p class='ocr_par' dir='ltr' id='par_1_6' title="bbox 525 635 2128 708">
     <span class='ocr_line' id='line_1_6' title="bbox 525 635 2128 708; baseline 0.001 -15"><span class='ocrx_word' id='word_1_40' title='bbox 525 637 840 699; x_wconf 66' lang='lat' dir='ltr'><strong>naturaliter</strong></span> <span class='ocrx_word' id='word_1_41' title='bbox 864 652 1031 693; x_wconf 79' lang='lat' dir='ltr'><strong>nexas</strong></span> <span class='ocrx_word' id='word_1_42' title='bbox 1058 635 1126 693; x_wconf 90' lang='lat' dir='ltr'><strong>ad</strong></span> <span class='ocrx_word' id='word_1_43' title='bbox 1153 636 1432 693; x_wconf 76' lang='lat' dir='ltr'><strong>utilitatem</strong></span> <span class='ocrx_word' id='word_1_44' title='bbox 1449 636 1690 695; x_wconf 86' lang='lat' dir='ltr'><strong>omnium</strong></span> <span class='ocrx_word' id='word_1_45' title='bbox 1708 652 1922 694; x_wconf 87' lang='lat' dir='ltr'><strong>summa</strong></span> <span class='ocrx_word' id='word_1_46' title='bbox 1937 646 1992 694; x_wconf 88' lang='lat' dir='ltr'><strong>et</strong></span> <span class='ocrx_word' id='word_1_47' title='bbox 2005 653 2128 708; x_wconf 81' lang='lat' dir='ltr'><strong>per—</strong></span> 
     </span>
    </p>
   </div>
   <div class='ocr_carea' id='block_1_7' title="bbox 527 727 1251 797">
    <p class='ocr_par' dir='ltr' id='par_1_7' title="bbox 527 727 1251 797">
     <span class='ocr_line' id='line_1_7' title="bbox 527 727 1251 797; baseline 0.001 -13"><span class='ocrx_word' id='word_1_48' title='bbox 527 728 665 797; x_wconf 72' lang='lat' dir='ltr'><strong>lecta</strong></span> <span class='ocrx_word' id='word_1_49' title='bbox 692 728 894 795; x_wconf 79' lang='lat' dir='ltr'><strong>ratione</strong></span> <span class='ocrx_word' id='word_1_50' title='bbox 924 727 1251 789; x_wconf 80' lang='lat' dir='ltr'><strong>moderetur.</strong></span> 
     </span>
    </p>
   </div>
   <div class='ocr_carea' id='block_1_8' title="bbox 1155 886 1509 949">
    <p class='ocr_par' dir='ltr' id='par_1_8' title="bbox 1155 886 1509 949">
     <span class='ocr_line' id='line_1_8' title="bbox 1155 886 1509 949; baseline 0.006 -4"><span class='ocrx_word' id='word_1_51' title='bbox 1155 886 1384 947; x_wconf 83' lang='lat' dir='ltr'><strong>CAPUT</strong></span> <span class='ocrx_word' id='word_1_52' title='bbox 1425 890 1509 949; x_wconf 87' lang='lat' dir='ltr'><strong>Ill.</strong></span> 
     </span>
    </p>
   </div>
   <div class='ocr_carea' id='block_1_9' title="bbox 527 1025 2127 1104">
    <p class='ocr_par' dir='ltr' id='par_1_9' title="bbox 527 1025 2127 1104">
     <span class='ocr_line' id='line_1_9' title="bbox 527 1025 2127 1104; baseline 0.002 -21"><span class='ocrx_word' id='word_1_53' title='bbox 527 1025 693 1084; x_wconf 87' lang='lat' dir='ltr'><strong>Deum</strong></span> <span class='ocrx_word' id='word_1_54' title='bbox 720 1043 827 1084; x_wconf 74' lang='lat' dir='ltr'><strong>esse</strong></span> <span class='ocrx_word' id='word_1_55' title='bbox 845 1027 1072 1083; x_wconf 86' lang='lat' dir='ltr'><strong>omnium</strong></span> <span class='ocrx_word' id='word_1_56' title='bbox 1098 1028 1409 1084; x_wconf 77' lang='lat' dir='ltr'><strong>conditorem</strong></span> <span class='ocrx_word' id='word_1_57' title='bbox 1437 1071 1453 1097; x_wconf 92' lang='lat'><strong>,</strong></span> <span class='ocrx_word' id='word_1_58' title='bbox 1483 1030 1744 1087; x_wconf 83' lang='lat' dir='ltr'><strong>dominum</strong></span> <span class='ocrx_word' id='word_1_59' title='bbox 1764 1039 1812 1088; x_wconf 90' lang='lat' dir='ltr'><strong>et</strong></span> <span class='ocrx_word' id='word_1_60' title='bbox 1840 1040 2127 1104; x_wconf 79' lang='lat' dir='ltr'><strong>parentem,</strong></span> 
     </span>
    </p>
   </div>
   <div class='ocr_carea' id='block_1_10' title="bbox 916 1121 1711 1193">
    <p class='ocr_par' dir='ltr' id='par_1_10' title="bbox 916 1121 1711 1193">
     <span class='ocr_line' id='line_1_10' title="bbox 916 1121 1711 1193; baseline 0.004 -16"><span class='ocrx_word' id='word_1_61' title='bbox 916 1137 945 1177; x_wconf 84' lang='lat' dir='ltr'><strong>s</strong></span> <span class='ocrx_word' id='word_1_62' title='bbox 963 1122 1124 1179; x_wconf 81' lang='lat' dir='ltr'><strong>sacris</strong></span> <span class='ocrx_word' id='word_1_63' title='bbox 1136 1121 1423 1192; x_wconf 83' lang='lat' dir='ltr'><strong>Scripturis</strong></span> <span class='ocrx_word' id='word_1_64' title='bbox 1450 1123 1711 1193; x_wconf 77' lang='lat' dir='ltr'><strong>probatur.</strong></span> 
     </span>
    </p>
   </div>
   <div class='ocr_carea' id='block_1_11' title="bbox 597 1260 2132 1339">
    <p class='ocr_par' dir='ltr' id='par_1_11' title="bbox 597 1260 2132 1339">
     <span class='ocr_line' id='line_1_11' title="bbox 597 1260 2132 1339; baseline 0.001 -21"><span class='ocrx_word' id='word_1_65' title='bbox 597 1260 752 1318; x_wconf 84' lang='lat' dir='ltr'><strong>Hunc</strong></span> <span class='ocrx_word' id='word_1_66' title='bbox 780 1260 940 1339; x_wconf 87' lang='lat' dir='ltr'><strong>igitur</strong></span> <span class='ocrx_word' id='word_1_67' title='bbox 969 1261 1310 1334; x_wconf 79' lang='lat' dir='ltr'><strong>agnoscimus</strong></span> <span class='ocrx_word' id='word_1_68' title='bbox 1333 1271 1387 1319; x_wconf 88' lang='lat' dir='ltr'><strong>et</strong></span> <span class='ocrx_word' id='word_1_69' title='bbox 1415 1264 1614 1327; x_wconf 83' lang='lat' dir='ltr'><strong>scimus</strong></span> <span class='ocrx_word' id='word_1_70' title='bbox 1652 1263 1844 1332; x_wconf 87' lang='lat' dir='ltr'><strong>Deum,</strong></span> <span class='ocrx_word' id='word_1_71' title='bbox 1880 1263 2132 1322; x_wconf 90' lang='lat' dir='ltr'><strong>condito-</strong></span> 
     </span>
    </p>
   </div>
   <div class='ocr_carea' id='block_1_12' title="bbox 528 1357 2130 1432">
    <p class='ocr_par' dir='ltr' id='par_1_12' title="bbox 528 1357 2130 1432">
     <span class='ocr_line' id='line_1_12' title="bbox 528 1357 2130 1432; baseline 0.002 -20"><span class='ocrx_word' id='word_1_72' title='bbox 528 1372 642 1413; x_wconf 89' lang='lat' dir='ltr'><strong>rem</strong></span> <span class='ocrx_word' id='word_1_73' title='bbox 676 1372 856 1414; x_wconf 88' lang='lat' dir='ltr'><strong>rerum</strong></span> <span class='ocrx_word' id='word_1_74' title='bbox 880 1358 1151 1414; x_wconf 88' lang='lat' dir='ltr'><strong>omnium:</strong></span> <span class='ocrx_word' id='word_1_75' title='bbox 1180 1357 1465 1413; x_wconf 90' lang='lat' dir='ltr'><strong>Dominum</strong></span> <span class='ocrx_word' id='word_1_76' title='bbox 1484 1402 1498 1425; x_wconf 92' lang='lat'><strong>,</strong></span> <span class='ocrx_word' id='word_1_77' title='bbox 1530 1368 1751 1432; x_wconf 81' lang='lat' dir='ltr'><strong>propter</strong></span> <span class='ocrx_word' id='word_1_78' title='bbox 1776 1368 2095 1432; x_wconf 87' lang='lat' dir='ltr'><strong>potestatem</strong></span> <span class='ocrx_word' id='word_1_79' title='bbox 2115 1403 2130 1427; x_wconf 93' lang='lat'><strong>,</strong></span> 
     </span>
    </p>
   </div>
   <div class='ocr_carea' id='block_1_13' title="bbox 531 1453 2132 1527">
    <p class='ocr_par' dir='ltr' id='par_1_13' title="bbox 531 1453 2132 1527">
     <span class='ocr_line' id='line_1_13' title="bbox 531 1453 2132 1527; baseline 0.002 -20"><span class='ocrx_word' id='word_1_80' title='bbox 531 1453 547 1484; x_wconf 76' lang='grc'>³</span> <span class='ocrx_word' id='word_1_81' title='bbox 580 1460 635 1507; x_wconf 88' lang='lat' dir='ltr'><strong>et</strong></span> <span class='ocrx_word' id='word_1_82' title='bbox 666 1461 963 1522; x_wconf 85' lang='lat' dir='ltr'><strong>parentem,</strong></span> <span class='ocrx_word' id='word_1_83' title='bbox 1010 1460 1233 1524; x_wconf 80' lang='lat' dir='ltr'><strong>propter</strong></span> <span class='ocrx_word' id='word_1_84' title='bbox 1286 1453 1673 1511; x_wconf 86' lang='lat' dir='ltr'><strong>institutionem</strong></span> <span class='ocrx_word' id='word_1_85' title='bbox 1705 1474 1717 1511; x_wconf 93' lang='lat'><strong>:</strong></span> <span class='ocrx_word' id='word_1_86' title='bbox 1752 1454 1894 1511; x_wconf 89' lang='lat' dir='ltr'><strong>hunc</strong></span> <span class='ocrx_word' id='word_1_87' title='bbox 1916 1454 2132 1527; x_wconf 86' lang='lat' dir='ltr'><strong>inquam</strong></span> 
     </span>
    </p>
   </div>
   <div class='ocr_carea' id='block_1_14' title="bbox 527 1544 2132 1621">
    <p class='ocr_par' dir='ltr' id='par_1_14' title="bbox 527 1544 2132 1621">
     <span class='ocr_line' id='line_1_14' title="bbox 527 1544 2132 1621; baseline 0.002 -21"><span class='ocrx_word' id='word_1_88' title='bbox 527 1545 616 1617; x_wconf 90' lang='lat' dir='ltr'><strong>qui</strong></span> <span class='ocrx_word' id='word_1_89' title='bbox 671 1544 823 1614; x_wconf 70' lang='lat' dir='ltr'><strong>dixit,</strong></span> <span class='ocrx_word' id='word_1_90' title='bbox 854 1556 901 1601; x_wconf 88' lang='lat' dir='ltr'><strong>et</strong></span> <span class='ocrx_word' id='word_1_91' title='bbox 944 1549 1083 1618; x_wconf 71' lang='lat' dir='ltr'><strong>facta</strong></span> <span class='ocrx_word' id='word_1_92' title='bbox 1134 1555 1252 1601; x_wconf 87' lang='lat' dir='ltr'><strong>sunt</strong></span> <span class='ocrx_word' id='word_1_93' title='bbox 1296 1548 1468 1603; x_wconf 86' lang='lat' dir='ltr'><strong>omnia</strong></span> <span class='ocrx_word' id='word_1_94' title='bbox 1506 1546 1527 1621; x_wconf 93' lang='lat'>(</span> <span class='ocrx_word' id='word_1_95' title='bbox 1560 1546 1706 1605; x_wconf 88' lang='lat' dir='ltr'><strong>Psal.</strong></span> <span class='ocrx_word' id='word_1_96' title='bbox 1755 1563 1990 1617; x_wconf 72' lang='lat' dir='ltr'><strong>CXLVIII,</strong></span> <span class='ocrx_word' id='word_1_97' title='bbox 2014 1548 2132 1620; x_wconf 85' lang='lat'><strong>5);</strong></span> 
     </span>
    </p>
   </div>
   <div class='ocr_carea' id='block_1_15' title="bbox 528 1639 2136 1715">
    <p class='ocr_par' dir='ltr' id='par_1_15' title="bbox 528 1639 2136 1715">
     <span class='ocr_line' id='line_1_15' title="bbox 528 1639 2136 1715; baseline 0.001 -21"><span class='ocrx_word' id='word_1_98' title='bbox 528 1639 767 1712; x_wconf 74' lang='lat' dir='ltr'><strong>prwcepit</strong></span> <span class='ocrx_word' id='word_1_99' title='bbox 795 1681 810 1705; x_wconf 94' lang='lat'><strong>,</strong></span> <span class='ocrx_word' id='word_1_100' title='bbox 857 1649 906 1695; x_wconf 87' lang='lat' dir='ltr'><strong>et</strong></span> <span class='ocrx_word' id='word_1_101' title='bbox 955 1650 1306 1711; x_wconf 86' lang='lat' dir='ltr'><strong>processerunt</strong></span> <span class='ocrx_word' id='word_1_102' title='bbox 1352 1641 1617 1709; x_wconf 84' lang='lat' dir='ltr'><strong>universa;</strong></span> <span class='ocrx_word' id='word_1_103' title='bbox 1665 1640 1732 1699; x_wconf 88' lang='lat' dir='ltr'><strong>de</strong></span> <span class='ocrx_word' id='word_1_104' title='bbox 1790 1656 1896 1713; x_wconf 91' lang='lat' dir='ltr'><strong>quo</strong></span> <span class='ocrx_word' id='word_1_105' title='bbox 1967 1642 2136 1715; x_wconf 83' lang='lat' dir='ltr'><strong>scrip-</strong></span> 
     </span>
    </p>
   </div>
   <div class='ocr_carea' id='block_1_16' title="bbox 529 1730 2137 1811">
    <p class='ocr_par' dir='ltr' id='par_1_16' title="bbox 529 1730 2137 1811">
     <span class='ocr_line' id='line_1_16' title="bbox 529 1730 2137 1811; baseline 0.003 -25"><span class='ocrx_word' id='word_1_106' title='bbox 529 1740 641 1786; x_wconf 91' lang='lat' dir='ltr'><strong>tum</strong></span> <span class='ocrx_word' id='word_1_107' title='bbox 672 1741 758 1788; x_wconf 89' lang='lat' dir='ltr'><strong>est</strong></span> <span class='ocrx_word' id='word_1_108' title='bbox 783 1730 805 1804; x_wconf 94' lang='lat'>(</span> <span class='ocrx_word' id='word_1_109' title='bbox 835 1730 985 1790; x_wconf 87' lang='lat' dir='ltr'><strong>Psal.</strong></span> <span class='ocrx_word' id='word_1_110' title='bbox 1033 1748 1156 1798; x_wconf 90' lang='lat' dir='ltr'><strong>cut,</strong></span> <span class='ocrx_word' id='word_1_111' title='bbox 1192 1732 1261 1790; x_wconf 69' lang='lat' dir='ltr'><strong>2i</strong></span> <span class='ocrx_word' id='word_1_112' title='bbox 1290 1732 1308 1804; x_wconf 95' lang='lat'><strong>)</strong></span> <span class='ocrx_word' id='word_1_113' title='bbox 1345 1751 1357 1788; x_wconf 90' lang='lat'>:</span> <span class='ocrx_word' id='word_1_114' title='bbox 1391 1733 1577 1791; x_wconf 81' lang='lat' dir='ltr'><strong>Omnia</strong></span> <span class='ocrx_word' id='word_1_115' title='bbox 1618 1736 1673 1791; x_wconf 87' lang='lat' dir='ltr'><strong>in</strong></span> <span class='ocrx_word' id='word_1_116' title='bbox 1715 1734 1969 1808; x_wconf 87' lang='lat' dir='ltr'><strong>sapientia</strong></span> <span class='ocrx_word' id='word_1_117' title='bbox 2011 1737 2137 1811; x_wconf 76' lang='lat' dir='ltr'><strong>feci-</strong></span> 
     </span>
    </p>
   </div>
   <div class='ocr_carea' id='block_1_17' title="bbox 527 1822 2133 1900">
    <p class='ocr_par' dir='ltr' id='par_1_17' title="bbox 527 1822 2133 1900">
     <span class='ocr_line' id='line_1_17' title="bbox 527 1822 2133 1900; baseline 0.005 -20"><span class='ocrx_word' id='word_1_118' title='bbox 527 1825 628 1892; x_wconf 82' lang='lat' dir='ltr'><strong>sti;</strong></span> <span class='ocrx_word' id='word_1_119' title='bbox 657 1822 725 1887; x_wconf 87' lang='lat' dir='ltr'><strong>de</strong></span> <span class='ocrx_word' id='word_1_120' title='bbox 775 1839 881 1899; x_wconf 89' lang='lat' dir='ltr'><strong>quo</strong></span> <span class='ocrx_word' id='word_1_121' title='bbox 931 1824 1142 1900; x_wconf 72' lang='lat' dir='ltr'><strong>Moyses</strong></span> <span class='ocrx_word' id='word_1_122' title='bbox 1189 1825 1499 1900; x_wconf 89' lang='lat' dir='ltr'><strong>(Deuteron.</strong></span> <span class='ocrx_word' id='word_1_123' title='bbox 1547 1843 1637 1895; x_wconf 86' lang='lat' dir='ltr'><strong>tv,</strong></span> <span class='ocrx_word' id='word_1_124' title='bbox 1693 1827 1804 1899; x_wconf 77' lang='lat'><strong>39)</strong></span> <span class='ocrx_word' id='word_1_125' title='bbox 1846 1846 1859 1885; x_wconf 89' lang='lat'><strong>:</strong></span> <span class='ocrx_word' id='word_1_126' title='bbox 1894 1828 2032 1887; x_wconf 81' lang='lat' dir='ltr'><strong>Deus</strong></span> <span class='ocrx_word' id='word_1_127' title='bbox 2078 1830 2133 1888; x_wconf 84' lang='lat' dir='ltr'><strong>in</strong></span> 
     </span>
    </p>
   </div>
   <div class='ocr_carea' id='block_1_18' title="bbox 530 1915 2133 1994">
    <p class='ocr_par' dir='ltr' id='par_1_18' title="bbox 530 1915 2133 1994">
     <span class='ocr_line' id='line_1_18' title="bbox 530 1915 2133 1994; baseline 0.008 -24"><span class='ocrx_word' id='word_1_128' title='bbox 530 1915 657 1981; x_wconf 76' lang='lat' dir='ltr'><strong>caelo</strong></span> <span class='ocrx_word' id='word_1_129' title='bbox 700 1933 904 1973; x_wconf 89' lang='lat' dir='ltr'><strong>sursum</strong></span> <span class='ocrx_word' id='word_1_130' title='bbox 953 1926 1001 1972; x_wconf 89' lang='lat' dir='ltr'><strong>et</strong></span> <span class='ocrx_word' id='word_1_131' title='bbox 1051 1919 1105 1972; x_wconf 88' lang='lat' dir='ltr'><strong>in</strong></span> <span class='ocrx_word' id='word_1_132' title='bbox 1161 1929 1300 1974; x_wconf 88' lang='lat' dir='ltr'><strong>terra</strong></span> <span class='ocrx_word' id='word_1_133' title='bbox 1350 1919 1630 1986; x_wconf 81' lang='lat' dir='ltr'><strong>deorsum;</strong></span> <span class='ocrx_word' id='word_1_134' title='bbox 1685 1921 1775 1994; x_wconf 88' lang='lat' dir='ltr'><strong>qui</strong></span> <span class='ocrx_word' id='word_1_135' title='bbox 1835 1921 2133 1983; x_wconf 88' lang='lat' dir='ltr'><strong>secundum</strong></span> 
     </span>
    </p>
   </div>
   <div class='ocr_carea' id='block_1_19' title="bbox 530 2006 2132 2085">
    <p class='ocr_par' dir='ltr' id='par_1_19' title="bbox 530 2006 2132 2085">
     <span class='ocr_line' id='line_1_19' title="bbox 530 2006 2132 2085; baseline 0.004 -22"><span class='ocrx_word' id='word_1_136' title='bbox 530 2006 722 2064; x_wconf 82' lang='lat' dir='ltr'><strong>Isaiam</strong></span> <span class='ocrx_word' id='word_1_137' title='bbox 776 2008 936 2081; x_wconf 84' lang='lat' dir='ltr'><strong>(lsa.</strong></span> <span class='ocrx_word' id='word_1_138' title='bbox 985 2026 1078 2077; x_wconf 74' lang='lat' dir='ltr'><strong>XL,</strong></span> <span class='ocrx_word' id='word_1_139' title='bbox 1131 2010 1244 2085; x_wconf 69' lang='grc'><strong>12)</strong></span> <span class='ocrx_word' id='word_1_140' title='bbox 1274 2053 1289 2078; x_wconf 84' lang='grc'><em>,</em></span> <span class='ocrx_word' id='word_1_141' title='bbox 1332 2029 1533 2067; x_wconf 89' lang='lat' dir='ltr'><strong>mensus</strong></span> <span class='ocrx_word' id='word_1_142' title='bbox 1585 2023 1659 2068; x_wconf 88' lang='lat' dir='ltr'><strong>est</strong></span> <span class='ocrx_word' id='word_1_143' title='bbox 1708 2013 1889 2069; x_wconf 69' lang='lat' dir='ltr'><strong>(mlum</strong></span> <span class='ocrx_word' id='word_1_144' title='bbox 1941 2015 2132 2084; x_wconf 86' lang='lat' dir='ltr'><strong>palmo,</strong></span> 
     </span>
    </p>
   </div>
   <div class='ocr_carea' id='block_1_20' title="bbox 535 2102 2134 2180">
    <p class='ocr_par' dir='ltr' id='par_1_20' title="bbox 535 2102 2134 2180">
     <span class='ocr_line' id='line_1_20' title="bbox 535 2102 2134 2180; baseline 0.006 -24"><span class='ocrx_word' id='word_1_145' title='bbox 535 2111 724 2158; x_wconf 84' lang='lat' dir='ltr'><strong>terram</strong></span> <span class='ocrx_word' id='word_1_146' title='bbox 759 2102 958 2175; x_wconf 85' lang='lat' dir='ltr'><strong>pugillo</strong></span> <span class='ocrx_word' id='word_1_147' title='bbox 988 2104 1117 2175; x_wconf 85' lang='lat' dir='ltr'><strong>:qui</strong></span> <span class='ocrx_word' id='word_1_148' title='bbox 1160 2105 1345 2177; x_wconf 83' lang='lat' dir='ltr'><strong>aspicit</strong></span> <span class='ocrx_word' id='word_1_149' title='bbox 1385 2114 1595 2174; x_wconf 82' lang='lat' dir='ltr'><strong>terram,</strong></span> <span class='ocrx_word' id='word_1_150' title='bbox 1624 2116 1671 2163; x_wconf 91' lang='lat' dir='ltr'><strong>et</strong></span> <span class='ocrx_word' id='word_1_151' title='bbox 1707 2108 1832 2180; x_wconf 79' lang='lat' dir='ltr'><strong>facit</strong></span> <span class='ocrx_word' id='word_1_152' title='bbox 1874 2124 1987 2164; x_wconf 86' lang='lat' dir='ltr'><strong>eam</strong></span> <span class='ocrx_word' id='word_1_153' title='bbox 2030 2119 2134 2165; x_wconf 87' lang='lat' dir='ltr'><strong>tre-</strong></span> 
     </span>
    </p>
   </div>
   <div class='ocr_carea' id='block_1_21' title="bbox 531 2194 2139 2274">
    <p class='ocr_par' dir='ltr' id='par_1_21' title="bbox 531 2194 2139 2274">
     <span class='ocr_line' id='line_1_21' title="bbox 531 2194 2139 2274; baseline 0.007 -25"><span class='ocrx_word' id='word_1_154' title='bbox 531 2211 671 2253; x_wconf 86' lang='lat' dir='ltr'><strong>mere</strong></span> <span class='ocrx_word' id='word_1_155' title='bbox 718 2194 901 2263; x_wconf 85' lang='lat' dir='ltr'><strong>(Psal.</strong></span> <span class='ocrx_word' id='word_1_156' title='bbox 944 2212 1058 2267; x_wconf 86' lang='lat' dir='ltr'><strong>cut,</strong></span> <span class='ocrx_word' id='word_1_157' title='bbox 1088 2197 1223 2271; x_wconf 76' lang='lat'><strong>52);</strong></span> <span class='ocrx_word' id='word_1_158' title='bbox 1254 2201 1340 2271; x_wconf 91' lang='lat' dir='ltr'><strong>qui</strong></span> <span class='ocrx_word' id='word_1_159' title='bbox 1384 2202 1604 2261; x_wconf 77' lang='lat' dir='ltr'><strong>continet</strong></span> <span class='ocrx_word' id='word_1_160' title='bbox 1653 2218 1835 2274; x_wconf 79' lang='lat' dir='ltr'><strong>gyrum</strong></span> <span class='ocrx_word' id='word_1_161' title='bbox 1876 2211 2043 2271; x_wconf 69' lang='lat' dir='ltr'><strong>terrm,</strong></span> <span class='ocrx_word' id='word_1_162' title='bbox 2092 2214 2139 2260; x_wconf 83' lang='lat' dir='ltr'><strong>et</strong></span> 
     </span>
    </p>
   </div>
   <div class='ocr_carea' id='block_1_22' title="bbox 535 2288 2141 2369">
    <p class='ocr_par' dir='ltr' id='par_1_22' title="bbox 535 2288 2141 2369">
     <span class='ocr_line' id='line_1_22' title="bbox 535 2288 2141 2369; baseline 0.004 -26"><span class='ocrx_word' id='word_1_163' title='bbox 535 2304 619 2344; x_wconf 87' lang='lat' dir='ltr'><strong>eos</strong></span> <span class='ocrx_word' id='word_1_164' title='bbox 645 2289 733 2362; x_wconf 89' lang='lat' dir='ltr'><strong>qui</strong></span> <span class='ocrx_word' id='word_1_165' title='bbox 769 2288 999 2344; x_wconf 90' lang='lat' dir='ltr'><strong>habitant</strong></span> <span class='ocrx_word' id='word_1_166' title='bbox 1045 2291 1097 2347; x_wconf 91' lang='lat' dir='ltr'><strong>in</strong></span> <span class='ocrx_word' id='word_1_167' title='bbox 1133 2292 1247 2363; x_wconf 86' lang='lat' dir='ltr'><strong>ipso</strong></span> <span class='ocrx_word' id='word_1_168' title='bbox 1286 2293 1433 2365; x_wconf 91' lang='lat' dir='ltr'><strong>quasi</strong></span> <span class='ocrx_word' id='word_1_169' title='bbox 1461 2294 1706 2359; x_wconf 71' lang='lat' dir='ltr'><strong>locustae;</strong></span> <span class='ocrx_word' id='word_1_170' title='bbox 1736 2297 1824 2369; x_wconf 89' lang='lat' dir='ltr'><strong>qui</strong></span> <span class='ocrx_word' id='word_1_171' title='bbox 1851 2297 1870 2327; x_wconf 85' lang='grc'>²</span> <span class='ocrx_word' id='word_1_172' title='bbox 1903 2297 2141 2369; x_wconf 71' lang='lat' dir='ltr'><strong>expendit</strong></span> 
     </span>
    </p>
   </div>
   <div class='ocr_carea' id='block_1_23' title="bbox 533 2382 2136 2459">
    <p class='ocr_par' dir='ltr' id='par_1_23' title="bbox 533 2382 2136 2459">
     <span class='ocr_line' id='line_1_23' title="bbox 533 2382 2136 2459; baseline 0.007 -26"><span class='ocrx_word' id='word_1_173' title='bbox 533 2390 729 2437; x_wconf 87' lang='lat' dir='ltr'><strong>montes</strong></span> <span class='ocrx_word' id='word_1_174' title='bbox 778 2382 832 2436; x_wconf 89' lang='lat' dir='ltr'><strong>in</strong></span> <span class='ocrx_word' id='word_1_175' title='bbox 877 2382 1125 2455; x_wconf 86' lang='lat' dir='ltr'><strong>pondere,</strong></span> <span class='ocrx_word' id='word_1_176' title='bbox 1173 2394 1220 2437; x_wconf 89' lang='lat' dir='ltr'><strong>et</strong></span> <span class='ocrx_word' id='word_1_177' title='bbox 1268 2401 1476 2440; x_wconf 83' lang='lat' dir='ltr'><strong>nemora</strong></span> <span class='ocrx_word' id='word_1_178' title='bbox 1504 2387 1573 2457; x_wconf 41' lang='lat' dir='ltr'><strong>.in</strong></span> <span class='ocrx_word' id='word_1_179' title='bbox 1619 2396 1811 2442; x_wconf 75' lang='lat' dir='ltr'><strong>statera</strong></span> <span class='ocrx_word' id='word_1_180' title='bbox 1843 2385 2000 2459; x_wconf 88' lang='lat' dir='ltr'><strong>(lsa.</strong></span> <span class='ocrx_word' id='word_1_181' title='bbox 2050 2404 2136 2455; x_wconf 70' lang='lat' dir='ltr'><strong>XL,</strong></span> 
     </span>
    </p>
   </div>
   <div class='ocr_carea' id='block_1_24' title="bbox 532 2476 2143 2554">
    <p class='ocr_par' dir='ltr' id='par_1_24' title="bbox 532 2476 2143 2554">
     <span class='ocr_line' id='line_1_24' title="bbox 532 2476 2143 2554; baseline 0.006 -22"><span class='ocrx_word' id='word_1_182' title='bbox 532 2476 721 2545; x_wconf 75' lang='grc'><strong>22,12</strong></span> <span class='ocrx_word' id='word_1_183' title='bbox 749 2476 801 2550; x_wconf 88' lang='grc'><strong>);</strong></span> <span class='ocrx_word' id='word_1_184' title='bbox 859 2478 913 2535; x_wconf 91' lang='lat' dir='ltr'><strong>id</strong></span> <span class='ocrx_word' id='word_1_185' title='bbox 954 2487 1069 2549; x_wconf 90' lang='lat' dir='ltr'><strong>est,</strong></span> <span class='ocrx_word' id='word_1_186' title='bbox 1098 2488 1247 2537; x_wconf 91' lang='lat' dir='ltr'><strong>certo</strong></span> <span class='ocrx_word' id='word_1_187' title='bbox 1278 2480 1475 2538; x_wconf 72' lang='lat' dir='ltr'><strong>divina:</strong></span> <span class='ocrx_word' id='word_1_188' title='bbox 1520 2481 1886 2554; x_wconf 87' lang='lat' dir='ltr'><strong>dispositionis</strong></span> <span class='ocrx_word' id='word_1_189' title='bbox 1937 2484 2143 2541; x_wconf 79' lang='lat' dir='ltr'><strong>exami-</strong></span> 
     </span>
    </p>
   </div>
   <div class='ocr_carea' id='block_1_25' title="bbox 535 2569 2146 2647">
    <p class='ocr_par' dir='ltr' id='par_1_25' title="bbox 535 2569 2146 2647">
     <span class='ocr_line' id='line_1_25' title="bbox 535 2569 2146 2647; baseline 0.004 -22"><span class='ocrx_word' id='word_1_190' title='bbox 535 2584 640 2625; x_wconf 87' lang='lat' dir='ltr'><strong>ne:</strong></span> <span class='ocrx_word' id='word_1_191' title='bbox 670 2585 754 2639; x_wconf 91' lang='lat' dir='ltr'><strong>ac,</strong></span> <span class='ocrx_word' id='word_1_192' title='bbox 804 2585 875 2626; x_wconf 92' lang='lat' dir='ltr'><strong>ne</strong></span> <span class='ocrx_word' id='word_1_193' title='bbox 928 2569 1083 2628; x_wconf 82' lang='lat' dir='ltr'><strong>facile</strong></span> <span class='ocrx_word' id='word_1_194' title='bbox 1110 2573 1161 2631; x_wconf 91' lang='lat' dir='ltr'><strong>in</strong></span> <span class='ocrx_word' id='word_1_195' title='bbox 1191 2572 1401 2637; x_wconf 87' lang='lat' dir='ltr'><strong>ruinam</strong></span> <span class='ocrx_word' id='word_1_196' title='bbox 1432 2574 1810 2645; x_wconf 89' lang='lat' dir='ltr'><strong>procumberet</strong></span> <span class='ocrx_word' id='word_1_197' title='bbox 1835 2574 2146 2647; x_wconf 79' lang='lat' dir='ltr'><strong>magnitudo</strong></span> 
     </span>
    </p>
   </div>
   <div class='ocr_carea' id='block_1_26' title="bbox 536 2662 2146 2740">
    <p class='ocr_par' dir='ltr' id='par_1_26' title="bbox 536 2662 2146 2740">
     <span class='ocr_line' id='line_1_26' title="bbox 536 2662 2146 2740; baseline 0.006 -22"><span class='ocrx_word' id='word_1_198' title='bbox 536 2662 875 2735; x_wconf 75' lang='lat' dir='ltr'><strong>inaequaliter</strong></span> <span class='ocrx_word' id='word_1_199' title='bbox 894 2663 1102 2739; x_wconf 87' lang='lat' dir='ltr'><strong>jaceus,</strong></span> <span class='ocrx_word' id='word_1_200' title='bbox 1130 2665 1175 2721; x_wconf 92' lang='lat' dir='ltr'><strong>si</strong></span> <span class='ocrx_word' id='word_1_201' title='bbox 1205 2681 1311 2721; x_wconf 92' lang='lat' dir='ltr'><strong>non</strong></span> <span class='ocrx_word' id='word_1_202' title='bbox 1341 2666 1557 2737; x_wconf 84' lang='lat' dir='ltr'><strong>paribus</strong></span> <span class='ocrx_word' id='word_1_203' title='bbox 1573 2666 1760 2725; x_wconf 78' lang='lat' dir='ltr'><strong>fuisset</strong></span> <span class='ocrx_word' id='word_1_204' title='bbox 1789 2667 1979 2725; x_wconf 88' lang='lat' dir='ltr'><strong>librata</strong></span> <span class='ocrx_word' id='word_1_205' title='bbox 2008 2683 2146 2740; x_wconf 87' lang='lat' dir='ltr'><strong>pon—</strong></span> 
     </span>
    </p>
   </div>
   <div class='ocr_carea' id='block_1_27' title="bbox 537 2755 2148 2832">
    <p class='ocr_par' dir='ltr' id='par_1_27' title="bbox 537 2755 2148 2832">
     <span class='ocr_line' id='line_1_27' title="bbox 537 2755 2148 2832; baseline 0.002 -20"><span class='ocrx_word' id='word_1_206' title='bbox 537 2755 757 2812; x_wconf 89' lang='lat' dir='ltr'><strong>deribus</strong></span> <span class='ocrx_word' id='word_1_207' title='bbox 785 2797 799 2819; x_wconf 89' lang='lat'><strong>,</strong></span> <span class='ocrx_word' id='word_1_208' title='bbox 826 2772 962 2813; x_wconf 87' lang='lat' dir='ltr'><strong>onus</strong></span> <span class='ocrx_word' id='word_1_209' title='bbox 985 2756 1088 2812; x_wconf 86' lang='lat' dir='ltr'><strong>hoc</strong></span> <span class='ocrx_word' id='word_1_210' title='bbox 1129 2758 1476 2817; x_wconf 85' lang='lat' dir='ltr'><strong>moderanter</strong></span> <span class='ocrx_word' id='word_1_211' title='bbox 1503 2770 1730 2819; x_wconf 63' lang='lat' dir='ltr'><strong>terrenae</strong></span> <span class='ocrx_word' id='word_1_212' title='bbox 1769 2760 1929 2821; x_wconf 89' lang='lat' dir='ltr'><strong>molis</strong></span> <span class='ocrx_word' id='word_1_213' title='bbox 1969 2775 2148 2832; x_wconf 70' lang='lat' dir='ltr'><strong>(cqua-</strong></span> 
     </span>
    </p>
   </div>
   <div class='ocr_carea' id='block_1_28' title="bbox 537 2848 2149 2928">
    <p class='ocr_par' dir='ltr' id='par_1_28' title="bbox 537 2848 2149 2928">
     <span class='ocr_line' id='line_1_28' title="bbox 537 2848 2149 2928; baseline 0.004 -25"><span class='ocrx_word' id='word_1_214' title='bbox 537 2848 635 2903; x_wconf 81' lang='lat' dir='ltr'><strong>vit.</strong></span> <span class='ocrx_word' id='word_1_215' title='bbox 682 2849 783 2917; x_wconf 87' lang='lat' dir='ltr'><strong>Qui</strong></span> <span class='ocrx_word' id='word_1_216' title='bbox 821 2848 952 2904; x_wconf 91' lang='lat' dir='ltr'><strong>dicit</strong></span> <span class='ocrx_word' id='word_1_217' title='bbox 995 2864 1088 2922; x_wconf 89' lang='lat' dir='ltr'><strong>per</strong></span> <span class='ocrx_word' id='word_1_218' title='bbox 1117 2850 1443 2922; x_wconf 83' lang='lat' dir='ltr'><strong>PrOphetam</strong></span> <span class='ocrx_word' id='word_1_219' title='bbox 1472 2855 1489 2922; x_wconf 88' lang='lat'><strong>(</strong></span> <span class='ocrx_word' id='word_1_220' title='bbox 1520 2851 1629 2911; x_wconf 87' lang='lat' dir='ltr'><strong>Isa.</strong></span> <span class='ocrx_word' id='word_1_221' title='bbox 1658 2868 1766 2908; x_wconf 75' lang='lat' dir='ltr'><strong>XLV</strong></span> <span class='ocrx_word' id='word_1_222' title='bbox 1794 2897 1809 2922; x_wconf 85' lang='lat'><strong>,</strong></span> <span class='ocrx_word' id='word_1_223' title='bbox 1842 2852 1955 2927; x_wconf 77' lang='lat'><strong>2&#39;2)</strong></span> <span class='ocrx_word' id='word_1_224' title='bbox 1987 2873 2000 2913; x_wconf 92' lang='lat'><strong>:</strong></span> <span class='ocrx_word' id='word_1_225' title='bbox 2033 2852 2149 2928; x_wconf 86' lang='lat' dir='ltr'><strong>Ego</strong></span> 
     </span>
    </p>
   </div>
   <div class='ocr_carea' id='block_1_29' title="bbox 540 2937 2150 3016">
    <p class='ocr_par' dir='ltr' id='par_1_29' title="bbox 540 2937 2150 3016">
     <span class='ocr_line' id='line_1_29' title="bbox 540 2937 2150 3016; baseline 0.005 -22"><span class='ocrx_word' id='word_1_226' title='bbox 540 2937 706 3005; x_wconf 87' lang='lat' dir='ltr'><strong>Deus,</strong></span> <span class='ocrx_word' id='word_1_227' title='bbox 740 2951 789 2995; x_wconf 89' lang='lat' dir='ltr'><strong>et</strong></span> <span class='ocrx_word' id='word_1_228' title='bbox 839 2956 941 2995; x_wconf 86' lang='lat' dir='ltr'><strong>non</strong></span> <span class='ocrx_word' id='word_1_229' title='bbox 989 2951 1062 2995; x_wconf 87' lang='lat' dir='ltr'><strong>est</strong></span> <span class='ocrx_word' id='word_1_230' title='bbox 1103 2952 1288 3013; x_wconf 72' lang='lat' dir='ltr'><strong>prwter</strong></span> <span class='ocrx_word' id='word_1_231' title='bbox 1319 2959 1417 2997; x_wconf 90' lang='lat' dir='ltr'><strong>me.</strong></span> <span class='ocrx_word' id='word_1_232' title='bbox 1463 2942 1562 3011; x_wconf 87' lang='lat' dir='ltr'><strong>Qui</strong></span> <span class='ocrx_word' id='word_1_233' title='bbox 1609 2959 1703 3016; x_wconf 88' lang='lat' dir='ltr'><strong>per</strong></span> <span class='ocrx_word' id='word_1_234' title='bbox 1737 2945 1987 3001; x_wconf 81' lang='lat' dir='ltr'><strong>eumdem</strong></span> <span class='ocrx_word' id='word_1_235' title='bbox 2020 2945 2150 3002; x_wconf 88' lang='lat' dir='ltr'><strong>Pro-</strong></span> 
     </span>
    </p>
   </div>
   <div class='ocr_carea' id='block_1_30' title="bbox 540 3031 2151 3110">
    <p class='ocr_par' dir='ltr' id='par_1_30' title="bbox 540 3031 2151 3110">
     <span class='ocr_line' id='line_1_30' title="bbox 540 3031 2151 3110; baseline 0.004 -24"><span class='ocrx_word' id='word_1_236' title='bbox 540 3031 755 3105; x_wconf 79' lang='lat' dir='ltr'><strong>plietam</strong></span> <span class='ocrx_word' id='word_1_237' title='bbox 809 3032 1151 3104; x_wconf 87' lang='lat' dir='ltr'><strong>refert(lsa.</strong></span> <span class='ocrx_word' id='word_1_238' title='bbox 1207 3052 1347 3105; x_wconf 75' lang='grc' dir='ltr'>χιιι,</span> <span class='ocrx_word' id='word_1_239' title='bbox 1393 3034 1488 3110; x_wconf 89' lang='lat'><strong>8):</strong></span> <span class='ocrx_word' id='word_1_240' title='bbox 1517 3036 1773 3105; x_wconf 86' lang='lat' dir='ltr'><strong>Quoniam</strong></span> <span class='ocrx_word' id='word_1_241' title='bbox 1830 3041 2151 3108; x_wconf 84' lang='lat' dir='ltr'><strong>majestatent</strong></span> 
     </span>
    </p>
   </div>
   <div class='ocr_carea' id='block_1_31' title="bbox 541 3126 2225 3237">
    <p class='ocr_par' dir='ltr' id='par_1_31' title="bbox 541 3126 2225 3237">
     <span class='ocr_line' id='line_1_31' title="bbox 541 3126 2225 3237; baseline 0.006 -58"><span class='ocrx_word' id='word_1_242' title='bbox 541 3142 707 3180; x_wconf 88' lang='lat' dir='ltr'><strong>meam</strong></span> <span class='ocrx_word' id='word_1_243' title='bbox 746 3144 848 3182; x_wconf 90' lang='lat' dir='ltr'><strong>non</strong></span> <span class='ocrx_word' id='word_1_244' title='bbox 892 3126 1023 3183; x_wconf 86' lang='lat' dir='ltr'><strong>dabo</strong></span> <span class='ocrx_word' id='word_1_245' title='bbox 1070 3129 1268 3196; x_wconf 87' lang='lat' dir='ltr'><strong>alteri;</strong></span> <span class='ocrx_word' id='word_1_246' title='bbox 1313 3140 1371 3185; x_wconf 89' lang='lat' dir='ltr'><strong>ut</strong></span> <span class='ocrx_word' id='word_1_247' title='bbox 1418 3146 1606 3188; x_wconf 89' lang='lat' dir='ltr'><strong>omnes</strong></span> <span class='ocrx_word' id='word_1_248' title='bbox 1632 3147 1752 3189; x_wconf 91' lang='lat' dir='ltr'><strong>cum</strong></span> <span class='ocrx_word' id='word_1_249' title='bbox 1788 3132 1902 3191; x_wconf 83' lang='lat' dir='ltr'><strong>suis</strong></span> <span class='ocrx_word' id='word_1_250' title='bbox 1928 3134 2150 3206; x_wconf 85' lang='lat' dir='ltr'><strong>ﬁgmcn-</strong></span> <span class='ocrx_word' id='word_1_251' title='bbox 2179 3172 2225 3237; x_wconf 62' lang='grc' dir='ltr'><strong>Ο</strong></span> 
     </span>
    </p>
   </div>
   <div class='ocr_carea' id='block_1_32' title="bbox 544 3216 2149 3295">
    <p class='ocr_par' dir='ltr' id='par_1_32' title="bbox 544 3216 2149 3295">
     <span class='ocr_line' id='line_1_32' title="bbox 544 3216 2149 3295; baseline 0.006 -24"><span class='ocrx_word' id='word_1_252' title='bbox 544 3217 612 3273; x_wconf 92' lang='lat' dir='ltr'><strong>tis</strong></span> <span class='ocrx_word' id='word_1_253' title='bbox 639 3216 884 3276; x_wconf 84' lang='lat' dir='ltr'><strong>ethnicos</strong></span> <span class='ocrx_word' id='word_1_254' title='bbox 905 3219 1154 3276; x_wconf 74' lang='lat' dir='ltr'><strong>excludat</strong></span> <span class='ocrx_word' id='word_1_255' title='bbox 1179 3231 1234 3277; x_wconf 92' lang='lat' dir='ltr'><strong>et</strong></span> <span class='ocrx_word' id='word_1_256' title='bbox 1263 3220 1566 3290; x_wconf 83' lang='lat' dir='ltr'><strong>haereticos,</strong></span> <span class='ocrx_word' id='word_1_257' title='bbox 1598 3222 1831 3295; x_wconf 86' lang='lat' dir='ltr'><strong>probans</strong></span> <span class='ocrx_word' id='word_1_258' title='bbox 1857 3224 2021 3279; x_wconf 84' lang='lat' dir='ltr'><strong>[leum</strong></span> <span class='ocrx_word' id='word_1_259' title='bbox 2044 3239 2149 3281; x_wconf 91' lang='lat' dir='ltr'><strong>non</strong></span> 
     </span>
    </p>
   </div>
   <div class='ocr_carea' id='block_1_33' title="bbox 543 3314 2150 3393">
    <p class='ocr_par' dir='ltr' id='par_1_33' title="bbox 543 3314 2150 3393">
     <span class='ocr_line' id='line_1_33' title="bbox 543 3314 2150 3393; baseline 0.004 -24"><span class='ocrx_word' id='word_1_260' title='bbox 543 3328 663 3371; x_wconf 87' lang='lat' dir='ltr'><strong>esse</strong></span> <span class='ocrx_word' id='word_1_261' title='bbox 683 3314 772 3387; x_wconf 90' lang='lat' dir='ltr'><strong>qui</strong></span> <span class='ocrx_word' id='word_1_262' title='bbox 805 3331 963 3371; x_wconf 90' lang='lat' dir='ltr'><strong>manu</strong></span> <span class='ocrx_word' id='word_1_263' title='bbox 985 3315 1206 3371; x_wconf 89' lang='lat' dir='ltr'><strong>artiﬁcis</strong></span> <span class='ocrx_word' id='word_1_264' title='bbox 1228 3315 1394 3373; x_wconf 86' lang='lat' dir='ltr'><strong>iactus</strong></span> <span class='ocrx_word' id='word_1_265' title='bbox 1418 3317 1485 3372; x_wconf 90' lang='lat' dir='ltr'><strong>sit</strong></span> <span class='ocrx_word' id='word_1_266' title='bbox 1510 3360 1524 3384; x_wconf 91' lang='lat'><strong>,</strong></span> <span class='ocrx_word' id='word_1_267' title='bbox 1563 3332 1661 3373; x_wconf 88' lang='lat' dir='ltr'><strong>nec</strong></span> <span class='ocrx_word' id='word_1_268' title='bbox 1686 3333 1809 3373; x_wconf 93' lang='lat' dir='ltr'><strong>eum</strong></span> <span class='ocrx_word' id='word_1_269' title='bbox 1828 3318 1848 3350; x_wconf 83' lang='lat'>&#39;</span> <span class='ocrx_word' id='word_1_270' title='bbox 1878 3318 1965 3393; x_wconf 91' lang='lat' dir='ltr'><strong>qui</strong></span> <span class='ocrx_word' id='word_1_271' title='bbox 2000 3320 2150 3391; x_wconf 58' lang='lat' dir='ltr'><strong>inge.</strong></span> 
     </span>
    </p>
   </div>
   <div class='ocr_carea' id='block_1_34' title="bbox 543 3405 2149 3481">
    <p class='ocr_par' dir='ltr' id='par_1_34' title="bbox 543 3405 2149 3481">
     <span class='ocr_line' id='line_1_34' title="bbox 543 3405 2149 3481; baseline 0.004 -19"><span class='ocrx_word' id='word_1_272' title='bbox 543 3405 635 3462; x_wconf 91' lang='lat' dir='ltr'><strong>nio</strong></span> <span class='ocrx_word' id='word_1_273' title='bbox 659 3406 893 3464; x_wconf 65' lang='lat' dir='ltr'><strong>haeretici</strong></span> <span class='ocrx_word' id='word_1_274' title='bbox 929 3408 1082 3466; x_wconf 89' lang='lat' dir='ltr'><strong>ﬁctus</strong></span> <span class='ocrx_word' id='word_1_275' title='bbox 1111 3409 1198 3464; x_wconf 92' lang='lat' dir='ltr'><strong>sit.</strong></span> <span class='ocrx_word' id='word_1_276' title='bbox 1227 3408 1341 3465; x_wconf 84' lang='lat' dir='ltr'><strong>Non</strong></span> <span class='ocrx_word' id='word_1_277' title='bbox 1370 3410 1610 3467; x_wconf 90' lang='lat' dir='ltr'><strong>esteuim</strong></span> <span class='ocrx_word' id='word_1_278' title='bbox 1638 3410 1797 3481; x_wconf 84' lang='lat' dir='ltr'><strong>Deus,</strong></span> <span class='ocrx_word' id='word_1_279' title='bbox 1825 3410 1910 3466; x_wconf 90' lang='lat' dir='ltr'><strong>cui</strong></span> <span class='ocrx_word' id='word_1_280' title='bbox 1939 3454 1952 3477; x_wconf 89' lang='lat'><strong>,</strong></span> <span class='ocrx_word' id='word_1_281' title='bbox 1976 3421 2033 3467; x_wconf 92' lang='lat' dir='ltr'><strong>ut</strong></span> <span class='ocrx_word' id='word_1_282' title='bbox 2060 3411 2149 3477; x_wconf 92' lang='lat' dir='ltr'><strong>sit,</strong></span> 
     </span>
    </p>
   </div>
   <div class='ocr_carea' id='block_1_35' title="bbox 545 3502 2155 3583">
    <p class='ocr_par' dir='ltr' id='par_1_35' title="bbox 545 3502 2155 3583">
     <span class='ocr_line' id='line_1_35' title="bbox 545 3502 2155 3583; baseline 0.005 -28"><span class='ocrx_word' id='word_1_283' title='bbox 545 3502 865 3574; x_wconf 78' lang='lat' dir='ltr'><strong>qmerendus</strong></span> <span class='ocrx_word' id='word_1_284' title='bbox 886 3512 969 3559; x_wconf 90' lang='lat' dir='ltr'><strong>est</strong></span> <span class='ocrx_word' id='word_1_285' title='bbox 987 3502 1199 3559; x_wconf 81' lang='lat' dir='ltr'><strong>artifex.</strong></span> <span class='ocrx_word' id='word_1_286' title='bbox 1222 3504 1431 3577; x_wconf 89' lang='lat' dir='ltr'><strong>Quique</strong></span> <span class='ocrx_word' id='word_1_287' title='bbox 1457 3505 1632 3565; x_wconf 85' lang='lat' dir='ltr'><strong>adhuc</strong></span> <span class='ocrx_word' id='word_1_288' title='bbox 1659 3505 1854 3576; x_wconf 88' lang='lat' dir='ltr'><strong>adjecit</strong></span> <span class='ocrx_word' id='word_1_289' title='bbox 1886 3522 1981 3583; x_wconf 88' lang='lat' dir='ltr'><strong>per</strong></span> <span class='ocrx_word' id='word_1_290' title='bbox 2021 3506 2155 3563; x_wconf 91' lang='lat' dir='ltr'><strong>Pro-</strong></span> 
     </span>
    </p>
   </div>
   <div class='ocr_carea' id='block_1_36' title="bbox 547 3593 2151 3672">
    <p class='ocr_par' dir='ltr' id='par_1_36' title="bbox 547 3593 2151 3672">
     <span class='ocr_line' id='line_1_36' title="bbox 547 3593 2151 3672; baseline 0.005 -25"><span class='ocrx_word' id='word_1_291' title='bbox 547 3594 760 3666; x_wconf 85' lang='lat' dir='ltr'><strong>pltetam</strong></span> <span class='ocrx_word' id='word_1_292' title='bbox 815 3594 958 3669; x_wconf 83' lang='lat' dir='ltr'><strong>(lsa.</strong></span> <span class='ocrx_word' id='word_1_293' title='bbox 1008 3613 1170 3661; x_wconf 72' lang='lat' dir='ltr'><strong>LXVI,</strong></span> <span class='ocrx_word' id='word_1_294' title='bbox 1215 3593 1333 3672; x_wconf 80' lang='lat' dir='ltr'><strong>i):</strong></span> <span class='ocrx_word' id='word_1_295' title='bbox 1381 3595 1573 3653; x_wconf 78' lang='lat' dir='ltr'><strong>Caelum</strong></span> <span class='ocrx_word' id='word_1_296' title='bbox 1620 3598 1747 3653; x_wconf 89' lang='lat' dir='ltr'><strong>mihi</strong></span> <span class='ocrx_word' id='word_1_297' title='bbox 1795 3599 2007 3657; x_wconf 81' lang='lat' dir='ltr'><strong>thronus</strong></span> <span class='ocrx_word' id='word_1_298' title='bbox 2058 3610 2151 3666; x_wconf 84' lang='lat' dir='ltr'><strong>est,</strong></span> 
     </span>
    </p>
   </div>
   <div class='ocr_carea' id='block_1_37' title="bbox 546 3687 2145 3763">
    <p class='ocr_par' dir='ltr' id='par_1_37' title="bbox 546 3687 2145 3763">
     <span class='ocr_line' id='line_1_37' title="bbox 546 3687 2145 3763; baseline 0.003 -21"><span class='ocrx_word' id='word_1_299' title='bbox 546 3697 682 3745; x_wconf 86' lang='lat' dir='ltr'><strong>terra</strong></span> <span class='ocrx_word' id='word_1_300' title='bbox 727 3698 894 3743; x_wconf 88' lang='lat' dir='ltr'><strong>autem</strong></span> <span class='ocrx_word' id='word_1_301' title='bbox 940 3687 1218 3744; x_wconf 87' lang='lat' dir='ltr'><strong>scabellunt</strong></span> <span class='ocrx_word' id='word_1_302' title='bbox 1261 3689 1444 3760; x_wconf 84' lang='lat' dir='ltr'><strong>pedum</strong></span> <span class='ocrx_word' id='word_1_303' title='bbox 1484 3707 1709 3745; x_wconf 86' lang='lat' dir='ltr'><strong>meorum</strong></span> <span class='ocrx_word' id='word_1_304' title='bbox 1740 3710 1759 3748; x_wconf 89' lang='lat'><strong><em>:</em></strong></span> <span class='ocrx_word' id='word_1_305' title='bbox 1789 3693 1989 3763; x_wconf 89' lang='lat' dir='ltr'><strong>qualem</strong></span> <span class='ocrx_word' id='word_1_306' title='bbox 2021 3693 2145 3747; x_wconf 86' lang='lat' dir='ltr'><strong>mihi</strong></span> 
     </span>
    </p>
   </div>
   <div class='ocr_carea' id='block_1_38' title="bbox 546 3782 2146 3858">
    <p class='ocr_par' dir='ltr' id='par_1_38' title="bbox 546 3782 2146 3858">
     <span class='ocr_line' id='line_1_38' title="bbox 546 3782 2146 3858; baseline 0.001 -20"><span class='ocrx_word' id='word_1_307' title='bbox 546 3782 865 3853; x_wconf 74' lang='lat' dir='ltr'><strong>tedi/icabitis</strong></span> <span class='ocrx_word' id='word_1_308' title='bbox 933 3783 1179 3855; x_wconf 85' lang='lat' dir='ltr'><strong>domum,</strong></span> <span class='ocrx_word' id='word_1_309' title='bbox 1232 3794 1320 3838; x_wconf 85' lang='lat' dir='ltr'><strong>aut</strong></span> <span class='ocrx_word' id='word_1_310' title='bbox 1366 3785 1479 3857; x_wconf 83' lang='lat' dir='ltr'><strong>quis</strong></span> <span class='ocrx_word' id='word_1_311' title='bbox 1530 3784 1673 3841; x_wconf 86' lang='lat' dir='ltr'><strong>locus</strong></span> <span class='ocrx_word' id='word_1_312' title='bbox 1728 3786 1919 3858; x_wconf 84' lang='lat' dir='ltr'><strong>requiei</strong></span> <span class='ocrx_word' id='word_1_313' title='bbox 1972 3786 2146 3841; x_wconf 76' lang='lat' dir='ltr'><strong>mete?</strong></span> 
     </span>
    </p>
   </div>
   <div class='ocr_carea' id='block_1_39' title="bbox 548 3877 2139 3951">
    <p class='ocr_par' dir='ltr' id='par_1_39' title="bbox 548 3877 2139 3951">
     <span class='ocr_line' id='line_1_39' title="bbox 548 3877 2139 3951; baseline 0.001 -19"><span class='ocrx_word' id='word_1_314' title='bbox 548 3887 607 3933; x_wconf 90' lang='lat' dir='ltr'><strong>ut</strong></span> <span class='ocrx_word' id='word_1_315' title='bbox 652 3877 896 3932; x_wconf 82' lang='lat' dir='ltr'><strong>ostendat</strong></span> <span class='ocrx_word' id='word_1_316' title='bbox 945 3877 1199 3951; x_wconf 85' lang='lat' dir='ltr'><strong>quoniam</strong></span> <span class='ocrx_word' id='word_1_317' title='bbox 1258 3878 1425 3933; x_wconf 90' lang='lat' dir='ltr'><strong>multo</strong></span> <span class='ocrx_word' id='word_1_318' title='bbox 1465 3879 1633 3949; x_wconf 83' lang='lat' dir='ltr'><strong>magis</strong></span> <span class='ocrx_word' id='word_1_319' title='bbox 1682 3877 1832 3933; x_wconf 87' lang='lat' dir='ltr'><strong>illum</strong></span> <span class='ocrx_word' id='word_1_320' title='bbox 1882 3878 2139 3950; x_wconf 85' lang='lat' dir='ltr'><strong>templum</strong></span> 
     </span>
    </p>
   </div>
   <div class='ocr_carea' id='block_1_40' title="bbox 549 3969 2145 4047">
    <p class='ocr_par' dir='ltr' id='par_1_40' title="bbox 549 3969 2145 4047">
     <span class='ocr_line' id='line_1_40' title="bbox 549 3969 2145 4047; baseline 0.002 -22"><span class='ocrx_word' id='word_1_321' title='bbox 549 3985 655 4025; x_wconf 92' lang='lat' dir='ltr'><strong>non</strong></span> <span class='ocrx_word' id='word_1_322' title='bbox 675 3971 839 4041; x_wconf 83' lang='lat' dir='ltr'><strong>capit,</strong></span> <span class='ocrx_word' id='word_1_323' title='bbox 868 3969 889 4001; x_wconf 70' lang='grc'>⁸</span> <span class='ocrx_word' id='word_1_324' title='bbox 912 3985 1069 4043; x_wconf 91' lang='lat' dir='ltr'><strong>quem</strong></span> <span class='ocrx_word' id='word_1_325' title='bbox 1100 3971 1328 4027; x_wconf 92' lang='lat' dir='ltr'><strong>mundus</strong></span> <span class='ocrx_word' id='word_1_326' title='bbox 1373 3987 1479 4026; x_wconf 91' lang='lat' dir='ltr'><strong>non</strong></span> <span class='ocrx_word' id='word_1_327' title='bbox 1504 3974 1685 4047; x_wconf 86' lang='lat' dir='ltr'><strong>capit:</strong></span> <span class='ocrx_word' id='word_1_328' title='bbox 1718 3981 1773 4028; x_wconf 89' lang='lat' dir='ltr'><strong>et</strong></span> <span class='ocrx_word' id='word_1_329' title='bbox 1799 3971 1917 4028; x_wconf 70' lang='lat' dir='ltr'><strong>lucc</strong></span> <span class='ocrx_word' id='word_1_330' title='bbox 1943 3988 2050 4027; x_wconf 90' lang='lat' dir='ltr'><strong>non</strong></span> <span class='ocrx_word' id='word_1_331' title='bbox 2078 3972 2145 4028; x_wconf 91' lang='lat' dir='ltr'><strong>ad</strong></span> 
     </span>
    </p>
   </div>
   <div class='ocr_carea' id='block_1_41' title="bbox 549 4062 2144 4138">
    <p class='ocr_par' dir='ltr' id='par_1_41' title="bbox 549 4062 2144 4138">
     <span class='ocr_line' id='line_1_41' title="bbox 549 4062 2144 4138; baseline 0.003 -21"><span class='ocrx_word' id='word_1_332' title='bbox 549 4063 632 4118; x_wconf 88' lang='lat' dir='ltr'><strong>sui</strong></span> <span class='ocrx_word' id='word_1_333' title='bbox 656 4062 988 4133; x_wconf 88' lang='lat' dir='ltr'><strong>jactantiam,</strong></span> <span class='ocrx_word' id='word_1_334' title='bbox 1024 4064 1118 4120; x_wconf 89' lang='lat' dir='ltr'><strong>sed</strong></span> <span class='ocrx_word' id='word_1_335' title='bbox 1141 4062 1206 4119; x_wconf 89' lang='lat' dir='ltr'><strong>ad</strong></span> <span class='ocrx_word' id='word_1_336' title='bbox 1232 4065 1397 4125; x_wconf 86' lang='lat' dir='ltr'><strong>nostri</strong></span> <span class='ocrx_word' id='word_1_337' title='bbox 1424 4064 1701 4120; x_wconf 87' lang='lat' dir='ltr'><strong>scientiam</strong></span> <span class='ocrx_word' id='word_1_338' title='bbox 1732 4064 1917 4120; x_wconf 83' lang='lat' dir='ltr'><strong>refert.</strong></span> <span class='ocrx_word' id='word_1_339' title='bbox 1960 4064 2144 4138; x_wconf 85' lang='lat' dir='ltr'><strong>Neque</strong></span> 
     </span>
    </p>
   </div>
   <div class='ocr_carea' id='block_1_42' title="bbox 551 4156 2144 4230">
    <p class='ocr_par' dir='ltr' id='par_1_42' title="bbox 551 4156 2144 4230">
     <span class='ocr_line' id='line_1_42' title="bbox 551 4156 2144 4230; baseline -0.001 -16"><span class='ocrx_word' id='word_1_340' title='bbox 551 4158 696 4214; x_wconf 88' lang='lat' dir='ltr'><strong>enim</strong></span> <span class='ocrx_word' id='word_1_341' title='bbox 735 4157 849 4228; x_wconf 87' lang='lat' dir='ltr'><strong>ipse</strong></span> <span class='ocrx_word' id='word_1_342' title='bbox 896 4172 923 4210; x_wconf 91' lang='lat' dir='ltr'><strong>a</strong></span> <span class='ocrx_word' id='word_1_343' title='bbox 950 4158 1106 4213; x_wconf 89' lang='lat' dir='ltr'><strong>nobis</strong></span> <span class='ocrx_word' id='word_1_344' title='bbox 1146 4156 1417 4213; x_wconf 74' lang='lat' dir='ltr'><strong>desiderat</strong></span> <span class='ocrx_word' id='word_1_345' title='bbox 1458 4157 1837 4230; x_wconf 76' lang='lat' dir='ltr'><strong>magnitudinis</strong></span> <span class='ocrx_word' id='word_1_346' title='bbox 1873 4158 2097 4230; x_wconf 79' lang='lat' dir='ltr'><strong>gloriam</strong></span> <span class='ocrx_word' id='word_1_347' title='bbox 2129 4201 2144 4225; x_wconf 91' lang='lat'><strong>,</strong></span> 
     </span>
    </p>
   </div>
   <div class='ocr_carea' id='block_1_43' title="bbox 551 4249 2145 4327">
    <p class='ocr_par' dir='ltr' id='par_1_43' title="bbox 551 4249 2145 4327">
     <span class='ocr_line' id='line_1_43' title="bbox 551 4249 2145 4327; baseline 0.003 -22"><span class='ocrx_word' id='word_1_348' title='bbox 551 4249 647 4306; x_wconf 89' lang='lat' dir='ltr'><strong>sed</strong></span> <span class='ocrx_word' id='word_1_349' title='bbox 675 4250 826 4306; x_wconf 90' lang='lat' dir='ltr'><strong>nobis</strong></span> <span class='ocrx_word' id='word_1_350' title='bbox 850 4252 960 4306; x_wconf 70' lang='lat' dir='ltr'><strong>vult</strong></span> <span class='ocrx_word' id='word_1_351' title='bbox 988 4251 1311 4322; x_wconf 85' lang='lat' dir='ltr'><strong>religiosam,</strong></span> <span class='ocrx_word' id='word_1_352' title='bbox 1333 4268 1434 4325; x_wconf 85' lang='lat' dir='ltr'><strong>qua</strong></span> <span class='ocrx_word' id='word_1_353' title='bbox 1459 4263 1633 4327; x_wconf 86' lang='lat' dir='ltr'><strong>pater,</strong></span> <span class='ocrx_word' id='word_1_354' title='bbox 1664 4253 1912 4310; x_wconf 85' lang='lat' dir='ltr'><strong>conferre</strong></span> <span class='ocrx_word' id='word_1_355' title='bbox 1938 4253 2145 4322; x_wconf 48' lang='lat' dir='ltr'><strong>sapieI’I.</strong></span> 
     </span>
    </p>
   </div>
   <div class='ocr_carea' id='block_1_44' title="bbox 554 4342 2151 4415">
    <p class='ocr_par' dir='ltr' id='par_1_44' title="bbox 554 4342 2151 4415">
     <span class='ocr_line' id='line_1_44' title="bbox 554 4342 2151 4415; baseline 0.003 -17"><span class='ocrx_word' id='word_1_356' title='bbox 554 4344 701 4399; x_wconf 91' lang='lat' dir='ltr'><strong>tiam.</strong></span> <span class='ocrx_word' id='word_1_357' title='bbox 730 4342 937 4412; x_wconf 86' lang='lat' dir='ltr'><strong>Quique</strong></span> <span class='ocrx_word' id='word_1_358' title='bbox 971 4355 1224 4413; x_wconf 71' lang='lat' dir='ltr'><strong>prmtcrea</strong></span> <span class='ocrx_word' id='word_1_359' title='bbox 1255 4345 1454 4401; x_wconf 88' lang='lat' dir='ltr'><strong>ferinos</strong></span> <span class='ocrx_word' id='word_1_360' title='bbox 1482 4355 1695 4403; x_wconf 90' lang='lat' dir='ltr'><strong>nostros</strong></span> <span class='ocrx_word' id='word_1_361' title='bbox 1734 4348 1943 4402; x_wconf 90' lang='lat' dir='ltr'><strong>animos</strong></span> <span class='ocrx_word' id='word_1_362' title='bbox 1964 4390 1979 4415; x_wconf 91' lang='lat'><strong>,</strong></span> <span class='ocrx_word' id='word_1_363' title='bbox 2010 4348 2151 4403; x_wconf 87' lang='lat' dir='ltr'><strong>etde</strong></span> 
     </span>
    </p>
   </div>
   <div class='ocr_carea' id='block_1_45' title="bbox 553 4439 2146 4515">
    <p class='ocr_par' dir='ltr' id='par_1_45' title="bbox 553 4439 2146 4515">
     <span class='ocr_line' id='line_1_45' title="bbox 553 4439 2146 4515; baseline 0.004 -23"><span class='ocrx_word' id='word_1_364' title='bbox 553 4440 748 4509; x_wconf 82' lang='lat' dir='ltr'><strong>agresti</strong></span> <span class='ocrx_word' id='word_1_365' title='bbox 771 4439 1103 4495; x_wconf 88' lang='lat' dir='ltr'><strong>immanitate</strong></span> <span class='ocrx_word' id='word_1_366' title='bbox 1125 4441 1358 4496; x_wconf 87' lang='lat' dir='ltr'><strong>tumidos</strong></span> <span class='ocrx_word' id='word_1_367' title='bbox 1398 4451 1451 4496; x_wconf 91' lang='lat' dir='ltr'><strong>et</strong></span> <span class='ocrx_word' id='word_1_368' title='bbox 1474 4442 1731 4515; x_wconf 90' lang='lat' dir='ltr'><strong>abruptos</strong></span> <span class='ocrx_word' id='word_1_369' title='bbox 1758 4442 1823 4499; x_wconf 89' lang='lat' dir='ltr'><strong>ad</strong></span> <span class='ocrx_word' id='word_1_370' title='bbox 1872 4443 2146 4499; x_wconf 82' lang='lat' dir='ltr'><strong>lenitatem</strong></span> 
     </span>
    </p>
   </div>
   <div class='ocr_carea' id='block_1_46' title="bbox 2230 447 3801 519">
    <p class='ocr_par' dir='ltr' id='par_1_46' title="bbox 2230 447 3801 519">
     <span class='ocr_line' id='line_1_46' title="bbox 2230 447 3801 519; baseline 0.01 -19"><span class='ocrx_word' id='word_1_371' title='bbox 2230 447 2485 519; x_wconf 85' lang='lat' dir='ltr'><strong>quietum,</strong></span> <span class='ocrx_word' id='word_1_372' title='bbox 2542 457 2588 503; x_wconf 87' lang='lat' dir='ltr'><strong>et</strong></span> <span class='ocrx_word' id='word_1_373' title='bbox 2637 458 2927 506; x_wconf 64' lang='lat' dir='ltr'><strong>trememtem</strong></span> <span class='ocrx_word' id='word_1_374' title='bbox 2975 450 3127 506; x_wconf 69' lang='lat' dir='ltr'><strong>verba</strong></span> <span class='ocrx_word' id='word_1_375' title='bbox 3179 467 3292 506; x_wconf 80' lang='lat' dir='ltr'><strong>mea</strong></span> <span class='ocrx_word' id='word_1_376' title='bbox 3319 453 3346 507; x_wconf 68' lang='grc' dir='ltr'><em>ἵ</em></span> <span class='ocrx_word' id='word_1_377' title='bbox 3388 461 3449 508; x_wconf 82' lang='grc' dir='ltr'><strong>ιιι</strong></span> <span class='ocrx_word' id='word_1_378' title='bbox 3502 454 3664 512; x_wconf 91' lang='lat' dir='ltr'><strong>Deum</strong></span> <span class='ocrx_word' id='word_1_379' title='bbox 3718 460 3801 516; x_wconf 89' lang='lat' dir='ltr'><strong>ali-</strong></span> 
     </span>
    </p>
   </div>
   <div class='ocr_carea' id='block_1_47' title="bbox 2231 543 3801 616">
    <p class='ocr_par' dir='ltr' id='par_1_47' title="bbox 2231 543 3801 616">
     <span class='ocr_line' id='line_1_47' title="bbox 2231 543 3801 616; baseline 0.009 -21"><span class='ocrx_word' id='word_1_380' title='bbox 2231 549 2494 611; x_wconf 83' lang='lat' dir='ltr'><strong>quatenus</strong></span> <span class='ocrx_word' id='word_1_381' title='bbox 2521 551 2749 613; x_wconf 89' lang='lat' dir='ltr'><strong>quantus</strong></span> <span class='ocrx_word' id='word_1_382' title='bbox 2792 544 2861 598; x_wconf 85' lang='lat' dir='ltr'><strong>sit</strong></span> <span class='ocrx_word' id='word_1_383' title='bbox 2907 543 3075 614; x_wconf 83' lang='lat' dir='ltr'><strong>possit</strong></span> <span class='ocrx_word' id='word_1_384' title='bbox 3119 558 3451 616; x_wconf 73' lang='lat' dir='ltr'><strong>agnoscere,</strong></span> <span class='ocrx_word' id='word_1_385' title='bbox 3504 547 3627 605; x_wconf 90' lang='lat' dir='ltr'><strong>dum</strong></span> <span class='ocrx_word' id='word_1_386' title='bbox 3672 551 3801 611; x_wconf 85' lang='lat' dir='ltr'><strong>illum</strong></span> 
     </span>
    </p>
   </div>
   <div class='ocr_carea' id='block_1_48' title="bbox 2232 632 3803 708">
    <p class='ocr_par' dir='ltr' id='par_1_48' title="bbox 2232 632 3803 708">
     <span class='ocr_line' id='line_1_48' title="bbox 2232 632 3803 708; baseline 0.009 -21"><span class='ocrx_word' id='word_1_387' title='bbox 2232 648 2328 702; x_wconf 88' lang='lat' dir='ltr'><strong>per</strong></span> <span class='ocrx_word' id='word_1_388' title='bbox 2352 632 2606 704; x_wconf 90' lang='lat' dir='ltr'><strong>Spiritum</strong></span> <span class='ocrx_word' id='word_1_389' title='bbox 2633 635 2885 691; x_wconf 88' lang='lat' dir='ltr'><strong>collatum</strong></span> <span class='ocrx_word' id='word_1_390' title='bbox 2912 636 3071 691; x_wconf 88' lang='lat' dir='ltr'><strong>discit</strong></span> <span class='ocrx_word' id='word_1_391' title='bbox 3099 638 3306 694; x_wconf 88' lang='lat' dir='ltr'><strong>timere.</strong></span> <span class='ocrx_word' id='word_1_392' title='bbox 3334 638 3438 708; x_wconf 89' lang='lat' dir='ltr'><strong>Qui</strong></span> <span class='ocrx_word' id='word_1_393' title='bbox 3464 640 3701 698; x_wconf 86' lang='lat' dir='ltr'><strong>similiter</strong></span> <span class='ocrx_word' id='word_1_394' title='bbox 3724 644 3803 702; x_wconf 88' lang='lat' dir='ltr'><strong>ad-</strong></span> 
     </span>
    </p>
   </div>
   <div class='ocr_carea' id='block_1_49' title="bbox 2234 724 3804 805">
    <p class='ocr_par' dir='ltr' id='par_1_49' title="bbox 2234 724 3804 805">
     <span class='ocr_line' id='line_1_49' title="bbox 2234 724 3804 805; baseline 0.008 -25"><span class='ocrx_word' id='word_1_395' title='bbox 2234 724 2338 780; x_wconf 91' lang='lat' dir='ltr'><strong>huc</strong></span> <span class='ocrx_word' id='word_1_396' title='bbox 2381 726 2550 797; x_wconf 85' lang='lat' dir='ltr'><strong>magis</strong></span> <span class='ocrx_word' id='word_1_397' title='bbox 2595 726 2648 782; x_wconf 92' lang='lat' dir='ltr'><strong>in</strong></span> <span class='ocrx_word' id='word_1_398' title='bbox 2680 726 2921 787; x_wconf 87' lang='lat' dir='ltr'><strong>notitiam</strong></span> <span class='ocrx_word' id='word_1_399' title='bbox 2968 728 3134 787; x_wconf 85' lang='lat' dir='ltr'><strong>nostri</strong></span> <span class='ocrx_word' id='word_1_400' title='bbox 3175 729 3362 786; x_wconf 84' lang='lat' dir='ltr'><strong>volens</strong></span> <span class='ocrx_word' id='word_1_401' title='bbox 3411 733 3724 805; x_wconf 83' lang='lat' dir='ltr'><strong>pervenire,</strong></span> <span class='ocrx_word' id='word_1_402' title='bbox 3749 738 3804 793; x_wconf 86' lang='lat' dir='ltr'><strong>ad</strong></span> 
     </span>
    </p>
   </div>
   <div class='ocr_carea' id='block_1_50' title="bbox 2232 819 3802 901">
    <p class='ocr_par' dir='ltr' id='par_1_50' title="bbox 2232 819 3802 901">
     <span class='ocr_line' id='line_1_50' title="bbox 2232 819 3802 901; baseline 0.008 -28"><span class='ocrx_word' id='word_1_403' title='bbox 2232 819 2495 875; x_wconf 90' lang='lat' dir='ltr'><strong>culturam</strong></span> <span class='ocrx_word' id='word_1_404' title='bbox 2531 821 2611 875; x_wconf 91' lang='lat' dir='ltr'><strong>sui</strong></span> <span class='ocrx_word' id='word_1_405' title='bbox 2641 829 2854 877; x_wconf 89' lang='lat' dir='ltr'><strong>nostros</strong></span> <span class='ocrx_word' id='word_1_406' title='bbox 2889 822 3131 881; x_wconf 78' lang='lat' dir='ltr'><strong>excitans</strong></span> <span class='ocrx_word' id='word_1_407' title='bbox 3187 824 3402 883; x_wconf 87' lang='lat' dir='ltr'><strong>animos</strong></span> <span class='ocrx_word' id='word_1_408' title='bbox 3432 868 3448 899; x_wconf 84' lang='lat'><strong>,</strong></span> <span class='ocrx_word' id='word_1_409' title='bbox 3480 827 3655 884; x_wconf 84' lang='lat' dir='ltr'><strong>aiebat</strong></span> <span class='ocrx_word' id='word_1_410' title='bbox 3688 829 3802 901; x_wconf 76' lang='lat' dir='ltr'><strong>(lu.</strong></span> 
     </span>
    </p>
   </div>
   <div class='ocr_carea' id='block_1_51' title="bbox 2234 909 3806 990">
    <p class='ocr_par' dir='ltr' id='par_1_51' title="bbox 2234 909 3806 990">
     <span class='ocr_line' id='line_1_51' title="bbox 2234 909 3806 990; baseline 0.008 -23"><span class='ocrx_word' id='word_1_411' title='bbox 2234 927 2366 979; x_wconf 63' lang='grc' dir='ltr'><strong>ειν,</strong></span> <span class='ocrx_word' id='word_1_412' title='bbox 2397 911 2428 966; x_wconf 91' lang='grc'>7</span> <span class='ocrx_word' id='word_1_413' title='bbox 2455 910 2475 986; x_wconf 97' lang='grc'><strong>)</strong></span> <span class='ocrx_word' id='word_1_414' title='bbox 2510 929 2524 969; x_wconf 90' lang='lat'><strong>:</strong></span> <span class='ocrx_word' id='word_1_415' title='bbox 2554 909 2669 986; x_wconf 85' lang='lat' dir='ltr'><strong>Ego</strong></span> <span class='ocrx_word' id='word_1_416' title='bbox 2700 930 2811 969; x_wconf 90' lang='lat' dir='ltr'><strong>sum</strong></span> <span class='ocrx_word' id='word_1_417' title='bbox 2837 911 3113 983; x_wconf 88' lang='lat' dir='ltr'><strong>Dominus,</strong></span> <span class='ocrx_word' id='word_1_418' title='bbox 3144 917 3231 986; x_wconf 86' lang='lat' dir='ltr'><strong>qui</strong></span> <span class='ocrx_word' id='word_1_419' title='bbox 3262 918 3361 990; x_wconf 78' lang='lat' dir='ltr'><strong>feci</strong></span> <span class='ocrx_word' id='word_1_420' title='bbox 3405 920 3571 976; x_wconf 85' lang='lat' dir='ltr'><strong>lucem</strong></span> <span class='ocrx_word' id='word_1_421' title='bbox 3602 932 3647 977; x_wconf 86' lang='lat' dir='ltr'><strong>et</strong></span> <span class='ocrx_word' id='word_1_422' title='bbox 3667 927 3806 979; x_wconf 76' lang='lat' dir='ltr'><strong>creari</strong></span> 
     </span>
    </p>
   </div>
   <div class='ocr_carea' id='block_1_52' title="bbox 2234 1003 3807 1083">
    <p class='ocr_par' dir='ltr' id='par_1_52' title="bbox 2234 1003 3807 1083">
     <span class='ocr_line' id='line_1_52' title="bbox 2234 1003 3807 1083; baseline 0.01 -25"><span class='ocrx_word' id='word_1_423' title='bbox 2234 1003 2507 1072; x_wconf 85' lang='lat' dir='ltr'><strong>tenebras;</strong></span> <span class='ocrx_word' id='word_1_424' title='bbox 2556 1016 2615 1061; x_wconf 93' lang='lat' dir='ltr'><strong>ut</strong></span> <span class='ocrx_word' id='word_1_425' title='bbox 2654 1006 3075 1065; x_wconf 74' lang='lat' dir='ltr'><strong>vicissitudinum</strong></span> <span class='ocrx_word' id='word_1_426' title='bbox 3134 1009 3356 1071; x_wconf 87' lang='lat' dir='ltr'><strong>istarum</strong></span> <span class='ocrx_word' id='word_1_427' title='bbox 3405 1012 3600 1083; x_wconf 89' lang='lat' dir='ltr'><strong>quibus</strong></span> <span class='ocrx_word' id='word_1_428' title='bbox 3650 1025 3807 1073; x_wconf 85' lang='lat' dir='ltr'><strong>noctes</strong></span> 
     </span>
    </p>
   </div>
   <div class='ocr_carea' id='block_1_53' title="bbox 2235 1097 3807 1177">
    <p class='ocr_par' dir='ltr' id='par_1_53' title="bbox 2235 1097 3807 1177">
     <span class='ocr_line' id='line_1_53' title="bbox 2235 1097 3807 1177; baseline 0.007 -24"><span class='ocrx_word' id='word_1_429' title='bbox 2235 1097 2457 1169; x_wconf 90' lang='lat' dir='ltr'><strong>diesque</strong></span> <span class='ocrx_word' id='word_1_430' title='bbox 2509 1099 2875 1167; x_wconf 88' lang='lat' dir='ltr'><strong>moderantur,</strong></span> <span class='ocrx_word' id='word_1_431' title='bbox 2907 1102 2928 1133; x_wconf 82' lang='grc'>⁸</span> <span class='ocrx_word' id='word_1_432' title='bbox 2958 1116 3063 1157; x_wconf 91' lang='lat' dir='ltr'><strong>non</strong></span> <span class='ocrx_word' id='word_1_433' title='bbox 3092 1100 3370 1171; x_wconf 84' lang='lat' dir='ltr'><strong>Naturam,</strong></span> <span class='ocrx_word' id='word_1_434' title='bbox 3415 1104 3600 1161; x_wconf 90' lang='lat' dir='ltr'><strong>nescio</strong></span> <span class='ocrx_word' id='word_1_435' title='bbox 3629 1122 3771 1177; x_wconf 88' lang='lat' dir='ltr'><strong>quam</strong></span> <span class='ocrx_word' id='word_1_436' title='bbox 3793 1148 3807 1177; x_wconf 90' lang='lat'><strong>,</strong></span> 
     </span>
    </p>
   </div>
   <div class='ocr_carea' id='block_1_54' title="bbox 2239 1193 3807 1271">
    <p class='ocr_par' dir='ltr' id='par_1_54' title="bbox 2239 1193 3807 1271">
     <span class='ocr_line' id='line_1_54' title="bbox 2239 1193 3807 1271; baseline 0.006 -24"><span class='ocrx_word' id='word_1_437' title='bbox 2239 1193 2259 1223; x_wconf 77' lang='lat'>°</span> <span class='ocrx_word' id='word_1_438' title='bbox 2282 1203 2592 1264; x_wconf 83' lang='lat' dir='ltr'><strong>putaremus</strong></span> <span class='ocrx_word' id='word_1_439' title='bbox 2616 1194 2897 1263; x_wconf 88' lang='lat' dir='ltr'><strong>artiﬁcem;</strong></span> <span class='ocrx_word' id='word_1_440' title='bbox 2928 1196 3023 1253; x_wconf 89' lang='lat' dir='ltr'><strong>sed</strong></span> <span class='ocrx_word' id='word_1_441' title='bbox 3042 1196 3208 1255; x_wconf 87' lang='lat' dir='ltr'><strong>Deum</strong></span> <span class='ocrx_word' id='word_1_442' title='bbox 3223 1212 3643 1270; x_wconf 83' lang='lat' dir='ltr'><strong>agnosceremus</strong></span> <span class='ocrx_word' id='word_1_443' title='bbox 3661 1203 3807 1271; x_wconf 88' lang='lat' dir='ltr'><strong>potius</strong></span> 
     </span>
    </p>
   </div>
   <div class='ocr_carea' id='block_1_55' title="bbox 2241 1287 3811 1366">
    <p class='ocr_par' dir='ltr' id='par_1_55' title="bbox 2241 1287 3811 1366">
     <span class='ocr_line' id='line_1_55' title="bbox 2241 1287 3811 1366; baseline 0.007 -23"><span class='ocrx_word' id='word_1_444' title='bbox 2241 1287 2260 1359; x_wconf 98' lang='lat'><strong>(</strong></span> <span class='ocrx_word' id='word_1_445' title='bbox 2286 1287 2426 1359; x_wconf 89' lang='lat' dir='ltr'><strong>quod</strong></span> <span class='ocrx_word' id='word_1_446' title='bbox 2448 1297 2562 1343; x_wconf 89' lang='lat' dir='ltr'><strong>erat</strong></span> <span class='ocrx_word' id='word_1_447' title='bbox 2584 1289 2803 1362; x_wconf 81' lang='lat' dir='ltr'><strong>verius)</strong></span> <span class='ocrx_word' id='word_1_448' title='bbox 2831 1290 3184 1349; x_wconf 85' lang='lat' dir='ltr'><strong>conditorem.</strong></span> <span class='ocrx_word' id='word_1_449' title='bbox 3208 1292 3381 1362; x_wconf 86' lang='lat' dir='ltr'><strong>Quem</strong></span> <span class='ocrx_word' id='word_1_450' title='bbox 3411 1296 3660 1366; x_wconf 90' lang='lat' dir='ltr'><strong>quoniam</strong></span> <span class='ocrx_word' id='word_1_451' title='bbox 3682 1297 3811 1354; x_wconf 83' lang='lat' dir='ltr'><strong>obtu-</strong></span> 
     </span>
    </p>
   </div>
   <div class='ocr_carea' id='block_1_56' title="bbox 2238 1382 3811 1458">
    <p class='ocr_par' dir='ltr' id='par_1_56' title="bbox 2238 1382 3811 1458">
     <span class='ocr_line' id='line_1_56' title="bbox 2238 1382 3811 1458; baseline 0.007 -22"><span class='ocrx_word' id='word_1_452' title='bbox 2238 1389 2293 1437; x_wconf 90' lang='lat' dir='ltr'><strong>tu</strong></span> <span class='ocrx_word' id='word_1_453' title='bbox 2320 1382 2597 1439; x_wconf 88' lang='lat' dir='ltr'><strong>oculorum</strong></span> <span class='ocrx_word' id='word_1_454' title='bbox 2631 1383 2816 1443; x_wconf 82' lang='lat' dir='ltr'><strong>Videre</strong></span> <span class='ocrx_word' id='word_1_455' title='bbox 2842 1399 2946 1440; x_wconf 93' lang='lat' dir='ltr'><strong>non</strong></span> <span class='ocrx_word' id='word_1_456' title='bbox 2972 1400 3255 1457; x_wconf 82' lang='lat' dir='ltr'><strong>possumus</strong></span> <span class='ocrx_word' id='word_1_457' title='bbox 3278 1428 3294 1455; x_wconf 95' lang='lat'><strong>,</strong></span> <span class='ocrx_word' id='word_1_458' title='bbox 3345 1387 3419 1445; x_wconf 88' lang='lat' dir='ltr'><strong>de</strong></span> <span class='ocrx_word' id='word_1_459' title='bbox 3455 1404 3675 1458; x_wconf 87' lang='lat' dir='ltr'><strong>operum</strong></span> <span class='ocrx_word' id='word_1_460' title='bbox 3716 1406 3811 1447; x_wconf 81' lang='lat' dir='ltr'><strong>ma-</strong></span> 
     </span>
    </p>
   </div>
   <div class='ocr_carea' id='block_1_57' title="bbox 2237 1474 3813 1550">
    <p class='ocr_par' dir='ltr' id='par_1_57' title="bbox 2237 1474 3813 1550">
     <span class='ocr_line' id='line_1_57' title="bbox 2237 1474 3813 1550; baseline 0.006 -21"><span class='ocrx_word' id='word_1_461' title='bbox 2237 1474 2521 1546; x_wconf 83' lang='lat' dir='ltr'><strong>gnitudine</strong></span> <span class='ocrx_word' id='word_1_462' title='bbox 2563 1485 2617 1532; x_wconf 89' lang='lat' dir='ltr'><strong>et</strong></span> <span class='ocrx_word' id='word_1_463' title='bbox 2662 1475 2859 1533; x_wconf 82' lang='lat' dir='ltr'><strong>Virtute</strong></span> <span class='ocrx_word' id='word_1_464' title='bbox 2892 1487 2947 1534; x_wconf 89' lang='lat' dir='ltr'><strong>et</strong></span> <span class='ocrx_word' id='word_1_465' title='bbox 2982 1479 3262 1550; x_wconf 83' lang='lat' dir='ltr'><strong>majestate</strong></span> <span class='ocrx_word' id='word_1_466' title='bbox 3299 1481 3661 1539; x_wconf 83' lang='lat' dir='ltr'><strong>condiscimus</strong></span> <span class='ocrx_word' id='word_1_467' title='bbox 3694 1503 3706 1538; x_wconf 91' lang='lat'>:</span> <span class='ocrx_word' id='word_1_468' title='bbox 3734 1483 3813 1539; x_wconf 82' lang='lat' dir='ltr'><strong>ln-</strong></span> 
     </span>
    </p>
   </div>
   <div class='ocr_carea' id='block_1_58' title="bbox 2238 1568 3813 1644">
    <p class='ocr_par' dir='ltr' id='par_1_58' title="bbox 2238 1568 3813 1644">
     <span class='ocr_line' id='line_1_58' title="bbox 2238 1568 3813 1644; baseline 0.006 -22"><span class='ocrx_word' id='word_1_469' title='bbox 2238 1568 2458 1624; x_wconf 81' lang='lat' dir='ltr'><strong>uisibilia</strong></span> <span class='ocrx_word' id='word_1_470' title='bbox 2511 1570 2645 1625; x_wconf 86' lang='lat' dir='ltr'><strong>enim</strong></span> <span class='ocrx_word' id='word_1_471' title='bbox 2708 1571 2912 1641; x_wconf 82' lang='lat' dir='ltr'><strong>ipsius,</strong></span> <span class='ocrx_word' id='word_1_472' title='bbox 2969 1572 3140 1643; x_wconf 80' lang='lat' dir='ltr'><strong>inquit</strong></span> <span class='ocrx_word' id='word_1_473' title='bbox 3190 1574 3471 1644; x_wconf 86' lang='lat' dir='ltr'><strong>apostolus</strong></span> <span class='ocrx_word' id='word_1_474' title='bbox 3525 1575 3743 1642; x_wconf 84' lang='lat' dir='ltr'><strong>Paulus,</strong></span> <span class='ocrx_word' id='word_1_475' title='bbox 3786 1594 3813 1631; x_wconf 81' lang='grc' dir='ltr'><strong>ιι</strong></span> 
     </span>
    </p>
   </div>
   <div class='ocr_carea' id='block_1_59' title="bbox 2238 1650 3810 1736">
    <p class='ocr_par' dir='ltr' id='par_1_59' title="bbox 2238 1650 3810 1736">
     <span class='ocr_line' id='line_1_59' title="bbox 2238 1650 3810 1736; baseline 0.006 -19"><span class='ocrx_word' id='word_1_476' title='bbox 2238 1670 2471 1721; x_wconf 81' lang='lat' dir='ltr'><strong>creatura</strong></span> <span class='ocrx_word' id='word_1_477' title='bbox 2498 1661 2679 1717; x_wconf 87' lang='lat' dir='ltr'><strong>mundi</strong></span> <span class='ocrx_word' id='word_1_478' title='bbox 2706 1678 2795 1734; x_wconf 84' lang='lat' dir='ltr'><strong>per</strong></span> <span class='ocrx_word' id='word_1_479' title='bbox 2834 1678 2892 1717; x_wconf 89' lang='lat' dir='ltr'><strong>ea</strong></span> <span class='ocrx_word' id='word_1_480' title='bbox 2929 1679 3043 1733; x_wconf 71' lang='lat' dir='ltr'><strong>quia</strong></span> <span class='ocrx_word' id='word_1_481' title='bbox 3084 1666 3225 1736; x_wconf 77' lang='lat' dir='ltr'><strong>facta</strong></span> <span class='ocrx_word' id='word_1_482' title='bbox 3248 1676 3370 1723; x_wconf 89' lang='lat' dir='ltr'><strong>sunt</strong></span> <span class='ocrx_word' id='word_1_483' title='bbox 3411 1667 3665 1724; x_wconf 86' lang='lat' dir='ltr'><strong>intellecta</strong></span> <span class='ocrx_word' id='word_1_484' title='bbox 3694 1650 3810 1726; x_wconf 69' lang='grc' dir='ltr'><strong>’ἷῶἶ-</strong></span> 
     </span>
    </p>
   </div>
   <div class='ocr_carea' id='block_1_60' title="bbox 2165 1754 3813 1833">
    <p class='ocr_par' dir='ltr' id='par_1_60' title="bbox 2165 1754 3813 1833">
     <span class='ocr_line' id='line_1_60' title="bbox 2165 1754 3813 1833; baseline 0.007 -26"><span class='ocrx_word' id='word_1_485' title='bbox 2165 1763 2213 1825; x_wconf 83' lang='grc' dir='ltr'><strong>Β</strong></span> <span class='ocrx_word' id='word_1_486' title='bbox 2239 1754 2558 1825; x_wconf 83' lang='lat' dir='ltr'><strong>spiciantur;</strong></span> <span class='ocrx_word' id='word_1_487' title='bbox 2612 1754 2923 1826; x_wconf 85' lang='lat' dir='ltr'><strong>sempiterna</strong></span> <span class='ocrx_word' id='word_1_488' title='bbox 2973 1772 3172 1833; x_wconf 82' lang='lat' dir='ltr'><strong>quoque</strong></span> <span class='ocrx_word' id='word_1_489' title='bbox 3209 1759 3323 1831; x_wconf 87' lang='lat' dir='ltr'><strong>ejus</strong></span> <span class='ocrx_word' id='word_1_490' title='bbox 3369 1760 3532 1815; x_wconf 79' lang='lat' dir='ltr'><strong>uirtus</strong></span> <span class='ocrx_word' id='word_1_491' title='bbox 3572 1769 3617 1817; x_wconf 85' lang='lat' dir='ltr'><strong>et</strong></span> <span class='ocrx_word' id='word_1_492' title='bbox 3656 1762 3813 1817; x_wconf 71' lang='lat' dir='ltr'><strong>diuini-</strong></span> 
     </span>
    </p>
   </div>
   <div class='ocr_carea' id='block_1_61' title="bbox 2238 1846 3813 1923">
    <p class='ocr_par' dir='ltr' id='par_1_61' title="bbox 2238 1846 3813 1923">
     <span class='ocr_line' id='line_1_61' title="bbox 2238 1846 3813 1923; baseline 0.003 -17"><span class='ocrx_word' id='word_1_493' title='bbox 2238 1857 2315 1907; x_wconf 85' lang='lat' dir='ltr'><strong>tas</strong></span> <span class='ocrx_word' id='word_1_494' title='bbox 2362 1846 2568 1923; x_wconf 88' lang='lat' dir='ltr'><strong>(Rom.</strong></span> <span class='ocrx_word' id='word_1_495' title='bbox 2616 1864 2653 1917; x_wconf 86' lang='lat' dir='ltr'><strong>I,</strong></span> <span class='ocrx_word' id='word_1_496' title='bbox 2706 1848 2777 1906; x_wconf 78' lang='grc'><strong>20</strong></span> <span class='ocrx_word' id='word_1_497' title='bbox 2807 1850 2826 1920; x_wconf 93' lang='grc'><strong>)</strong></span> <span class='ocrx_word' id='word_1_498' title='bbox 2854 1868 2866 1903; x_wconf 90' lang='lat'><strong>:</strong></span> <span class='ocrx_word' id='word_1_499' title='bbox 2895 1857 2953 1907; x_wconf 89' lang='lat' dir='ltr'><strong>ut</strong></span> <span class='ocrx_word' id='word_1_500' title='bbox 2991 1851 3201 1909; x_wconf 85' lang='lat' dir='ltr'><strong>animus</strong></span> <span class='ocrx_word' id='word_1_501' title='bbox 3248 1851 3520 1909; x_wconf 87' lang='lat' dir='ltr'><strong>humanus</strong></span> <span class='ocrx_word' id='word_1_502' title='bbox 3558 1868 3622 1909; x_wconf 80' lang='lat' dir='ltr'><strong>ex</strong></span> <span class='ocrx_word' id='word_1_503' title='bbox 3667 1855 3813 1910; x_wconf 85' lang='lat' dir='ltr'><strong>mani-</strong></span> 
     </span>
    </p>
   </div>
   <div class='ocr_carea' id='block_1_62' title="bbox 2238 1938 3814 2017">
    <p class='ocr_par' dir='ltr' id='par_1_62' title="bbox 2238 1938 3814 2017">
     <span class='ocr_line' id='line_1_62' title="bbox 2238 1938 3814 2017; baseline 0.003 -19"><span class='ocrx_word' id='word_1_504' title='bbox 2238 1938 2388 1999; x_wconf 76' lang='lat' dir='ltr'><strong>festis</strong></span> <span class='ocrx_word' id='word_1_505' title='bbox 2429 1942 2638 1997; x_wconf 88' lang='lat' dir='ltr'><strong>occulta</strong></span> <span class='ocrx_word' id='word_1_506' title='bbox 2678 1941 2998 1999; x_wconf 88' lang='lat' dir='ltr'><strong>condiscens</strong></span> <span class='ocrx_word' id='word_1_507' title='bbox 3029 1985 3047 2012; x_wconf 90' lang='lat'><strong>,</strong></span> <span class='ocrx_word' id='word_1_508' title='bbox 3095 1943 3164 2000; x_wconf 89' lang='lat' dir='ltr'><strong>de</strong></span> <span class='ocrx_word' id='word_1_509' title='bbox 3205 1959 3433 2015; x_wconf 90' lang='lat' dir='ltr'><strong>operum</strong></span> <span class='ocrx_word' id='word_1_510' title='bbox 3479 1945 3814 2017; x_wconf 71' lang='lat' dir='ltr'><strong>magnitudine</strong></span> 
     </span>
    </p>
   </div>
   <div class='ocr_carea' id='block_1_63' title="bbox 2238 2033 3812 2110">
    <p class='ocr_par' dir='ltr' id='par_1_63' title="bbox 2238 2033 3812 2110">
     <span class='ocr_line' id='line_1_63' title="bbox 2238 2033 3812 2110; baseline 0.004 -21"><span class='ocrx_word' id='word_1_511' title='bbox 2238 2049 2359 2105; x_wconf 71' lang='lat' dir='ltr'><strong>quas</strong></span> <span class='ocrx_word' id='word_1_512' title='bbox 2407 2033 2661 2102; x_wconf 75' lang='lat' dir='ltr'><strong>videret,</strong></span> <span class='ocrx_word' id='word_1_513' title='bbox 2696 2036 2893 2097; x_wconf 86' lang='lat' dir='ltr'><strong>mentis</strong></span> <span class='ocrx_word' id='word_1_514' title='bbox 2931 2036 3102 2092; x_wconf 88' lang='lat' dir='ltr'><strong>oculis</strong></span> <span class='ocrx_word' id='word_1_515' title='bbox 3151 2036 3374 2097; x_wconf 84' lang='lat' dir='ltr'><strong>artiﬁcis</strong></span> <span class='ocrx_word' id='word_1_516' title='bbox 3428 2038 3812 2110; x_wconf 86' lang='lat' dir='ltr'><strong>magnitudinem</strong></span> 
     </span>
    </p>
   </div>
   <div class='ocr_carea' id='block_1_64' title="bbox 2240 2125 3813 2201">
    <p class='ocr_par' dir='ltr' id='par_1_64' title="bbox 2240 2125 3813 2201">
     <span class='ocr_line' id='line_1_64' title="bbox 2240 2125 3813 2201; baseline 0.002 -20"><span class='ocrx_word' id='word_1_517' title='bbox 2240 2125 2520 2198; x_wconf 84' lang='lat' dir='ltr'><strong>cogitaret.</strong></span> <span class='ocrx_word' id='word_1_518' title='bbox 2561 2126 2641 2183; x_wconf 90' lang='lat' dir='ltr'><strong>De</strong></span> <span class='ocrx_word' id='word_1_519' title='bbox 2666 2142 2773 2198; x_wconf 89' lang='lat' dir='ltr'><strong>quo</strong></span> <span class='ocrx_word' id='word_1_520' title='bbox 2817 2126 2959 2187; x_wconf 87' lang='lat' dir='ltr'><strong>idem</strong></span> <span class='ocrx_word' id='word_1_521' title='bbox 3011 2128 3302 2200; x_wconf 81' lang='lat' dir='ltr'><strong>Apostolus</strong></span> <span class='ocrx_word' id='word_1_522' title='bbox 3348 2128 3418 2201; x_wconf 92' lang='grc' dir='ltr'>(Ι</span> <span class='ocrx_word' id='word_1_523' title='bbox 3468 2128 3602 2185; x_wconf 79' lang='lat' dir='ltr'><strong>Tim.</strong></span> <span class='ocrx_word' id='word_1_524' title='bbox 3630 2129 3813 2201; x_wconf 72' lang='lat'><strong>1,17):</strong></span> 
     </span>
    </p>
   </div>
   <div class='ocr_carea' id='block_1_65' title="bbox 2242 2220 3818 2296">
    <p class='ocr_par' dir='ltr' id='par_1_65' title="bbox 2242 2220 3818 2296">
     <span class='ocr_line' id='line_1_65' title="bbox 2242 2220 3818 2296; baseline 0 -17"><span class='ocrx_word' id='word_1_525' title='bbox 2242 2220 2372 2296; x_wconf 75' lang='lat' dir='ltr'><strong>Regi</strong></span> <span class='ocrx_word' id='word_1_526' title='bbox 2439 2232 2606 2278; x_wconf 87' lang='lat' dir='ltr'><strong>autem</strong></span> <span class='ocrx_word' id='word_1_527' title='bbox 2679 2223 2984 2285; x_wconf 72' lang='lat' dir='ltr'><strong>sreculorttm</strong></span> <span class='ocrx_word' id='word_1_528' title='bbox 3048 2224 3371 2292; x_wconf 81' lang='lat' dir='ltr'><strong>immortali,</strong></span> <span class='ocrx_word' id='word_1_529' title='bbox 3424 2224 3660 2280; x_wconf 73' lang='lat' dir='ltr'><strong>inuisibili</strong></span> <span class='ocrx_word' id='word_1_530' title='bbox 3681 2266 3695 2293; x_wconf 91' lang='lat'><strong>,</strong></span> <span class='ocrx_word' id='word_1_531' title='bbox 3741 2224 3818 2279; x_wconf 84' lang='lat' dir='ltr'><strong>soli</strong></span> 
     </span>
    </p>
   </div>
   <div class='ocr_carea' id='block_1_66' title="bbox 2243 2314 3819 2388">
    <p class='ocr_par' dir='ltr' id='par_1_66' title="bbox 2243 2314 3819 2388">
     <span class='ocr_line' id='line_1_66' title="bbox 2243 2314 3819 2388; baseline 0.001 -16"><span class='ocrx_word' id='word_1_532' title='bbox 2243 2314 2355 2379; x_wconf 80' lang='lat' dir='ltr'><strong>Dea</strong></span> <span class='ocrx_word' id='word_1_533' title='bbox 2400 2316 2564 2375; x_wconf 81' lang='lat' dir='ltr'><strong>honor</strong></span> <span class='ocrx_word' id='word_1_534' title='bbox 2599 2324 2649 2373; x_wconf 81' lang='lat' dir='ltr'><strong>et</strong></span> <span class='ocrx_word' id='word_1_535' title='bbox 2675 2315 2864 2388; x_wconf 76' lang='lat' dir='ltr'><strong>gloria.</strong></span> <span class='ocrx_word' id='word_1_536' title='bbox 2922 2316 3104 2377; x_wconf 80' lang='lat' dir='ltr'><strong>Evasit</strong></span> <span class='ocrx_word' id='word_1_537' title='bbox 3130 2316 3272 2373; x_wconf 90' lang='lat' dir='ltr'><strong>enim</strong></span> <span class='ocrx_word' id='word_1_538' title='bbox 3299 2317 3582 2375; x_wconf 87' lang='lat' dir='ltr'><strong>oculorum</strong></span> <span class='ocrx_word' id='word_1_539' title='bbox 3615 2325 3819 2373; x_wconf 85' lang='lat' dir='ltr'><strong>contem-</strong></span> 
     </span>
    </p>
   </div>
   <div class='ocr_carea' id='block_1_67' title="bbox 2244 2406 3817 2482">
    <p class='ocr_par' dir='ltr' id='par_1_67' title="bbox 2244 2406 3817 2482">
     <span class='ocr_line' id='line_1_67' title="bbox 2244 2406 3817 2482; baseline 0 -18"><span class='ocrx_word' id='word_1_540' title='bbox 2244 2408 2558 2481; x_wconf 84' lang='lat' dir='ltr'><strong>plationem,</strong></span> <span class='ocrx_word' id='word_1_541' title='bbox 2577 2409 2667 2481; x_wconf 91' lang='lat' dir='ltr'><strong>qui</strong></span> <span class='ocrx_word' id='word_1_542' title='bbox 2694 2409 3033 2481; x_wconf 83' lang='lat' dir='ltr'><strong>cogitationis</strong></span> <span class='ocrx_word' id='word_1_543' title='bbox 3052 2410 3180 2465; x_wconf 87' lang='lat' dir='ltr'><strong>Vicit</strong></span> <span class='ocrx_word' id='word_1_544' title='bbox 3203 2410 3626 2482; x_wconf 89' lang='lat' dir='ltr'><strong>magnitudinem</strong></span> <span class='ocrx_word' id='word_1_545' title='bbox 3655 2428 3668 2467; x_wconf 92' lang='lat'><strong>:</strong></span> <span class='ocrx_word' id='word_1_546' title='bbox 3702 2406 3817 2475; x_wconf 77' lang='lat' dir='ltr'><strong>Que—</strong></span> 
     </span>
    </p>
   </div>
   <div class='ocr_carea' id='block_1_68' title="bbox 2248 2501 3821 2575">
    <p class='ocr_par' dir='ltr' id='par_1_68' title="bbox 2248 2501 3821 2575">
     <span class='ocr_line' id='line_1_68' title="bbox 2248 2501 3821 2575; baseline -0.003 -16"><span class='ocrx_word' id='word_1_547' title='bbox 2248 2503 2407 2568; x_wconf 85' lang='lat' dir='ltr'><strong>IIiam,</strong></span> <span class='ocrx_word' id='word_1_548' title='bbox 2450 2501 2642 2573; x_wconf 86' lang='lat' dir='ltr'><strong>inquit,</strong></span> <span class='ocrx_word' id='word_1_549' title='bbox 2667 2518 2733 2558; x_wconf 76' lang='lat' dir='ltr'><strong>ea:</strong></span> <span class='ocrx_word' id='word_1_550' title='bbox 2757 2502 2869 2573; x_wconf 87' lang='lat' dir='ltr'><strong>ipso</strong></span> <span class='ocrx_word' id='word_1_551' title='bbox 2893 2510 2940 2557; x_wconf 84' lang='lat' dir='ltr'><strong>et</strong></span> <span class='ocrx_word' id='word_1_552' title='bbox 2965 2518 3057 2574; x_wconf 85' lang='lat' dir='ltr'><strong>per</strong></span> <span class='ocrx_word' id='word_1_553' title='bbox 3079 2503 3248 2575; x_wconf 86' lang='lat' dir='ltr'><strong>ipsum</strong></span> <span class='ocrx_word' id='word_1_554' title='bbox 3274 2512 3321 2557; x_wconf 81' lang='lat' dir='ltr'><strong>et</strong></span> <span class='ocrx_word' id='word_1_555' title='bbox 3357 2504 3414 2559; x_wconf 87' lang='lat' dir='ltr'><strong>in</strong></span> <span class='ocrx_word' id='word_1_556' title='bbox 3454 2504 3566 2575; x_wconf 82' lang='lat' dir='ltr'><strong>ipso</strong></span> <span class='ocrx_word' id='word_1_557' title='bbox 3593 2511 3703 2559; x_wconf 87' lang='lat' dir='ltr'><strong>sunt</strong></span> <span class='ocrx_word' id='word_1_558' title='bbox 3735 2517 3821 2556; x_wconf 80' lang='lat' dir='ltr'><strong>ont-</strong></span> 
     </span>
    </p>
   </div>
   <div class='ocr_carea' id='block_1_69' title="bbox 2249 2595 3820 2671">
    <p class='ocr_par' dir='ltr' id='par_1_69' title="bbox 2249 2595 3820 2671">
     <span class='ocr_line' id='line_1_69' title="bbox 2249 2595 3820 2671; baseline -0.001 -19"><span class='ocrx_word' id='word_1_559' title='bbox 2249 2598 2336 2659; x_wconf 89' lang='lat' dir='ltr'><strong>nia</strong></span> <span class='ocrx_word' id='word_1_560' title='bbox 2359 2597 2535 2671; x_wconf 82' lang='lat' dir='ltr'><strong>(Rom.</strong></span> <span class='ocrx_word' id='word_1_561' title='bbox 2567 2613 2646 2664; x_wconf 76' lang='grc' dir='ltr'><strong>ιι,</strong></span> <span class='ocrx_word' id='word_1_562' title='bbox 2678 2595 2788 2667; x_wconf 78' lang='grc'><strong>55).</strong></span> <span class='ocrx_word' id='word_1_563' title='bbox 2828 2596 2962 2657; x_wconf 83' lang='lat' dir='ltr'><strong>Nam</strong></span> <span class='ocrx_word' id='word_1_564' title='bbox 2994 2604 3048 2653; x_wconf 89' lang='lat' dir='ltr'><strong>et</strong></span> <span class='ocrx_word' id='word_1_565' title='bbox 3066 2597 3292 2669; x_wconf 85' lang='lat' dir='ltr'><strong>imperio</strong></span> <span class='ocrx_word' id='word_1_566' title='bbox 3332 2597 3455 2668; x_wconf 84' lang='lat' dir='ltr'><strong>ejus</strong></span> <span class='ocrx_word' id='word_1_567' title='bbox 3480 2596 3671 2665; x_wconf 88' lang='lat' dir='ltr'><strong>omnia,</strong></span> <span class='ocrx_word' id='word_1_568' title='bbox 3699 2604 3747 2653; x_wconf 93' lang='lat' dir='ltr'><strong>ut</strong></span> <span class='ocrx_word' id='word_1_569' title='bbox 3773 2611 3820 2651; x_wconf 72' lang='lat' dir='ltr'><strong>ac</strong></span> 
     </span>
    </p>
   </div>
   <div class='ocr_carea' id='block_1_70' title="bbox 2250 2688 3818 2763">
    <p class='ocr_par' dir='ltr' id='par_1_70' title="bbox 2250 2688 3818 2763">
     <span class='ocr_line' id='line_1_70' title="bbox 2250 2688 3818 2763; baseline -0.003 -16"><span class='ocrx_word' id='word_1_570' title='bbox 2250 2692 2362 2760; x_wconf 84' lang='lat' dir='ltr'><strong>ipso</strong></span> <span class='ocrx_word' id='word_1_571' title='bbox 2389 2690 2528 2749; x_wconf 86' lang='lat' dir='ltr'><strong>sint:</strong></span> <span class='ocrx_word' id='word_1_572' title='bbox 2562 2699 2617 2747; x_wconf 85' lang='lat' dir='ltr'><strong>et</strong></span> <span class='ocrx_word' id='word_1_573' title='bbox 2643 2688 2808 2745; x_wconf 80' lang='lat' dir='ltr'><strong>verbo</strong></span> <span class='ocrx_word' id='word_1_574' title='bbox 2838 2688 2955 2760; x_wconf 85' lang='lat' dir='ltr'><strong>ejus</strong></span> <span class='ocrx_word' id='word_1_575' title='bbox 2983 2689 3191 2761; x_wconf 78' lang='lat' dir='ltr'><strong>digesta</strong></span> <span class='ocrx_word' id='word_1_576' title='bbox 3227 2732 3243 2759; x_wconf 92' lang='lat'><strong>,</strong></span> <span class='ocrx_word' id='word_1_577' title='bbox 3299 2699 3359 2747; x_wconf 92' lang='lat' dir='ltr'><strong>ut</strong></span> <span class='ocrx_word' id='word_1_578' title='bbox 3391 2708 3481 2763; x_wconf 85' lang='lat' dir='ltr'><strong>per</strong></span> <span class='ocrx_word' id='word_1_579' title='bbox 3523 2692 3685 2762; x_wconf 86' lang='lat' dir='ltr'><strong>ipsum</strong></span> <span class='ocrx_word' id='word_1_580' title='bbox 3710 2689 3818 2745; x_wconf 87' lang='lat' dir='ltr'><strong>sint:</strong></span> 
     </span>
    </p>
   </div>
   <div class='ocr_carea' id='block_1_71' title="bbox 2252 2781 3821 2855">
    <p class='ocr_par' dir='ltr' id='par_1_71' title="bbox 2252 2781 3821 2855">
     <span class='ocr_line' id='line_1_71' title="bbox 2252 2781 3821 2855; baseline -0.004 -15"><span class='ocrx_word' id='word_1_581' title='bbox 2252 2792 2308 2840; x_wconf 85' lang='lat' dir='ltr'><strong>et</strong></span> <span class='ocrx_word' id='word_1_582' title='bbox 2349 2785 2398 2841; x_wconf 91' lang='lat' dir='ltr'><strong>in</strong></span> <span class='ocrx_word' id='word_1_583' title='bbox 2439 2784 2698 2855; x_wconf 81' lang='lat' dir='ltr'><strong>judicium</strong></span> <span class='ocrx_word' id='word_1_584' title='bbox 2748 2782 2865 2853; x_wconf 86' lang='lat' dir='ltr'><strong>ejus</strong></span> <span class='ocrx_word' id='word_1_585' title='bbox 2908 2783 3156 2842; x_wconf 88' lang='lat' dir='ltr'><strong>recidunt</strong></span> <span class='ocrx_word' id='word_1_586' title='bbox 3199 2786 3493 2849; x_wconf 84' lang='lat' dir='ltr'><strong>universa;</strong></span> <span class='ocrx_word' id='word_1_587' title='bbox 3547 2793 3605 2840; x_wconf 93' lang='lat' dir='ltr'><strong>ut</strong></span> <span class='ocrx_word' id='word_1_588' title='bbox 3650 2782 3759 2839; x_wconf 87' lang='lat' dir='ltr'><strong>dum</strong></span> <span class='ocrx_word' id='word_1_589' title='bbox 3782 2781 3821 2834; x_wconf 84' lang='lat' dir='ltr'><strong>in</strong></span> 
     </span>
    </p>
   </div>
   <div class='ocr_carea' id='block_1_72' title="bbox 2252 2875 3821 2951">
    <p class='ocr_par' dir='ltr' id='par_1_72' title="bbox 2252 2875 3821 2951">
     <span class='ocr_line' id='line_1_72' title="bbox 2252 2875 3821 2951; baseline -0.002 -18"><span class='ocrx_word' id='word_1_590' title='bbox 2252 2878 2385 2947; x_wconf 84' lang='lat' dir='ltr'><strong>ipso,</strong></span> <span class='ocrx_word' id='word_1_591' title='bbox 2434 2886 2747 2949; x_wconf 82' lang='lat' dir='ltr'><strong>exspectant</strong></span> <span class='ocrx_word' id='word_1_592' title='bbox 2822 2876 3123 2935; x_wconf 83' lang='lat' dir='ltr'><strong>libertatem</strong></span> <span class='ocrx_word' id='word_1_593' title='bbox 3201 2879 3552 2951; x_wconf 86' lang='lat' dir='ltr'><strong>corruptione</strong></span> <span class='ocrx_word' id='word_1_594' title='bbox 3618 2875 3821 2947; x_wconf 80' lang='lat' dir='ltr'><strong>deposita</strong></span> 
     </span>
    </p>
   </div>
   <div class='ocr_carea' id='block_1_73' title="bbox 2255 2967 3820 3043">
    <p class='ocr_par' dir='ltr' id='par_1_73' title="bbox 2255 2967 3820 3043">
     <span class='ocr_line' id='line_1_73' title="bbox 2255 2967 3820 3043; baseline -0.004 -14"><span class='ocrx_word' id='word_1_595' title='bbox 2255 2969 2433 3043; x_wconf 83' lang='lat' dir='ltr'><strong>(Rom.</strong></span> <span class='ocrx_word' id='word_1_596' title='bbox 2460 2984 2591 3037; x_wconf 87' lang='lat' dir='ltr'><strong>VIII,</strong></span> <span class='ocrx_word' id='word_1_597' title='bbox 2642 2967 2777 3040; x_wconf 76' lang='grc'><strong>21),</strong></span> <span class='ocrx_word' id='word_1_598' title='bbox 2825 2970 2878 3027; x_wconf 91' lang='lat' dir='ltr'><strong>in</strong></span> <span class='ocrx_word' id='word_1_599' title='bbox 2906 2970 3080 3040; x_wconf 89' lang='lat' dir='ltr'><strong>ipsum</strong></span> <span class='ocrx_word' id='word_1_600' title='bbox 3108 2970 3393 3032; x_wconf 85' lang='lat' dir='ltr'><strong>videantur</strong></span> <span class='ocrx_word' id='word_1_601' title='bbox 3421 2986 3544 3029; x_wconf 85' lang='lat' dir='ltr'><strong>esse</strong></span> <span class='ocrx_word' id='word_1_602' title='bbox 3592 2977 3820 3026; x_wconf 79' lang='lat' dir='ltr'><strong>revocata.</strong></span> 
     </span>
    </p>
   </div>
   <div class='ocr_carea' id='block_1_74' title="bbox 2890 3134 3254 3199">
    <p class='ocr_par' dir='ltr' id='par_1_74' title="bbox 2890 3134 3254 3199">
     <span class='ocr_line' id='line_1_74' title="bbox 2890 3134 3254 3199; baseline -0.011 -6"><span class='ocrx_word' id='word_1_603' title='bbox 2890 3136 3121 3199; x_wconf 79' lang='lat' dir='ltr'><strong>CAPUT</strong></span> <span class='ocrx_word' id='word_1_604' title='bbox 3161 3134 3254 3197; x_wconf 83' lang='lat' dir='ltr'><strong>1V.</strong></span> 
     </span>
    </p>
   </div>
   <div class='ocr_carea' id='block_1_75' title="bbox 2256 3248 3821 3325">
    <p class='ocr_par' dir='ltr' id='par_1_75' title="bbox 2256 3248 3821 3325">
     <span class='ocr_line' id='line_1_75' title="bbox 2256 3248 3821 3325; baseline -0.006 -14"><span class='ocrx_word' id='word_1_605' title='bbox 2256 3252 2459 3313; x_wconf 83' lang='lat' dir='ltr'><strong>Bonum</strong></span> <span class='ocrx_word' id='word_1_606' title='bbox 2488 3268 2720 3325; x_wconf 83' lang='lat' dir='ltr'><strong>quoque,</strong></span> <span class='ocrx_word' id='word_1_607' title='bbox 2774 3268 2973 3322; x_wconf 82' lang='lat' dir='ltr'><strong>semper</strong></span> <span class='ocrx_word' id='word_1_608' title='bbox 3021 3252 3101 3309; x_wconf 88' lang='lat' dir='ltr'><strong>sui</strong></span> <span class='ocrx_word' id='word_1_609' title='bbox 3139 3252 3356 3311; x_wconf 79' lang='lat' dir='ltr'><strong>similem</strong></span> <span class='ocrx_word' id='word_1_610' title='bbox 3391 3292 3407 3320; x_wconf 90' lang='lat'><strong>,</strong></span> <span class='ocrx_word' id='word_1_611' title='bbox 3463 3248 3821 3311; x_wconf 68' lang='lat' dir='ltr'><strong>immutabilem,</strong></span> 
     </span>
    </p>
   </div>
   <div class='ocr_carea' id='block_1_76' title="bbox 2330 3344 3823 3416">
    <p class='ocr_par' dir='ltr' id='par_1_76' title="bbox 2330 3344 3823 3416">
     <span class='ocr_line' id='line_1_76' title="bbox 2330 3344 3823 3416; baseline -0.007 -15"><span class='ocrx_word' id='word_1_612' title='bbox 2330 3362 2487 3407; x_wconf 80' lang='lat' dir='ltr'><strong>unum</strong></span> <span class='ocrx_word' id='word_1_613' title='bbox 2538 3355 2586 3401; x_wconf 84' lang='lat' dir='ltr'><strong>et</strong></span> <span class='ocrx_word' id='word_1_614' title='bbox 2614 3346 2779 3401; x_wconf 84' lang='lat' dir='ltr'><strong>solum</strong></span> <span class='ocrx_word' id='word_1_615' title='bbox 2808 3386 2823 3411; x_wconf 91' lang='lat'><strong>,</strong></span> <span class='ocrx_word' id='word_1_616' title='bbox 2860 3344 3155 3415; x_wconf 76' lang='lat' dir='ltr'><strong>inﬁnitum:</strong></span> <span class='ocrx_word' id='word_1_617' title='bbox 3182 3346 3330 3416; x_wconf 73' lang='lat' dir='ltr'><strong>cujus</strong></span> <span class='ocrx_word' id='word_1_618' title='bbox 3387 3358 3479 3401; x_wconf 78' lang='lat' dir='ltr'><strong>nec</strong></span> <span class='ocrx_word' id='word_1_619' title='bbox 3517 3358 3688 3399; x_wconf 80' lang='lat' dir='ltr'><strong>nomen</strong></span> <span class='ocrx_word' id='word_1_620' title='bbox 3729 3353 3823 3410; x_wconf 56' lang='lat' dir='ltr'><strong>prae</strong></span> 
     </span>
    </p>
   </div>
   <div class='ocr_carea' id='block_1_77' title="bbox 2332 3436 3821 3510">
    <p class='ocr_par' dir='ltr' id='par_1_77' title="bbox 2332 3436 3821 3510">
     <span class='ocr_line' id='line_1_77' title="bbox 2332 3436 3821 3510; baseline -0.006 -16"><span class='ocrx_word' id='word_1_621' title='bbox 2332 3439 2498 3509; x_wconf 86' lang='lat' dir='ltr'><strong>prium</strong></span> <span class='ocrx_word' id='word_1_622' title='bbox 2528 3439 2686 3510; x_wconf 84' lang='lat' dir='ltr'><strong>possit</strong></span> <span class='ocrx_word' id='word_1_623' title='bbox 2712 3438 2845 3494; x_wconf 86' lang='lat' dir='ltr'><strong>edici</strong></span> <span class='ocrx_word' id='word_1_624' title='bbox 2874 3481 2887 3504; x_wconf 91' lang='lat'><strong>,</strong></span> <span class='ocrx_word' id='word_1_625' title='bbox 2930 3447 2978 3495; x_wconf 85' lang='lat' dir='ltr'><strong>et</strong></span> <span class='ocrx_word' id='word_1_626' title='bbox 3002 3437 3446 3510; x_wconf 79' lang='lat' dir='ltr'><strong>incorruptibilem</strong></span> <span class='ocrx_word' id='word_1_627' title='bbox 3478 3478 3493 3505; x_wconf 89' lang='lat'><strong>,</strong></span> <span class='ocrx_word' id='word_1_628' title='bbox 3523 3445 3568 3499; x_wconf 77' lang='lat' dir='ltr'><strong>et</strong></span> <span class='ocrx_word' id='word_1_629' title='bbox 3593 3436 3821 3493; x_wconf 85' lang='lat' dir='ltr'><strong>immorta-</strong></span> 
     </span>
    </p>
   </div>
   <div class='ocr_carea' id='block_1_78' title="bbox 2332 3533 2450 3590">
    <p class='ocr_par' dir='ltr' id='par_1_78' title="bbox 2332 3533 2450 3590">
     <span class='ocr_line' id='line_1_78' title="bbox 2332 3533 2450 3590; baseline 0.017 -2"><span class='ocrx_word' id='word_1_630' title='bbox 2332 3533 2450 3590; x_wconf 78' lang='lat' dir='ltr'><strong>leni.</strong></span> 
     </span>
    </p>
   </div>
   <div class='ocr_carea' id='block_1_79' title="bbox 2320 3684 3823 3760">
    <p class='ocr_par' dir='ltr' id='par_1_79' title="bbox 2320 3684 3823 3760">
     <span class='ocr_line' id='line_1_79' title="bbox 2320 3684 3823 3760; baseline -0.007 -14"><span class='ocrx_word' id='word_1_631' title='bbox 2320 3690 2493 3760; x_wconf 85' lang='lat' dir='ltr'><strong>Quem</strong></span> <span class='ocrx_word' id='word_1_632' title='bbox 2545 3688 2712 3746; x_wconf 89' lang='lat' dir='ltr'><strong>solum</strong></span> <span class='ocrx_word' id='word_1_633' title='bbox 2767 3690 2958 3746; x_wconf 89' lang='lat' dir='ltr'><strong>merito</strong></span> <span class='ocrx_word' id='word_1_634' title='bbox 3014 3690 3202 3745; x_wconf 90' lang='lat' dir='ltr'><strong>bonum</strong></span> <span class='ocrx_word' id='word_1_635' title='bbox 3255 3689 3566 3760; x_wconf 85' lang='lat' dir='ltr'><strong>pronuntiat</strong></span> <span class='ocrx_word' id='word_1_636' title='bbox 3615 3684 3823 3742; x_wconf 90' lang='lat' dir='ltr'><strong>Dominus</strong></span> 
     </span>
    </p>
   </div>
   <div class='ocr_carea' id='block_1_80' title="bbox 2250 3779 3826 3859">
    <p class='ocr_par' dir='ltr' id='par_1_80' title="bbox 2250 3779 3826 3859">
     <span class='ocr_line' id='line_1_80' title="bbox 2250 3779 3826 3859; baseline -0.006 -18"><span class='ocrx_word' id='word_1_637' title='bbox 2250 3782 2435 3859; x_wconf 86' lang='lat' dir='ltr'><strong>(Luc.</strong></span> <span class='ocrx_word' id='word_1_638' title='bbox 2487 3800 2641 3857; x_wconf 79' lang='lat' dir='ltr'><strong>xvm,</strong></span> <span class='ocrx_word' id='word_1_639' title='bbox 2696 3781 2809 3857; x_wconf 77' lang='grc'><strong>19)</strong></span> <span class='ocrx_word' id='word_1_640' title='bbox 2856 3800 2870 3836; x_wconf 89' lang='lat'><strong>:</strong></span> <span class='ocrx_word' id='word_1_641' title='bbox 2915 3781 3069 3853; x_wconf 84' lang='lat' dir='ltr'><strong>cujus</strong></span> <span class='ocrx_word' id='word_1_642' title='bbox 3110 3782 3360 3838; x_wconf 86' lang='lat' dir='ltr'><strong>bonitatis</strong></span> <span class='ocrx_word' id='word_1_643' title='bbox 3405 3792 3548 3839; x_wconf 93' lang='lat' dir='ltr'><strong>totus</strong></span> <span class='ocrx_word' id='word_1_644' title='bbox 3592 3779 3724 3836; x_wconf 88' lang='lat' dir='ltr'><strong>testis</strong></span> <span class='ocrx_word' id='word_1_645' title='bbox 3765 3780 3826 3833; x_wconf 70' lang='lat' dir='ltr'><strong>est</strong></span> 
     </span>
    </p>
   </div>
   <div class='ocr_carea' id='block_1_81' title="bbox 2252 3870 3821 3948">
    <p class='ocr_par' dir='ltr' id='par_1_81' title="bbox 2252 3870 3821 3948">
     <span class='ocr_line' id='line_1_81' title="bbox 2252 3870 3821 3948; baseline -0.008 -15"><span class='ocrx_word' id='word_1_646' title='bbox 2252 3877 2514 3944; x_wconf 83' lang='lat' dir='ltr'><strong>mundus,</strong></span> <span class='ocrx_word' id='word_1_647' title='bbox 2543 3892 2701 3948; x_wconf 88' lang='lat' dir='ltr'><strong>quem</strong></span> <span class='ocrx_word' id='word_1_648' title='bbox 2753 3889 2859 3930; x_wconf 90' lang='lat' dir='ltr'><strong>non</strong></span> <span class='ocrx_word' id='word_1_649' title='bbox 2904 3872 3258 3945; x_wconf 87' lang='lat' dir='ltr'><strong>instituisset,</strong></span> <span class='ocrx_word' id='word_1_650' title='bbox 3289 3874 3398 3930; x_wconf 87' lang='lat' dir='ltr'><strong>nisi</strong></span> <span class='ocrx_word' id='word_1_651' title='bbox 3452 3875 3620 3930; x_wconf 84' lang='lat' dir='ltr'><strong>bonus</strong></span> <span class='ocrx_word' id='word_1_652' title='bbox 3657 3870 3821 3929; x_wconf 83' lang='lat' dir='ltr'><strong>fuisset.</strong></span> 
     </span>
    </p>
   </div>
   <div class='ocr_carea' id='block_1_82' title="bbox 2249 3968 3823 4043">
    <p class='ocr_par' dir='ltr' id='par_1_82' title="bbox 2249 3968 3823 4043">
     <span class='ocr_line' id='line_1_82' title="bbox 2249 3968 3823 4043; baseline -0.01 -13"><span class='ocrx_word' id='word_1_653' title='bbox 2249 3971 2383 4030; x_wconf 87' lang='lat' dir='ltr'><strong>Nam</strong></span> <span class='ocrx_word' id='word_1_654' title='bbox 2430 3973 2476 4029; x_wconf 89' lang='lat' dir='ltr'><strong>si</strong></span> <span class='ocrx_word' id='word_1_655' title='bbox 2506 3974 2678 4027; x_wconf 89' lang='lat' dir='ltr'><strong>omnia</strong></span> <span class='ocrx_word' id='word_1_656' title='bbox 2726 3971 2859 4026; x_wconf 90' lang='lat' dir='ltr'><strong>bona</strong></span> <span class='ocrx_word' id='word_1_657' title='bbox 2890 3970 3038 4025; x_wconf 82' lang='lat' dir='ltr'><strong>ualde</strong></span> <span class='ocrx_word' id='word_1_658' title='bbox 3070 3968 3220 4043; x_wconf 82' lang='lat' dir='ltr'><strong>(Gen.</strong></span> <span class='ocrx_word' id='word_1_659' title='bbox 3255 3986 3273 4025; x_wconf 86' lang='grc' dir='ltr'><strong>ι</strong></span> <span class='ocrx_word' id='word_1_660' title='bbox 3301 4011 3315 4036; x_wconf 84' lang='grc'><em>,</em></span> <span class='ocrx_word' id='word_1_661' title='bbox 3347 3968 3445 4042; x_wconf 76' lang='grc'><strong>51)</strong></span> <span class='ocrx_word' id='word_1_662' title='bbox 3474 3987 3489 4038; x_wconf 88' lang='grc'>;</span> <span class='ocrx_word' id='word_1_663' title='bbox 3536 3977 3823 4034; x_wconf 74' lang='grc' dir='ltr'><strong>ουηεεῳιθη-</strong></span> 
     </span>
    </p>
   </div>
   <div class='ocr_carea' id='block_1_83' title="bbox 2252 4055 3825 4137">
    <p class='ocr_par' dir='ltr' id='par_1_83' title="bbox 2252 4055 3825 4137">
     <span class='ocr_line' id='line_1_83' title="bbox 2252 4055 3825 4137; baseline -0.011 -14"><span class='ocrx_word' id='word_1_664' title='bbox 2252 4076 2333 4123; x_wconf 90' lang='lat' dir='ltr'><strong>ter</strong></span> <span class='ocrx_word' id='word_1_665' title='bbox 2359 4082 2422 4123; x_wconf 90' lang='lat' dir='ltr'><strong>ac</strong></span> <span class='ocrx_word' id='word_1_666' title='bbox 2457 4066 2651 4122; x_wconf 86' lang='lat' dir='ltr'><strong>merito</strong></span> <span class='ocrx_word' id='word_1_667' title='bbox 2694 4073 2749 4121; x_wconf 89' lang='lat' dir='ltr'><strong>et</strong></span> <span class='ocrx_word' id='word_1_668' title='bbox 2774 4078 2893 4137; x_wconf 63' lang='lat' dir='ltr'><strong>quae</strong></span> <span class='ocrx_word' id='word_1_669' title='bbox 2923 4064 3162 4119; x_wconf 89' lang='lat' dir='ltr'><strong>instituta</strong></span> <span class='ocrx_word' id='word_1_670' title='bbox 3189 4071 3313 4118; x_wconf 88' lang='lat' dir='ltr'><strong>sunt</strong></span> <span class='ocrx_word' id='word_1_671' title='bbox 3341 4065 3479 4120; x_wconf 87' lang='lat' dir='ltr'><strong>bona</strong></span> <span class='ocrx_word' id='word_1_672' title='bbox 3505 4103 3520 4128; x_wconf 91' lang='lat'><strong>,</strong></span> <span class='ocrx_word' id='word_1_673' title='bbox 3545 4060 3722 4114; x_wconf 86' lang='lat' dir='ltr'><strong>bonum</strong></span> <span class='ocrx_word' id='word_1_674' title='bbox 3742 4055 3825 4108; x_wconf 53' lang='lat' dir='ltr'><strong>ius.</strong></span> 
     </span>
    </p>
   </div>
   <div class='ocr_carea' id='block_1_84' title="bbox 2250 4152 3823 4232">
    <p class='ocr_par' dir='ltr' id='par_1_84' title="bbox 2250 4152 3823 4232">
     <span class='ocr_line' id='line_1_84' title="bbox 2250 4152 3823 4232; baseline -0.011 -15"><span class='ocrx_word' id='word_1_675' title='bbox 2250 4162 2524 4218; x_wconf 88' lang='lat' dir='ltr'><strong>titutorem</strong></span> <span class='ocrx_word' id='word_1_676' title='bbox 2574 4159 2979 4232; x_wconf 87' lang='lat' dir='ltr'><strong>probaverunt:</strong></span> <span class='ocrx_word' id='word_1_677' title='bbox 3027 4168 3081 4212; x_wconf 87' lang='lat' dir='ltr'><strong>et</strong></span> <span class='ocrx_word' id='word_1_678' title='bbox 3127 4172 3246 4228; x_wconf 74' lang='lat' dir='ltr'><strong>qua:</strong></span> <span class='ocrx_word' id='word_1_679' title='bbox 3293 4172 3324 4211; x_wconf 88' lang='lat' dir='ltr'><strong>a</strong></span> <span class='ocrx_word' id='word_1_680' title='bbox 3372 4155 3518 4212; x_wconf 85' lang='lat' dir='ltr'><strong>bono</strong></span> <span class='ocrx_word' id='word_1_681' title='bbox 3557 4152 3823 4208; x_wconf 84' lang='lat' dir='ltr'><strong>institutore</strong></span> 
     </span>
    </p>
   </div>
   <div class='ocr_carea' id='block_1_85' title="bbox 2253 4249 3822 4327">
    <p class='ocr_par' dir='ltr' id='par_1_85' title="bbox 2253 4249 3822 4327">
     <span class='ocr_line' id='line_1_85' title="bbox 2253 4249 3822 4327; baseline -0.003 -15"><span class='ocrx_word' id='word_1_682' title='bbox 2253 4266 2422 4325; x_wconf 89' lang='lat' dir='ltr'><strong>sunt,</strong></span> <span class='ocrx_word' id='word_1_683' title='bbox 2474 4255 2616 4311; x_wconf 90' lang='lat' dir='ltr'><strong>aliud</strong></span> <span class='ocrx_word' id='word_1_684' title='bbox 2645 4269 2805 4327; x_wconf 90' lang='lat' dir='ltr'><strong>quam</strong></span> <span class='ocrx_word' id='word_1_685' title='bbox 2850 4252 2990 4308; x_wconf 85' lang='lat' dir='ltr'><strong>bona</strong></span> <span class='ocrx_word' id='word_1_686' title='bbox 3028 4266 3151 4308; x_wconf 90' lang='lat' dir='ltr'><strong>esse</strong></span> <span class='ocrx_word' id='word_1_687' title='bbox 3202 4266 3305 4306; x_wconf 91' lang='lat' dir='ltr'><strong>non</strong></span> <span class='ocrx_word' id='word_1_688' title='bbox 3340 4258 3563 4321; x_wconf 90' lang='lat' dir='ltr'><strong>possunt</strong></span> <span class='ocrx_word' id='word_1_689' title='bbox 3594 4264 3607 4301; x_wconf 91' lang='lat'>:</span> <span class='ocrx_word' id='word_1_690' title='bbox 3640 4260 3702 4301; x_wconf 84' lang='lat' dir='ltr'><strong>ex</strong></span> <span class='ocrx_word' id='word_1_691' title='bbox 3740 4249 3822 4308; x_wconf 68' lang='lat' dir='ltr'><strong>quo</strong></span> 
     </span>
    </p>
   </div>
   <div class='ocr_carea' id='block_1_86' title="bbox 2254 4331 3819 4412">
    <p class='ocr_par' dir='ltr' id='par_1_86' title="bbox 2254 4331 3819 4412">
     <span class='ocr_line' id='line_1_86' title="bbox 2254 4331 3819 4412; baseline -0.012 -7"><span class='ocrx_word' id='word_1_692' title='bbox 2254 4365 2415 4405; x_wconf 88' lang='lat' dir='ltr'><strong>omne</strong></span> <span class='ocrx_word' id='word_1_693' title='bbox 2454 4349 2651 4404; x_wconf 89' lang='lat' dir='ltr'><strong>malum</strong></span> <span class='ocrx_word' id='word_1_694' title='bbox 2705 4346 2932 4402; x_wconf 85' lang='lat' dir='ltr'><strong>facessat</strong></span> <span class='ocrx_word' id='word_1_695' title='bbox 2963 4361 2994 4400; x_wconf 88' lang='lat' dir='ltr'><strong>a</strong></span> <span class='ocrx_word' id='word_1_696' title='bbox 3046 4344 3176 4399; x_wconf 88' lang='lat' dir='ltr'><strong>Deo.</strong></span> <span class='ocrx_word' id='word_1_697' title='bbox 3207 4342 3317 4399; x_wconf 84' lang='lat' dir='ltr'><strong>Nec</strong></span> <span class='ocrx_word' id='word_1_698' title='bbox 3337 4344 3480 4399; x_wconf 91' lang='lat' dir='ltr'><strong>enim</strong></span> <span class='ocrx_word' id='word_1_699' title='bbox 3504 4349 3669 4412; x_wconf 90' lang='lat' dir='ltr'><strong>potest</strong></span> <span class='ocrx_word' id='word_1_700' title='bbox 3689 4331 3782 4389; x_wconf 88' lang='lat' dir='ltr'><strong>ﬁeri</strong></span> <span class='ocrx_word' id='word_1_701' title='bbox 3805 4367 3819 4395; x_wconf 90' lang='lat'><strong>,</strong></span> 
     </span>
    </p>
   </div>
   <div class='ocr_carea' id='block_1_87' title="bbox 2255 4426 3817 4506">
    <p class='ocr_par' dir='ltr' id='par_1_87' title="bbox 2255 4426 3817 4506">
     <span class='ocr_line' id='line_1_87' title="bbox 2255 4426 3817 4506; baseline -0.015 -7"><span class='ocrx_word' id='word_1_702' title='bbox 2255 4455 2315 4498; x_wconf 90' lang='lat' dir='ltr'><strong>ut</strong></span> <span class='ocrx_word' id='word_1_703' title='bbox 2340 4444 2409 4498; x_wconf 88' lang='lat' dir='ltr'><strong>sit</strong></span> <span class='ocrx_word' id='word_1_704' title='bbox 2442 4442 2678 4497; x_wconf 85' lang='lat' dir='ltr'><strong>initiator</strong></span> <span class='ocrx_word' id='word_1_705' title='bbox 2704 4448 2794 4495; x_wconf 89' lang='lat' dir='ltr'><strong>aut</strong></span> <span class='ocrx_word' id='word_1_706' title='bbox 2823 4436 3017 4493; x_wconf 82' lang='lat' dir='ltr'><strong>artifex</strong></span> <span class='ocrx_word' id='word_1_707' title='bbox 3060 4436 3219 4491; x_wconf 88' lang='lat' dir='ltr'><strong>ullius</strong></span> <span class='ocrx_word' id='word_1_708' title='bbox 3241 4436 3366 4490; x_wconf 89' lang='lat' dir='ltr'><strong>mali</strong></span> <span class='ocrx_word' id='word_1_709' title='bbox 3394 4434 3574 4506; x_wconf 84' lang='lat' dir='ltr'><strong>eperis</strong></span> <span class='ocrx_word' id='word_1_710' title='bbox 3596 4473 3611 4494; x_wconf 92' lang='lat'><strong>,</strong></span> <span class='ocrx_word' id='word_1_711' title='bbox 3648 4426 3725 4500; x_wconf 90' lang='lat' dir='ltr'><strong>qui</strong></span> <span class='ocrx_word' id='word_1_712' title='bbox 3743 4434 3817 4478; x_wconf 89' lang='lat' dir='ltr'><strong>no-</strong></span> 
     </span>
    </p>
   </div>
   <div class='ocr_carea' id='block_1_88' title="bbox 554 4522 3821 4615">
    <p class='ocr_par' dir='ltr' id='par_1_88' title="bbox 554 4522 3821 4615">
     <span class='ocr_line' id='line_1_88' title="bbox 554 4522 3821 4615; baseline -0.004 -27"><span class='ocrx_word' id='word_1_713' title='bbox 554 4532 768 4590; x_wconf 87' lang='lat' dir='ltr'><strong>tralIere</strong></span> <span class='ocrx_word' id='word_1_714' title='bbox 793 4532 999 4603; x_wconf 85' lang='lat' dir='ltr'><strong>volens,</strong></span> <span class='ocrx_word' id='word_1_715' title='bbox 1031 4532 1161 4595; x_wconf 89' lang='lat' dir='ltr'><strong>dicit</strong></span> <span class='ocrx_word' id='word_1_716' title='bbox 1207 4535 1228 4608; x_wconf 86' lang='lat'>(</span> <span class='ocrx_word' id='word_1_717' title='bbox 1259 4534 1397 4595; x_wconf 85' lang='lat' dir='ltr'><strong>Ibid.</strong></span> <span class='ocrx_word' id='word_1_718' title='bbox 1432 4554 1483 4593; x_wconf 80' lang='lat' dir='ltr'><strong>II.</strong></span> <span class='ocrx_word' id='word_1_719' title='bbox 1514 4536 1594 4610; x_wconf 89' lang='grc'><strong>2)</strong></span> <span class='ocrx_word' id='word_1_720' title='bbox 1642 4556 1654 4594; x_wconf 88' lang='lat'><strong>:</strong></span> <span class='ocrx_word' id='word_1_721' title='bbox 1689 4538 1760 4593; x_wconf 84' lang='lat' dir='ltr'><strong>Et</strong></span> <span class='ocrx_word' id='word_1_722' title='bbox 1800 4555 1954 4615; x_wconf 84' lang='lat' dir='ltr'><strong>super</strong></span> <span class='ocrx_word' id='word_1_723' title='bbox 2005 4555 2154 4611; x_wconf 88' lang='lat' dir='ltr'><strong>quem</strong></span> <span class='ocrx_word' id='word_1_724' title='bbox 2177 4531 2232 4594; x_wconf 89' lang='lat' dir='ltr'><strong>D</strong></span> <span class='ocrx_word' id='word_1_725' title='bbox 2258 4552 2383 4594; x_wconf 87' lang='lat' dir='ltr'><strong>men</strong></span> <span class='ocrx_word' id='word_1_726' title='bbox 2411 4534 2513 4593; x_wconf 88' lang='lat' dir='ltr'><strong>sibi</strong></span> <span class='ocrx_word' id='word_1_727' title='bbox 2544 4533 2770 4607; x_wconf 86' lang='lat' dir='ltr'><strong>perfecti</strong></span> <span class='ocrx_word' id='word_1_728' title='bbox 2795 4531 3029 4588; x_wconf 86' lang='lat' dir='ltr'><strong>Vindicat</strong></span> <span class='ocrx_word' id='word_1_729' title='bbox 3068 4538 3124 4587; x_wconf 90' lang='lat' dir='ltr'><strong>et</strong></span> <span class='ocrx_word' id='word_1_730' title='bbox 3153 4529 3392 4601; x_wconf 89' lang='lat' dir='ltr'><strong>parentis</strong></span> <span class='ocrx_word' id='word_1_731' title='bbox 3417 4538 3475 4586; x_wconf 88' lang='lat' dir='ltr'><strong>et</strong></span> <span class='ocrx_word' id='word_1_732' title='bbox 3502 4522 3710 4599; x_wconf 86' lang='lat' dir='ltr'><strong>judicis:</strong></span> <span class='ocrx_word' id='word_1_733' title='bbox 3736 4528 3821 4574; x_wconf 80' lang='lat' dir='ltr'><strong>ma-</strong></span> 
     </span>
    </p>
   </div>
   <div class='ocr_carea' id='block_1_89' title="bbox 1926 4718 2498 4779">
    <p class='ocr_par' dir='ltr' id='par_1_89' title="bbox 1926 4718 2498 4779">
     <span class='ocr_line' id='line_1_89' title="bbox 1926 4718 2498 4779; baseline 0 -2"><span class='ocrx_word' id='word_1_734' title='bbox 1926 4718 2498 4779; x_wconf 77' lang='lat' dir='ltr'><strong>COMMENTARIUS.</strong></span> 
     </span>
    </p>
   </div>
   <div class='ocr_carea' id='block_1_90' title="bbox 557 4883 2159 4958">
    <p class='ocr_par' dir='ltr' id='par_1_90' title="bbox 557 4883 2159 4958">
     <span class='ocr_line' id='line_1_90' title="bbox 557 4883 2159 4958; baseline -0.003 -12"><span class='ocrx_word' id='word_1_735' title='bbox 557 4888 824 4947; x_wconf 86' lang='lat' dir='ltr'><strong>cbmanus</strong></span> <span class='ocrx_word' id='word_1_736' title='bbox 867 4901 997 4943; x_wconf 85' lang='lat' dir='ltr'><strong>vero</strong></span> <span class='ocrx_word' id='word_1_737' title='bbox 1045 4885 1276 4958; x_wconf 87' lang='lat' dir='ltr'><strong>conjicit</strong></span> <span class='ocrx_word' id='word_1_738' title='bbox 1325 4884 1610 4958; x_wconf 68' lang='lat' dir='ltr'><strong>legendum</strong></span> <span class='ocrx_word' id='word_1_739' title='bbox 1662 4883 1852 4942; x_wconf 86' lang='lat' dir='ltr'><strong>Deum.</strong></span> <span class='ocrx_word' id='word_1_740' title='bbox 1896 4884 1968 4940; x_wconf 82' lang='lat' dir='ltr'><strong>At</strong></span> <span class='ocrx_word' id='word_1_741' title='bbox 1996 4884 2159 4944; x_wconf 86' lang='lat' dir='ltr'><strong>lectio</strong></span> 
     </span>
    </p>
   </div>
   <div class='ocr_carea' id='block_1_91' title="bbox 557 4957 2162 5032">
    <p class='ocr_par' dir='ltr' id='par_1_91' title="bbox 557 4957 2162 5032">
     <span class='ocr_line' id='line_1_91' title="bbox 557 4957 2162 5032; baseline -0.004 -14"><span class='ocrx_word' id='word_1_742' title='bbox 557 4958 773 5032; x_wconf 83' lang='lat' dir='ltr'><strong>Vulgata</strong></span> <span class='ocrx_word' id='word_1_743' title='bbox 803 4959 931 5017; x_wconf 88' lang='lat' dir='ltr'><strong>ferri</strong></span> <span class='ocrx_word' id='word_1_744' title='bbox 956 4968 1157 5032; x_wconf 90' lang='lat' dir='ltr'><strong>potest.</strong></span> <span class='ocrx_word' id='word_1_745' title='bbox 1187 4959 1230 5014; x_wconf 88' lang='lat' dir='ltr'><strong>si</strong></span> <span class='ocrx_word' id='word_1_746' title='bbox 1256 4957 1395 5032; x_wconf 74' lang='lat' dir='ltr'><strong>Deus</strong></span> <span class='ocrx_word' id='word_1_747' title='bbox 1418 4960 1713 5029; x_wconf 84' lang='lat' dir='ltr'><strong>accipiatur</strong></span> <span class='ocrx_word' id='word_1_748' title='bbox 1738 4965 2014 5031; x_wconf 81' lang='grc' dir='ltr'><strong>τεχνικῶς,</strong></span> <span class='ocrx_word' id='word_1_749' title='bbox 2047 4960 2162 5013; x_wconf 83' lang='lat' dir='ltr'><strong>sive</strong></span> 
     </span>
    </p>
   </div>
   <div class='ocr_carea' id='block_1_92' title="bbox 562 5030 1613 5104">
    <p class='ocr_par' dir='ltr' id='par_1_92' title="bbox 562 5030 1613 5104">
     <span class='ocr_line' id='line_1_92' title="bbox 562 5030 1613 5104; baseline -0.004 -17"><span class='ocrx_word' id='word_1_750' title='bbox 562 5030 835 5104; x_wconf 13' lang='lat' dir='ltr'><strong>mus,_‘pro</strong></span> <span class='ocrx_word' id='word_1_751' title='bbox 857 5030 1075 5087; x_wconf 80' lang='lat' dir='ltr'><strong>nomine</strong></span> <span class='ocrx_word' id='word_1_752' title='bbox 1100 5032 1335 5104; x_wconf 50' lang='lat' dir='ltr'><strong>proprio:</strong></span> <span class='ocrx_word' id='word_1_753' title='bbox 1358 5030 1613 5087; x_wconf 69' lang='lat' dir='ltr'><strong>Jacssoa.</strong></span> 
     </span>
    </p>
   </div>
   <div class='ocr_carea' id='block_1_93' title="bbox 638 5100 2166 5174">
    <p class='ocr_par' dir='ltr' id='par_1_93' title="bbox 638 5100 2166 5174">
     <span class='ocr_line' id='line_1_93' title="bbox 638 5100 2166 5174; baseline -0.001 -17"><span class='ocrx_word' id='word_1_754' title='bbox 638 5102 656 5134; x_wconf 81' lang='grc'>¹</span> <span class='ocrx_word' id='word_1_755' title='bbox 690 5100 758 5157; x_wconf 81' lang='lat' dir='ltr'><strong>Et</strong></span> <span class='ocrx_word' id='word_1_756' title='bbox 787 5114 1065 5174; x_wconf 73' lang='lat' dir='ltr'><strong>parentant.</strong></span> <span class='ocrx_word' id='word_1_757' title='bbox 1102 5100 1247 5159; x_wconf 76' lang='lat' dir='ltr'><strong>Cum</strong></span> <span class='ocrx_word' id='word_1_758' title='bbox 1306 5102 1546 5159; x_wconf 87' lang='lat' dir='ltr'><strong>Pameliu</strong></span> <span class='ocrx_word' id='word_1_759' title='bbox 1592 5102 1837 5158; x_wconf 89' lang='lat' dir='ltr'><strong>voculam</strong></span> <span class='ocrx_word' id='word_1_760' title='bbox 1866 5110 1913 5156; x_wconf 89' lang='lat' dir='ltr'><strong>et</strong></span> <span class='ocrx_word' id='word_1_761' title='bbox 1941 5100 2166 5156; x_wconf 86' lang='lat' dir='ltr'><strong>retinui-</strong></span> 
     </span>
    </p>
   </div>
   <div class='ocr_carea' id='block_1_94' title="bbox 565 5174 1484 5245">
    <p class='ocr_par' dir='ltr' id='par_1_94' title="bbox 565 5174 1484 5245">
     <span class='ocr_line' id='line_1_94' title="bbox 565 5174 1484 5245; baseline 0 -16"><span class='ocrx_word' id='word_1_762' title='bbox 565 5190 733 5245; x_wconf 78' lang='lat' dir='ltr'><strong>quan_t</strong></span> <span class='ocrx_word' id='word_1_763' title='bbox 757 5176 883 5230; x_wconf 88' lang='lat' dir='ltr'><strong>editi</strong></span> <span class='ocrx_word' id='word_1_764' title='bbox 933 5175 1177 5245; x_wconf 81' lang='lat' dir='ltr'><strong>plerique</strong></span> <span class='ocrx_word' id='word_1_765' title='bbox 1208 5174 1484 5229; x_wconf 89' lang='lat' dir='ltr'><strong>omittunt.</strong></span> 
     </span>
    </p>
   </div>
   <div class='ocr_carea' id='block_1_95' title="bbox 637 5242 2168 5314">
    <p class='ocr_par' dir='ltr' id='par_1_95' title="bbox 637 5242 2168 5314">
     <span class='ocr_line' id='line_1_95' title="bbox 637 5242 2168 5314; baseline -0.002 -13"><span class='ocrx_word' id='word_1_766' title='bbox 637 5242 970 5314; x_wconf 77' lang='lat' dir='ltr'><strong>’Expendit.</strong></span> <span class='ocrx_word' id='word_1_767' title='bbox 1031 5242 1183 5302; x_wconf 90' lang='lat' dir='ltr'><strong>llune</strong></span> <span class='ocrx_word' id='word_1_768' title='bbox 1236 5247 1413 5301; x_wconf 90' lang='lat' dir='ltr'><strong>locum</strong></span> <span class='ocrx_word' id='word_1_769' title='bbox 1465 5246 1597 5302; x_wconf 91' lang='lat' dir='ltr'><strong>citat</strong></span> <span class='ocrx_word' id='word_1_770' title='bbox 1656 5245 1788 5301; x_wconf 90' lang='lat' dir='ltr'><strong>infra</strong></span> <span class='ocrx_word' id='word_1_771' title='bbox 1837 5245 2168 5303; x_wconf 83' lang='lat' dir='ltr'><strong>Novatianus</strong></span> 
     </span>
    </p>
   </div>
   <div class='ocr_carea' id='block_1_96' title="bbox 568 5315 2171 5391">
    <p class='ocr_par' dir='ltr' id='par_1_96' title="bbox 568 5315 2171 5391">
     <span class='ocr_line' id='line_1_96' title="bbox 568 5315 2171 5391; baseline 0.002 -22"><span class='ocrx_word' id='word_1_772' title='bbox 568 5330 688 5391; x_wconf 76' lang='lat' dir='ltr'><strong>cap.</strong></span> <span class='ocrx_word' id='word_1_773' title='bbox 714 5315 803 5380; x_wconf 77' lang='grc'><strong>50,</strong></span> <span class='ocrx_word' id='word_1_774' title='bbox 830 5317 1119 5391; x_wconf 71' lang='lat' dir='ltr'><strong>ubiliabet</strong></span> <span class='ocrx_word' id='word_1_775' title='bbox 1140 5320 1403 5388; x_wconf 87' lang='lat' dir='ltr'><strong>suspendit</strong></span> <span class='ocrx_word' id='word_1_776' title='bbox 1434 5335 1447 5372; x_wconf 89' lang='lat'><strong>:</strong></span> <span class='ocrx_word' id='word_1_777' title='bbox 1479 5333 1709 5391; x_wconf 84' lang='lat' dir='ltr'><strong>eamque</strong></span> <span class='ocrx_word' id='word_1_778' title='bbox 1740 5317 2025 5373; x_wconf 85' lang='lat' dir='ltr'><strong>lectionem</strong></span> <span class='ocrx_word' id='word_1_779' title='bbox 2046 5316 2171 5372; x_wconf 85' lang='lat' dir='ltr'><strong>inde</strong></span> 
     </span>
    </p>
   </div>
   <div class='ocr_carea' id='block_1_97' title="bbox 570 5387 1330 5447">
    <p class='ocr_par' dir='ltr' id='par_1_97' title="bbox 570 5387 1330 5447">
     <span class='ocr_line' id='line_1_97' title="bbox 570 5387 1330 5447; baseline 0.007 -5"><span class='ocrx_word' id='word_1_780' title='bbox 570 5387 676 5442; x_wconf 85' lang='lat' dir='ltr'><strong>huc</strong></span> <span class='ocrx_word' id='word_1_781' title='bbox 702 5388 972 5444; x_wconf 90' lang='lat' dir='ltr'><strong>transtulit</strong></span> <span class='ocrx_word' id='word_1_782' title='bbox 1007 5387 1330 5447; x_wconf 85' lang='lat' dir='ltr'><strong>Jacksonus.</strong></span> 
     </span>
    </p>
   </div>
   <div class='ocr_carea' id='block_1_98' title="bbox 643 5456 2172 5532">
    <p class='ocr_par' dir='ltr' id='par_1_98' title="bbox 643 5456 2172 5532">
     <span class='ocr_line' id='line_1_98' title="bbox 643 5456 2172 5532; baseline 0.001 -22"><span class='ocrx_word' id='word_1_783' title='bbox 643 5456 665 5489; x_wconf 83' lang='grc'><strong><em>⁸</em></strong></span> <span class='ocrx_word' id='word_1_784' title='bbox 690 5458 791 5526; x_wconf 85' lang='lat' dir='ltr'><strong>Qui</strong></span> <span class='ocrx_word' id='word_1_785' title='bbox 821 5460 1021 5530; x_wconf 83' lang='lat' dir='ltr'><strong>ingenio</strong></span> <span class='ocrx_word' id='word_1_786' title='bbox 1049 5462 1271 5518; x_wconf 69' lang='grc' dir='ltr'><strong>Ιιωισειίοὲ</strong></span> <span class='ocrx_word' id='word_1_787' title='bbox 1301 5464 1448 5532; x_wconf 80' lang='lat' dir='ltr'><strong>ﬁctus</strong></span> <span class='ocrx_word' id='word_1_788' title='bbox 1475 5463 1561 5518; x_wconf 86' lang='lat' dir='ltr'><strong>sit.</strong></span> <span class='ocrx_word' id='word_1_789' title='bbox 1583 5460 1970 5517; x_wconf 85' lang='lat' dir='ltr'><strong>Tertullianum</strong></span> <span class='ocrx_word' id='word_1_790' title='bbox 1992 5459 2172 5532; x_wconf 76' lang='lat' dir='ltr'><strong>imita-</strong></span> 
     </span>
    </p>
   </div>
   <div class='ocr_carea' id='block_1_99' title="bbox 572 5530 2175 5600">
    <p class='ocr_par' dir='ltr' id='par_1_99' title="bbox 572 5530 2175 5600">
     <span class='ocr_line' id='line_1_99' title="bbox 572 5530 2175 5600; baseline 0 -15"><span class='ocrx_word' id='word_1_791' title='bbox 572 5538 660 5585; x_wconf 88' lang='lat' dir='ltr'><strong>tur</strong></span> <span class='ocrx_word' id='word_1_792' title='bbox 703 5540 910 5593; x_wconf 86' lang='lat' dir='ltr'><strong>auctur,</strong></span> <span class='ocrx_word' id='word_1_793' title='bbox 943 5532 1055 5600; x_wconf 89' lang='lat' dir='ltr'><strong>qui,</strong></span> <span class='ocrx_word' id='word_1_794' title='bbox 1092 5542 1149 5587; x_wconf 90' lang='lat' dir='ltr'><strong>ut</strong></span> <span class='ocrx_word' id='word_1_795' title='bbox 1176 5530 1427 5589; x_wconf 81' lang='lat' dir='ltr'><strong>observat</strong></span> <span class='ocrx_word' id='word_1_796' title='bbox 1462 5532 1752 5598; x_wconf 79' lang='lat' dir='ltr'><strong>Pamelius,</strong></span> <span class='ocrx_word' id='word_1_797' title='bbox 1803 5532 1897 5585; x_wconf 80' lang='lat' dir='ltr'><strong>lib.</strong></span> <span class='ocrx_word' id='word_1_798' title='bbox 1932 5532 1996 5585; x_wconf 85' lang='lat' dir='ltr'><strong>de</strong></span> <span class='ocrx_word' id='word_1_799' title='bbox 2026 5530 2175 5586; x_wconf 78' lang='lat' dir='ltr'><strong>Prw-</strong></span> 
     </span>
    </p>
   </div>
   <div class='ocr_carea' id='block_1_100' title="bbox 573 5600 2178 5674">
    <p class='ocr_par' dir='ltr' id='par_1_100' title="bbox 573 5600 2178 5674">
     <span class='ocr_line' id='line_1_100' title="bbox 573 5600 2178 5674; baseline 0.002 -20"><span class='ocrx_word' id='word_1_800' title='bbox 573 5602 752 5674; x_wconf 72' lang='lat' dir='ltr'><strong>script.</strong></span> <span class='ocrx_word' id='word_1_801' title='bbox 776 5600 834 5674; x_wconf 78' lang='lat' dir='ltr'><strong>in</strong></span> <span class='ocrx_word' id='word_1_802' title='bbox 846 5605 1090 5674; x_wconf 77' lang='lat' dir='ltr'><strong>catalogo</strong></span> <span class='ocrx_word' id='word_1_803' title='bbox 1112 5603 1485 5661; x_wconf 56' lang='lat' dir='ltr'><strong>haereticorum</strong></span> <span class='ocrx_word' id='word_1_804' title='bbox 1504 5621 1599 5661; x_wconf 86' lang='lat' dir='ltr'><strong>eos</strong></span> <span class='ocrx_word' id='word_1_805' title='bbox 1618 5612 1890 5669; x_wconf 83' lang='lat' dir='ltr'><strong>recenset,</strong></span> <span class='ocrx_word' id='word_1_806' title='bbox 1910 5603 1998 5674; x_wconf 82' lang='lat' dir='ltr'><strong>qui</strong></span> <span class='ocrx_word' id='word_1_807' title='bbox 2018 5603 2178 5657; x_wconf 84' lang='lat' dir='ltr'><strong>alium</strong></span> 
     </span>
    </p>
   </div>
   <div class='ocr_carea' id='block_1_101' title="bbox 582 5670 1653 5749">
    <p class='ocr_par' dir='ltr' id='par_1_101' title="bbox 582 5670 1653 5749">
     <span class='ocr_line' id='line_1_101' title="bbox 582 5670 1653 5749; baseline 0.004 -23"><span class='ocrx_word' id='word_1_808' title='bbox 582 5670 751 5749; x_wconf 65' lang='lat' dir='ltr'><strong>Deum</strong></span> <span class='ocrx_word' id='word_1_809' title='bbox 769 5671 863 5727; x_wconf 86' lang='lat' dir='ltr'><strong>sibi</strong></span> <span class='ocrx_word' id='word_1_810' title='bbox 887 5670 1122 5749; x_wconf 70' lang='lat' dir='ltr'><strong>haeretica</strong></span> <span class='ocrx_word' id='word_1_811' title='bbox 1144 5676 1400 5749; x_wconf 70' lang='lat' dir='ltr'><strong>fingebant</strong></span> <span class='ocrx_word' id='word_1_812' title='bbox 1429 5677 1653 5749; x_wconf 86' lang='lat' dir='ltr'><strong>ingenio.</strong></span> 
     </span>
    </p>
   </div>
   <div class='ocr_carea' id='block_1_102' title="bbox 666 5742 2177 5819">
    <p class='ocr_par' dir='ltr' id='par_1_102' title="bbox 666 5742 2177 5819">
     <span class='ocr_line' id='line_1_102' title="bbox 666 5742 2177 5819; baseline 0.005 -25"><span class='ocrx_word' id='word_1_813' title='bbox 666 5742 890 5819; x_wconf 55' lang='lat' dir='ltr'><strong>fQuem.</strong></span> <span class='ocrx_word' id='word_1_814' title='bbox 926 5744 999 5819; x_wconf 86' lang='lat' dir='ltr'><strong>II_a</strong></span> <span class='ocrx_word' id='word_1_815' title='bbox 1030 5742 1236 5801; x_wconf 76' lang='lat' dir='ltr'><strong>restitui</strong></span> <span class='ocrx_word' id='word_1_816' title='bbox 1284 5763 1348 5804; x_wconf 78' lang='lat' dir='ltr'><strong>ex</strong></span> <span class='ocrx_word' id='word_1_817' title='bbox 1394 5742 1554 5807; x_wconf 65' lang='grc' dir='ltr'><strong>διιεῖἰο</strong></span> <span class='ocrx_word' id='word_1_818' title='bbox 1577 5757 1632 5806; x_wconf 90' lang='lat' dir='ltr'><strong>et</strong></span> <span class='ocrx_word' id='word_1_819' title='bbox 1658 5746 1869 5804; x_wconf 83' lang='lat' dir='ltr'><strong>Latinio</strong></span> <span class='ocrx_word' id='word_1_820' title='bbox 1907 5761 2008 5819; x_wconf 90' lang='lat' dir='ltr'><strong>pro</strong></span> <span class='ocrx_word' id='word_1_821' title='bbox 2033 5744 2177 5817; x_wconf 82' lang='lat' dir='ltr'><strong>vulg.</strong></span> 
     </span>
    </p>
   </div>
   <div class='ocr_carea' id='block_1_103' title="bbox 592 5812 1197 5886">
    <p class='ocr_par' dir='ltr' id='par_1_103' title="bbox 592 5812 1197 5886">
     <span class='ocr_line' id='line_1_103' title="bbox 592 5812 1197 5886; baseline 0.002 -16"><span class='ocrx_word' id='word_1_822' title='bbox 592 5812 724 5871; x_wconf 85' lang='lat' dir='ltr'><strong>edit.</strong></span> <span class='ocrx_word' id='word_1_823' title='bbox 750 5829 924 5886; x_wconf 85' lang='lat' dir='ltr'><strong>quant.</strong></span> <span class='ocrx_word' id='word_1_824' title='bbox 949 5814 1197 5872; x_wconf 73' lang='lat' dir='ltr'><strong>JACKSON.</strong></span> 
     </span>
    </p>
   </div>
   <div class='ocr_carea' id='block_1_104' title="bbox 2332 4870 3816 4948">
    <p class='ocr_par' dir='ltr' id='par_1_104' title="bbox 2332 4870 3816 4948">
     <span class='ocr_line' id='line_1_104' title="bbox 2332 4870 3816 4948; baseline -0.013 -8"><span class='ocrx_word' id='word_1_825' title='bbox 2332 4885 2358 4939; x_wconf 63' lang='lat'><strong>,&#39;</strong></span> <span class='ocrx_word' id='word_1_826' title='bbox 2378 4882 2502 4939; x_wconf 81' lang='lat' dir='ltr'><strong>Non</strong></span> <span class='ocrx_word' id='word_1_827' title='bbox 2532 4889 2773 4938; x_wconf 87' lang='lat' dir='ltr'><strong>naturam</strong></span> <span class='ocrx_word' id='word_1_828' title='bbox 2801 4878 2973 4933; x_wconf 86' lang='lat' dir='ltr'><strong>nescio</strong></span> <span class='ocrx_word' id='word_1_829' title='bbox 3002 4877 3397 4948; x_wconf 79' lang='lat' dir='ltr'><strong>quam.Auclur</strong></span> <span class='ocrx_word' id='word_1_830' title='bbox 3426 4870 3816 4948; x_wconf 71' lang='lat' dir='ltr'><strong>RecognitionttIn.</strong></span> 
     </span>
    </p>
   </div>
   <div class='ocr_carea' id='block_1_105' title="bbox 2265 4946 3817 5023">
    <p class='ocr_par' dir='ltr' id='par_1_105' title="bbox 2265 4946 3817 5023">
     <span class='ocr_line' id='line_1_105' title="bbox 2265 4946 3817 5023; baseline -0.012 -12"><span class='ocrx_word' id='word_1_831' title='bbox 2265 4956 2360 5011; x_wconf 84' lang='lat' dir='ltr'><strong>lib.</strong></span> <span class='ocrx_word' id='word_1_832' title='bbox 2394 4971 2512 5023; x_wconf 85' lang='lat' dir='ltr'><strong>Vttt,</strong></span> <span class='ocrx_word' id='word_1_833' title='bbox 2543 4969 2592 5009; x_wconf 90' lang='lat' dir='ltr'><strong>c.</strong></span> <span class='ocrx_word' id='word_1_834' title='bbox 2612 4953 2711 5008; x_wconf 58' lang='grc' dir='ltr'><strong>ὄιες</strong></span> <span class='ocrx_word' id='word_1_835' title='bbox 2735 4950 2836 5020; x_wconf 82' lang='lat' dir='ltr'><strong>Qui</strong></span> <span class='ocrx_word' id='word_1_836' title='bbox 2864 4946 3104 5004; x_wconf 79' lang='lat' dir='ltr'><strong>naturam</strong></span> <span class='ocrx_word' id='word_1_837' title='bbox 3137 4966 3231 5021; x_wconf 87' lang='lat' dir='ltr'><strong>pro</strong></span> <span class='ocrx_word' id='word_1_838' title='bbox 3259 4946 3662 5023; x_wconf 79' lang='lat' dir='ltr'><strong>Deonominant,</strong></span> <span class='ocrx_word' id='word_1_839' title='bbox 3693 4946 3817 5023; x_wconf 62' lang='grc' dir='ltr'><strong>ειπςτ</strong></span> 
     </span>
    </p>
   </div>
   <div class='ocr_carea' id='block_1_106' title="bbox 2269 5005 3817 5097">
    <p class='ocr_par' dir='ltr' id='par_1_106' title="bbox 2269 5005 3817 5097">
     <span class='ocr_line' id='line_1_106' title="bbox 2269 5005 3817 5097; baseline -0.008 -15"><span class='ocrx_word' id='word_1_840' title='bbox 2269 5005 2532 5082; x_wconf 51' lang='lat' dir='ltr'><strong>Miami}.</strong></span> <span class='ocrx_word' id='word_1_841' title='bbox 2549 5005 2831 5097; x_wconf 24' lang='lat' dir='ltr'><strong>inclinasse</strong></span> <span class='ocrx_word' id='word_1_842' title='bbox 2859 5032 3042 5097; x_wconf 82' lang='lat' dir='ltr'><strong>cuncta</strong></span> <span class='ocrx_word' id='word_1_843' title='bbox 3064 5005 3332 5081; x_wconf 55' lang='lat' dir='ltr'><strong>tes&#39;tantur,</strong></span> <span class='ocrx_word' id='word_1_844' title='bbox 3355 5021 3494 5097; x_wconf 73' lang='lat' dir='ltr'><strong>latet</strong></span> <span class='ocrx_word' id='word_1_845' title='bbox 3516 5005 3817 5097; x_wconf 46' lang='lat' dir='ltr'><strong>eosappelifl‘</strong></span> 
     </span>
    </p>
   </div>
   <div class='ocr_carea' id='block_1_107' title="bbox 2269 5087 3819 5158">
    <p class='ocr_par' dir='ltr' id='par_1_107' title="bbox 2269 5087 3819 5158">
     <span class='ocr_line' id='line_1_107' title="bbox 2269 5087 3819 5158; baseline -0.01 -3"><span class='ocrx_word' id='word_1_846' title='bbox 2269 5100 2420 5155; x_wconf 88' lang='lat' dir='ltr'><strong>tionis</strong></span> <span class='ocrx_word' id='word_1_847' title='bbox 2439 5087 2737 5153; x_wconf 58' lang='lat' dir='ltr'><strong>siiw&#39;error.</strong></span> <span class='ocrx_word' id='word_1_848' title='bbox 2773 5094 2832 5149; x_wconf 86' lang='lat' dir='ltr'><strong>Si</strong></span> <span class='ocrx_word' id='word_1_849' title='bbox 2878 5095 3014 5148; x_wconf 86' lang='lat' dir='ltr'><strong>enim</strong></span> <span class='ocrx_word' id='word_1_850' title='bbox 3062 5105 3303 5146; x_wconf 84' lang='lat' dir='ltr'><strong>naturam</strong></span> <span class='ocrx_word' id='word_1_851' title='bbox 3347 5087 3726 5158; x_wconf 63' lang='lat' dir='ltr'><strong>irrationabilent</strong></span> <span class='ocrx_word' id='word_1_852' title='bbox 3749 5089 3819 5158; x_wconf 67' lang='grc' dir='ltr'><strong>ρα-</strong></span> 
     </span>
    </p>
   </div>
   <div class='ocr_carea' id='block_1_108' title="bbox 2272 5154 3815 5237">
    <p class='ocr_par' dir='ltr' id='par_1_108' title="bbox 2272 5154 3815 5237">
     <span class='ocr_line' id='line_1_108' title="bbox 2272 5154 3815 5237; baseline -0.01 -10"><span class='ocrx_word' id='word_1_853' title='bbox 2272 5154 2382 5227; x_wconf 80' lang='lat' dir='ltr'><strong>tant</strong></span> <span class='ocrx_word' id='word_1_854' title='bbox 2406 5212 2420 5237; x_wconf 88' lang='lat'><strong>,</strong></span> <span class='ocrx_word' id='word_1_855' title='bbox 2455 5168 2814 5225; x_wconf 84' lang='lat' dir='ltr'><strong>stultissimum</strong></span> <span class='ocrx_word' id='word_1_856' title='bbox 2853 5176 2946 5233; x_wconf 88' lang='lat' dir='ltr'><strong>est,</strong></span> <span class='ocrx_word' id='word_1_857' title='bbox 2973 5166 3330 5237; x_wconf 82' lang='lat' dir='ltr'><strong>rationabilem</strong></span> <span class='ocrx_word' id='word_1_858' title='bbox 3377 5170 3651 5237; x_wconf 85' lang='lat' dir='ltr'><strong>creaturam</strong></span> <span class='ocrx_word' id='word_1_859' title='bbox 3674 5154 3815 5237; x_wconf 59' lang='grc' dir='ltr'><strong>αζῌς</strong></span> 
     </span>
    </p>
   </div>
   <div class='ocr_carea' id='block_1_109' title="bbox 2272 5220 3817 5309">
    <p class='ocr_par' dir='ltr' id='par_1_109' title="bbox 2272 5220 3817 5309">
     <span class='ocr_line' id='line_1_109' title="bbox 2272 5220 3817 5309; baseline -0.017 -10"><span class='ocrx_word' id='word_1_860' title='bbox 2272 5220 2817 5307; x_wconf 50' lang='lat' dir='ltr'><strong>jactare</strong></span> <span class='ocrx_word' id='word_1_861' title='bbox 2862 5220 3121 5309; x_wconf 75' lang='lat' dir='ltr'><strong>progredi.</strong></span> <span class='ocrx_word' id='word_1_862' title='bbox 3168 5236 3227 5291; x_wconf 88' lang='lat' dir='ltr'><strong>Si</strong></span> <span class='ocrx_word' id='word_1_863' title='bbox 3267 5252 3388 5309; x_wconf 73' lang='lat' dir='ltr'><strong>uero</strong></span> <span class='ocrx_word' id='word_1_864' title='bbox 3431 5236 3559 5288; x_wconf 88' lang='lat' dir='ltr'><strong>ratio</strong></span> <span class='ocrx_word' id='word_1_865' title='bbox 3589 5236 3670 5309; x_wconf 52' lang='lat' dir='ltr'><strong>est:</strong></span> <span class='ocrx_word' id='word_1_866' title='bbox 3698 5220 3817 5309; x_wconf 49' lang='lat' dir='ltr'><strong>idet!</strong></span> 
     </span>
    </p>
   </div>
   <div class='ocr_carea' id='block_1_110' title="bbox 2277 5298 3816 5384">
    <p class='ocr_par' dir='ltr' id='par_1_110' title="bbox 2277 5298 3816 5384">
     <span class='ocr_line' id='line_1_110' title="bbox 2277 5298 3816 5384; baseline -0.006 -14"><span class='ocrx_word' id='word_1_867' title='bbox 2277 5298 2439 5384; x_wconf 81' lang='lat' dir='ltr'><strong>logos.</strong></span> <span class='ocrx_word' id='word_1_868' title='bbox 2473 5329 2561 5383; x_wconf 87' lang='lat' dir='ltr'><strong>per</strong></span> <span class='ocrx_word' id='word_1_869' title='bbox 2591 5298 2742 5378; x_wconf 76' lang='lat' dir='ltr'><strong>quam</strong></span> <span class='ocrx_word' id='word_1_870' title='bbox 2772 5298 2907 5384; x_wconf 68' lang='lat' dir='ltr'><strong>[acia</strong></span> <span class='ocrx_word' id='word_1_871' title='bbox 2956 5298 3156 5384; x_wconf 49' lang='lat' dir='ltr'><strong>constat</strong></span> <span class='ocrx_word' id='word_1_872' title='bbox 3187 5307 3419 5384; x_wconf 77' lang='lat' dir='ltr'><strong>universa</strong></span> <span class='ocrx_word' id='word_1_873' title='bbox 3448 5323 3466 5371; x_wconf 84' lang='lat'><strong>,°</strong></span> <span class='ocrx_word' id='word_1_874' title='bbox 3494 5298 3816 5384; x_wconf 44' lang='lat' dir='ltr'><strong>superﬂllﬂ&#39;ff</strong></span> 
     </span>
    </p>
   </div>
   <div class='ocr_carea' id='block_1_111' title="bbox 2278 5370 3812 5455">
    <p class='ocr_par' dir='ltr' id='par_1_111' title="bbox 2278 5370 3812 5455">
     <span class='ocr_line' id='line_1_111' title="bbox 2278 5370 3812 5455; baseline -0.01 -14"><span class='ocrx_word' id='word_1_875' title='bbox 2278 5370 2392 5442; x_wconf 67' lang='grc' dir='ltr'>ιιιὲη</span> <span class='ocrx_word' id='word_1_876' title='bbox 2422 5370 2714 5446; x_wconf 62' lang='lat' dir='ltr'><strong>iniunctam,</strong></span> <span class='ocrx_word' id='word_1_877' title='bbox 2743 5370 2830 5455; x_wconf 71' lang='lat' dir='ltr'><strong>sibi</strong></span> <span class='ocrx_word' id='word_1_878' title='bbox 2869 5382 2931 5435; x_wconf 86' lang='lat' dir='ltr'><strong>de</strong></span> <span class='ocrx_word' id='word_1_879' title='bbox 2958 5378 3251 5455; x_wconf 75' lang='lat' dir='ltr'><strong>Conditoris</strong></span> <span class='ocrx_word' id='word_1_880' title='bbox 3299 5370 3495 5433; x_wconf 79' lang='lat' dir='ltr'><strong>ratione</strong></span> <span class='ocrx_word' id='word_1_881' title='bbox 3522 5370 3812 5455; x_wconf 36' lang='lat' dir='ltr'><strong>premium?</strong></span> 
     </span>
    </p>
   </div>
   <div class='ocr_carea' id='block_1_112' title="bbox 2280 5445 3811 5524">
    <p class='ocr_par' dir='ltr' id='par_1_112' title="bbox 2280 5445 3811 5524">
     <span class='ocr_line' id='line_1_112' title="bbox 2280 5445 3811 5524; baseline -0.01 -11"><span class='ocrx_word' id='word_1_882' title='bbox 2280 5460 2390 5514; x_wconf 89' lang='lat' dir='ltr'><strong>llac</strong></span> <span class='ocrx_word' id='word_1_883' title='bbox 2419 5457 2486 5511; x_wconf 88' lang='lat' dir='ltr'><strong>de</strong></span> <span class='ocrx_word' id='word_1_884' title='bbox 2517 5473 2575 5511; x_wconf 88' lang='lat' dir='ltr'><strong>re</strong></span> <span class='ocrx_word' id='word_1_885' title='bbox 2605 5445 2730 5510; x_wconf 87' lang='lat' dir='ltr'><strong>item</strong></span> <span class='ocrx_word' id='word_1_886' title='bbox 2758 5454 2999 5524; x_wconf 77' lang='lat' dir='ltr'><strong>disputat</strong></span> <span class='ocrx_word' id='word_1_887' title='bbox 3035 5452 3175 5508; x_wconf 90' lang='lat' dir='ltr'><strong>idem</strong></span> <span class='ocrx_word' id='word_1_888' title='bbox 3198 5459 3385 5506; x_wconf 86' lang='lat' dir='ltr'><strong>auctor</strong></span> <span class='ocrx_word' id='word_1_889' title='bbox 3417 5448 3569 5520; x_wconf 90' lang='lat' dir='ltr'><strong>paulo</strong></span> <span class='ocrx_word' id='word_1_890' title='bbox 3596 5445 3811 5509; x_wconf 60' lang='lat' dir='ltr'><strong>superlusi</strong></span> 
     </span>
    </p>
   </div>
   <div class='ocr_carea' id='block_1_113' title="bbox 2280 5528 3607 5599">
    <p class='ocr_par' dir='ltr' id='par_1_113' title="bbox 2280 5528 3607 5599">
     <span class='ocr_line' id='line_1_113' title="bbox 2280 5528 3607 5599; baseline 0.01 -15"><span class='ocrx_word' id='word_1_891' title='bbox 2280 5546 2399 5599; x_wconf 87' lang='lat' dir='ltr'><strong>cap.</strong></span> <span class='ocrx_word' id='word_1_892' title='bbox 2425 5528 2519 5583; x_wconf 86' lang='grc'><strong>20.</strong></span> <span class='ocrx_word' id='word_1_893' title='bbox 2770 5597 2807 5599; x_wconf 98' lang='lat'><strong>__</strong></span> <span class='ocrx_word' id='word_1_894' title='bbox 3158 5595 3169 5599; x_wconf 65' lang='grc'><em>,</em></span> <span class='ocrx_word' id='word_1_895' title='bbox 3530 5598 3533 5599; x_wconf 29' lang='grc' dir='ltr'><em>ν</em></span> <span class='ocrx_word' id='word_1_896' title='bbox 3579 5586 3607 5599; x_wconf 94' lang='grc'><strong>..</strong></span> 
     </span>
    </p>
   </div>
   <div class='ocr_carea' id='block_1_114' title="bbox 2355 5585 3809 5654">
    <p class='ocr_par' dir='ltr' id='par_1_114' title="bbox 2355 5585 3809 5654">
     <span class='ocr_line' id='line_1_114' title="bbox 2355 5585 3809 5654; baseline -0.014 1"><span class='ocrx_word' id='word_1_897' title='bbox 2355 5585 2375 5633; x_wconf 56' lang='grc' dir='ltr'>δ</span> <span class='ocrx_word' id='word_1_898' title='bbox 2405 5601 2735 5654; x_wconf 83' lang='lat' dir='ltr'><strong>Putaremus.</strong></span> <span class='ocrx_word' id='word_1_899' title='bbox 2769 5597 2915 5651; x_wconf 89' lang='lat' dir='ltr'><strong>Hanc</strong></span> <span class='ocrx_word' id='word_1_900' title='bbox 2937 5609 3124 5649; x_wconf 83' lang='lat' dir='ltr'><strong>vocem</strong></span> <span class='ocrx_word' id='word_1_901' title='bbox 3158 5595 3209 5648; x_wconf 86' lang='lat' dir='ltr'><strong>in</strong></span> <span class='ocrx_word' id='word_1_902' title='bbox 3232 5602 3431 5649; x_wconf 76' lang='lat' dir='ltr'><strong>textum</strong></span> <span class='ocrx_word' id='word_1_903' title='bbox 3464 5586 3608 5647; x_wconf 85' lang='lat' dir='ltr'><strong>retuli</strong></span> <span class='ocrx_word' id='word_1_904' title='bbox 3632 5596 3689 5638; x_wconf 83' lang='lat' dir='ltr'><strong>ex</strong></span> <span class='ocrx_word' id='word_1_905' title='bbox 3714 5585 3809 5630; x_wconf 48' lang='lat' dir='ltr'><strong>m5.“-</strong></span> 
     </span>
    </p>
   </div>
   <div class='ocr_carea' id='block_1_115' title="bbox 2285 5658 3813 5742">
    <p class='ocr_par' dir='ltr' id='par_1_115' title="bbox 2285 5658 3813 5742">
     <span class='ocr_line' id='line_1_115' title="bbox 2285 5658 3813 5742; baseline -0.014 -11"><span class='ocrx_word' id='word_1_906' title='bbox 2285 5672 2553 5734; x_wconf 82' lang='lat' dir='ltr'><strong>Woweri,</strong></span> <span class='ocrx_word' id='word_1_907' title='bbox 2590 5684 2687 5742; x_wconf 86' lang='lat' dir='ltr'><strong>pro</strong></span> <span class='ocrx_word' id='word_1_908' title='bbox 2714 5669 2842 5727; x_wconf 89' lang='lat' dir='ltr'><strong>edit.</strong></span> <span class='ocrx_word' id='word_1_909' title='bbox 2869 5679 3122 5737; x_wconf 87' lang='lat' dir='ltr'><strong>putemus,</strong></span> <span class='ocrx_word' id='word_1_910' title='bbox 3151 5665 3293 5742; x_wconf 75' lang='lat' dir='ltr'><strong>quod</strong></span> <span class='ocrx_word' id='word_1_911' title='bbox 3319 5674 3544 5722; x_wconf 89' lang='lat' dir='ltr'><strong>nontam</strong></span> <span class='ocrx_word' id='word_1_912' title='bbox 3571 5659 3689 5716; x_wconf 79' lang='lat' dir='ltr'><strong>bene</strong></span> <span class='ocrx_word' id='word_1_913' title='bbox 3716 5658 3813 5703; x_wconf 75' lang='grc' dir='ltr'><strong>εοη·</strong></span> 
     </span>
    </p>
   </div>
   <div class='ocr_carea' id='block_1_116' title="bbox 2295 5736 3359 5815">
    <p class='ocr_par' dir='ltr' id='par_1_116' title="bbox 2295 5736 3359 5815">
     <span class='ocr_line' id='line_1_116' title="bbox 2295 5736 3359 5815; baseline -0.007 -14"><span class='ocrx_word' id='word_1_914' title='bbox 2295 5746 2445 5804; x_wconf 80' lang='lat' dir='ltr'><strong>venit</strong></span> <span class='ocrx_word' id='word_1_915' title='bbox 2465 5736 2711 5815; x_wconf 78' lang='lat' dir='ltr'><strong>sequenti</strong></span> <span class='ocrx_word' id='word_1_916' title='bbox 2739 5753 3146 5812; x_wconf 66' lang='lat' dir='ltr'><strong>agnoscet-emus.</strong></span> <span class='ocrx_word' id='word_1_917' title='bbox 3170 5736 3359 5797; x_wconf 21' lang='lat' dir='ltr'><strong>Viscus.</strong></span> 
     </span>
    </p>
   </div>
  </div>
