4026 6328
288 312 400 379 895

1564 314 1655 371 DE
1694 310 2067 371 TRINITATE
2106 312 2331 371 LIBER.

3484 308 3596 369 894

283 439 433 496 xime
474 452 637 510 quum
665 437 842 495 omnis
874 436 1001 494 mali
1039 436 1222 507 operis
1273 435 1471 492 vindex
1492 435 1561 491 sit
1587 442 1643 490 et
1682 431 1845 505 judex
1872 448 1886 497 ;
1917 432 1967 493 Λ
1996 432 2148 498 tium,
2183 429 2441 502 quidquid
2468 428 2812 501 occupaverit
2838 437 3028 485 totum.
3073 428 3339 499 Quoniam
3363 427 3452 485 ‘si
3483 444 3591 486 non

284 530 541 604 quoniam
579 536 637 586 et
658 544 764 584 non
786 526 1004 583 aliunde
1028 526 1263 582 occurrit
1287 524 1490 581 homini
1532 524 1753 593 malum,
1787 521 1887 579 nisi

280 638 316 680 a
336 624 480 679 bono
509 621 651 677 Deo‘
675 621 1009 677 recessisset.
1032 618 1146 674 Hoc
1184 631 1360 674 autem
1391 618 1567 688 ipsum
1597 617 1649 672 in
1674 615 1891 672 homine

281 714 573 771 denotatur
600 732 614 769 :
654 727 760 768 non
787 711 909 783 quia
957 724 1178 767 necesse
1227 709 1325 766 fuit
1351 751 1367 776 ,
1395 709 1491 765 sed
1520 708 1643 781 quia
1675 709 1788 779 ipse
1812 709 1891 765 sic

282 808 469 864 voluit.
504 804 656 863 Unde
678 803 961 860 manifeste
986 812 1040 859 et
1066 802 1193 874 quid
1223 800 1424 857 malum
1452 809 1597 857 esset
1620 799 1885 870 apparuit,

281 911 339 958 ει
359 942 375 965 ,
405 915 473 955 ne
504 898 699 955 invidia
746 898 797 953 in
831 897 941 953 Deo
966 912 1086 953 esse
1114 894 1387 951 videretur
1410 935 1427 962 ,
1477 907 1507 948 a
1552 909 1660 965 quo
1689 893 1887 948 malum

281 1004 463 1049 ortum
502 1000 687 1056 esset,
720 990 904 1046 eluxit.
965 988 1063 1043 ilic
1103 1002 1231 1059 ergo
1275 1001 1489 1056 semper
1534 986 1616 1040 sui
1683 994 1767 1040 est
1811 984 1888 1040 si-

281 1086 433 1144 milis
461 1127 478 1152 ,
534 1099 636 1139 nec
686 1098 747 1139 se
774 1098 1025 1154 umquam
1072 1083 1124 1137 in
1154 1081 1358 1150 aliquas
1391 1080 1591 1135 formas
1614 1080 1774 1134 vertit
1794 1086 1888 1134 aut

282 1186 457 1234 mutat
481 1176 620 1248 (Jac.
648 1192 685 1239 ι,
712 1174 802 1246 i7)
834 1192 847 1229 :
872 1190 941 1230 ne
963 1190 1060 1246 per
1077 1174 1499 1229 immutationem
1516 1215 1530 1238 ,
1559 1173 1719 1228 etiam
1744 1186 1887 1227 mor-

285 1273 409 1329 talis
444 1287 565 1328 esse
608 1271 867 1326 videatur.
922 1269 1224 1325 [inmutatio
1277 1268 1421 1325 enim
1471 1268 1838 1324 conversionis
1868 1309 1883 1335 ,

281 1367 462 1441 portio
483 1367 760 1440 cujusdam
782 1365 1257 1437 comprehenditur
1277 1364 1484 1420 mortis.
1512 1364 1638 1420 Ideo
1664 1379 1763 1421 nec
1787 1363 1886 1418 ad-

278 1461 446 1534 jectio
469 1462 522 1516 in
575 1460 665 1516 illo
716 1476 968 1531 umquam
1011 1458 1169 1515 ullius
1209 1469 1298 1512 aut
1326 1459 1490 1528 partis
1541 1465 1633 1512 aut
1664 1456 1887 1513 honoris

282 1554 512 1622 accedit,
541 1570 609 1609 ne
630 1552 755 1625 quid
780 1568 1031 1621 umquam
1074 1552 1312 1623 perfecto
1331 1549 1570 1605 defuisse
1599 1549 1881 1605 videatur:

283 1661 387 1704 nec
436 1645 818 1701 detrimentum
876 1645 927 1700 in
982 1659 1048 1700 eo
1099 1642 1313 1713 aliquod
1344 1642 1551 1713 agitur,
1584 1657 1652 1697 ne
1687 1641 1886 1712 gradus

279 1739 626 1797 mortalitatis
654 1746 901 1808 receptus
920 1752 1039 1794 esse
1060 1736 1339 1792 videatur:
1369 1735 1464 1791 sed
1492 1735 1635 1806 quod
1677 1743 1798 1802 est,
1831 1734 1882 1789 id

1994 541 2160 582 omne
2181 527 2231 582 id
2262 526 2404 598 quod
2431 535 2513 581 est
2538 568 2554 593 ,
2586 524 2841 596 quidquid
2870 531 2951 580 est
2983 525 3221 580 continet
3248 541 3263 591 ;
3294 523 3420 580 dum
3452 524 3590 581 intra

1994 618 2047 675 id
2076 620 2345 675 invenitur
2373 633 2479 692 quo
2505 618 2809 676 continetur
2836 660 2852 684 ,
2882 615 3057 672 minus
3085 618 3361 674 inventum
3393 631 3459 674 eo
3485 630 3594 691 quo

1992 712 2316 779 continetur,
2348 712 2489 767 Deus
2505 726 2627 768 esse
2646 711 2667 743 ⁵
2693 709 2937 775 desierit,
2954 710 3004 765 in
3024 709 3247 766 alterius
3269 719 3593 783 potestatem

1992 805 2247 862 redactus
2272 848 2288 875 ,
2319 805 2476 876 cujus
2505 803 2871 876 magnitudine
2897 844 2913 871 ,
2938 819 3041 875 qua
3073 804 3249 859 minor
3272 846 3286 869 ,
3321 802 3482 859 fuerit
3510 803 3595 859 in-

1992 898 2209 955 clusus:
2234 899 2256 932 '
2277 909 2332 955 et
2357 899 2479 954 ideo
2504 897 2645 971 quod
2670 897 2955 964 continuit,
2990 897 3131 952 Deus
3149 897 3327 968 potius
3343 910 3464 952 esse
3483 895 3596 967 jam

1991 994 2239 1064 cmperit.
2284 993 2368 1048 Ex
2411 1008 2518 1064 quo
2545 990 2799 1048 effectum
2852 998 2983 1059 est,
3016 999 3200 1046 utnec
3250 1004 3446 1045 nomen
3498 988 3595 1045 Dei

1995 1088 2273 1160 proprium
2297 1085 2465 1157 possit
2492 1085 2628 1140 edici
2661 1127 2675 1153 ,
2707 1085 2958 1156 quoniam
2992 1098 3097 1139 non
3127 1084 3296 1155 possit
3347 1098 3449 1139 nec
3467 1097 3597 1139 con-

1990 1183 2117 1251 cipi.
2155 1179 2215 1237 Id
2239 1182 2382 1237 enim
2415 1181 2628 1236 nomine
2649 1179 2959 1236 continetur
2988 1221 3003 1245 ,
3029 1175 3284 1249 quidquid
3325 1174 3489 1233 etiam
3517 1190 3585 1232 ex

1989 1284 2195 1331 natura:
2215 1290 2326 1330 sum
2349 1273 2655 1330 conditione
2682 1267 3176 1342 comprehenditur.
3207 1268 3415 1324 Nomen
3436 1266 3583 1323 enim

1990 1371 2345 1444 significantia
2380 1378 2462 1425 est
2483 1369 2601 1439 ejus
2630 1369 2705 1424 rei
2732 1410 2747 1439 ,
2780 1382 2900 1437 qua:
2919 1363 3305 1435 comprehendi
3327 1362 3499 1434 potuit
3521 1377 3593 1417 ex

1990 1464 2232 1519 nomine.
2263 1464 2331 1521 At
2351 1460 2566 1532 quando
2604 1461 2654 1517 id
2680 1460 2749 1516 de
2775 1476 2880 1534 quo
2905 1459 3078 1533 agitur
3108 1458 3213 1514 tale
3234 1466 3314 1513 est
3332 1498 3348 1523 ,
3379 1464 3435 1512 ut
3459 1468 3593 1512 con-

1988 1557 2148 1629 digne
2171 1573 2270 1613 nec
2299 1556 2429 1627 ipsis
2454 1555 2810 1611 intellectibus
2836 1553 3147 1624 colligatur;
3179 1550 3449 1624 quomodo
3488 1565 3587 1622 ap-

1994 1647 2308 1719 pellationis
2335 1647 2494 1723 digne
2524 1645 2786 1703 vocabulo
2816 1644 3264 1716 pronttntiahitur,
3297 1642 3437 1713 quod
3466 1641 3592 1698 dum

1989 1750 2144 1797 extra
2194 1741 2526 1797 intellectum
2575 1748 2658 1795 est
2680 1781 2695 1805 ,
2729 1739 2888 1794 etiam
2925 1752 3086 1813 supra
3116 1736 3491 1808 appellationis
3520 1737 3594 1792 si-

278 1849 498 1905 semper
519 1841 624 1899 est;
654 1842 709 1888 et
735 1832 828 1904 qui
848 1842 950 1900 est,
983 1847 1196 1902 semper
1224 1832 1339 1901 ipse
1363 1838 1483 1898 est;
1514 1841 1569 1885 et
1588 1831 1761 1901 qualis
1779 1839 1883 1897 est.
1917 1834 1965 1896 B
1993 1837 2357 1908 gnificantiam
2399 1834 2471 1890 sit
2526 1847 2749 1890 necesse
2776 1842 2857 1888 est
2884 1833 2908 1887 ?
2937 1830 3007 1888 Ut
3034 1832 3225 1888 merito
3252 1831 3465 1903 quando
3494 1846 3594 1888 no-

278 1943 502 1999 semper
522 1928 641 1983 talis
669 1937 771 1982 est.
804 1926 935 1982 Nam
968 1936 1020 1982 et
1047 1926 1374 1981 incrementa
1408 1925 1669 1995 originem
1698 1939 1885 1979 mons-

277 2030 443 2089 trant,
477 2029 533 2076 et
552 2019 875 2075 detrimenta
907 2031 1135 2074 mortem
1159 2028 1320 2089 atque
1338 2018 1611 2072 interitum
1633 2016 1882 2088 probant,

273 2130 328 2174 et
359 2117 522 2172 ideo:
558 2114 692 2187 Ego,
724 2115 819 2181 ait,
859 2130 973 2167 sum
1020 2112 1179 2176 Dens,
1244 2122 1291 2166 et
1347 2127 1448 2166 non
1501 2126 1617 2165 sum
1660 2119 1888 2166 mutatus

274 2208 534 2280 (Maiach.
568 2222 645 2273 ιιι,
673 2205 752 2277 6),
781 2216 977 2260 statum
1026 2219 1180 2260 suum
1207 2211 1395 2259 tenens
1420 2216 1653 2271 semper,
1672 2201 1801 2256 dum
1835 2200 1888 2256 id

271 2301 419 2371 quod
452 2310 631 2355 natum
650 2315 754 2353 non
778 2308 883 2364 est,
915 2299 1158 2354 converti
1193 2313 1298 2351 non
1324 2303 1518 2367 potest.
1543 2294 1656 2350 Hoc
1668 2294 1809 2349 enim
1834 2295 1884 2350 in

270 2393 392 2464 ipso
419 2391 673 2463 quidquid
697 2390 825 2446 illud
849 2392 871 2424 ³
903 2398 1077 2461 potest
1102 2388 1243 2460 quod
1266 2396 1350 2444 est
1381 2387 1542 2455 Deus,
1574 2402 1792 2458 semper
1819 2388 1890 2443 sit

270 2500 495 2541 necesse
516 2494 600 2541 est
630 2500 646 2551 ;
672 2493 730 2539 ut
753 2498 967 2554 semper
985 2484 1054 2538 sit
1080 2483 1219 2538 Deus
1241 2523 1256 2548 ,
1286 2496 1506 2537 servans
1528 2495 1650 2537 sese
1679 2479 1888 2536 virtuti-

272 2579 375 2635 bus
405 2581 538 2634 suis.
590 2579 659 2635 Et
689 2578 810 2634 ideo
841 2578 965 2633 dicit
999 2574 1196 2646 (Exod.
1228 2591 1308 2644 ιιι,
1334 2575 1401 2630 li
1430 2573 1447 2647 )
1480 2593 1494 2631 :
1527 2574 1643 2647 Ego
1663 2591 1774 2629 sum
1800 2575 1889 2646 qui

268 2690 404 2729 sum.
433 2672 588 2741 Quod
617 2672 762 2728 enim
788 2680 891 2739 est,
920 2671 1040 2727 ideo
1067 2670 1170 2725 hoc
1200 2668 1360 2725 habet
1376 2654 1570 2724 nomen
1590 2708 1603 2732 ,
1631 2668 1886 2740 quoniam

273 2765 521 2822 eamdem
561 2780 778 2835 semper
829 2766 909 2819 sui
961 2765 1166 2820 obtinet
1208 2764 1540 2835 qualitatem.
1581 2763 1888 2819 [inmutatio

270 2861 418 2917 enim
474 2859 613 2914 tollit
650 2859 784 2914 illud
832 2874 1026 2915 nomen
1091 2859 1227 2929 quod
1278 2867 1351 2913 est
1384 2858 1687 2929 :quidquid
1740 2858 1884 2913 enim

270 2954 564 3027 aliquando
611 2955 876 3021 vertitur,
934 2954 1158 3008 mortale
1207 2952 1506 3008 ostenditur
1534 2994 1549 3018 ,
1604 2951 1706 3007 hoc
1768 2951 1886 3022 ipso

270 3050 416 3119 quod
467 3048 820 3105 convertitur.
866 3047 1071 3103 Desinit
1122 3046 1263 3101 enim
1305 3060 1426 3100 esse
1471 3044 1613 3115 quod
1662 3043 1881 3111 fuerat,

265 3153 322 3199 ct
352 3144 538 3212 incipit
563 3151 961 3213 consequenter
988 3156 1111 3198 esse
1164 3140 1308 3212 quod
1338 3156 1445 3196 non
1477 3148 1594 3194 erat
1624 3157 1636 3193 :
1686 3138 1884 3193 idcirco

266 3245 324 3293 et
352 3237 546 3293 merito
600 3237 653 3292 in
688 3237 800 3291 Deo
840 3244 1021 3291 manet
1068 3250 1283 3306 semper
1310 3242 1482 3290 status
1532 3248 1662 3289 suus
1686 3274 1699 3299 ,
1750 3232 1877 3288 dum
1904 3236 1950 3301 ο

265 3334 387 3388 sine
425 3333 749 3388 detrimento
803 3331 1277 3397 commutationis,
1337 3345 1552 3400 semper
1597 3329 1676 3384 sui
1708 3338 1763 3384 et
1806 3329 1879 3384 si-

264 3425 415 3481 milis
466 3435 522 3483 et
561 3425 784 3497 aequalis
834 3435 935 3480 est.
994 3424 1148 3494 Quod
1183 3426 1328 3481 enim
1369 3432 1553 3481 natum
1601 3439 1708 3479 non
1749 3431 1877 3491 est,

267 3534 371 3575 nec
421 3519 613 3574 mutari
642 3527 858 3589 potest:
905 3532 969 3573 ea
1018 3519 1159 3573 enim
1214 3518 1327 3572 sola
1370 3521 1424 3571 in
1471 3516 1876 3572 conversionem

263 3611 509 3676 veniunt,
531 3624 887 3681 quaecumque
909 3609 1043 3667 ﬁunt
1066 3610 1149 3666 vel
1170 3624 1520 3680 quaecumque
1547 3609 1874 3680 gignuntur;
1907 3678 1914 3684 l

262 3702 392 3757 dum
419 3717 541 3773 quae
578 3702 864 3772 aliquando
911 3719 1033 3781 nonx
1059 3702 1269 3757 fuerant
1298 3743 1312 3769 ,
1341 3701 1552 3757 discunt
1597 3716 1719 3756 esse
1753 3715 1876 3761 nas-

261 3795 483 3860 cendo,
533 3805 695 3866 atque
748 3794 869 3850 ideo
927 3794 1199 3851 nascendo
1254 3795 1517 3851 converti.
1570 3794 1640 3849 At
1686 3794 1828 3849 enim
1859 3835 1873 3859 ,

263 3888 355 3943 illa
391 3902 511 3959 quae
558 3902 658 3944 nec
686 3888 1019 3943 nativitatem
1068 3888 1266 3942 habent
1293 3901 1391 3943 nec
1439 3885 1699 3941 artificem
1732 3927 1747 3951 ,
1780 3902 1875 3939 ex-

262 3980 541 4035 cluset'unt
591 3994 622 4034 a
660 3994 719 4036 se
767 3979 1190 4035 detnutationetn
1214 4021 1228 4045 ,
1286 3979 1412 4034 dum
1445 3980 1494 4034 in
1525 3996 1627 4050 qua
1651 3994 1877 4035 conver-

261 4072 434 4128 sionis
482 4087 643 4128 causa
671 4081 773 4139 est,
800 4089 907 4127 non
957 4072 1156 4148 habent
1185 4073 1483 4144 originem:
1516 4073 1637 4129 ideo
1665 4082 1719 4129 et
1741 4088 1877 4131 unus

262 4168 641 4237 pronuntiatus
685 4174 801 4231 est,
850 4165 979 4220 dum
1034 4181 1217 4236 parem
1268 4181 1374 4222 non
1403 4165 1425 4198 ³
1454 4167 1612 4225 habet
1666 4185 1681 4222 :
1735 4166 1877 4223 Deus

263 4259 444 4326 enim,
479 4257 734 4329 quidquid
765 4272 888 4314 esse
917 4268 1093 4328 potest
1144 4261 1284 4315 Deus
1336 4269 1420 4317 est
1444 4301 1460 4328 ,
1511 4277 1780 4317 summum
1807 4263 1878 4318 sit

261 4366 487 4407 necesse
523 4360 627 4406 est.
658 4351 942 4407 Summum
988 4361 1168 4406 autem
1216 4352 1469 4423 quidquid
1500 4362 1584 4409 est
1608 4393 1624 4421 ,
1680 4354 1753 4408 ita
1782 4353 1878 4409 de-

261 4458 411 4500 mum
466 4459 738 4500 summum
768 4460 891 4500 esse
916 4453 1129 4514 oportet
1161 4487 1176 4511 ,
1234 4444 1361 4503 dum
1384 4457 1536 4502 extra
1565 4461 1875 4518 comparem

260 4550 364 4594 est.
397 4538 465 4594 Et
495 4538 615 4593 ideo
634 4538 811 4593 solum
836 4546 891 4592 et
923 4554 1084 4593 unum
1112 4538 1183 4593 sit
1217 4553 1440 4595 necesse
1469 4549 1553 4594 est
1578 4580 1593 4605 ,
1621 4540 1707 4594 cui
1737 4554 1872 4595 con-

1990 1946 2114 1986 mcn
2152 1944 2307 1984 suum
2341 1927 2480 1982 Deus
2504 1968 2519 1994 ,
2550 1942 2615 1981 ex
2647 1923 2964 1997 quihusdam
2996 1924 3294 1980 rationibus
3346 1934 3400 1980 et
3431 1939 3590 1980 occa-

1989 2021 2231 2078 sionibus
2258 2018 2442 2090 adjicit
2466 2019 2487 2050 ⁷
2518 2028 2572 2073 ει
2603 2018 2839 2089 praefert,
2873 2032 2977 2073 non
3010 2025 3117 2071 tam
3142 2014 3434 2088 legitimam
3467 2032 3593 2088 pro-

1988 2115 2272 2188 prietatem
2322 2109 2696 2184 appellationis
2743 2111 2975 2166 sciamus
3003 2124 3123 2167 esse
3170 2108 3542 2181 depromptam
3573 2149 3589 2176 ,

1994 2221 2150 2277 quam
2178 2204 2587 2276 significantium
2614 2202 2900 2274 quamdam
2923 2202 3303 2267 constitutam;
3335 2199 3402 2257 ad
3429 2215 3589 2275 quam

1993 2299 2120 2355 dum
2152 2298 2401 2354 homines
2429 2297 2722 2353 decurrunt
2750 2339 2765 2362 ,
2799 2295 2893 2351 Dei
2920 2293 3343 2351 misericordiam
3373 2309 3469 2366 per
3504 2294 3591 2366 ip-

1989 2408 2103 2449 sam
2132 2392 2422 2463 impetrare
2445 2406 2603 2462 posse
2626 2391 2928 2459 videantur.
2959 2389 3061 2445 Est
3085 2404 3214 2460 ergo
3242 2389 3591 2445 etimmorta—

1990 2489 2057 2544 lis
2085 2499 2141 2544 et
2166 2486 2587 2558 incorruptibilis
2618 2527 2633 2553 ,
2692 2500 2792 2543 nec
2843 2483 3162 2547 detrimenta
3211 2481 3451 2549 sentiens
3473 2496 3592 2537 om-

1990 2581 2161 2661 nino,
2197 2597 2293 2637 nec
2339 2580 2522 2639 finem.
2565 2577 2698 2636 Nam
2741 2589 2796 2637 et
2819 2578 2943 2653 quia
2974 2575 3393 2648 incorruptibilis
3421 2616 3436 2641 ,
3471 2573 3592 2631 ideo

1991 2685 2044 2729 et
2077 2673 2402 2735 immortalis
2428 2689 2443 2741 ;
2472 2680 2526 2728 et
2554 2672 2675 2743 quia
2709 2669 3029 2729 immortalis
3054 2712 3068 2741 ,
3100 2669 3282 2743 utique
3310 2678 3365 2731 et
3409 2666 3588 2723 incor-

1989 2766 2300 2837 ruptibilis;
2348 2775 2574 2836 utroque
2601 2765 2827 2819 invicem
2855 2762 2955 2820 sibi
2987 2770 3044 2819 et
3072 2761 3123 2817 in
3172 2776 3232 2817 se
3256 2760 3592 2817 connexione

1989 2867 2174 2914 mutua
2192 2860 2214 2897 ⁸
2239 2859 2517 2930 perplexo,
2536 2866 2591 2913 et
2607 2856 2673 2913 ad
2687 2866 2885 2912 statum
2908 2856 3226 2911 aeternitatis
3242 2855 3438 2910 vicaria
3461 2868 3591 2910 con-

1987 2953 2326 3008 catenatione
2356 2950 2621 3024 producto
2646 2991 2662 3017 ,
2694 2960 2749 3006 et
2784 2949 3187 3005 immortalitate
3212 2949 3281 3005 de
3302 2947 3587 3017 incorrup-

1990 3044 2135 3099 tione
2175 3043 2579 3111 descendente,
2640 3050 2697 3098 et
2725 3040 3127 3112 incorruptione
3178 3039 3248 3096 de
3276 3037 3589 3097 immortali-

1990 3147 2098 3194 tate
2118 3137 2388 3195 veniente.

2614 3227 2843 3286 CAPUT
2886 3228 2950 3285 ν.

1986 3322 2148 3394 Cuius
2175 3324 2221 3381 si
2263 3324 2562 3382 iracundias
2601 3333 2649 3379 et
2678 3324 3054 3396 indignationes
3082 3323 3330 3394 quasdam
3350 3365 3364 3390 ,
3392 3331 3438 3379 et
3468 3322 3589 3378 odia

2056 3416 2312 3487 descripta
2335 3417 2389 3473 in
2418 3417 2578 3474 sacris
2603 3418 2806 3489 paginis
2837 3426 3095 3472 teneamus
3121 3432 3139 3481 ;
3167 3432 3269 3473 non
3297 3426 3462 3471 tamen
3480 3416 3589 3472 Itan:

2051 3509 2271 3581 intelligi
2291 3512 2359 3564 ad
2387 3510 2729 3565 humanorum
2756 3509 2994 3579 exempla
3019 3511 3278 3565 vitiarunt.

2052 3604 2221 3674 Cujus
2249 3604 2410 3659 etiam
2442 3606 2486 3658 si
2515 3603 2822 3658 iracundias
2842 3607 2863 3637 θ
2886 3604 3113 3675 legimus
3133 3647 3147 3672 ,
3178 3616 3232 3660 et
3260 3604 3587 3675 indignatio-

1981 3711 2079 3757 nes
2102 3696 2359 3768 quasdam
2391 3696 2690 3766 descriptas
2719 3705 2966 3753 tenemus
2990 3738 3006 3764 ,
3049 3707 3101 3753 et
3149 3697 3270 3753 odia
3302 3698 3467 3753 relata
3496 3712 3589 3751 coo

1984 3792 2316 3863 gnoscimns,
2375 3807 2481 3848 non
2516 3800 2694 3857 tamen
2726 3792 2839 3848 hinc
2862 3791 3209 3863 intelligimus
3234 3792 3300 3847 ad
3330 3792 3591 3848 btnnano-

1980 3902 2098 3942 rum
2131 3887 2296 3943 relata
2333 3902 2455 3944 esse
2477 3888 2721 3959 exempla
2753 3887 3029 3943 vitiorum.
3062 3886 3187 3942 Haec
3213 3887 3355 3940 enim
3383 3884 3586 3952 omnia,

1979 3989 2036 4035 et
2087 3980 2132 4035 si
2180 3979 2456 4037 hominem
2508 3990 2736 4051 possunt
2773 3994 3161 4050 corrumpere,
3219 3978 3452 4036 divinam
3480 3978 3590 4034 vim

1980 4088 2088 4130 non
2120 4082 2347 4144 possunt
2379 4074 2601 4129 omnino
2625 4075 2836 4130 vitiare.
2890 4073 3178 4129 Passiones
3202 4072 3346 4128 enim
3380 4072 3492 4127 ista!
3533 4071 3588 4128 in

1982 4167 2288 4225 hominibus
2318 4168 2510 4224 merito
2549 4182 2671 4224 esse
2705 4167 2953 4224 dicentur
2982 4184 2996 4233 ;
3027 4166 3080 4221 in
3113 4166 3225 4243 Deo
3255 4181 3362 4221 non
3392 4164 3588 4222 merito

1977 4259 2384 4331 judicabantur.
2419 4259 2705 4332 Corrumpi
2732 4262 2875 4317 enim
2899 4276 2993 4332 per
3019 4260 3136 4317 haec
3190 4260 3352 4316 homo
3382 4267 3579 4332 potest,

1979 4353 2102 4423 quia
2130 4354 2400 4424 corrumpi
2454 4363 2631 4424 potest
2659 4372 2673 4410 :
2706 4355 2979 4426 corrumpi
3011 4368 3107 4425 per
3133 4351 3250 4409 hzec
3278 4353 3418 4409 Dens
3468 4368 3576 4408 non

1980 4456 2156 4518 potest
2186 4490 2202 4514 ,
2236 4449 2360 4519 quia
2390 4463 2489 4504 nec
2518 4448 2790 4517 corrumpi
2823 4458 3014 4519 potest.
3049 4447 3259 4505 Habent
3288 4447 3448 4519 igitur
3478 4446 3585 4503 iSta

1981 4541 2091 4599 vim
2122 4556 2274 4596 suam
2299 4556 2459 4611 quam
2491 4551 2816 4607 exerceant;
2844 4540 2938 4596 sed
2968 4540 3056 4597 ubi
3080 4539 3336 4612 prmccdit
3355 4538 3586 4611 passibi-

262 4629 393 4686 ferri
432 4628 563 4685 nihil
590 4638 765 4700 potest
794 4671 809 4698 ,
864 4630 992 4685 dum
1027 4645 1207 4700 parem
1239 4647 1345 4693 non
1371 4630 1564 4704 2habet.
1600 4631 1866 4700 Quoniam
1892 4644 1947 4706 Ῑ)
1975 4636 2041 4693 iis
2064 4636 2284 4691 materia
2317 4677 2333 4704 ,
2364 4653 2470 4691 non
2495 4636 2583 4691 ubi
2614 4635 2870 4707 prmcedit
2890 4636 3237 4707 impassibilis
3257 4634 3579 4690 substantia.

260 4739 363 4779 “8°
392 4723 502 4778 ἀυο
542 4723 747 4779 illiilli”
785 4737 906 4778 8550
956 4730 1215 4794 ροεειηιις
1250 4732 1308 4780 ιιι
1351 4739 1529 4780 rerum
1561 4724 1727 4780 diem
1756 4726 1871 4795 ipsa
1971 4733 2105 4788 Nam
2127 4732 2339 4805 etquod
2372 4733 2620 4788 irascitur
2651 4731 2790 4788 Deus
2820 4774 2835 4799 ,
2859 4746 2963 4787 non
2994 4747 3061 4789 ex
3102 4732 3232 4787 vitio
3266 4730 3382 4802 ejus
3400 4730 3581 4797 venit;

257 4824 471 4871 natura.
503 4814 773 4871 Infinitum
812 4822 896 4871 est
920 4823 1099 4870 autem
1129 4855 1144 4882 ,
1178 4815 1436 4887 quidquid
1469 4832 1568 4872 nec
1596 4815 1863 4888 originem

261 4908 425 4966 habet
448 4907 689 4977 omnino,
718 4922 819 4965 nec
833 4907 1017 4965 finem.
1043 4909 1472 4981 Excludit_enim
1500 4910 1724 4967 alterius
1763 4911 1871 4967 ini-

1973 4824 2070 4882 sed
2110 4825 2178 4881 ad
2226 4824 2529 4881 remedium
2558 4824 2751 4881 -nostri
2795 4824 2925 4880 illud
2973 4823 3121 4880 facit.
3169 4823 3456 4895 Indulgens
3500 4830 3585 4878 est

1973 4920 2117 4975 enim
2142 4960 2158 4988 ,
2188 4919 2350 4975 etiam
2372 4927 2502 4975 tunc
2519 4933 2643 4975 cum
2675 4919 2911 4974 minatur
2939 4935 2952 4973 :
2984 4918 3113 4974 dum
3145 4932 3240 4989 per
3263 4917 3380 4973 haec
3406 4916 3583 4972 homi-

1426 5024 1810 5087 GALLANDII
1859 5029 2429 5101 COMMENTARIUS.

333 5118 351 5148 ³
379 5116 708 5190 Recessisset.
744 5117 986 5190 Latinius
1008 5120 1285 5189 eleganter
1327 5119 1455 5190 legit
1480 5121 1763 5176 recessisse.
1796 5121 1865 5178 Et

256 5188 842 5263 vera‘videturlectio,
873 5188 1064 5248 Graece
1102 5188 1363 5263 loquendi
1386 5188 1642 5263 formula.
1669 5192 1857 5250 Jacxs.

332 5261 353 5292 ⁸
382 5257 576 5333 Potest.
609 5259 789 5333 Malim
818 5261 920 5333 legi
939 5278 1047 5316 esse
1068 5257 1231 5333 potest
1260 5272 1351 5318 :ct
1378 5262 1457 5318 sic
1477 5261 1641 5321 habet
1669 5276 1861 5323 auctor

259 5332 664 5404 ipsestatimiin
699 5332 800 5404 hoc
826 5332 1021 5403 capite.
1045 5334 1127 5404 in.

330 5402 352 5433 ³
374 5400 561 5477 Habet.
580 5403 658 5477 Ex
677 5400 959 5477 Frobenh)
987 5403 1379 5463 Welchmanus
1400 5405 1529 5477 legit
1555 5406 1776 5476 habeat;
1803 5418 1859 5466 et

257 5477 440 5549 locum
466 5474 538 5529 ita
562 5473 843 5549 distinguit
865 5491 885 5541 ;
916 5474 1053 5549 Dum
1080 5494 1279 5549 parem;
1306 5494 1408 5532 non
1437 5473 1619 5532 Habeat
1650 5497 1664 5534 :
1689 5473 1851 5549 Dens,

292 5545 463 5673 υἰῖεω
490 5545 626 5672 inim
666 5545 791 5615 esse,
818 5556 925 5604 etc.
957 5545 1112 5616 Quod
1155 5547 1373 5620 quidem
1403 5551 1571 5621 magis
1601 5545 1856 5622 probatur

292 5633 353 5673 ac
396 5632 492 5672 son
536 5658 548 5671 .

290 5631 548 5673 DCKSODO.

257 5725 263 5734 ι
331 5688 354 5719 ’⁵
381 5687 446 5764 Si
471 5704 572 5764 non
594 5705 764 5764 omne,
788 5699 893 5764 etc.
923 5690 1282 5764 TheOphilum
1327 5692 1728 5750 Antiochenam
1760 5710 1858 5752 ex-

260 5760 462 5838 pressit
488 5758 607 5838 heic
618 5760 970 5838 Novatianus,
985 5758 1093 5838 lib.
1118 5780 1178 5835 ιι,
1200 5766 1269 5822 ad
1289 5764 1554 5838 Antolycu
1580 5782 1631 5822 c.
1662 5768 1716 5825 '5.

1975 5126 2221 5195 apprime
2253 5126 2502 5195 congruit
2558 5138 2679 5179 cum
2726 5123 3093 5195 sequentibus,
3126 5123 3315 5195 fuerit,
3346 5123 3573 5191 coeperit.

1968 5194 2042 5252 At
2081 5196 2346 5267 Gagnaeus
2370 5194 2431 5251 et
2479 5196 2784 5261 Barrensis,
2820 5211 2956 5267 quos
2986 5198 3229 5267 sequitur
3253 5194 3572 5257 Welchma-

1966 5282 2089 5335 nus,
2117 5266 2311 5324 desinet
2342 5284 2359 5322 :
2386 5269 2561 5323 minus
2590 5277 2754 5332 recte,
2789 5276 2847 5321 ut
2870 5266 3097 5325 videtur.

2038 5340 2060 5371 ⁸
2088 5336 2216 5394 Ideo
2241 5338 2789 5411 quod.We_lchmanus
2809 5339 3027 5409 conjicit
3048 5335 3326 5410 legendum
3342 5338 3395 5393 id
3416 5340 3575 5410 quod.

1962 5409 2147 5482 Neque
2176 5409 2362 5467 abnuit
2389 5409 2716 5482 Jacksonus.

2033 5476 2150 5555 τἘι
2182 5487 2404 5555 prtefert.
2438 5484 2536 5537 Ms.
2573 5481 3160 5555 Yovverigautprtefert.
3194 5480 3448 5537 Jscxson.

2036 5555 2058 5586 ⁸
2085 5552 2724 5626 Perplearo....producta.
2778 5552 2921 5626 E_diti
2975 5553 3217 5626 perplexa
3271 5556 3527 5626 producta
3552 5599 3566 5621 ,

1965 5636 2151 5709 contra
2188 5619 2335 5697 leges
2364 5619 2761 5698 grammaticas.
2809 5619 3090 5682 Editiones
3120 5619 3443 5698 Anglicanas
3476 5619 3569 5682 se;

1964 5707 2072 5759 ευιι
2096 5714 2298 5755 sumus.

2036 5772 2056 5804 θ
2077 5768 2336 5841 Legimus.
2358 5767 2450 5841 Sic
2469 5768 2875 5833 edit.Welchm.
2905 5778 2957 5828 et
2971 5767 3224 5829 Jacltson.
3244 5784 3340 5841 pro
3360 5769 3569 5839 vulgata

268 5808 299 5909 ξ
343 5833 363 5863 ο
390 5829 629 5890 Desierit.
662 5832 739 5891 Ita
768 5808 1187 5909 εάιίΓῇιὲἥὶιῦὂ
1200 5808 1645 5910 Τειὶῖὲῖἱῖιῐιὶίθῖἱι
1662 5808 1862 5899 Ἴεοιιο
1959 5808 2496 5913 ιεοιιῖἷῖέ’ὶῖξῆὶὲἷνὶἔεῖ
