4026 6328
439 238 549 300 895

1922 246 2303 307 NOVATIANI

3649 252 3762 313 896

440 372 544 415 nes
570 357 638 415 ad
684 367 829 417 recta
875 368 1217 417 revocantur.
1268 360 1403 417 Nam
1434 362 1628 434 quibus
1666 363 1732 420 ad
1763 362 2045 421 honestam
2075 366 2120 425 Α
2150 365 2217 422 de
2239 366 2349 423 Deo
2396 367 2695 439 Prophetes
2748 378 2875 426 tunc
2922 369 3245 443 loquebatur
3269 413 3283 439 ,
3340 387 3448 429 non
3479 372 3758 443 quomodo

442 451 606 506 vitam
633 450 786 510 deest
810 452 949 509 ratio
972 495 987 522 ,
1033 462 1212 509 metus
1237 464 1319 509 est
1341 456 1674 511 necessarius
1694 499 1708 523 ,
1742 466 1799 511 ut
1829 458 1917 528 qui
1961 475 2042 511 ra-

452 543 654 600 tionem
682 544 1040 616 reliquerunt,
1077 545 1158 601 vel
1189 554 1398 602 terrore
1445 559 1780 604 moveantur.
1817 548 1885 603 Et
1911 548 2032 605 ideo

442 648 634 692 omnes
660 636 776 693 istae
804 637 887 693 vel
909 638 1197 695 iracundia:
1229 639 1320 694 Dei
1343 681 1356 703 .
1385 640 1466 695 vel
1489 640 1641 709 odia,
1666 641 1748 696 vel
1775 657 2049 712 quercum-

444 743 552 801 que
600 740 724 784 sunt
777 729 1121 801 bujusmodi,
1176 731 1302 787 dum
1355 732 1422 787 ad
1453 733 1773 790 medicinam
1804 744 2046 793 nostram

444 820 791 893 proferuntur
818 824 1022 894 (utres
1047 823 1262 896 docet),
1300 840 1364 881 ex
1395 828 1624 882 consilio
1646 871 1660 895 ,
1696 844 1803 884 non
1833 845 1899 885 ex
1922 830 2050 884 vitio

446 924 742 969 venerunt:
801 930 903 972 nec
945 931 1012 973 ex
1071 915 1356 988 fragilitate
1409 918 1777 987 descendunt;
1834 931 2050 992 propter

445 1005 587 1077 quod
608 1006 772 1062 etiam
794 1008 860 1062 ad
886 1009 1340 1079 corrumpendum
1370 1011 1538 1067 Deum
1566 1012 1747 1068 valere
1787 1028 1893 1069 non
1925 1028 2051 1084 pos-

455 1105 601 1152 sunt.
634 1097 976 1154 Materiarum
1001 1101 1144 1156 enim
1173 1102 1225 1156 in
1242 1101 1395 1158 nobis
1415 1118 1480 1159 ex
1516 1102 1710 1175 quibus
1727 1119 1941 1174 sumus,
1971 1106 2051 1161 dio

449 1189 679 1244 versitas
704 1230 720 1254 ,
747 1189 814 1245 ad
845 1190 1137 1247 iracundia:
1181 1195 1460 1249 consuevit
1486 1206 1920 1265 corrumpentem
1952 1211 2051 1253 nos

446 1281 682 1336 excitare
708 1280 1030 1339 discordiam
1056 1300 1071 1350 ;
1104 1300 1223 1356 quae
1267 1285 1497 1358 in.Deo,
1525 1288 1610 1342 vel
1655 1304 1721 1344 ex
1752 1298 1939 1344 natura
1962 1290 2049 1346 vel

450 1390 514 1430 ex
550 1376 726 1447 vitiot‘,
758 1392 862 1432 non
885 1387 1061 1449 potest
1086 1394 1208 1435 esse
1233 1397 1252 1434 :
1276 1379 1403 1435 dum
1434 1396 1539 1436 non
1563 1383 1745 1452 utique
1796 1398 1861 1438 ex
1893 1398 2051 1453 coag-

450 1470 647 1525 mentis
685 1470 1057 1540 corporalibus
1080 1471 1395 1543 intelligitur
1414 1487 1536 1529 esse
1564 1485 1926 1531 constructus.
1954 1475 2053 1531 Est

448 1563 591 1617 enim
624 1562 856 1630 simplex
890 1604 907 1631 ,
952 1572 1006 1618 et
1045 1562 1164 1619 sine
1202 1564 1305 1619 ulla
1351 1579 1613 1635 corporea
1659 1568 2004 1624 concretione
2033 1610 2047 1633 ,

447 1656 704 1728 quidquid
745 1656 877 1715 illud
923 1668 1005 1713 est
1035 1666 1176 1714 totus
1202 1701 1217 1725 ,
1273 1658 1418 1729 quod
1462 1675 1522 1715 se
1560 1660 1709 1716 solus
1752 1663 1853 1717 scit
1880 1677 2045 1728 esse;

2154 461 2296 517 Deus
2336 474 2453 519 erat
2481 506 2495 531 ,
2526 465 2619 520 sed
2662 465 2932 536 quomodo
2956 467 3184 538 populus
3214 483 3406 540 capere
3427 476 3662 539 poterat.
3698 468 3771 525 Ut

2151 552 2309 623 igitur
2330 555 2445 611 haec
2475 557 2553 613 sic
2578 556 2646 613 de
2663 558 2775 614 Deo
2802 558 3049 615 dicantur
3068 603 3084 629 ,
3119 576 3226 616 non
3258 560 3370 618 Deo
3392 604 3405 626 ,
3429 561 3524 618 sed
3558 562 3769 632 populo

2150 650 2330 723 potius
2375 653 2688 723 imputetur.
2724 654 2815 711 Sic
2843 655 3041 729 (Exod.
3065 656 3218 730 xxvr)
3249 668 3305 714 et
3351 656 3765 714 tabernaculum

2153 746 2358 815 erigere
2384 747 2583 817 populo
2614 750 2974 819 permittitur;
3005 767 3103 808 nec
3125 760 3304 809 tamen
3327 752 3469 808 Deus
3498 753 3639 808 intra
3673 761 3767 807 ta¢

2153 835 2501 895 bernaculum
2532 841 2552 873 ³
2582 844 2763 899 clusus
2802 845 3108 901 continetur
3134 863 3150 912 ;
3200 847 3277 903 sic
3307 847 3405 920 (Ill
3434 846 3565 920 Reg.
3598 845 3677 920 Iv)
3714 854 3771 901 et

2154 929 2434 1002 Templum
2486 937 2809 1004 exstruitur;
2864 953 2963 995 nec
2994 947 3171 995 tamen
3200 940 3341 995 Deus
3384 941 3521 995 intra
3574 938 3772 1008 templi

2154 1026 2425 1095 angustias
2466 1027 2687 1082 omnino
2733 1030 2956 1100 sepitur.
2986 1030 3099 1086 Non
3154 1031 3313 1102 igitur
3360 1030 3651 1087 mediocris
3685 1038 3775 1084 est

2156 1116 2316 1183 Deus,
2351 1119 2445 1174 sed
2471 1122 2648 1191 populi
2679 1122 2964 1178 mediocris
2993 1133 3076 1178 est
3104 1137 3295 1179 sensus
3328 1143 3341 1179 :
3373 1138 3473 1179 nec
3498 1130 3773 1194 angustus

2155 1208 2296 1265 Deus
2318 1251 2332 1275 ,
2360 1210 2453 1265 sed
2476 1212 2699 1267 rationis
2724 1214 2909 1284 pepuli
2936 1223 3194 1285 angustus
3222 1223 3308 1270 est
3330 1214 3638 1270 intellectus
3671 1213 3777 1268 ha-

2157 1302 2320 1358 bitus.
2377 1304 2619 1377 Denique
2668 1307 2719 1362 in
2766 1307 3055 1379 Evangelio
3085 1307 3262 1378 (Joan.
3294 1324 3367 1375 tv,
3402 1308 3495 1381 21)
3528 1325 3544 1363 :
3591 1307 3779 1362 Veniet

2155 1396 2320 1461 liora,
2380 1398 2640 1455 Dominus
2685 1400 2886 1467 aiebat,
2936 1419 3051 1456 cum
3105 1418 3263 1473 neque
3313 1403 3366 1455 in
3393 1410 3563 1457 monte
3612 1402 3723 1455 isto
3756 1440 3774 1468 ,

2154 1506 2317 1559 neque
2360 1491 2415 1545 in
2463 1491 2786 1549 Hierusalem
2843 1495 3124 1551 adorabitis
3180 1494 3430 1561 Patrem,
3463 1504 3520 1550 et
3564 1509 3777 1550 causas

2154 1583 2388 1639 reddidit
2441 1585 2626 1642 dicens
2678 1586 2853 1658 (Ibid.
2904 1605 2956 1643 v.
3009 1589 3078 1644 24
3106 1587 3124 1661 )
3157 1607 3169 1643 :
3203 1588 3434 1660 Spiritus
3473 1598 3545 1643 est
3575 1586 3727 1643 Deus
3758 1602 3782 1653 ;

2154 1684 2200 1730 et
2239 1693 2324 1732 eos
2368 1693 2487 1749 ergo
2527 1679 2612 1749 qui
2644 1678 2664 1709 "
2691 1679 2931 1746 adorant,
2972 1682 3024 1735 in
3069 1680 3253 1751 spiritu
3296 1690 3343 1733 et
3387 1680 3595 1734 veritate
3634 1679 3783 1733 ado-

449 1750 880 1844 quandoquidem
906 1750 1133 1844 Spiritus
1164 1752 1234 1807 sit
1280 1752 1454 1809 dictus
1486 1753 1663 1825 (Joan.
1697 1771 1748 1808 iv
1776 1796 1789 1819 ,
1818 1753 1933 1825 24).
1985 1756 2050 1810 Et
2079 1768 2126 1829 Β
2153 1784 2268 1822 rare
2295 1779 2515 1838 oportet.
2552 1770 2817 1828 Efﬁcacia:
2844 1773 3004 1844 igitur
3047 1750 3116 1828 ibi
3148 1772 3343 1827 divina:
3380 1786 3477 1842 per
3523 1772 3785 1826 membra

451 1844 572 1899 ideo
602 1842 716 1898 hzcc
760 1857 882 1914 qua:
911 1844 965 1898 in
1012 1843 1319 1901 hominibus
1351 1846 1541 1901 vitiosa
1582 1854 1708 1902 sunt
1732 1856 1787 1902 et
1815 1863 2059 1903 corrum-

450 1934 653 2005 pentia,
687 1932 814 1989 dum
834 1949 899 1990 ex
928 1936 1178 2007 corporis
1205 1937 1370 2008 ipsius
1397 1946 1451 1993 et
1477 1939 1717 1994 materiae
1737 1941 2062 2010 corruptibi-

448 2027 601 2083 litate
631 2037 956 2095 nascuntur,
1007 2029 1061 2085 in
1093 2029 1202 2085 Deo
1254 2032 1717 2102 corruptibilitatis
1746 2032 1854 2089 vim
1902 2050 2061 2091 exer-

450 2135 577 2177 cere
606 2137 711 2178 non
740 2132 962 2194 possunt
992 2144 1006 2182 :
1036 2125 1053 2155 ¹
1078 2126 1511 2198 quandoquidem
1530 2171 1545 2197 ,
1568 2138 1625 2184 ut
1654 2129 1888 2187 diximus
1907 2173 1921 2200 ,
1954 2147 2061 2188 non

452 2230 519 2275 ex
542 2216 697 2285 vitio,
729 2219 825 2275 sed
849 2220 1056 2277 ratione
1081 2231 1365 2277 venerunt.

1074 2358 1302 2417 CAPUT
1342 2360 1434 2417 Vl.

454 2470 523 2527 Et
567 2472 682 2528 licet
711 2472 988 2547 Scriptura
1036 2475 1223 2546 faciem
1271 2476 1496 2531 divinam
1526 2491 1662 2548 stepe
1690 2477 1759 2531 ad
1786 2478 2063 2534 humanam

527 2563 749 2635 formam
778 2575 1036 2621 convertat
1054 2609 1070 2635 ,
1119 2584 1223 2622 non
1272 2578 1441 2623 tamen
1464 2569 1601 2623 intra
1628 2570 1738 2624 haec
1766 2572 1926 2626 nostri
1951 2587 2065 2625 cor-

525 2659 666 2731 poris
682 2659 988 2715 lineamenta
1019 2660 1226 2715 modum
1267 2662 1453 2718 divina:
1489 2664 1769 2735 majestatis
1807 2664 2023 2720 includi.

528 2800 595 2855 Et
641 2800 766 2857 licet
818 2801 1095 2872 Scriptura
1118 2802 1357 2860 cmlestis
1395 2804 1461 2859 ad
1503 2803 1790 2859 humanam
1836 2803 2065 2860 formam

453 2892 648 2951 faciem
672 2894 923 2951 'divinam
970 2912 1117 2968 saepe
1154 2907 1470 2967 convertat,
1513 2899 1641 2955 dum
1706 2900 1835 2956 dicit
1894 2900 2063 2976 (Psal.

457 2991 839 3063 xxxttt,16):
877 2992 1026 3048 Oculi
1075 2991 1286 3049 Domini
1339 3013 1494 3067 super
1532 2999 1704 3070 justos
1749 3016 1767 3053 :
1805 3008 1896 3053 aut
1937 2999 2063 3054 dum

459 3085 479 3155 (
506 3084 634 3140 Gen.
656 3101 773 3151 vm,
801 3085 894 3160 21)
928 3105 942 3144 :
970 3086 1233 3143 Odorntus
1261 3100 1337 3144 est
1378 3089 1626 3147 Dominus
1674 3089 1813 3147 Deus
1853 3092 2061 3148 odorem

460 3177 607 3232 bonae
669 3180 974 3250 fragrantia:
1026 3196 1045 3234 :

462 3270 603 3325 bula:
629 3272 835 3342 scripta:
875 3272 1035 3345 digito
1076 3272 1169 3327 Dei
1211 3273 1408 3346 (Exod.
1457 3292 1595 3331 xxxx
1623 3317 1635 3340 ,
1668 3277 1758 3346 18)
1785 3297 1800 3332 :
1829 3276 2068 3333 autdum

463 3361 691 3433 populus
749 3362 979 3419 ﬁliorum
1025 3363 1189 3421 Israel
1237 3367 1304 3422 de
1347 3377 1487 3423 terra
1515 3367 1734 3441 Egypti
1782 3385 1938 3423 manu
1984 3386 2072 3423 va-

464 3454 574 3509 lida
625 3465 672 3509 et
703 3454 911 3511 brachio
962 3457 1160 3513 excelso
1197 3456 1371 3530 (Psal.
1396 3473 1596 3528 cxxxv,
1633 3460 1701 3514 ιιι
1727 3461 1745 3531 )
1774 3461 2067 3516 liberatur:

466 3553 560 3602 aut
596 3546 722 3603 dum
754 3547 886 3604 dicit
921 3550 941 3621 (
961 3548 1074 3604 Isa.
1116 3566 1175 3616 ι,
1200 3550 1294 3622 20)
1332 3570 1346 3607 :
1377 3551 1448 3606 0s
1497 3554 1631 3607 enim
1676 3553 1887 3610 Domini
1930 3557 2074 3611 locu-

466 3649 576 3694 tum
614 3650 688 3695 est
728 3641 837 3696 [nec
876 3659 896 3696 :
945 3651 1040 3698 aut
1082 3642 1208 3699 dum
1245 3653 1386 3700 terra
1435 3645 1713 3701 scabellum
1750 3648 1933 3714 pedum
1980 3651 2071 3707 Dei

464 3749 587 3791 esse
622 3735 930 3805 perhibetur
972 3740 991 3810 (
1023 3737 1129 3796 Isa.
1162 3756 1303 3809 vai,
1335 3742 1388 3811 1)
1421 3758 1435 3796 :
1476 3751 1570 3797 aut
1615 3743 1742 3798 dum
1788 3744 1950 3800 dicit:
1981 3744 2073 3812 (IV

468 3828 600 3901 Reg.
644 3845 733 3885 xxx
760 3872 776 3897 ,
808 3831 918 3903 16)
951 3851 963 3887 :
991 3832 1199 3889 lnclina
1241 3852 1421 3890 aurem
1466 3847 1626 3906 tuam,
1657 3849 1705 3893 et
1733 3840 1857 3895 audi
1886 3856 1905 3895 :
1933 3843 1954 3873 ²
1975 3857 2074 3897 nos

467 3923 558 3995 qui
587 3924 848 3993 dicimus,
897 3929 1019 3998 quia
1070 3928 1178 3984 Lex
1207 3930 1463 4001 spiritalis
1492 3942 1606 3999 est,
1636 3948 1741 3989 non
1770 3935 1907 3990 intra
1961 3935 2077 3993 bzcc

468 4018 639 4072 nosui
662 4019 903 4088 corporis
958 4021 1283 4077 lineamenta
1310 4066 1325 4089 ,
1352 4023 1570 4079 modum
1618 4034 1711 4080 aut
1735 4026 1959 4097 ﬁguram
1989 4028 2074 4083 di-

473 4109 613 4163 vina:
640 4109 939 4179 majestatis
962 4113 1307 4180 ineludimus,
1340 4117 1435 4173 sed
1456 4118 1566 4173 suis
1587 4119 1731 4174 illam
1760 4121 2076 4177 intermina-

470 4207 539 4255 ta:
562 4201 940 4272 magnitudinis
970 4202 1054 4277 (ut
1080 4205 1151 4261 ita
1177 4206 1428 4281 dixerim)
1454 4209 1661 4281 campis
1689 4212 1805 4265 sine
1830 4212 1943 4267 ullo
1973 4212 2078 4270 ﬁue

469 4292 834 4352 diﬁ‘undimus.
883 4295 1155 4369 Scriptum
1186 4310 1269 4355 est
1294 4302 1437 4356 enim
1488 4301 1662 4376 (Psal.
1692 4319 1971 4372 cxxxvnt,
2000 4306 2033 4362 8
2061 4349 2075 4373 ,

472 4384 526 4453 9,
558 4385 625 4440 10
655 4387 714 4459 ):
750 4387 811 4443 Si
840 4390 1112 4445 ascendero
1164 4391 1216 4445 in
1268 4393 1485 4461 caelum,
1531 4403 1586 4448 tu
1630 4395 1699 4449 ibi
1737 4412 1790 4451 es
1818 4412 1837 4450 :
1874 4399 1919 4450 si
1954 4397 2073 4453 des-

484 4480 701 4536 cendero
730 4483 799 4535 ad
826 4483 1040 4556 inferos,
1083 4486 1206 4542 ades
1236 4503 1255 4541 :
1283 4497 1331 4541 et
1362 4489 1407 4542 si
1433 4505 1756 4560 assumpsero
1779 4492 1890 4547 alas
1915 4510 2076 4560 nteas,

2166 1870 2571 1918 monstrantur:
2604 1879 2711 1918 non
2755 1864 2967 1919 habitus
2997 1865 3111 1931 Dei,
3145 1879 3244 1920 nec
3273 1863 3574 1934 corporalia
3600 1863 3788 1919 linea—

2164 1962 2343 2009 menta
2389 1966 2685 2024 ponuntur.
2733 1955 2865 2011 Nam
2909 1965 3113 2013 etcum
3157 1955 3300 2013 oculi
3345 1955 3736 2013 describuntur
3767 1995 3786 2019 ,

2163 2044 2305 2114 quod
2324 2046 2501 2101 omnia
2525 2046 2701 2102 videat
2725 2047 3068 2119 exprimitur;
3101 2057 3153 2103 et
3172 2048 3388 2118 quando
3400 2048 3547 2102 auris
3570 2090 3587 2114 ,
3628 2046 3791 2118 quod

2166 2139 2186 2169 ⁵
2213 2140 2391 2195 omnia
2421 2140 2605 2196 audiat
2646 2140 2997 2212 proponitur;
3035 2150 3091 2197 et
3141 2156 3264 2196 cum
3314 2140 3530 2212 digitus,
3564 2141 3791 2212 signiﬁ-

2163 2238 2338 2293 cautia
2362 2238 2605 2309 quredam
2651 2238 2941 2295 voluntatis
2991 2239 3267 2309 aperitur;
3300 2247 3354 2293 et
3396 2252 3521 2292 cum
3569 2252 3740 2292 nares
3769 2277 3785 2299 ,

2167 2345 2382 2400 procum
2414 2331 2567 2402 quasi
2595 2330 2821 2387 odorqu
2854 2330 3130 2402 perceptio
3182 2329 3516 2399 ostenditur;
3571 2339 3791 2386 etcum

2168 2437 2394 2487 manus,
2429 2424 2569 2493 quod
2619 2434 2880 2481 creaturae
2909 2427 2980 2480 sit
3032 2424 3208 2479 omnis
3258 2433 3447 2481 auctor
3490 2425 3790 2501 probatur;

2165 2524 2217 2571 et
2243 2515 2460 2587 quando
2498 2517 2776 2572 brachium
2803 2559 2817 2581 ,
2846 2516 2989 2586 quod
3041 2517 3187 2572 nulla
3233 2525 3420 2573 natura
3464 2526 3649 2573 contra
3692 2530 3795 2570 ro-

2165 2609 2265 2664 bur
2297 2611 2460 2680 ipsius
2488 2602 2786 2681 repugnare
2811 2610 2979 2681 possit
3026 2610 3287 2676 edicitur;
3316 2617 3371 2666 et
3414 2609 3629 2680 quando
3683 2625 3789 2679 pe—

2167 2708 2263 2763 des
2289 2749 2304 2773 ,
2338 2708 2477 2779 quod
2507 2708 2728 2779 impleat
2752 2709 2930 2763 enmia
2955 2749 2969 2771 ,
2997 2722 3097 2762 nec
3122 2707 3193 2762 sit
3234 2707 3525 2778 quidquam
3555 2706 3643 2761 ubi
3670 2720 3787 2761 non

2172 2803 2242 2855 sit
2270 2801 2431 2868 Deus,
2468 2802 2785 2870 explicatur.
2818 2801 3003 2871 Neque
3030 2802 3173 2857 enim
3200 2811 3325 2856 sunt
3352 2801 3402 2858 ei
3420 2810 3511 2856 aut
3537 2800 3788 2856 membra

2173 2905 2264 2949 aut
2295 2895 2658 2950 membrorum
2703 2895 2880 2951 ofﬁcia
2922 2894 3221 2951 necessaria
3255 2937 3270 2962 ,
3304 2894 3370 2949 ad
3412 2895 3566 2963 cujus
3601 2893 3789 2949 solum

2173 2989 2334 3043 etiam
2378 2991 2596 3044 tacitum
2626 2987 2902 3043 arbitrium
2927 2997 2981 3044 et
3010 2990 3326 3043 scrviuntet
3363 2988 3559 3043 adsunt
3577 2989 3786 3043 omnia.

2174 3083 2285 3138 Cur
2310 3082 2451 3138 enim
2479 3084 2717 3155 requirat
2739 3084 2923 3138 oculos
2942 3122 2958 3150 ,
2987 3082 3079 3153 qui
3102 3081 3215 3137 Lux
3239 3080 3359 3137 est?
3383 3090 3475 3137 aut
3502 3096 3599 3136 cur
3623 3096 3784 3150 qum-

1096 3190 1188 3236 aut
1258 3181 1384 3237 dum
1437 3184 1720 3239 traduntur
1771 3185 1937 3257 Moysi
1986 3196 2067 3238 ιη-
2095 3165 2140 3228 C
2176 3187 2257 3233 rut
2293 3177 2476 3247 pedes.
2535 3177 2623 3248 qui
2664 3177 2863 3248 ubique
2911 3177 3036 3233 est?
3087 3186 3180 3231 aut
3226 3190 3323 3232 cur
3373 3174 3577 3246 ingredi
3609 3176 3735 3228 velit
3769 3216 3786 3241 ,

2178 3286 2300 3325 cum
2330 3285 2437 3324 non
2490 3270 2559 3324 sit
2583 3284 2689 3339 quo
2736 3280 2887 3324 extra
2942 3283 3002 3324 se
3031 3268 3281 3339 progredi
3312 3267 3528 3338 possit?
3558 3274 3650 3322 aut
3686 3282 3789 3322 cur

2181 3378 2373 3417 manus
2417 3371 2673 3432 expetat,
2704 3363 2856 3431 cujus
2902 3359 2967 3415 ad
3009 3361 3186 3416 omnia
3230 3358 3556 3415 instituenda
3587 3358 3787 3414 artifex

2176 3467 2255 3512 est
2282 3466 2335 3511 et
2355 3455 2517 3510 silens
2542 3455 2784 3510 voluntas
2806 3455 2828 3507 ?
2850 3454 2870 3484 θ
2901 3453 3007 3510 Nec
3027 3455 3252 3509 auribus
3282 3463 3405 3525 eget
3429 3495 3445 3519 ,
3474 3452 3566 3523 qui
3617 3454 3787 3506 etiam

2180 3551 2367 3606 tacitas
2396 3549 2541 3603 novit
2594 3549 2917 3609 voluntates.
2972 3549 3077 3602 Aut
3115 3555 3336 3618 propter
3357 3561 3518 3617 quam
3560 3561 3783 3601 causam

2181 3643 2415 3714 linguam
2444 3651 2647 3713 qua‘rat
2667 3683 2682 3707 ,
2734 3641 2817 3695 cui
2841 3631 3077 3709 cogitare
3111 3639 3339 3708 jussisse
3364 3637 3490 3693 est?
3518 3635 3781 3693 Necessa-

2178 3738 2254 3793 ria
2285 3737 2429 3792 enim
2464 3736 2578 3790 haec
2610 3734 2849 3789 membra
2883 3731 3187 3787 hominibus
3213 3731 3464 3798 fuerunt,
3486 3744 3591 3785 non
3619 3729 3733 3784 Deo
3765 3745 3783 3784 :

2178 3834 2301 3903 quia
2359 3832 2604 3887 inefﬁcax
2652 3830 2882 3886 hominis
2911 3828 3193 3884 consilium
3227 3827 3415 3883 fuisset
3444 3868 3460 3893 ,
3492 3828 3591 3882 nisi
3618 3828 3785 3897 cogi-

2181 3937 2357 3982 tamen
2383 3940 2581 3995 corpus
2617 3924 2893 3992 implesset
2922 3940 2936 3987 ;
2971 3923 3080 3977 Deo
3108 3931 3285 3976 autem
3314 3937 3419 3975 non
3450 3920 3777 3985 necessaria,

2179 4019 2330 4090 cujus
2359 4018 2682 4073 voluntatem
2729 4032 2833 4070 non
2866 4022 3068 4091 tantum
3100 4013 3217 4068 sine
3247 4012 3425 4082 aliqua
3462 4011 3736 4067 molitione
3763 4054 3779 4077 ,

2180 4127 2344 4183 opera
2392 4111 2793 4181 subsequuntur
2821 4149 2835 4171 ,
2867 4108 2960 4162 sed
2992 4108 3104 4175 ipsa
3132 4104 3312 4161 statim
3343 4119 3509 4174 opera
3535 4119 3657 4159 cum
3683 4118 3780 4157 vo-

2185 4206 2389 4261 luntate
2417 4202 2736 4275 procedunt.
2768 4202 3032 4257 Caeterum
3086 4200 3201 4269 ipse
3232 4207 3374 4252 totus
3399 4196 3585 4251 oculus
3606 4238 3622 4264 ,
3660 4196 3782 4267 quia

2184 4310 2327 4356 totus
2353 4297 2534 4364 videt;
2565 4305 2620 4353 et
2651 4303 2792 4350 totus
2813 4295 2959 4349 auris
2978 4335 2993 4358 ,
3026 4293 3150 4363 quia
3194 4300 3338 4346 totus
3365 4291 3543 4356 audit;
3568 4299 3622 4345 et
3645 4299 3785 4345 totus

2183 4406 2374 4448 manus
2397 4432 2411 4457 ,
2443 4389 2563 4460 quia
2591 4397 2732 4442 totus
2760 4396 3049 4455 operatur;
3079 4394 3133 4439 et
3173 4393 3315 4439 lotus
3333 4400 3427 4453 pes
3446 4425 3461 4451 ,
3491 4383 3615 4454 quia
3644 4390 3784 4437 totus

2185 4485 2385 4555 ubique
2405 4493 2508 4539 est.
2534 4481 2678 4537 Idem
2700 4482 2843 4536 enim
2873 4477 3131 4550 quidquid
3152 4476 3281 4533 illud
3298 4485 3416 4542 est,
3435 4485 3580 4533 totus
3604 4492 3784 4548 aqua-

481 4584 529 4628 et
572 4575 742 4631 abiero
763 4585 903 4632 trans
930 4595 1092 4646 mare,
1132 4581 1204 4634 ibi
1243 4598 1427 4636 manus
1461 4592 1549 4637 ιυα
1589 4586 1934 4654 apprehendel
1964 4605 2043 4642 me
2062 4633 2076 4658 ,
2104 4570 2159 4631 D
2186 4578 2252 4634 iis
2276 4587 2389 4643 est,
2414 4585 2469 4632 et
2490 4584 2630 4629 totus
2661 4574 2858 4643 ubique
2879 4580 2981 4627 est.
3020 4569 3138 4626 Non
3163 4571 3308 4626 enim
3343 4569 3503 4626 habet
3542 4570 3595 4623 in
3620 4585 3680 4625 se
3708 4569 3787 4624 di-

477 4676 523 4720 et
552 4667 760 4722 dextera
801 4679 888 4723 tua
936 4670 1176 4726 detinebit
1226 4691 1324 4729 me.
1380 4674 1664 4732 Rationem
1695 4679 1840 4734 enim
1880 4679 2080 4736 divinae

473 4759 763 4831 Scriptura:
809 4762 876 4819 de
919 4774 1345 4835 temperamento
1388 4768 1753 4838 diSpositionis
1802 4774 2081 4843 cognosci-

475 4870 615 4911 mus.
646 4856 921 4915 Parabolis
939 4860 1081 4915 enim
1118 4857 1294 4917 adhuc
1318 4902 1333 4929 ,
1364 4861 1661 4919 secundum
1690 4863 1811 4920 ﬁdei
1846 4875 2077 4937 tempus,

2186 4677 2491 4731 versitalem
2536 4675 2618 4728 sui
2652 4715 2665 4739 ,
2723 4672 2978 4744 quidquid
3020 4681 3104 4726 est
3133 4670 3379 4740 simplex.
3413 4670 3487 4725 Ea
3515 4668 3659 4724 enim
3693 4665 3788 4721 de-

2185 4786 2334 4825 mum
2363 4770 2414 4824 iu
2445 4767 2811 4824 diversitatem
2840 4765 3203 4822 membrorum
3238 4762 3482 4819 recidunt
3511 4804 3527 4828 ,
3554 4776 3676 4831 qua:
3700 4774 3788 4814 vc-

2187 4863 2340 4918 uiunt
2366 4877 2432 4917 ex
2462 4861 2739 4915 nativitate
2789 4861 2840 4913 in
2868 4859 3298 4914 dissolutionem.
3332 4858 3350 4887 "
3378 4854 3486 4913 Sed
3531 4856 3647 4910 hac
3672 4866 3789 4924 qua:

1652 5022 2038 5081 GALLANDII
2093 5020 2653 5083 COMMENTARIUS.

556 5186 570 5211 ³
606 5180 1044 5260 Quandoquidem.
1076 5182 1213 5239 Cod.
1244 5182 1498 5255 Anglicus
1526 5199 1628 5241 ms.
1659 5187 1932 5243 vetustiss.
1964 5186 2093 5260 legit

481 5254 722 5323 quoniam
745 5255 967 5323 quidem.
996 5255 1251 5312 JACKSON.

554 5325 574 5398 ῖ·
609 5322 764 5398 Nos.
790 5326 875 5379 Al.
929 5327 1036 5383 Sed
1081 5326 1343 5384 nos.lllud
1372 5328 1461 5384 sed
1492 5329 1935 5398 prmtermisimus
1964 5346 2085 5387 cum

481 5393 779 5451 editoribus
835 5398 1169 5469 Anglicanis,
1231 5415 1298 5456 ex
1358 5393 1648 5456 verborum
1707 5403 1948 5459 auctoris
2007 5412 2091 5460 te~

486 5482 617 5522 uore
628 5506 640 5520 .

571 5536 818 5618 fctum.
851 5539 1012 5618 Deest
1038 5544 1175 5612 apud
1199 5543 1615 5601 Wclchmanum
1644 5544 1762 5602 haee
1784 5562 1905 5609 vox.
1933 5560 2092 5618 quam

487 5609 680 5682 reliqui
712 5628 820 5681 prae
849 5626 908 5667 se
936 5609 1136 5670 ferunt.

561 5680 582 5712 “
611 5680 863 5762 Aderant.
890 5684 1104 5762 Welch.
1134 5688 1352 5762 adorant
1375 5707 1509 5756 eum,
1532 5691 1682 5762 juxta
1726 5699 1780 5746 et
1806 5689 1902 5747 Gr.
1935 5690 2091 5762 Vulg.

495 5751 576 5807 Al.
611 5757 887 5811 omittunt.
924 5756 991 5812 Et
1022 5756 1159 5815 forte
1183 5759 1365 5815 Omisit
1393 5751 1509 5834 ipse
1526 5751 1874 5820 Novatianus.

2271 5188 2292 5220 ⁸
2313 5186 2518 5243 Omnia.
2544 5187 2615 5242 Ita
2631 5185 2897 5242 Pamelius
2914 5184 3130 5254 aliique.
3145 5179 3401 5239 Gelenius
3418 5187 3620 5242 tamen,
3634 5192 3790 5250 quem

2194 5262 2442 5335 sequitur
2468 5258 2879 5335 wclcltmanus,
2911 5272 3123 5335 omnes;
3306 5325 3318 5335 _
3550 5323 3563 5334 ,

2266 5322 2289 5405 δ
2307 5330 2357 5386 Ν
2361 5330 2662 5405 egentibus.
2752 5330 3050 5405 voluntates.
3085 5324 3292 5381 Excidit
3306 5325 3436 5405 haec.
3449 5323 3705 5405 pericope
3722 5322 3787 5375 ab

2196 5403 2341 5459 edito
2370 5402 2832 5478 Wcichmaniano.
2867 5399 2967 5457 Ubi
3001 5407 3064 5478 et
3085 5407 3243 5469 paulo
3274 5407 3396 5466 post
3424 5395 3643 5478 legitur,
3680 5408 3791 5477 .non

2196 5485 2392 5529 tantum
2440 5474 2614 5545 aliqua
2656 5474 2951 5539 molitione,
2985 5470 3201 5541 dempta
3236 5470 3621 5540 pra-positione
3650 5470 3789 5534 sine,

2194 5563 2354 5618 quam
2377 5547 2464 5600 alii
2488 5546 2764 5601 exhibent.

2204 5690 2226 5693 _
2269 5618 2423 5693 "_Sed
2447 5619 2575 5673 haec.
2604 5616 2678 5672 Ita
2699 5615 3232 5693 vulg.Welchmauus
3249 5612 3641 5693 mallel,_qu_am
3669 5607 3790 5693 hac.

2198 5689 2497 5747 Jarksonus
2526 5705 2657 5745 vero
2693 5682 2965 5751 sed'hanc,
3010 5698 3068 5743 ut
3108 5686 3372 5743 referatur
3418 5682 3484 5739 ad
3526 5682 3795 5736 diversita-

2203 5774 2300 5821 tem
2352 5761 2713 5818 membrornm.
2766 5760 3011 5838 ‘Videtur
3065 5770 3239 5819 tamen
3295 5765 3486 5815 auctor
3528 5755 3637 5809 Iuro
3685 5760 3789 5808 tum
