4000 6322
170 265 281 328 897

1429 274 1517 329 DE
1548 273 1924 335 TRINITATE
1962 275 2189 333 LIBER.

3377 280 3489 341 898

166 392 421 440 concreta
448 401 555 442 non
578 396 746 458 sunt,
786 390 989 448 sentire
1018 405 1124 448 non
1158 402 1403 463 possunt.
1446 394 1599 462 Quod
1627 397 1771 452 enim
1801 400 1847 458 A
1876 397 1985 467 jam
2042 398 2210 453 laetus
2252 397 2416 456 Deus.
2462 398 2745 468 Quomodo
2772 406 2827 457 et
2855 402 2901 457 si
2937 401 3234 458 secundum
3265 400 3486 475 Moysen

165 474 475 533 immortale
516 489 599 534 est
628 523 642 547 ,
675 481 929 553 quidquid
959 492 1042 539 est
1067 526 1083 552 ,
1131 484 1260 539 illud
1290 485 1461 555 ipsum
1515 503 1678 541 unum
1722 497 1779 542 et

164 569 394 640 simplex
418 580 472 628 et
524 590 739 645 semper
787 587 887 632 est.
927 578 989 632 Et
1021 578 1140 634 ideo
1171 580 1292 649 quia
1326 595 1488 633 unum
1512 591 1594 635 est
1625 624 1636 641 .
1662 580 1774 635 dise

166 663 307 718 solvi
339 679 445 720 non
489 676 667 735 potest
696 686 710 733 ;
739 671 992 740 quoniam
1020 671 1274 743 quidquid
1308 684 1389 727 est
1432 673 1562 729 illud
1601 673 1776 744 ipsum

165 764 327 811 extra
368 756 457 827 jus
487 758 858 819 dissolutionis
908 764 1181 835 positum,
1214 766 1419 838 legibus
1470 777 1554 823 est
1584 769 1776 824 mortis

169 849 435 907 solutum.

788 968 1016 1027 CAPUT
1056 972 1165 1027 Vll.

168 1085 573 1142 AltGUIl-INTUI.
605 1111 677 1123 —
704 1082 933 1155 Spiritus
971 1101 1173 1156 quoque
1198 1101 1314 1140 cum
1355 1086 1497 1142 Deus
1547 1089 1772 1157 dicitur,

242 1178 454 1236 claritas
481 1189 526 1235 et
553 1180 643 1234 lux
661 1217 677 1244 ,
710 1195 812 1234 non
841 1180 969 1234 satis
1004 1177 1172 1235 Deum
1200 1180 1305 1239 illis
1340 1182 1778 1254 appellationibus

242 1273 507 1347 explicari.

239 1407 345 1464 Sed
369 1406 497 1464 illud
518 1406 659 1479 quod
681 1406 810 1462 dicit
834 1406 1090 1463 Dominus
1110 1405 1477 1480 (Jcan.tv,24)
1508 1408 1766 1480 Spiritum

165 1503 359 1569 Deum,
378 1503 395 1533 ⁸
414 1510 542 1571 puto
566 1516 665 1573 ego
682 1502 758 1556 sic
775 1502 1011 1557 locutum
1026 1501 1300 1557 Christum
1321 1502 1389 1558 de
1402 1502 1584 1569 Patre,
1604 1513 1663 1558 ιιι
1688 1503 1777 1559 ad-

165 1594 274 1649 huc
298 1593 496 1665 aliquid
518 1594 635 1664 plus
665 1593 887 1663 intelligi
915 1593 1045 1648 velit
1088 1609 1248 1664 quam
1280 1594 1540 1665 Spiritum
1574 1597 1765 1651 Deum.

166 1686 490 1745 ﬂuminibus
544 1689 690 1744 enim
744 1688 869 1744 licet
910 1688 962 1743 iu
993 1688 1287 1761 Evangelio
1316 1705 1416 1746 suo
1443 1691 1773 1765 intelligendi

164 1783 504 1840 incrementa
530 1785 550 1814 ⁸
579 1782 781 1838 faciens
808 1782 1075 1853 disputet;
1107 1784 1200 1839 sed
1231 1794 1407 1839 tamen
1435 1786 1529 1840 et3
1562 1787 1675 1857 ipse
1701 1787 1778 1842 sic
1808 1801 1854 1861 Β

169 1876 350 1932 adhuc
376 1876 444 1931 de
473 1876 583 1932 Deo
612 1876 849 1949 loquitur
879 1876 1202 1943 hominibus,
1247 1879 1520 1949 quomodo
1553 1890 1776 1950 possunt

164 1969 347 2024 adhuc
374 1967 561 2025 audire
595 1969 678 2025 vel
704 1984 929 2039 capere;
950 1958 1111 2034 licet,
1145 1978 1202 2024 ut
1233 1969 1497 2038 diximus,
1544 1972 1596 2026 in
1627 1974 1777 2044 agni-

166 2063 375 2119 tionem
403 2061 500 2118 Dei
541 2061 787 2134 reiigiosa
812 2062 921 2131 jam
951 2060 1131 2117 facere
1170 2061 1506 2119 incrementa
1554 2065 1774 2121 nitatur.

167 2156 479 2213 Invenimus
495 2154 639 2211 enim
654 2155 913 2226 scriptum
936 2170 1058 2210 esse
1078 2155 1218 2227 quod
1238 2156 1279 2227 (l
1300 2155 1461 2212 Joan.
1477 2174 1549 2225 tv,
1565 2156 1618 2230 8)
1640 2159 1777 2215 Deus

168 2250 411 2306 Charitas
438 2248 611 2304 dictus
638 2248 738 2313 sit;
773 2263 873 2303 nec
910 2263 974 2302 es
1008 2247 1110 2303 hoc
1138 2257 1317 2304 tamen
1349 2249 1441 2305 Dei
1469 2252 1771 2306 substantia

166 2342 410 2399 Charitas
424 2358 678 2412 expressa
696 2350 811 2398 est:
841 2351 893 2397 et
920 2340 1063 2412 quod
1085 2340 1128 2415 (l
1149 2342 1310 2397 Joan.
1335 2359 1373 2409 ι,
1392 2341 1447 2413 5)
1462 2342 1581 2398 Lux
1602 2344 1778 2400 dictus

169 2444 287 2498 est;
319 2450 418 2491 nec
449 2444 627 2489 tamen
656 2434 710 2489 in
732 2434 833 2490 hoc
862 2435 1160 2490 substantia
1197 2435 1289 2491 Dei
1332 2444 1438 2504 est,
1470 2436 1563 2493 sed
1604 2447 1773 2491 totum

173 2527 278 2583 hoc
308 2527 374 2583 de
398 2527 505 2582 Deo
531 2526 732 2582 dictum
752 2536 835 2582 est
855 2538 1112 2598 quantum
1134 2527 1238 2582 dici
1259 2537 1465 2598 potest;
1497 2539 1554 2583 ut
1581 2531 1776 2586 merito

172 2628 229 2673 ct
254 2620 466 2689 quando
486 2618 715 2686 Spiritus
743 2618 917 2673 dictus
944 2628 1058 2685 est,
1090 2635 1196 2673 non
1221 2635 1380 2675 omne
1402 2620 1453 2674 id
1473 2621 1616 2691 quod
1647 2630 1730 2676 est
1757 2664 1771 2690 ,

171 2709 347 2767 dictus
374 2710 585 2775 sit;sed
612 2719 670 2764 ut
709 2710 835 2765 dum
876 2725 1027 2766 mens
1080 2710 1356 2767 hominum
1414 2714 1772 2786 intelligendo

173 2819 345 2876 usque
388 2804 455 2859 ad
483 2804 656 2875 ipsum
682 2806 892 2874 prolicit
925 2804 1215 2875 Spiritum,
1240 2822 1500 2862 conversa
1525 2808 1635 2878 jam
1661 2809 1776 2879 ipsa

174 2898 230 2955 iu
258 2898 444 2963 spiritu
462 2940 477 2965 ,
502 2898 647 2953 aliud
672 2897 798 2968 quid
827 2898 1055 2968 amplius
1082 2914 1177 2968 per
1205 2898 1467 2969 Spiritum
1494 2900 1775 2972 conjicere

174 2991 346 3048 Deum
371 3006 491 3047 esse
527 2992 718 3060 possit.
763 2989 817 3046 ld
843 2991 986 3046 enim
1039 2991 1181 3061 quod
1231 3002 1325 3059 est,
1376 2994 1674 3048 secundum
1724 2994 1777 3050 id

176 3083 320 3156 quod
342 3092 454 3149 est,
495 3098 596 3139 nec
627 3083 862 3138 humano
891 3098 1141 3138 sermone
1170 3083 1344 3151 edici,
1394 3100 1492 3139 nec
1532 3084 1779 3143 humanis

176 3178 400 3234 auribus
432 3180 657 3249 percipi,
688 3193 787 3234 nec
817 3178 1067 3233 humanis
1095 3179 1344 3236 sensibus
1372 3180 1547 3252 colligi
1580 3191 1773 3251 potest.
1806 3209 1851 3272 ρ
1894 3201 1951 3275 9)
1980 3221 1993 3271 ;
2030 3206 2257 3263 manu“,
2295 3212 2413 3265 bom-
2453 3178 2519 3265 εί
2549 3214 2673 3268 mal;

176 3272 310 3329 Nam
334 3273 379 3329 si
429 3273 488 3342 (Ι
512 3273 634 3329 Cor.
660 3290 716 3340 tt,
739 3273 801 3344 9)
838 3289 952 3345 qute
978 3274 1288 3345 prceparavit
1315 3273 1455 3330 Deus
1482 3275 1560 3331 his
1583 3277 1671 3344 qui
1696 3276 1781 3330 di-

180 3369 347 3440 ligunt
385 3367 569 3434 illum,
619 3384 706 3422 nec
734 3367 911 3423 oculus
937 3368 1094 3434 vidit,
1126 3384 1214 3422 nec
1234 3369 1375 3424 auris
1420 3369 1643 3437 audivit,
1695 3386 1786 3425 nec

181 3478 272 3516 cor
296 3462 536 3526 hominis,
556 3470 649 3515 aut
679 3477 820 3516 mens
846 3461 961 3532 ipsa
988 3464 1245 3533 percepit;
1266 3461 1440 3533 qualis
1468 3473 1523 3518 et
1550 3472 1784 3535 quantus

182 3564 269 3611 cst
298 3554 386 3609 ille
406 3555 522 3623 ipse
550 3553 638 3624 qui
664 3556 778 3609 haec
803 3552 1158 3624 repromittit,
1189 3554 1254 3609 ad
1282 3570 1402 3625 quae
1439 3556 1780 3627 intelligenda

184 3654 244 3703 et
264 3661 415 3702 mens
444 3644 680 3701 hominis
703 3655 758 3701 et
779 3656 965 3701 natura
993 3644 1224 3705 defecit?
1266 3647 1505 3717 Denique
1543 3649 1587 3703 si
1627 3663 1782 3704 acce—

184 3740 335 3810 peris
357 3738 614 3808 Spiritum
664 3738 1017 3794 substantiam
1074 3739 1189 3801 Dei.
1245 3751 1545 3795 creaturam
1589 3740 1782 3797 feceris

183 3833 379 3889 Deum.
399 3830 422 3862 ⁸
446 3830 634 3887 Omnis
660 3831 803 3888 enim
831 3831 1052 3902 spiritus
1079 3841 1324 3887 creatura
1353 3840 1455 3889 est.
1501 3833 1619 3888 Erit
1654 3849 1782 3905 ergo

1884 489 2062 564 (Deut.
2082 506 2152 557 tv,
2176 489 2269 561 24)
2290 488 2471 561 Ignem
2488 492 2761 561 acceperis
2787 492 2978 559 Deum;
2998 503 3303 550 creaturam
3336 493 3486 550 illum

1880 596 2001 637 esse
2030 580 2289 647 dicendo,
2332 582 2630 637 institutum
2684 586 3055 653 expresseris,
3105 602 3213 641 non
3262 586 3483 642 institu-

1886 681 2058 726 torem
2108 672 2381 728 ducueris.
2422 671 2529 729 Sed
2561 674 2677 729 hare
2743 674 3046 747 ﬁgurantur
3093 676 3270 747 potius
3323 692 3483 748 quam

1885 763 1961 818 ita
2008 774 2154 819 sunt.
2201 765 2332 821 Nam
2389 776 2444 822 et
2484 767 2535 822 in
2568 766 2751 824 Veteri
2792 769 3137 826 Testamento
3176 770 3299 827 ideo
3344 771 3487 827 Deus

1882 852 2030 926 Ignis
2054 855 2271 925 dicitur,
2304 867 2362 912 ut
2403 859 2676 929 peccaturi
2712 862 2909 931 p0pulo
2938 871 3113 918 metus
3164 863 3489 933 incutiatur,

1880 948 2008 1004 dum
2033 948 2199 1020 judex
2231 951 2557 1007 ostenditur.
2606 954 2673 1009 Et
2699 954 2752 1009 iu
2796 955 2947 1011 Novo
2969 956 3321 1014 Testamento
3369 958 3489 1029 Spi-

1882 1043 2018 1097 ritus
2035 1058 2158 1098 esse
2181 1045 2475 1115 profertur,
2495 1047 2587 1100 ut“
2606 1045 2843 1103 refector
2871 1060 2924 1105 et
2949 1059 3164 1106 creator
3193 1052 3246 1106 in
3279 1050 3489 1110 delictis

1880 1137 1993 1191 suis
2022 1146 2395 1203 mortuorum,
2444 1154 2543 1210 per
2571 1139 2711 1196 hanc
2768 1142 3069 1200 bonitatem
3115 1144 3330 1202 collata:
3373 1160 3490 1202 cre-

1881 1228 2132 1288 dentibus
2161 1231 2529 1304 indulgeutiaa,
2563 1237 2974 1306 comprobetur.

2502 1372 2733 1432 CAPUT
2776 1375 2910 1432 VIII.

1879 1483 2273 1541 Aneuusuruu.
2304 1515 2377 1527 ——
2407 1487 2560 1543 Hunc
2590 1507 2708 1563 ergo
2729 1490 2895 1547 Deum
2924 1495 3119 1551 novisse
3165 1506 3210 1551 et
3245 1498 3493 1554 venerari

1955 1575 2280 1645 Ecclesium;
2322 1583 2465 1651 eique
2498 1583 2844 1638 testimonium
2874 1588 3042 1641 reddit
3097 1598 3204 1643 tam
3256 1591 3485 1647 invisibi-

1957 1671 2112 1736 lium,
2171 1690 2326 1744 quam
2369 1677 2523 1730 etiam
2552 1678 2855 1746 visibilium,
2911 1691 2958 1735 et
3007 1699 3227 1753 semper,
3281 1697 3327 1741 et
3375 1697 3483 1742 tota

1955 1777 2173 1835 natura,
2202 1784 2354 1839 quant
2381 1772 2492 1842 ejus
2520 1774 2842 1845 providentia
2876 1777 3006 1849 regit
3035 1794 3097 1833 ac
3127 1780 3444 1837 moderatur.

1954 1904 2109 1961 Hunc
2159 1921 2319 1978 ergo,
2373 1911 2591 1965 omissis
2655 1911 3033 1970 haereticorum
3082 1917 3277 1974 rabulis
3325 1929 3488 1992 atque

1882 1996 2191 2069 figmentis,
2250 2000 2416 2056 Deum
2476 2002 2625 2058 novit
2655 2013 2710 2059 et
2753 2018 3043 2063 veneratur
3089 2007 3370 2079 Ecclesia;
3403 2013 3489 2069 cui

1881 2091 2252 2146 teStimouium
2303 2092 2477 2149 reddit
2535 2104 2644 2150 tam
2701 2098 3056 2155 invisibilium
3107 2116 3271 2172 quam
3323 2104 3486 2161 etiam

1883 2181 2178 2239 visibilium
2231 2193 2284 2240 et
2323 2200 2540 2259 semper
2582 2197 2637 2244 et
2678 2199 2788 2245 tota
2839 2201 3071 2247 natura:
3109 2209 3271 2264 quem
3299 2195 3491 2268 Augeli

1881 2272 2141 2343 adorant,
2189 2288 2333 2331 astra
2367 2280 2662 2346 mirantur,
2711 2282 2877 2337 maria
2919 2283 3277 2355 benedicunt,
3322 2296 3487 2345 terrze

1881 2376 2158 2433 verentur,
2193 2367 2401 2425 inferna
2430 2371 2451 2401 ⁶
2473 2388 2702 2444 qumque
2753 2374 3054 2447 suspiciunt
3085 2395 3097 2431 :
3126 2393 3288 2449 quem
3334 2396 3489 2438 mens

1881 2458 2060 2513 omnis
2089 2457 2321 2515 humana
2356 2464 2543 2530 sentit,
2577 2466 2739 2521 etiam
2773 2469 2818 2522 si
2856 2483 2967 2524 non
2996 2470 3252 2540 exprimit
3286 2490 3298 2526 :
3332 2473 3491 2545 cujus

1883 2549 2110 2621 imperio
2160 2555 2340 2608 omnia
2372 2556 2393 2586 "
2425 2570 2857 2628 commoventur,
2918 2560 3101 2619 fontes
3150 2566 3482 2633 scaturiuut,

1880 2656 2071 2698 amnes
2126 2645 2414 2709 labuntur.
2470 2650 2668 2707 ﬂuctus
2729 2666 3054 2727 assurgunt,
3128 2656 3292 2716 laetus
3360 2677 3489 2718 suos

1882 2743 2076 2789 cuncta
2118 2740 2458 2809 parturiunt,
2494 2743 2638 2798 venti
2696 2746 2902 2814 spirare
2947 2758 3235 2819 coguntur.
3286 2752 3487 2808 imbres

1880 2828 2135 2896 veniunt,
2195 2833 2366 2888 maria
2422 2847 2853 2908 commoventur,
2918 2841 3297 2900 fmuunditates
3355 2862 3483 2904 suas

1881 2934 2070 2979 cuncta
2136 2926 2331 2997 ubique
2374 2928 2681 2988 diffundunt
2725 2952 2737 2988 :
2781 2935 2869 3005 qui
2928 2936 3252 3006 peculiarem
3298 2951 3484 3011 proto-

1881 3017 2069 3087 plastis
2097 3030 2316 3077 aeternae
2358 3022 2484 3080 vita:
2536 3028 2797 3084 mundum
2843 3031 3134 3100 quemdam
3175 3034 3484 3103 paradisum

1879 3110 1933 3163 in
1963 3113 2171 3169 oriente
2196 3117 2477 3173 constituit
2507 3137 2528 3186 ;
2555 3122 2789 3176 arborem
2820 3124 2936 3178 vita:
2957 3125 3389 3201 plautavit(Gen.
3422 3147 3482 3200 tt,

2698 3215 2950 3273 similiter
2974 3219 3198 3276 alteram
3235 3224 3487 3283 arborem

1891 3298 2209 3366 collocavit;
2240 3303 2550 3361 mandatum
2579 3307 2760 3376 dedit;
2802 3313 3128 3370 sententiam
3164 3328 3350 3373 contra
3390 3319 3488 3375 de-

1890 3390 2075 3449 lictum
2132 3397 2318 3452 statuit
2358 3397 2445 3471 (Il
2470 3399 2585 3456 Pet.
2612 3419 2685 3471 ιι,
2711 3404 2817 3477 5);
2865 3406 2980 3464 Noe
3011 3409 3371 3479 justissimum
3421 3416 3490 3473 de

1888 3484 2071 3541 diluvii
2101 3490 2355 3557 periculis
2385 3509 2482 3563 pro
2523 3499 2714 3553 merito
2749 3500 3076 3560 innocentiae
3105 3506 3335 3578 fideique
3374 3527 3489 3567 ser-

1889 3579 2031 3672 vavit
2063 3580 2218 3652 (Cen.
2252 3601 2308 3653 v,
2340 3585 2469 3658 24);
2506 3587 2695 3645 Enoch
2728 3597 3001 3652 transtulit
3025 3597 3044 3672 (
3068 3597 3183 3657 Jac.
3238 3618 3298 3670 ll,
3333 3605 3405 3662 25
3435 3610 3489 3672 );

1890 3668 1943 3723 in
1974 3672 2229 3730 amicitiae
2254 3679 2572 3735 societatem
2600 3682 2876 3741 Abraham
2915 3668 3101 3761 allegit
3141 3692 3163 3766 (
3182 3668 3310 3751 Gen.
3344 3668 3487 3765 xxii,

1890 3760 2018 3857 12);
2091 3764 2239 3857 lsaac
2320 3774 2555 3841 protexit
2634 3774 2807 3847 (Ibid.
2865 3796 2917 3834 v.
2968 3760 3060 3851 ὄσ,
3115 3760 3256 3857 43);
3323 3760 3490 3848 Jacob

1889 3855 2037 3912 auxit
2089 3855 2286 3927 (Exod.
2350 3878 2441 3933 ιιι,
2478 3864 2691 3939 9,10);
2744 3869 2984 3944 Moysem
3041 3855 3234 3934 ducem
3291 3884 3491 3953 populo

1340 3990 1618 4049 GALLAN
1630 3992 1714 4047 Dll
1761 3989 2321 4058 COMMENTARIUS.

174 4156 248 4214 ad
301 4160 636 4216 diversitatem
690 4160 1048 4228 membrorum,
1104 4170 1213 4217 tum
1269 4162 1336 4217 ad
1385 4160 1768 4215 dissolutionem

173 4232 449 4287 retulisse.

254 4304 269 4333 ¹
298 4302 451 4359 Puto.
482 4303 616 4359 Cod.
648 4304 857 4375 Anglic.
884 4320 987 4361 ms.
1020 4314 1191 4374 putem
1211 4346 1224 4372 ,
1256 4303 1396 4375 quod
1423 4303 1627 4357 malim.

1356 4375 1612 4430 Jscnsoa.

253 4449 274 4478 ’
301 4445 540 4502 Faciem.
573 4447 645 4502 Ita
691 4446 1110 4515 Welehmanus,
1169 4448 1252 4502 cui
1284 4448 1522 4502 adlia-ret
1546 4445 1771 4502 .lackso-

174 4534 298 4583 nus,
326 4534 423 4588 pro
451 4519 579 4573 edit.
618 4518 939 4589 facientibus.
971 4520 1143 4589 Quam
1195 4519 1409 4587 quidem
1459 4534 1772 4587 germanam

174 4605 303 4645 esse
333 4589 618 4645 lectionem
638 4631 654 4654 ,
700 4590 871 4660 inquit
913 4592 1180 4661 posterior
1207 4592 1382 4645 editor
1414 4591 1740 4659 Anglicanus
1759 4633 1773 4656 ,

176 4661 477 4717 attendenti
500 4662 657 4717 facile
684 4662 908 4730 patebit.
942 4663 1188 4717 Christus
1214 4663 1356 4716 enim
1382 4673 1495 4716 erat
1518 4703 1533 4725 ,
1578 4663 1668 4730 qui
1719 4663 1774 4716 in

176 4676 657 4717 attenuentttacue
720 4676 908 4717 atebtt.
942 4676 1188 4717 bllrlSlllS
1214 4676 1533 4725 enituerat,
1578 4678 1668 4730 qui
1720 4680 1773 4716 Ill

176 4731 476 4803 Evangelia
530 4749 630 4788 suo
684 4676 990 4788 Iiominibus
1046 4732 1379 4803 intelligendi
1440 4732 1773 4788 incrementa

176 4802 432 4859 faciebat.

256 4873 418 4946 8Ipse
441 4875 536 4932 sic.
555 4875 627 4931 Ita
659 4875 1211 4931 Pamelius.Voculam
1235 4876 1307 4930 sic
1336 4876 1635 4930 omiserunt
1660 4876 1776 4931 8t"-

182 4956 332 5002 tores
371 4947 693 5018 Anglicani:
727 4948 1023 5010 immerito,
1068 4958 1125 5002 ut
1177 4949 1388 5001 videtur
1417 4965 1429 5000 :
1460 4964 1578 5002 eam
1630 4949 1772 5003 enim

181 5034 418 5102 sequens
445 5019 699 5102 quomodo
753 5019 1026 5102 postulare
1059 5019 1388 5102 perhibetur.
1444 5090 1455 5102 .
1517 5060 1537 5101 τ

260 5089 281 5120 ’⁸
314 5089 495 5144 Omnis
535 5091 667 5143 enim
719 5090 928 5159 spiritus
956 5102 1188 5143 creatura
1208 5102 1298 5145 est.
1332 5089 1621 5145 Levissima
1654 5100 1777 5145 sunt

186 5177 309 5232 qum
342 5161 610 5216 Pamelius
640 5160 761 5217 heic
788 5159 1169 5230 reprehendit,
1209 5173 1263 5216 et
1304 5162 1497 5215 ltulino
1523 5162 1771 5217 similiter

186 5233 525 5303 displicuisse
555 5242 723 5304 putat.
759 5232 885 5288 Htec
909 5235 1050 5287 enim
1082 5234 1245 5288 verba
1268 5274 1281 5295 ,
1332 5232 1512 5287 Omnis
1566 5236 1775 5301 spiritus

184 5316 423 5359 creatura
469 5314 573 5372 est,
618 5304 836 5359 minime
886 5304 1143 5374 Spiritum
1191 5314 1432 5358 sanetum
1484 5305 1769 5376 attingunt.

180 5376 531 5432 Demonstrat
572 5375 903 5431 Novatianus
962 5376 1129 5431 Deum
1172 5377 1240 5430 ab
1290 5375 1595 5430 hominibus
1630 5378 1773 5432 nulla

180 5463 318 5503 voce
345 5447 608 5517 designari
641 5462 822 5518 posse,
855 5462 975 5517 qum
1007 5464 1110 5502 non
1142 5448 1424 5515 plurimum
1456 5448 1667 5501 aberret
1705 5450 1772 5501 alt

179 5520 397 5575 infinita
440 5519 525 5573 illa
570 5520 867 5589 majestate.
911 5520 1273 5587 Quamobrem
1330 5518 1443 5571 sive
1485 5521 1605 5585 lux,
1654 5521 1771 5573 sive

179 5591 414 5660 spiritus,
447 5592 560 5647 sive
597 5590 731 5662 ignis
755 5590 983 5656 dicatur,
1026 5590 1157 5644 nihil
1189 5589 1378 5644 horum
1399 5599 1537 5662 apte
1566 5591 1632 5644 de
1664 5592 1771 5646 lleo

180 5671 237 5717 et
258 5662 539 5717 commode
565 5661 929 5731 pronuntiari;
954 5670 1240 5733 propterea
1270 5661 1410 5732 quod
1451 5671 1507 5717 et
1550 5663 1771 5731 spiritus

177 5740 238 5789 et
279 5734 417 5805 ignis
458 5742 719 5798 creatura:
767 5735 895 5790 sint.
945 5753 964 5786 ι
997 5733 1160 5799 llaec,
1218 5733 1421 5805 inquit,
1474 5733 1771 5804 figurantur

185 5822 207 5865 ι
242 5803 457 5881 potius,
503 5820 662 5877 quam
712 5806 783 5860 ita
826 5814 970 5862 sunt.
1020 5804 1153 5861 Nam
1202 5812 1252 5861 et
1286 5805 1337 5860 in
1370 5803 1551 5862 Veteri
1577 5804 1769 5864 Testa-

1884 4171 2116 4258 ttnento
2170 4166 2330 4258 Deus.
2370 4168 2519 4242 Ignis
2554 4174 2802 4258 dicitur;
2856 4189 2914 4234 ut
2966 4185 3235 4258 peccaturi
3289 4188 3487 4258 popqu

1885 4244 2115 4319 tractus
2136 4244 2479 4319 incutiatur,
2534 4245 2662 4319 dum
2704 4247 2868 4319 judex
2917 4244 3221 4310 ostenditur
3266 4244 3382 4316 τέἰ
3435 4244 3487 4318 in

1887 4322 1904 4354 ι
1943 4305 2093 4395 βογο
2136 4305 2486 4395 Testamento
2527 4305 2759 4395 Spiritus
2807 4305 3277 4395 esse
3306 4305 3382 4388 uvt'
3405 4305 3488 4387 ιιέἱὶ

1804 4369 1854 4429 Ι)
1887 4392 1905 4426 ι
1943 4376 2195 4475 llectorlet
2224 4394 2436 4475 creator
2474 4369 2768 4475 iundrelictis
2810 4369 3368 4475 suis__'n33r'gu}$}5tiui,'

1886 4465 1905 4499 ι
1942 4448 2077 4544 hanc
2120 4451 2414 4544 boni-tatem
2443 4461 2668 4544 collata;
2706 4448 3484 4544 credentibusindulgentia,

1888 4537 1907 4617 It
1940 4524 2353 4617 leutnpro'l‘i'etur.’
2386 4548 2405 4581 ι
2443 4529 2540 4586 Ubi
2584 4534 2735 4617 vides
2775 4537 2912 4607 ignis
2951 4524 3487 4617 ¢t_fs_pirtttit°i}}iiéii

1883 4590 2114 4675 lationes
2164 4596 2465 4675 Novatiano
2506 4618 2535 4675 a
2584 4606 2746 4662 rebus
2785 4590 3154 4668 titaterialibrus
3202 4590 3487 4675 tratislaias

1880 4664 2048 4757 videJri
2074 4681 2089 4731 ;
2124 4681 2222 4723 nec
2252 4684 2375 4757 eum
2402 4672 2471 4727 de
2500 4673 2701 4757 Spiritu
2742 4664 2941 4735 sancto,
2963 4664 3167 4757 ilicium

1880 4737 2024 4859 apud
2057 4755 2205 4793 oume
2223 4743 2462 4810 spiritum
2492 4737 2568 4800 ait
2593 4758 2880 4805 creatura»:
2906 4737 3042 4810 esse.

1937 4847 1951 4859 .
2088 4807 2146 4859 .l.
2176 4809 2235 4859 Ε.
2270 4813 2343 4859 ΙίΙι
2399 4832 2465 4859 Iv.
2502 4832 2602 4859 nem
2660 4821 2726 4859 40
2782 4821 2808 4859 8
2863 4825 2894 4859 ’κ
2959 4842 3056 4859 nun
3123 4830 3225 4859 tuon
3348 4832 3458 4859 n__..

2088 4807 2146 4891 ᾳ.
2176 4804 2363 4897 σίιιιε.
2397 4832 2469 4881 ιν,
2502 4832 2621 4888 cap.
2660 4821 2746 4897 ιθ.
2782 4804 3487 4897 ξᾳξέῖιξιέῗέἑῦζϊρἶἒὶ

2090 4884 2141 4973 ip
2190 4884 2461 4973 eamdem.
2495 4884 2827 4973 sententiain
2855 4884 3246 4973 Welclitnanus
3279 4920 3293 4953 :
3322 4884 3484 4973 quem

1882 4959 2059 5039 (auten
2107 4952 2560 5039 locutu,.no_t_atu
2609 4979 2740 5021 sane
2780 4952 3487 5039 dignissimum,"transilii

1878 5020 2209 5150 Jacksonuls;
2265 5020 2354 5098 qui
2409 5030 2511 5087 alia
2560 5020 3484 5115 caeteroqui’n"vulgati-smnia

1878 5108 2127 5162 purse-lui
2159 5113 2240 5152 ur.

2046 5112 2240 5162 '|Ullllf‘.

1952 5187 1972 5218 ⁵
2001 5186 2241 5285 lie-[ector
2255 5201 2304 5245 et
2332 5205 2563 5285 creator:
2584 5198 2674 5257 Sic
2701 5201 2994 5261 Pamelius.
3030 5206 3288 5285 Gelenius
3317 5215 3483 5285 refer-

1878 5270 1983 5344 (or,
2010 5262 2199 5344 vitiose
2228 5268 2423 5344 procul
2436 5267 2601 5344 dubio
2627 5290 2638 5326 :
2668 5288 2828 5344 quam
2861 5262 3053 5334 tamen
3086 5262 3481 5340 lectionem'vin

1879 5334 2969 5423 testttreliuui-tWe.lchtttapus',_alterum
3004 5334 3224 5423 refector
3254 5334 3482 5412 iii—nolis-

1876 5402 2183 5498 subjiciens.
2222 5405 2507 5498 3Mox'iidem
2556 5402 2837 5498 Welchttt._
2886 5402 3481 5498 recreu'torﬂlegetidvtiiii

1879 5484 2025 5542 putat
2057 5494 2071 5531 :
2102 5478 2244 5547 quod
2274 5482 2457 5536 mallet
2487 5501 2699 5556 quoque
2725 5488 3051 5547 .laclnonus.

1952 5565 1973 5596 ⁸
1992 5565 2234 5656 Quaeque.
2263 5571 2477 5656 Quoque
2488 5578 3014 5656 omniuolegendutn
3034 5586 3482 5646 existimatJack-

1873 5651 2060 5705 sonus,
2091 5650 2274 5711 utpote
2296 5648 2466 5716 magis
2489 5648 2877 5719 emphatieum.
2970 5698 2973 5701 ν

1875 5805 1912 5862 ι.
1948 5734 1967 5763 ⁷
1992 5733 2399 5863 ῗοηιωουεηιιιν.
2444 5740 2523 5798 Ita
2554 5741 2705 5801 editi.
2739 5745 2891 5806 Unus
2917 5749 3328 5826 Welchntanus,
3357 5772 3482 5815 con»

1896 5823 2015 5862 tuen
2042 5824 2122 5863 ur.

1896 5823 2122 5865 ιηεηιαν.
