4026 6328
503 271 611 332 899

1920 264 1929 295 ί
1956 249 2337 327 NOVATIANl

3712 254 3835 321 900

506 392 784 465 prmfeeit;
828 390 1250 464 ingemiscentes
1294 387 1443 445 filios
1491 387 1658 443 Israel
1684 400 1714 442 e
1752 385 1882 457 jugo
1932 385 2109 442 scrvi-
2139 386 2185 448 Α
2213 387 2358 443 enim
2389 397 2551 456 opera
2601 380 2847 453 pervigili
2877 379 3067 438 obtutu
3104 374 3525 449 contemplanda
3562 382 3727 438 sunt,
3766 374 3835 431 in

510 487 641 542 tutis
688 486 918 556 eripuit;
968 484 1166 555 Legem
1198 481 1451 550 scripsit;
1504 490 1714 550 patrum
1757 477 2005 533 sobolem
2051 478 2106 532 in

510 591 708 637 terram
746 577 1185 651 repromissionis
1208 574 1454 637 induxit;
1478 571 1780 643 PrOphetas
1806 571 1996 641 spiritu
2025 571 2109 625 in-

507 672 735 738 struxit;
785 680 842 727 et
897 686 992 743 per
1039 669 1140 723 hos
1186 682 1377 722 omnes
1416 665 1613 721 Filium
1645 680 1800 719 suum
1830 662 2104 718 Christum

507 764 849 834 repromisit;
905 778 958 817 et
1004 760 1220 832 quando
1267 759 1518 815 daturum
1558 771 1618 813 se
1651 757 1669 788 ³
1701 754 2104 825 spoponderat,

509 858 675 912 misit.
707 857 809 912 Per
830 870 990 926 quem
1036 855 1269 910 nobisin
1306 853 1552 908 notitiam
1580 851 1767 906 venire
1796 850 2004 914 voluit;
2053 857 2109 904 et

511 951 563 1005 in
593 964 693 1005 nos
719 948 1068 1020 indulgentiae
1091 962 1202 1002 sine
1230 947 1382 1001 sinus
1409 945 1590 1016 largos
1619 941 1890 1014 profudit,
1922 940 2110 1012 egenis

509 1052 566 1101 et
595 1043 820 1115 abjectis
842 1042 1169 1111 locupletem
1201 1039 1461 1111 Spiritum
1488 1038 1845 1094 conferendo.
1880 1036 1947 1092 Et
1977 1036 2107 1107 quia

513 1140 654 1194 ultro
681 1147 737 1194 et
786 1137 967 1208 largus
1007 1146 1064 1192 et
1109 1135 1283 1190 bonus
1339 1142 1458 1199 est,
1515 1148 1585 1189 ne
1635 1141 1779 1188 totus
1826 1132 1915 1188 hic
1958 1130 2111 1187 orbis

508 1246 734 1287 aversus
762 1231 953 1301 gratiae
983 1230 1102 1299 ejus
1130 1229 1443 1285 ﬂuminibus
1472 1235 1746 1283 aresceret
1772 1224 1963 1297 (Marc.
1991 1239 2105 1291 ενι,

512 1325 623 1397 15),
678 1325 970 1395 Apostolos
1001 1325 1341 1380 institutores
1379 1320 1597 1392 generis
1640 1320 1811 1375 nostri
1843 1320 1895 1375 in
1939 1327 2111 1374 totum

508 1418 697 1474 orbem
746 1417 886 1472 mitti
934 1432 1032 1487 per
1080 1413 1279 1470 Filium
1334 1430 1491 1469 suum
1544 1413 1713 1469 voluit
1746 1431 1759 1464 :
1793 1421 1850 1467 ut
1872 1410 2112 1467 conditio

508 1510 729 1583 generis
776 1506 999 1563 humani
1028 1514 1348 1578 agnosceret
1386 1506 1785 1570 institutorem;
1816 1508 1904 1571 et,
1953 1501 1998 1558 si
2026 1516 2113 1557 se-

509 1603 600 1674 qui
634 1601 936 1668 maluisset,
971 1599 1198 1655 haberet
1250 1613 1411 1670 quem
1458 1611 1557 1668 pro
1613 1597 1723 1652 Deo
1756 1595 1808 1651 in
1842 1595 1956 1650 suis
1999 1596 2111 1664 jam

509 1693 965 1765 postulationibus
1016 1677 1230 1748 Patrem
1289 1690 1495 1746 diceret
1545 1688 1764 1763 (Matth.
1793 1686 1970 1755 v1.9).
1999 1686 2112 1742 Cu-

2210 495 2438 552 quorum
2479 479 2599 533 sinu
2628 477 2921 532 carbonum
2969 471 3180 529 medius
3213 480 3298 527 est
3335 470 3504 541 ignis;
3538 468 3656 524 sive
3687 482 3833 537 quo-

2213 573 2354 628 niam
2386 570 2468 645 (ll
2503 569 2616 624 Pet.
2646 566 2727 639 ιιι)
2781 565 2851 622 ad
2882 568 3099 636 igneum
3149 564 3293 619 diem
3341 561 3532 632 judicil
3584 557 3833 614 mundus

2212 667 2315 722 iste
2344 665 2597 730 festinat;
2645 663 2760 717 sive
2784 660 3040 733 quoniam
3068 659 3249 713 omnia
3278 670 3445 727 opera
3473 653 3569 708 Dei
3618 653 3783 722 ignea
3803 688 3826 717 ,

2212 775 2315 815 nec
2345 767 2471 814 sunt
2505 757 2786 812 tenebrosa
2811 753 2946 809 sed“
2974 752 3188 823 vigent;
3220 749 3335 805 sive
3361 748 3548 813 etiam,
3577 760 3671 813 ne,
3702 743 3837 815 quia

2214 871 2280 909 ex
2322 852 2553 908 terrenis
2584 853 2684 905 ista
2714 848 2928 903 fuerant
2967 855 3087 902 orta
3134 843 3451 915 principiis,
3501 837 3838 895 naturaliter

2215 950 2282 1004 dc
2312 948 2536 1018 originis
2557 961 2668 1000 suac
2697 945 2877 1016 rigore
2903 949 3213 1013 torperent,
3248 938 3427 993 addita
3452 944 3535 991 est
3564 933 3830 988 omnibus

2215 1028 2488 1097 interioris
2518 1038 2740 1109 spiritus
2769 1034 2941 1091 calida
2981 1043 3171 1087 natura
3195 1075 3209 1099 ,
3261 1043 3383 1102 qua:
3425 1026 3638 1100 frigidis
3696 1040 3838 1080 con-

2214 1142 2360 1189 creta
2390 1127 2734 1201 corporibus,
2777 1124 2845 1181 ad
2888 1138 3107 1197 usuram
3138 1125 3261 1178 vitae
3296 1119 3521 1192 aequalia
3552 1116 3828 1174 omnibus

2216 1222 2535 1279 libramenta
2576 1216 2598 1253 ⁸
2625 1226 2974 1275 monStraret.
3007 1215 3106 1271 Hic
3141 1226 3223 1271 est
3255 1214 3422 1286 igitur
3450 1220 3647 1268 currus
3668 1254 3686 1279 ,
3748 1223 3838 1265 se-

2216 1317 2451 1375 cundum
2486 1314 2673 1381 David,
2703 1313 2821 1380 Dei,
2855 1309 3051 1365 Curras
3095 1311 3249 1377 enim,
3285 1306 3479 1378 inquit,
3511 1303 3615 1358 Dei
3656 1304 3836 1357 decia

2216 1411 2403 1467 millies
2426 1407 2797 1476 multiplicatus
2827 1403 2999 1477 (Psat.
3034 1414 3201 1469 um,
3234 1399 3348 1471 18),
3380 1398 3434 1453 id
3461 1406 3577 1465 est,
3612 1397 3633 1427 '
3662 1398 3837 1451 innu-

2220 1522 2433 1571 merns,
2489 1504 2767 1573 infinitus,
2819 1503 3137 1557 immensus.
3191 1497 3305 1553 Sub
3325 1496 3456 1567 jngo
3484 1495 3632 1550 enim
3668 1500 3843 1548 natu-

2220 1604 2348 1659 ralis
2381 1602 2516 1674 legis
2545 1598 2796 1655 omnibus
2822 1597 2993 1665 datae,
3035 1594 3141 1649 alia
3170 1592 3323 1663 quasi
3361 1591 3529 1647 frenis
3568 1595 3838 1645 revocata

2223 1700 2596 1765 retrahuntur,
2650 1695 2753 1750 alia
2785 1693 2938 1765 quasi
2971 1689 3157 1747 eﬂ‘usis
3196 1687 3421 1742 habenis
3458 1683 3694 1741 excitata
3729 1682 3840 1738 im-

506 1786 598 1858 ius
671 1784 1012 1856 providentia
1076 1798 1185 1839 non
1228 1782 1602 1839 tantummodo
1660 1781 1972 1851 singillatim
2019 1788 2511 1867 peereuumur.
2545 1790 2799 1846 Mundum
2854 1787 2998 1843 enim
3056 1786 3216 1840 istum
3244 1792 3464 1838 currum
3522 1779 3651 1846 Dei,
3702 1792 3843 1835 cum

511 1882 759 1936 homines
802 1879 1043 1936 cucurrit
1088 1885 1180 1933 aut
1227 1877 1433 1943 currit;
1488 1874 1584 1931 sed
1635 1877 1800 1931 etiam
1845 1889 1939 1945 per
1968 1873 2112 1945 ipsas

514 1973 673 2029 urbes
703 1983 757 2027 et
782 1973 1049 2037 civitates,
1093 1985 1322 2042 quarum
1353 1967 1531 2024 exitus
1565 1966 1960 2037 Prophetarum
2017 1979 2114 2019 vo-

510 2066 666 2122 cibus
693 2064 924 2130 cecinit;
951 2064 1116 2118 immo
1145 2063 1307 2117 etiam
1333 2076 1429 2132 per
1464 2060 1639 2131 ipsum
1682 2069 1849 2114 totum
1881 2057 2069 2113 orbem
2094 2096 2111 2125 ,

509 2159 665 2230 cujus
695 2167 916 2229 propter
944 2155 1409 2220 incredulitatem,
1439 2154 1649 2218 exitus,
1683 2152 1870 2224 plagas
1894 2193 1909 2215 ,
1939 2150 2115 2206 demi.

514 2256 765 2311 nutiones
795 2266 1088 2325 poenasque
1118 2249 1431 2321 descripsit.
1462 2249 1529 2303 Et
1564 2262 1632 2302 ne
1659 2247 1783 2319 quis
1813 2262 1919 2299 non
1949 2245 2113 2300 etiam

509 2348 578 2404 ad
628 2346 848 2403 minima
874 2360 1104 2417 qumque
1136 2343 1230 2399 Dei
1274 2349 1490 2413 putaret
1520 2340 1676 2394 istam
1728 2335 2117 2408 infatigabilem

508 2440 903 2513 providentiam
932 2437 1241 2510 pervenire,
1267 2432 1352 2489 Ea:
1380 2432 1599 2499 duobus,
1625 2431 1800 2503 inquit
1831 2428 2114 2495 Dominus,

507 2535 799 2607 passeribus
839 2550 974 2589 unus
1004 2549 1106 2587 non
1154 2533 1299 2586 cadet
1326 2531 1434 2586 sine
1475 2527 1651 2583 Patris
1682 2527 1979 2592 uoluntate;
2026 2522 2117 2579 sed

507 2638 552 2681 ct
585 2627 761 2698 capilli
785 2626 970 2696 capitis
993 2624 1143 2679 vestri
1172 2640 1344 2679 omnes
1368 2622 1620 2677 numerati
1643 2631 1761 2677 sunt
1792 2620 1811 2690 (
1837 2617 2025 2673 Matth.
2053 2631 2115 2685 ι,

504 2720 597 2789 29,
645 2719 777 2791 50).
825 2717 993 2789 Cujus
1029 2716 1191 2773 etiam
1252 2732 1381 2773 cura
1433 2726 1489 2771 et
1548 2712 1886 2787 providentia
1942 2711 2117 2767 lsrae-

507 2813 861 2883 litarumnon
908 2811 1032 2867 sivit
1077 2826 1177 2867 nec
1207 2820 1385 2865 vestes
1415 2808 1682 2875 consumi,
1727 2821 1827 2863 nec
1856 2802 2116 2861 vilissima

509 2908 559 2962 in
587 2906 812 2979 pedibus
859 2905 1226 2961 calceamenta
1276 2903 1448 2960 deteri
1480 2901 1501 2977 (
1533 2901 1684 2957 Deut.
1713 2916 1829 2963 vm,
1885 2901 1920 2955 4
1950 2900 1992 2969 ),
2021 2896 2117 2954 sed

512 2999 690 3070 (Dan.
724 3016 802 3067 ιιι,
830 2997 946 3072 27,)
997 3013 1098 3056 nec
1119 3000 1138 3030 '
1172 2998 1408 3068 ipsorum
1437 3004 1769 3068 postremum
1800 2992 2117 3049 adolescen-

509 3095 640 3150 tium
688 3094 900 3165 captiva
971 3092 1228 3151 sarabara
1290 3091 1565 3157 comburi;
1635 3103 1736 3145 nec
1794 3086 2114 3144 immerito:

511 3202 635 3241 nam
664 3187 709 3242 si
758 3184 846 3242 hic
890 3186 1070 3240 omnia
1114 3183 1432 3255 complexus
1459 3191 1542 3237 est
1571 3181 1752 3237 omnia
1796 3179 2111 3243 continens,

2219 1887 2468 1944 omnibus
2496 1895 2552 1940 et
2581 1884 2685 1955 ipsi
2713 1878 2905 1953 Angeli
2930 1880 3135 1935 ducunt
3172 1886 3227 1933 et
3254 1884 3434 1941 astra;
3460 1886 3690 1946 quorum
3738 1884 3845 1925 va-

2217 1984 2329 2039 rios
2356 1982 2482 2036 licet
2510 1988 2743 2044 meatus,
2774 1976 2940 2032 certis
2981 1984 3159 2029 tamen
3183 1972 3393 2042 legibus
3424 1970 3637 2024 vinctos
3660 2005 3677 2033 ,
3718 1966 3845 2021 ins-

2221 2076 2448 2144 picimus
2476 2071 2541 2126 ad
2580 2078 2753 2126 metas
2778 2067 2985 2124 definiti
3033 2065 3135 2120 sibi
3183 2064 3440 2134 temporis
3482 2059 3725 2126 ducere;
3777 2064 3842 2113 ut

2220 2173 2416 2227 merito
2444 2168 2600 2223 nobis
2628 2179 2841 2236 quoque
2866 2176 2989 2216 cum
3035 2159 3329 2231 Apostoio,
3377 2166 3432 2213 et
3470 2154 3749 2211 artiﬁcem
3783 2158 3846 2209 et

2218 2279 2382 2337 Opera
2429 2260 2749 2317 mirantibus
2797 2257 3102 2313 exclamare
3141 2253 3250 2324 jam
3304 2246 3842 2307 libeatzvattitudo

2218 2360 2514 2415 divitiarum
2542 2355 2810 2427 sapientia:
2851 2360 2899 2406 et
2942 2349 3167 2405 scientia:
3208 2348 3334 2413 Dei,
3364 2359 3517 2417 quam
3561 2344 3840 2397 inserua-

2220 2453 2343 2508 bilia
2371 2450 2576 2522 judicia
2626 2448 2736 2518 ejus
2767 2454 2814 2501 et
2841 2440 3209 2515 investigabiles
3236 2442 3331 2495 vita
3358 2435 3508 2508 ejus!
3535 2442 3590 2492 et
3618 2433 3841 2505 reliqua

2222 2544 2399 2622 (fiam.
2422 2560 2500 2613 χι,
2524 2542 2639 2616 53).

2832 2646 3060 2709 CAPUT
3099 2644 3193 2706 1X.

2223 2778 2390 2833 Porro
2439 2772 2669 2829 eamdem
2713 2768 2946 2841 regulam
2990 2764 3214 2821 veritatis
3244 2762 3425 2818 docere
3475 2776 3590 2828 nos,
3623 2757 3840 2813 credere

2293 2878 2404 2943 post
2439 2864 2651 2922 Patrem
2692 2866 2847 2919 etiam
2887 2862 2943 2915 in
2992 2857 3187 2915 Filium
3232 2855 3329 2912 Dei
3366 2853 3548 2911 Iesum
3568 2851 3840 2911 Christum

2293 2962 2573 3019 Dominum
2600 2957 2769 3014 Deum
2797 2964 3049 3018 nostrum,
3093 2949 3324 3007 eumdem
3365 2951 3418 3004 in
3453 2945 3626 3003 Veteri
3654 2942 3842 3000 Testa-

2292 3067 2461 3115 mento
2486 3053 2870 3127 repromissum,
2900 3060 2947 3106 et
2973 3050 3028 3105 in
3055 3046 3205 3104 Nouo
3242 3044 3540 3102 exhibitum.

2295 3175 2495 3231 Eadem
2553 3170 2740 3242 regula
2785 3167 3029 3223 veritatis
3070 3165 3231 3222 docet
3276 3176 3379 3219 nos
3425 3158 3675 3222 credere,
3705 3164 3839 3229 post

511 3282 528 3354 (
552 3282 734 3338 onmia
783 3292 961 3337 autem
984 3289 1040 3337 et
1063 3289 1229 3336 totum
1244 3252 1322 3334 ex
1354 3276 1579 3349 singulis
1607 3276 1880 3343 constant)
1914 3272 2116 3345 pertin-
2140 3261 2186 3326 C
2219 3269 2458 3335 Patrem,
2487 3266 2649 3322 etiam
2674 3263 2728 3319 in
2754 3261 2953 3319 Filium
2987 3259 3105 3326 Dei,
3130 3256 3406 3313 Christum
3435 3253 3619 3312 .lesum
3642 3252 3841 3308 Domi-

508 3384 600 3447 get
623 3384 1019 3447 consequenter
1035 3373 1155 3444 ejus
1181 3370 1249 3427 ad
1273 3386 1443 3445 usque
1467 3370 1683 3443 singula
1709 3383 1938 3442 quaeque
1969 3381 2119 3433 cura,

508 3468 662 3538 cujus
695 3468 762 3524 ad
792 3476 987 3533 totum,
1021 3466 1280 3538 quidquid
1312 3475 1430 3531 est,
1459 3464 1706 3536 pervenit
1760 3460 2119 3533 providentia.

510 3558 647 3617 liinc
665 3562 906 3633 estquod
933 3559 1234 3630 etdesuper
1258 3555 1945 3629 Cherubimsedet(Ezech.
1964 3555 2119 3624 Ι,10;

512 3653 661 3710 Psat.
711 3670 901 3724 xcvnt,
927 3653 1007 3727 1),
1046 3654 1099 3708 id
1122 3662 1224 3719 est,
1249 3661 1445 3725 praeest
1464 3668 1626 3724 super
1647 3667 1870 3724 operum
1900 3665 2121 3706 suorum

513 3749 859 3816 varietatem,
906 3747 1170 3821 subjectis
1217 3747 1416 3801 throno
1467 3746 1589 3817 ejus
1632 3744 1954 3801 animalibus
2009 3757 2122 3816 pra:

516 3842 730 3899 caneris
787 3840 1146 3913 principatum
1206 3838 1551 3907 tenentibus,
1621 3847 1813 3895 cuncta
1885 3837 2121 3907 desuper

511 3934 773 4008 crystallo
795 3932 816 3965 ³
839 3944 1183 4005 contegente,
1210 3932 1263 3989 id
1295 3943 1397 3999 est,
1427 3932 1569 3988 caelo
1594 3932 1772 3987 omnia
1803 3931 2079 4001 opcriente
2105 3946 2121 3985 :

518 4030 660 4100 quod
740 4027 893 4102 (Gen.
954 4045 1016 4096 ι,
1064 4026 1122 4101 6)
1184 4028 1237 4083 in
1287 4027 1687 4082 firmamentum
1744 4024 1811 4081 de
1857 4038 2119 4097 aquarum

520 4121 724 4177 fluente
771 4121 997 4178 materia
1044 4120 1216 4176 fuerat
1256 4120 1369 4176 Deo
1409 4119 1635 4191 jubente
1683 4118 2004 4187 solidatum,
2064 4126 2122 4174 ut

517 4213 720 4286 glacies
746 4214 997 4283 robusta,
1027 4229 1288 4285 aquarum
1333 4220 1535 4269 terram
1574 4208 1780 4284 pridem
1822 4220 2119 4283 contegen-

517 4309 651 4365 tium
673 4307 920 4365 dividens
948 4307 1327 4374 medietatem,
1378 4306 1542 4364 dorso
1588 4306 1823 4377 quodam
1879 4304 2120 4377 pondera

514 4416 670 4472 aqua:
713 4401 1042 4470 superioris,
1075 4400 1441 4456 corroboratis
1471 4398 1539 4455 de
1568 4399 1692 4471 gelu
1716 4399 1955 4465 viribus,
1999 4414 2119 4454 sus-

517 4495 737 4550 tineret.
768 4488 899 4548 Nam
928 4500 986 4549 et,
1014 4490 1230 4568 (Ezech.
1253 4506 1308 4563 ι,
1338 4489 1428 4565 12)
1451 4496 1582 4547 rotze
1614 4490 1895 4562 suhjacent
1918 4532 1933 4559 ,
1985 4500 2121 4548 tem-

516 4601 646 4658 pora
672 4584 901 4654 scilicet,
948 4585 1147 4655 quibus
1171 4584 1352 4641 omnia
1396 4599 1615 4655 semper
1644 4582 1830 4639 mundi
1871 4583 2117 4640 membra

2226 3378 2354 3419 num
2386 3361 2555 3416 Deum
2585 3369 2853 3421 nostrum,
2884 3353 2983 3411 sed
3027 3352 3124 3409 Dei
3155 3350 3349 3407 Filium
3376 3366 3392 3416 ;
3422 3347 3581 3418 hujus
3611 3344 3710 3400 Dei
3741 3344 3841 3416 qui

2225 3469 2281 3514 et
2304 3471 2443 3513 unus
2470 3464 2525 3510 et
2552 3454 2699 3509 solus
2721 3448 3086 3520 est,conditor
3117 3446 3324 3503 scilicet
3344 3457 3528 3500 rerum
3556 3440 3835 3503 omnium,

2224 3563 2282 3610 ut
2305 3554 2414 3625 jam
2443 3559 2496 3607 et
2523 3547 2776 3620 superius
2800 3558 3116 3616 expressum
3139 3549 3242 3597 est.
3270 3539 3425 3595 Hunc
3462 3535 3609 3592 enim
3644 3533 3838 3590 Jesum

2224 3624 2521 3709 Christum,
2553 3642 2746 3697 iterum
2776 3638 2952 3694 dicam
2980 3634 3141 3705 hujus
3171 3633 3263 3691 Dei
3312 3630 3531 3696 Filium,
3553 3637 3610 3684 et
3639 3628 3691 3681 in
3718 3624 3837 3682 Ve.

2229 3742 2329 3797 teri
2350 3738 2699 3795 Testamento
2714 3734 2941 3806 legimus
2971 3746 3091 3788 esse
3115 3727 3502 3800 repromissum
3523 3733 3580 3781 et
3598 3725 3651 3778 in
3678 3721 3838 3778 Novo

2228 3834 2580 3890 Testamento
2605 3825 3086 3885 animadvertimus
3115 3820 3436 3884 exhibitum,
3475 3817 3715 3874 omnium
3743 3829 3835 3870 sa-

2225 3935 2629 3985 cramentorum
2681 3920 2900 3977 umbras
2930 3928 2986 3974 et
3030 3917 3230 3987 figuras
3280 3912 3348 3968 de
3380 3910 3670 3983 praesentia
3708 3922 3833 3964 cor-

2226 4027 2429 4092 poratze
2473 4016 2718 4074 veritatis
2762 4014 3097 4085 implentem.
3128 4009 3282 4065 Hunc
3327 4007 3469 4062 enim
3501 4002 3731 4061 Abrabre
3764 4000 3830 4056 fi-

2224 4112 2375 4177 lium,
2402 4109 2545 4165 hunc
2578 4107 2762 4173 David,
2799 4105 2944 4160 hunc
2995 4118 3100 4159 non
3149 4100 3328 4156 minus
3370 4105 3427 4153 et
3469 4104 3652 4151 vetera
3686 4107 3832 4165 prae-

2223 4203 2365 4259 dicta
2388 4214 2440 4259 et
2472 4200 2759 4272 Evangelia
2787 4204 3071 4255 testantur.
3098 4193 3253 4250 llunc
3280 4191 3394 4262 ipsa
3425 4184 3677 4253 Genesis,
3705 4199 3837 4244 cum

2222 4299 2386 4355 dicit:
2412 4297 2527 4353 Tibi
2570 4296 2701 4351 dabo
2746 4304 2795 4349 et
2820 4293 3003 4349 semini
3050 4300 3135 4346 tuo
3161 4287 3182 4362 (
3211 4285 3339 4342 Gen.
3372 4299 3509 4352 xvn,
3536 4281 3625 4355 8).
3656 4280 3833 4348 Hunc,

2223 4391 2438 4463 quando
2460 4391 2714 4445 Iuctatum
2741 4384 2976 4443 ostendit
3014 4382 3287 4437 hominem
3310 4392 3433 4434 cum
3473 4374 3640 4431 Jacob
3670 4370 3831 4445 (Gen.

2224 4501 2391 4553 xxxn,
2413 4482 2531 4556 24).
2569 4482 2742 4549 llunc,
2776 4478 2990 4552 quando
3032 4474 3160 4532 dicit
3188 4472 3344 4549 (Gen.
3376 4467 3679 4542 xux,10):
3713 4466 3836 4525 Non

2222 4585 2421 4654 deﬁciet
2443 4584 2679 4654 princeps
2700 4580 2763 4635 de
2789 4579 2820 4633 .l
2830 4580 2962 4645 uda,
2990 4592 3149 4650 neque
3173 4576 3280 4630 dua:
3309 4574 3371 4628 de
3397 4573 3672 4647 femoribus
3701 4569 3832 4638 eius,

517 4679 808 4736 volvuntur
847 4679 866 4753 (
898 4678 1086 4734 Esech.
1136 4695 1176 4747 ι,
1227 4678 1320 4750 18)
1370 4677 1570 4733 talibus
1618 4677 1842 4749 pedibus
1893 4676 2120 4749 adjectis
2142 4674 2198 4735 D
2225 4678 2382 4732 donec
2406 4678 2572 4732 veniat
2608 4674 2667 4731 Is
2684 4675 2764 4730 cui
2779 4672 3142 4744 repromissum
3159 4678 3252 4738 est,
3272 4671 3441 4738 etipse
3460 4668 3555 4723 erit
3575 4674 3833 4737 exspecta-

519 4776 713 4847 quibus
740 4790 847 4831 non
880 4775 932 4830 in
961 4782 1281 4846 perpetuum
1306 4778 1449 4828 stant
1471 4771 1607 4840 ista,
1660 4769 1755 4826 sed
1802 4777 2109 4826 transeunt.

517 4871 624 4931 Sed
662 4880 717 4930 et
763 4886 860 4944 per
891 4885 1079 4929 omnes
1105 4866 1128 4903 ⁸
1153 4876 1302 4926 artus
1332 4866 1546 4925 stcllata
1593 4873 1722 4923 sunt
1763 4866 1936 4921 oculis
1968 4882 1982 4919 :
2018 4865 2116 4921 Dei

2224 4772 2294 4827 tio
2324 4770 2546 4843 gentium
2568 4767 2723 4845 (Gen.
2758 4784 2908 4835 xux,
2938 4764 3050 4838 10).
3079 4763 3232 4821 Hunc
3257 4761 3492 4835 Moyses,
3517 4774 3640 4816 cum
3662 4758 3834 4815 dicit:

2226 4865 2450 4922 Provide
2476 4866 2638 4921 alium
2659 4880 2806 4936 quem
2827 4866 2998 4919 mittas
3026 4858 3224 4935 (Exod.
3255 4873 3334 4929 tv,
3364 4855 3478 4930 15).
3502 4855 3654 4913 Hunc
3670 4850 3834 4923 idem,

1647 4978 2019 5041 GALLANDII
2074 4980 2639 5040 COMMENTARIUS.

600 5108 615 5139 ί
648 5100 1062 5232 ipoptonderaaﬁ
1090 5101 1181 5159 Sic
1205 5099 1443 5157 editores
1468 5097 1754 5170 Anglicani
1809 5097 2080 5153 Pamelius
2103 5138 2120 5166 ,

600 5197 652 5232 m
695 5195 778 5232 θνα
808 5218 821 5232 ο

524 5195 821 5252 sponaerat.

601 5254 622 5284 ’
645 5248 903 5323 Ipsorum.
915 5289 928 5303 .
940 5288 979 5323 ._.
1006 5246 1207 5323 captiua
1220 5244 1489 5300 sarabara.
1503 5242 1581 5299 Ita
1594 5241 1747 5310 editi,
1767 5250 1964 5323 przeler
1974 5240 2126 5323 Wei-

530 5314 929 5388 chma'nianum,
960 5321 1010 5374 in
1033 5314 1367 5391 quoabsque
1407 5331 1537 5391 mss.
1595 5326 1686 5391 aut
1729 5314 2121 5391 exemplarium

530 5394 847 5520 auctgritate
865 5433 880 5459 ,
912 5386 1177 5465 reponere
1198 5386 1400 5462 placuit
1420 5386 1638 5453 edituri,
1662 5388 1774 5459 ipsa
1798 5387 2122 5459 captivorum

531 5485 649 5523 σανα
685 5484 715 5519 a
741 5484 791 5519 α.

531 5487 969 5608 δαςηὲἶῇξθεηιε.
1010 5533 1167 5608 Apud
1186 5531 1478 5590 Pamelium
1495 5529 1772 5599 mendose,
1807 5538 1865 5587 ut
1891 5529 2123 5598 videtur,

533 5613 870 5680 contingente.

2226 5098 2473 5170 proxime
2513 5095 2850 5170 praecedunt.

2300 5193 2321 5226 ⁵
2353 5191 2554 5262 Vigent.
2585 5191 2828 5248 Latinius
2861 5187 3050 5244 lucent.
3084 5182 3474 5243 Weichmanus
3523 5182 3640 5237 lace
3666 5180 3833 5307 vigent

2300 5265 2512 5307 mndnm
2604 5266 2894 5307 ριίςιίιιιειι-
2953 5263 3019 5307 At
3056 5259 3235 5307 indice
3276 5254 3583 5307 Jacksono.
3632 5269 3719 5307 me
3745 5252 3828 5307 ius

2229 5252 2550 5337 legendum,
2604 5266 2895 5337 existimat.
2947 5263 3019 5317 At
3049 5259 3235 5337 judice
3276 5254 3583 5337 1lacksono,
3632 5252 3828 5308 melius

2226 5329 2354 5394 editi
2381 5329 2568 5409 vigent.
2605 5335 2876 5409 Nimirum
2901 5329 3127 5409 innuere
3147 5329 3315 5385 voluit
3339 5330 3568 5409 fortasse
3600 5335 3827 5408 auctor,

2226 5410 2368 5482 quod
2400 5394 2491 5465 Ι)ᾌὶ
2517 5424 2683 5479 opera
2721 5407 3036 5464 interiorem
3068 5406 3286 5475 igneum
3322 5401 3553 5474 vigorem
3589 5413 3690 5454 seu
3724 5394 3829 5468 spi-

2231 5484 2394 5537 ritum
2421 5483 2672 5537 habeant.

2231 5491 2394 5539 ritum
2421 5491 2672 5538 habeant.

2303 5574 2324 5606 ⁸
2344 5570 2675 5631 Monstraret.
2708 5568 3292 5629 MalletWeichmanus
3317 5564 3630 5620 ministraret
3656 5579 3676 5619 :
3690 5559 3831 5636 quod

606 5642 932 5737 ῗᾞᾘιῖξῖῠέίε
954 5686 1121 5742 recte,
1140 5690 1259 5733 mea
1274 5670 1488 5746 quidem
1508 5674 1773 5733 sententia
1792 5692 1805 5728 :
1823 5671 2127 5729 emendavit
2229 5647 2384 5746 vald?
2418 5642 2676 5719 PrObam"
2696 5644 2992 5746 ίδθξίεθηοο

536 5753 920 5813 Welchmauus
943 5750 1312 5820 precedentes
1333 5749 1615 5820 editiones,
1649 5761 1778 5820 qua:
1811 5746 2011 5820 habent
2038 5761 2124 5799 orn

497 5884 507 5899 ,
538 5840 637 5885 tus.
672 5825 791 5882 Vox
837 5818 982 5879 enim
1034 5820 1281 5876 restituta
1322 5818 1557 5877 refertur
1596 5820 1663 5877 ad
1695 5818 1946 5876 animalia
2001 5830 2123 5887 quas

2299 5742 2320 5773 ⁷
2347 5740 2755 5795 lnnumerus....
2792 5739 3088 5793 immensas.
3116 5734 3292 5791 Minus
3311 5743 3482 5804 recte,
3513 5743 3572 5790 ut
3596 5729 3828 5801 videtur,

2226 5812 2491 5885 Gagnoeus
2515 5829 2529 5868 :
2554 5826 2794 5867 numerus
2817 5809 3050 5879 inﬁnitus
3077 5817 3124 5864 et
3149 5808 3452 5863 immensus.
