4000 6322
171 336 274 394 90!

1426 336 1515 393 DE
1552 330 1926 393 TRINITA'I'E
1964 326 2187 390 LIBER.

3374 328 3478 391 902

170 456 388 524 quando
417 461 661 522 testatur,
700 455 992 525 Propheten
1020 455 1179 522 vobis,
1222 452 1472 521 dicendo,
1519 454 1780 510 suscitauit
1809 455 1859 515 Α
1957 450 2063 507 Sed
2092 452 2220 508 illud
2243 452 2527 517 admoneo,
2552 456 2657 508 non
2682 452 2909 509 alterum
2930 447 2980 507 in
3008 446 3302 525 Evangelia
3324 451 3483 507 Chri-

174 553 316 609 Dcus
344 568 409 607 ea:
457 550 702 620 fratribus
735 552 913 607 vestris
935 566 956 606 :
984 566 1100 606 eum
1127 552 1274 623 quasi
1299 568 1377 606 me
1404 553 1580 607 audite
1604 550 1778 625 (Deut.

172 662 326 711 xvnt,
344 646 456 717 l5).
478 645 649 710 nunc,
675 648 890 716 quando
915 645 1047 702 dicit
1080 666 1092 700 :
1128 646 1367 701 Videbitis
1388 648 1541 701 vitam
1566 658 1783 701 vestram

172 738 475 811 pendentem
499 748 643 793 nocte
665 754 726 792 ac
750 738 852 803 die,
868 748 914 793 et
940 754 1041 793 non
1062 739 1275 794 credetis
1300 742 1347 793 ei
1373 737 1572 812 (Deut.,
1589 750 1781 805 xxvttt,

172 831 290 903 66).
312 832 464 887 ﬂunc
484 830 648 886 Isaias
673 851 687 887 :
707 829 919 887 Prodiet
935 834 1079 905 virga
1099 834 1163 889 de
1184 832 1356 888 radice
1370 832 1536 900 Iesse,
1553 843 1600 889 et
1612 830 1710 903 ﬂos
1722 833 1786 887 de

173 923 351 977 radice
375 923 485 993 ejus
497 921 884 993 ascendet(lsa.
903 938 982 990 ιι,
1012 924 1086 995 1).
1108 923 1259 979 Hunc
1283 926 1555 992 eumdem,
1573 924 1787 996 quando

173 1015 310 1072 dicit
328 1034 341 1070 :
360 1015 494 1072 Ecce
519 1014 677 1089 Virgo
692 1018 941 1088 concipiet
959 1028 1008 1073 et
1029 1020 1192 1089 pariet
1207 1018 1373 1089 [ilium
1390 1019 1527 1094 (Isa.
1556 1035 1647 1087 vn,
1672 1019 1782 1089 15).

175 1108 353 1175 Hunc,
370 1109 584 1180 quando
611 1112 869 1167 sanitates
893 1112 963 1166 ab
987 1111 1276 1167 eol‘uturas
1303 1114 1531 1169 collocat
1558 1114 1746 1170 dicens
1770 1131 1787 1171 :

173 1198 327 1256 Tune
355 1201 648 1271 aperientur
667 1203 802 1258 oculi
830 1219 1101 1268 caecorum,
1134 1212 1182 1259 et
1210 1220 1360 1260 aures
1387 1204 1663 1259 surdorunt
1687 1220 1787 1259 au-

175 1296 340 1363 dient,
365 1305 485 1351 tunc
500 1297 648 1351 saliet
670 1297 888 1353 claudus
916 1307 969 1351 ut
991 1312 1189 1365 cervus,
1218 1308 1267 1354 et
1290 1299 1481 1354 diserta
1493 1300 1585 1353 erit
1612 1300 1791 1371 lingua

176 1405 437 1448 mutorum
468 1391 646 1466 (Ibid.
675 1410 841 1459 xxxv,
868 1395 922 1462 ὅ,
955 1393 1034 1465 6).
1075 1395 1245 1457 Ilunc.
1271 1393 1489 1465 quando
1520 1394 1792 1466 patientiae

175 1486 407 1541 virtutes
427 1486 939 1556 expromitdicous:
974 1486 1097 1541 Non
1129 1488 1366 1541 audietur
1396 1488 1451 1542 in
1482 1488 1665 1557 plateis
1693 1502 1792 1542 vos:

175 1578 318 1648 eius;
342 1578 649 1635 arundinem
674 1588 966 1649 quassatam
988 1596 1090 1634 non
1119 1589 1361 1646 conteret,
1385 1589 1432 1634 et
1459 1580 1622 1635 linum
1642 1580 1793 1652 fumi-

179 1685 311 1740 gans
336 1685 436 1725 non
465 1672 721 1741 extinguet
744 1670 907 1740 (Ibid.
931 1672 1220 1743 ungi-5).
1242 1671 1417 1740 Hunc,
1441 1673 1658 1743 quando
1674 1672 1794 1743 ejus

180 1761 477 1834 Evangelia
508 1764 797 1833 descripsit
825 1782 840 1818 :
875 1764 943 1818 Et
974 1766 1244 1836 disponam
1272 1767 1411 1821 vobis
1441 1776 1795 1821 testamentum

1885 552 2026 599 stum
2081 546 2474 615 expectandum
2521 544 2705 613 fuisse,
2755 562 2913 617 quam
2946 543 3092 601 hunc
3147 560 3176 601 a
3223 544 3485 603 Crentore

1887 637 2097 693 Veteris
2129 637 2458 695 'l‘estamenti
2484 638 2678 694 litteris
2707 644 2831 693 ante
2854 640 3176 709 promissum
3205 656 3219 705 ;
3247 640 3485 694 maxime

1885 744 2007 786 cum
2035 741 2087 787 et
2108 747 2227 803 qua:
2249 732 2315 789 de
2338 734 2453 804 ipso
2468 733 2721 805 praedicta
2746 744 2869 790 sunt
2899 732 3115 805 impleta
3138 734 3267 803 sint,
3288 744 3343 790 et
3367 751 3487 805 qua:

1888 824 2108 896 impleta
2136 833 2262 882 sunt
2290 838 2414 883 ante
2447 829 2701 899 priedicla
2746 829 2873 887 sint.
2909 828 2979 887 Ut
3029 832 3222 887 merito
3272 830 3487 887 hiereti—

1888 933 2074 974 eorum
2104 920 2328 976 istorum
2362 920 2691 977 Testamenti
2728 920 2936 983 Veteris
2966 924 3341 979 auctoritatem
3372 936 3487 979 res-

1890 1013 2193 1081 puentium,
2228 1014 2412 1069 nescio
2439 1015 2524 1069 cui
2552 1016 2921 1071 commentitio
2947 1027 3000 1073 et
3047 1028 3113 1072 ex
3141 1014 3331 1072 labidis
3370 1015 3488 1071 ani-

1888 1107 2030 1163 libus
2061 1107 2187 1162 ﬁcto
2232 1107 2452 1164 Christo
2478 1117 2639 1180 atque
2693 1108 2868 1165 locato
2897 1108 3099 1181 possim
3132 1122 3257 1165 vere
3280 1118 3335 1166 et
3360 1124 3493 1165 con—

1891 1208 2100 1257 stanter
2119 1199 2302 1255 dicere
2330 1219 2344 1256 :
2387 1200 2518 1270 Quis
2548 1217 2607 1257 es
2632 1200 2657 1255 ?
2680 1201 2822 1258 unde
2847 1204 2947 1258 es?
2972 1219 3001 1258 a
3026 1208 3131 1274 quo
3183 1205 3380 1259 missus
3408 1204 3492 1260 es?

1893 1307 2062 1363 quare
2091 1307 2234 1349 nunc
2262 1292 2451 1349 venire
2481 1293 2699 1349 voluisti
2724 1295 2748 1334 ν
2769 1306 2937 1364 quare
2974 1295 3136 1351 talis?
3159 1292 3241 1351 vel
3264 1302 3367 1367 qua
3399 1311 3494 1353 ve-

1895 1385 2014 1441 nire
2048 1386 2306 1457 potuisti?
2325 1385 2410 1443 vel
2433 1401 2599 1458 quare
2626 1398 2731 1442 non
2754 1387 2821 1443 ad
2847 1396 2967 1445 tuos
2994 1388 3152 1445 abiSti
3174 1388 3201 1444 ?
3227 1390 3328 1446 nisl
3350 1390 3494 1463 quod

1893 1478 2132 1550 probasti
2163 1489 2283 1536 tuos
2308 1480 2330 1513 '
2357 1492 2462 1536 non
2511 1479 2745 1546 habere,
2777 1478 2902 1537 dttm
2949 1480 3016 1537 ad
3059 1481 3266 1539 alienus
3295 1485 3445 1540 venis
3473 1483 3497 1535 ?

1895 1571 2033 1642 Quid
2066 1572 2161 1628 tibi
2206 1587 2330 1628 cum
2383 1574 2584 1628 mundo
2614 1575 2924 1630 creatoris?
2952 1574 3080 1645 quid
3110 1575 3203 1632 tibi
3231 1582 3352 1632 cum
3395 1578 3497 1633 ho-

1896 1664 2042 1718 mine
2086 1663 2426 1720 conditoris?
2455 1663 2585 1736 quid
2640 1664 2733 1721 tibi
2780 1679 2900 1721 cum
2949 1664 3205 1739 figmento
3234 1671 3496 1741 corporis,

1897 1757 1985 1812 cui
2014 1758 2182 1828 eripis
2208 1768 2358 1827 spem
2398 1759 2815 1813 resurrectionis
2843 1758 3013 1831 'lquld
3044 1758 3110 1816 ad
3146 1763 3380 1817 alienum
3406 1779 3502 1820 ve—

181 1864 637 1919 teternum,sancta
658 1855 823 1911 David
844 1857 1019 1927 ﬁdelia
1040 1857 1177 1931 (ιω.
1212 1860 1379 1929 ιν,5).
1402 1858 1800 1931 Hunc,quando

1920 1851 1990 1905 iis
2047 1849 2328 1917 tumulum,
2357 1850 2590 1906 alienum
2642 1850 2935 1907 sollicitare
2984 1850 3263 1909 desideras
3292 1850 3504 1911 lilium?

182 1957 376 2020 gentes
406 1950 457 2003 in
488 1948 663 2019 ipsum
690 1950 992 2006 credituras
1017 1951 1330 2023 prophetat:
1356 1952 1487 2007 Ecce
1510 1954 1657 2023 posui
1681 1969 1796 2007 euris

184 2043 243 2098 iu
280 2045 562 2115 principem
589 2055 639 2101 et
663 2045 1042 2116 pracipientem
1076 2048 1329 2118 gentibus.
1366 2046 1551 2102 Gentes
1590 2063 1708 2118 quae
1750 2056 1799 2102 te

186 2153 292 2192 non
332 2148 574 2192 noverunt
596 2138 900 2193 invocabant
928 2147 994 2204 te,
1023 2147 1073 2193 et
1102 2139 1281 2210 populi
1304 2141 1390 2212 qui
1413 2151 1462 2195 te
1480 2140 1711 2195 nesciunt
1731 2140 1800 2195 ad

191 2240 241 2287 te
267 2234 562 2303 confugient
591 2231 755 2303 (Ibid.
787 2233 845 2299 4,
884 2231 960 2306 5).
994 2233 1148 2291 Hune
1174 2236 1446 2302 eumdem,
1476 2235 1693 2307 quando
1732 2237 1802 2293 ad

189 2326 498 2396 passionem
525 2326 643 2397 ejus
671 2331 939 2383 exclamat
958 2327 1145 2385 dicens
1175 2347 1191 2384 :
1215 2329 1363 2385 Sicut
1384 2331 1491 2384 avis
1505 2330 1574 2384 ad
1594 2331 1805 2386 occisio-

192 2434 305 2473 nem
329 2419 511 2473 ductus
525 2428 619 2483 est,
639 2428 686 2474 et
703 2419 833 2475 sicut
850 2436 1014 2492 agnus
1023 2434 1197 2475 coram
1217 2422 1456 2476 tondente
1469 2438 1524 2477 se
1537 2424 1647 2477 sine
1662 2438 1800 2490 voce,

193 2515 266 2569 sic
280 2531 381 2570 non
406 2515 604 2583 aperuit
620 2532 676 2570 os
694 2532 848 2570 suum
870 2516 924 2571 in
942 2517 1232 2571 humilitate
1256 2515 1393 2590 (Isa.
1422 2532 1534 2583 LIII,
1558 2516 1629 2589 1).
1650 2517 1807 2574 Hunc

195 2609 412 2679 quando
434 2609 725 2679 ﬂagrorum
743 2611 1010 2681 ejusictus
1038 2611 1325 2683 plagasque
1353 2611 1638 2682 descripsit
1670 2629 1683 2665 :
1710 2610 1806 2665 Li-

196 2718 316 2759 vore
338 2705 451 2776 ejus
472 2720 565 2758 nos
590 2706 756 2759 sanati
781 2720 954 2761 sumus
984 2705 1149 2780 (Ibid.
1183 2708 1264 2778 5);
1292 2714 1386 2761 aut
1417 2706 1804 2762 humilitatem:

198 2795 266 2851 Et
288 2797 505 2852 vidimus
519 2815 651 2867 eum,
677 2808 723 2854 et
750 2816 852 2854 non
873 2810 981 2855 erat
999 2802 1044 2855 ei
1056 2802 1248 2871 species
1269 2816 1428 2873 neque
1449 2799 1811 2856 ἠθικοί-,11011ιο

199 2890 254 2946 in
294 2892 452 2964 plaga
483 2902 529 2947 et
555 2894 717 2949 sciens
754 2898 889 2967 ferre
936 2895 1284 2963 inﬁrmitatem
1313 2894 1473 2965 (Ibid.
1507 2895 1561 2961 2,
1595 2895 1673 2968 5).
1703 2896 1813 2950 Aut

198 2986 342 3057 quod
357 2988 582 3058 populus
600 3003 708 3044 non
728 2989 1189 3045 eratcrediturus:
1208 2988 1341 3045 Tota
1360 2991 1445 3045 dte
1464 2990 1688 3062 expendi
1705 3006 1815 3044 ma-

200 3095 299 3135 nus
326 3096 462 3135 meas
496 3081 566 3134 ad
595 3080 841 3151 populum
880 3098 983 3137 non
1030 3083 1317 3138 credentem
1346 3079 1517 3156 (Issi.
1551 3097 1683 3150 uv,
1704 3082 1741 3137 3
1768 3082 1819 3155 ).

200 3174 310 3230 Aut
334 3175 477 3246 quod
498 3186 901 3233 resurrecturus
923 3193 951 3232 a
976 3178 1240 3234 mortuis:
1264 3177 1329 3232 Et
1346 3178 1441 3233 erit
1453 3180 1505 3233 in
1523 3179 1617 3233 illa
1632 3174 1716 3233 die
1731 3193 1818 3232 ra.

1904 1944 2030 2015 quid
2060 1959 2147 2000 me
2177 1960 2206 1998 a
2240 1943 2467 1999 Domino
2502 1945 2711 2016 eripere
2755 1946 3009 2001 conaris?
3037 1946 3163 2018 quid
3194 1964 3280 2004 me
3322 1947 3372 2002 in
3404 1948 3507 2004 Pa-

1908 2048 2044 2092 trem
2074 2037 2455 2108 hlasphemare
2476 2047 2635 2107 atque
2665 2039 2886 2109 impium
2918 2053 3039 2096 esse
3059 2041 3341 2113 compellis
3366 2041 3390 2096 ?
3417 2049 3508 2097 aut

1906 2129 2035 2202 quid
2066 2145 2183 2185 sum
2202 2145 2231 2185 a
2262 2139 2314 2186 te
2345 2131 2395 2185 in
2421 2132 2817 2188 resurrectione
2845 2140 3251 2203 consecuturUs,
3288 2135 3378 2206 qui
3420 2150 3506 2191 mc

1908 2226 2083 2295 ipsum
2131 2241 2237 2280 non
2279 2225 2483 2297 recipio
2534 2226 2659 2281 dum
2711 2242 2909 2299 corpus
2939 2230 3171 2285 amitto?
3209 2229 3265 2285 Si
3294 2230 3505 2287 salvere

1908 2317 2010 2383 vis,
2055 2316 2279 2373 fecisses
2309 2318 2579 2373 hominem
2629 2320 2711 2375 cui
2766 2320 2998 2376 salutem
3028 2320 3207 2377 dares.
3230 2321 3288 2377 Si
3319 2337 3348 2378 a
3371 2322 3510 2379 deli-

1909 2418 1997 2487 cto
2026 2410 2237 2480 eripere
2265 2411 2437 2480 cupis,
2471 2416 2596 2466 ante
2625 2411 2756 2466 mihi
2802 2426 2872 2468 ne
2913 2412 3347 2484 derclinquerem
3375 2429 3508 2469 con-

1912 2502 2146 2558 tulisses.
2168 2503 2320 2568 Quod
2338 2512 2519 2558 autem
2548 2511 2723 2558 tecum
2746 2502 3061 2575 suﬂ‘ragium
3085 2504 3400 2561 cireumIers
3432 2506 3507 2563 le-

1884 2596 2037 2668 ~gis?
2066 2595 2219 2663 Quod
2258 2594 2425 2671 habes
2452 2596 2815 2653 testimonium
2846 2597 3174 2668 prophetica:
3199 2600 3347 2655 vocis
3372 2598 3396 2651 ‘i
3422 2608 3515 2654 aut

1913 2688 2040 2761 quid
2070 2688 2198 2744 mihi
2242 2703 2464 2759 possum
2510 2687 2579 2744 de
2609 2698 2660 2744 te
2688 2689 2919 2744 solidum
2959 2692 3357 2761 repromittens,
3386 2706 3509 2747 cum

1916 2791 1968 2837 te
1988 2782 2195 2838 videam
2216 2783 2271 2838 in
2297 2781 2669 2852 phantasmate
2686 2788 2741 2838 et
2760 2788 2867 2837 non
2890 2783 2942 2838 in
2967 2782 3239 2840 soliditate
3261 2785 3516 2841 venisse?

1916 2874 2053 2943 Quid
2085 2890 2214 2946 ergo
2242 2875 2336 2930 tibi
2362 2890 2484 2931 cum
2526 2876 2696 2947 ﬁgura
2724 2877 2990 2946 corporis,
3024 2876 3067 2931 si
3097 2891 3295 2947 corpus
3318 2875 3513 2931 odisti?

1918 2967 2086 3023 immo
2141 2967 2436 3024 revinceris
2476 2969 2721 3039 corporis
2754 2968 2901 3039 quod
2958 2966 3119 3022 odisti
3168 2966 3519 3024 circumferre

1919 3062 2296 3129 substantiam,
2330 3062 2484 3133 cujus
2509 3063 2785 3133 suscipere
2815 3061 3031 3117 voluisti
3061 3062 3223 3117 etiam
3270 3061 3517 3133 figuram.

1921 3154 2115 3211 Odisse
2145 3155 2288 3211 enim
2318 3154 2589 3211 debueras
2619 3156 2863 3226 corporis
2914 3154 3290 3222 imitationem,
3321 3156 3367 3211 si
3393 3155 3524 3212 ode-

201 3267 295 3322 άίε
320 3267 488 3335 μηδ’
515 3278 566 3324 ει
590 3269 677 3339 ηαξ
697 3281 867 3342 ,mge,
888 3270 1141 3340 mpm,“
1163 3270 1412 3342 genu-mn,
1434 3273 1487 3325 ίη
1513 3286 1627 3325 eum
1646 3280 1818 3342 gem”
1843 3262 1888 3326 ρ
1921 3267 2010 3307 ras
2039 3251 2341 3307 veritatem.
2370 3253 2638 3319 Quoniam
2670 3253 2715 3306 si
2748 3250 2887 3307 alter
2907 3251 3018 3320 es,‘
3038 3250 3197 3307 aliter
3220 3250 3406 3307 venire
3429 3250 3529 3306 de-

200 3364 510 3434 sperabunt;
532 3374 582 3419 et
608 3367 700 3419 erit
727 3366 922 3435 requies
950 3367 1062 3437 ejus
1088 3365 1254 3421 honor
1283 3364 1438 3440 (Iani.
1476 3382 1553 3435 xt,
1586 3366 1697 3432 10).
1717 3370 1820 3422 Aut

204 3448 330 3512 eum
360 3465 572 3528 tempus
612 3459 1026 3514 resurrectionis
1056 3476 1070 3513 :
1104 3458 1265 3527 Quasi
1313 3459 1547 3516 diluculo
1580 3467 1819 3531 paratum

205 3551 518 3607 inveniemus
533 3564 648 3607 eum
674 3550 820 3622 (οδε.
845 3568 917 3620 vi,
941 3550 1019 3623 ὅ).
1036 3553 1143 3609 Aut
1164 3553 1310 3625 quod
1335 3566 1587 3610 sessurus
1603 3554 1668 3610 ad
1691 3554 1821 3610 dex-

207 3654 346 3702 tram
371 3646 575 3701 Patris:
598 3646 745 3702 Dixit
766 3645 1017 3702 Dominus
1038 3646 1260 3703 Domina
1283 3664 1392 3703 mea
1422 3665 1439 3702 :
1462 3649 1599 3704 Sede
1611 3648 1679 3704 ad
1696 3650 1819 3705 dex-

209 3748 375 3795 teram
399 3755 562 3795 meam
581 3782 594 3805 ,
620 3740 780 3795 donec
810 3756 997 3811 ponam
1026 3741 1261 3796 inimicos
1289 3752 1402 3797 tuos
1428 3741 1707 3797 scabellum
1735 3760 1821 3815 pe-

209 3834 335 3887 dum
355 3841 556 3889 tuorum
574 3834 696 3905 (Ps.
716 3850 826 3901 cu,
845 3834 980 3908 1-9).
1002 3839 1107 3891 Aut
1133 3850 1255 3891 cum
1283 3850 1564 3907 possessor
1580 3840 1822 3894 omnium

205 3927 536 3984 collocatur:
560 3926 774 3983 Postulo
798 3944 830 3983 a
846 3940 940 3994 tne,
966 3936 1011 3983 et
1035 3929 1170 3983 dabo
1185 3929 1272 3983 tibi
1289 3938 1460 4001 gentes
1476 3929 1825 3985 narreditatem

208 4028 376 4087 tuam,
402 4030 449 4075 et
478 4022 843 4092 possessionem
880 4032 1021 4076 tuam
1056 4024 1299 4078 terminos
1325 4032 1472 4079 terra:
1494 4022 1616 4098 (Ps.
1653 4041 1711 4094 tt,
1742 4026 1822 4097 8).

207 4116 321 4171 Aut
349 4114 489 4183 quod
526 4115 692 4185 judex
729 4118 970 4172 omnium
1024 4118 1328 4172 ostenditur
1357 4135 1369 4171 ε
1397 4110 1827 4191 Dens,jndirtum

212 4217 358 4264 tuum
382 4210 489 4279 regi
518 4209 604 4274 da,
633 4219 678 4264 et
700 4211 950 4277 iustitiam
980 4220 1120 4265 tuam
1138 4212 1249 4280 ﬁlio
1265 4214 1399 4285 regis
1428 4212 1546 4285 (Ps.
1572 4228 1719 4281 ιιιι,
1747 4215 1823 4288 1).

208 4299 324 4357 Nec
373 4299 474 4355 hoc
505 4300 559 4355 in
589 4301 710 4357 loco
737 4305 884 4372 plura
921 4316 1231 4374 persequar,
1262 4318 1382 4375 qua:
1410 4308 1725 4361 annuntiata
1758 4307 1827 4364 de

211 4392 454 4459 Christo,
485 4394 499 4425 ι
533 4393 782 4449 omnibus
837 4393 1125 4464 haereticis,
1166 4397 1263 4454 sed
1303 4406 1357 4454 et
1382 4396 1513 4469 ipsis
1548 4399 1829 4457 veritatem

212 4482 529 4541 tenentibus
561 4486 733 4557 magis
764 4494 890 4541 nota
922 4495 1067 4542 sunt.

869 4626 1097 4685 CAPUT
1138 4628 1207 4685 Χ.

216 4742 402 4800 Jesum
434 4741 695 4800 Christum
731 4742 831 4800 Dei
869 4742 1064 4799 Filium
1112 4759 1241 4812 esse,
1276 4754 1323 4801 et
1355 4760 1468 4801 vere
1517 4746 1771 4801 hominem
1802 4762 1821 4802 :

217 4887 221 4891 .
290 4847 470 4892 contra
500 4839 764 4894 hereticos
792 4838 1195 4908 pltantasiastas,
1218 4840 1305 4910 qui
1331 4852 1501 4895 verant
1527 4854 1735 4897 carnem
1754 4839 1822 4897 il-

216 4931 230 5000 i
292 4931 401 4984 lum
425 4931 708 5001 suscepisse
743 4930 1013 5002 negabant.

1926 3344 2121 3398 bueras
2153 3366 2165 3400 :
2198 3359 2267 3399 ne
2292 3343 2551 3399 dicereris
2574 3342 2714 3398 illius
2742 3344 3026 3411 creatoris,
3046 3343 3091 3398 si
3121 3343 3206 3399 vel
3238 3343 3525 3415 imaginem

1924 3439 2210 3497 habuisses
2229 3440 2409 3496 carnis
2438 3449 2494 3496 et
2518 3439 2780 3510 corporis.
2807 3438 2967 3495 Certe
2994 3439 3040 3495 si
3062 3439 3257 3495 oderas
3275 3439 3528 3495 nativita-

1928 3545 2060 3602 tem,
2092 3535 2216 3605 quia
2238 3534 2501 3589 creatoris
2522 3533 2719 3589 oderas
2740 3534 3045 3603 nuptiarum
3067 3533 3525 3603 conjunctionem,

1928 3643 2183 3685 recusare
2224 3626 2493 3683 debueras
2521 3626 2686 3682 etiam
2734 3626 3087 3681 imitationem
3134 3627 3393 3695 hominis,
3438 3627 3531 3698 qui

1930 3738 2025 3793 per
2046 3721 2261 3792 nuptias
2286 3721 2527 3776 nascitur
2550 3718 2831 3776 creatoris.
2861 3718 3047 3789 Neque
3078 3719 3237 3790 igitur
3263 3730 3385 3775 eum
3415 3718 3531 3773 has-

1929 3816 2222 3871 reticorum
2272 3814 2617 3886 agnoscimus
2658 3812 2958 3880 Christum,
2988 3813 3081 3883 qui
3111 3814 3164 3868 in
3191 3813 3424 3884 imagine
3452 3814 3536 3884 (ut

1929 3908 2148 3981 dicitur)
2179 3909 2276 3964 iuit
2321 3917 2377 3964 et
2411 3923 2519 3965 non
2560 3908 2614 3963 in
2668 3910 2932 3963 veritate:
2963 3904 2988 3938 δ
3011 3906 3144 3961 nihil
3171 3907 3316 3962 enim
3342 3918 3533 3962 verum

1930 4018 2119 4058 eorum
2146 4018 2266 4074 quas
2312 4003 2480 4074 gessit
2524 4001 2732 4068 iecerit,
2763 4002 2809 4057 si
2854 4002 2971 4071 ipse
2998 3998 3318 4072 phantasma
3343 4010 3399 4055 et
3427 4014 3535 4056 non

1930 4095 2133 4150 veritas
2160 4095 2258 4149 iuit
2281 4111 2296 4149 :
2338 4109 2514 4165 neque
2534 4108 2682 4160 cum,
2704 4095 2797 4164 qui
2827 4092 2956 4149 nihil
2982 4092 3037 4148 in
3060 4107 3121 4149 se
3147 4093 3319 4150 nostri
3343 4107 3540 4163 corpo‘

1932 4189 2009 4244 ris
2037 4188 2226 4258 gessit,
2259 4186 2386 4242 dum
2414 4198 2482 4242 ex
2525 4186 2691 4242 Maria
2725 4185 2860 4242 nihil
2890 4186 3118 4258 accepit,
3149 4187 3170 4220 ⁸
3200 4202 3270 4243 ne
3291 4202 3398 4244 non
3434 4202 3538 4243 no-

1933 4281 2019 4338 bis
2046 4279 2251 4337 venerit
2279 4297 2293 4347 ;
2326 4279 2455 4336 dum
2484 4296 2590 4335 non
2622 4281 2674 4336 in
2703 4290 2887 4336 nostra
2934 4279 3235 4336 substantia
3264 4281 3410 4337 visus
3436 4297 3539 4352 ap-

1934 4376 2133 4447 paruit.
2161 4374 2348 4447 Neque
2377 4375 2549 4439 illum.
2570 4376 2662 4447 qui
2691 4374 2986 4431 auheream
3026 4374 3146 4431 sive
3170 4375 3459 4442 sideream,
3484 4383 3544 4429 ut

1935 4470 2026 4526 alii
2074 4469 2362 4525 voluerunt
2405 4468 2664 4532 haeretici,
2696 4468 2866 4523 voluit
2913 4482 3167 4535 carnem;
3200 4482 3269 4523 ne
3301 4468 3461 4523 ullam
3486 4467 3540 4522 in

1935 4561 2030 4618 illo
2056 4562 2077 4593 ⁶
2094 4570 2282 4617 nostro
2305 4561 2669 4633 intelligamus
2693 4560 2944 4629 salutem,
2973 4562 3016 4616 si
3041 4576 3147 4616 non
3175 4562 3340 4617 etiam
3373 4560 3545 4616 nostri

1856 4666 1914 4729 1)
1938 4657 2184 4727 corporis
2202 4668 2596 4727 cognoscamus
2621 4654 2947 4711 soliditatem
2975 4668 3106 4710 :nec
3128 4654 3296 4709 ullum
3322 4653 3546 4709 omnino

1929 4747 2161 4803 alterum
2189 4748 2281 4819 qui
2310 4746 2536 4817 quodvis
2576 4746 2718 4802 aliud
2747 4762 2814 4801 ex
2846 4747 3100 4818 ﬁgmento
3120 4747 3140 4779 ⁷
3167 4745 3547 4802 ιιινειίουι-υηι

1928 4839 2364 4911 gesseritcorpus
2386 4838 2707 4895 fabularum.
2726 4840 2930 4895 Omnes
2947 4839 3089 4895 enim
3114 4838 3250 4896 istos
3273 4847 3330 4894 et
3350 4837 3548 4893 nativi-

1935 4940 2017 4986 tas
2059 4930 2267 4986 Domini
2295 4940 2349 4986 et
2385 4945 2532 4986 mors
2560 4930 2676 5002 ipsa
2729 4929 2991 4987 confutat.
3023 4929 3158 4985 Nam
3210 4939 3263 4986 et
3291 4926 3473 5002 (Joan.
3503 4943 3544 4999 ι,

1400 5034 1778 5105 GALLANDII
1816 5034 2384 5104 COMMENTARIUS.

296 5143 312 5175 ¹
341 5142 588 5197 Omnibus
614 5140 886 5205 htereticis,
917 5140 1006 5195 sed
1029 5149 1080 5212 et
1092 5141 1216 5212 ipsis
1230 5141 1490 5198 ueritatem
1520 5144 1825 5201 tenentibus.

219 5215 392 5271 Recte
433 5214 732 5284 conjecisse
768 5213 978 5267 videtur
1018 5211 1442 5281 Welchmanus,
1484 5214 1611 5270 dmn
1641 5215 1827 5285 legen-

221 5286 351 5342 dum
380 5295 622 5341 autumat
649 5286 775 5354 ipsis
802 5284 1072 5351 haereticis,
1102 5287 1190 5340 sed
1219 5296 1269 5341 et
1306 5286 1541 5341 omnibus
1568 5284 1829 5341 veritatem

221 5358 527 5415 tenentibus.
560 5356 629 5413 At
659 5357 857 5412 rectius
895 5357 1139 5421 fortasse,
1173 5357 1407 5412 omnibus
1446 5358 1712 5413 veritatem
1752 5366 1827 5412 te-

222 5430 482 5491 nentibus,
511 5430 598 5483 sed
633 5441 677 5483 et
712 5429 836 5499 ipsis
863 5429 1135 5484 Itwreticis.
1168 5429 1447 5498 Ejusmodi
1478 5429 1829 5500 trnjectiones

223 5502 433 5558 librarii
459 5501 596 5555 haud
631 5502 860 5556 insuete.

300 5576 323 5605 ³
357 5573 482 5627 Νοη
507 5572 709 5628 habere.
739 5569 905 5628 Forte
943 5571 1231 5644 legendum
1256 5585 1380 5627 cum
1398 5570 1758 5629 Welchmano
1787 5581 1836 5631 te

225 5662 335 5701 non
364 5646 569 5700 habere.

1930 5142 2164 5213 digniore
2188 5140 2472 5197 substantia
2493 5141 2648 5206 venit.
2667 5151 2717 5197 et
2751 5142 2808 5213 in
2832 5126 3012 5209 primis
3035 5156 3146 5209 sua,
3177 5156 3243 5196 ne
3259 5149 3308 5196 et
3330 5140 3550 5213 indigna

1932 5212 2178 5269 et’alicna
2204 5214 2455 5269 videretur
2474 5214 2713 5284 eguisse!
2739 5212 2998 5270 Jac-son.

2005 5284 2027 5316 ⁸
2058 5284 2210 5339 Nihil
2237 5287 2373 5340 enim
2401 5294 2592 5340 verum
2618 5286 3065 5356 Coujunetionem
3089 5286 3224 5340 «an
3242 5284 3455 5341 restitui
3477 5300 3547 5341 ex

1933 5370 2037 5413 ms.
2072 5356 2332 5413 Woweri.
2362 5357 2440 5413 lo.

2008 5427 2145 5502 ‘_Ne
2186 5445 2288 5483 non
2319 5429 2482 5484 nobis.
2529 5428 2633 5485 Pro
2665 5447 2729 5485 ne
2775 5445 2876 5484 non
2904 5429 3034 5502 legit
3061 5444 3223 5502 neque
3250 5429 3498 5486 Latinius
3528 5445 3545 5487 :

1934 5498 2238 5572 Jacksonus
2266 5517 2395 5572 vero
2421 5501 2605 5556 mallet
2636 5518 2794 5572 neque
2814 5498 2972 5557 enim;

2011 5573 2031 5603 ⁶
2062 5570 2384 5628 Nostro.Sic
2415 5572 2566 5628 editi.
2600 5570 2849 5627 Nostram
2878 5574 3121 5642 reposuit
3140 5573 3546 5631 Welehmanus.

1941 5643 2156 5701 Nostra:
2185 5643 2523 5719 rescrihehat
2569 5643 2907 5719 iacltsonus;
2941 5647 2995 5703 id
3024 5657 3110 5703 est
3148 5649 3321 5715 carni,
3351 5647 3419 5703 de
3445 5660 3551 5719 qua

307 5715 731 5791 ‘_Alite_r__venire
762 5716 1031 5791 debueras.
1064 5715 1229 5772 Recte
1258 5715 1428 5791 aliter,
1463 5731 1571 5791 non
1601 5718 1752 5791 alter,
1781 5725 1843 5773 ut
1938 5728 2249 5791 sermonem
2273 5716 2434 5772 habet
2456 5724 2645 5773 auctor
2673 5734 2687 5771 :
2730 5718 2874 5791 quod
2902 5719 3080 5775 minus
3106 5721 3304 5791 placet.

228 5788 450 5874 conjici}
484 5787 896 5874 Welclsmanus.
917 5787 1161 5874 ﬁens‘um
1199 5789 1433 5872 explicat
1464 5788 1837 5874 :l'ertullianus

230 5857 351 5919 adv.
384 5858 576 5930 Mam,
594 5861 631 5916 Ι.
656 5876 736 5930 ιιι,
763 5875 882 5932 cap.
911 5859 982 5916 i0
1008 5857 1149 5919 :Cur
1174 5857 1309 5917 enim
1325 5876 1429 5917 non
1458 5860 1513 5918 in
1540 5860 1715 5934 aliqua
1732 5861 1841 5919 alia

2014 5790 2033 5819 ⁷
2056 5787 2522 5864 ngticorum....
2536 5828 2549 5843 .
2577 5787 2763 5864 corpus
2778 5790 3094 5860 fabularum.
3106 5787 3215 5864 'Alii
3232 5791 3437 5864 legunt,
3452 5803 3556 5844 uo-

1945 5869 2094 5919 tante
2121 5860 2319 5919 Franc.
2359 5859 2546 5935 Junio,
2579 5859 2959 5935 latereticarum,
2992 5873 3053 5923 ut
3074 5859 3345 5924 toleratur
3372 5861 3442 5921 ad
3468 5864 3554 5932 fa-
