4026 6328
534 311 640 369 905

2021 315 2397 374 NOVATIANI
3726 325 3809 383 Silii

535 423 626 492 14)
668 423 904 490 Verbum,
949 421 1119 494 inquit
1155 421 1411 491 Joannes,
1458 439 1577 478 caro
1609 426 1799 495 factum
1840 434 1933 491 est,
1964 435 2011 480 et
2043 426 2132 479 ha-
2159 426 2212 486 Α
2242 427 2368 482 illud
2398 427 2541 498 quod
2573 442 2679 482 non
2715 429 2928 496 vident,
2960 445 3056 502 per
3100 430 3230 488 illud
3256 432 3401 503 quod
3452 432 3652 491 vident.
3678 435 3809 504 Quasi

531 513 704 568 bitavit
729 515 782 568 in
803 514 962 568 nobis.
985 514 1052 571 Ut
1069 516 1258 571 merito
1272 530 1467 587 corpus
1490 527 1732 571 nostrum
1760 515 1812 570 in
1839 517 1930 571 illo
1972 517 2132 573 fuerit

531 611 782 681 quoniam
813 609 1028 678 quidem
1061 618 1300 666 nostram
1319 625 1535 664 carnem
1566 612 1756 666 Sermo
1777 612 2031 681 suscepit.
2064 612 2131 666 Et

530 702 748 772 sanguis
778 699 977 756 idcirco
1002 702 1071 757 de
1099 703 1346 758 manibus
1397 718 1460 758 ac
1509 704 1750 772 pedibus,
1801 713 1963 775 atque
2013 705 2131 774 ipso

531 792 697 849 latere
722 795 1048 863 demanavit,
1072 805 1128 850 ut
1155 797 1323 850 nostri
1352 810 1577 850 consors
1599 798 1846 867 corporis
1873 798 2127 866 probare-

533 893 639 952 tur,
671 885 795 940 dmn
824 901 1050 942 occasus
1083 888 1256 942 nostri
1281 887 1490 958 legibus
1521 891 1769 943 moritur.
1797 888 1899 956 Qui
1922 889 2046 944 dum
2077 891 2128 944 in

529 976 717 1032 eadem
749 979 1045 1034 substantia
1098 980 1344 1050 corporis
1376 980 1430 1034 in
1458 996 1560 1050 qua
1592 979 1841 1047 moritur,
1870 981 2132 1036 ressusci-

532 1079 671 1124 tatus
701 1071 863 1139 ipsius
906 1073 1150 1141 corporis
1190 1071 1500 1128 vulneribus
1535 1072 1938 1143 comprobatur,
1969 1073 2130 1128 etiam

529 1161 940 1217 resurrectionis
969 1172 1169 1218 nostrae
1201 1163 1347 1235 leges
1392 1165 1444 1220 in
1479 1178 1573 1219 sua
1598 1180 1759 1220 carne
1792 1165 2128 1232 monstravit,

533 1256 548 1284 ’
572 1254 661 1324 qui
683 1270 901 1326 corpus,
923 1256 1064 1325 quod
1079 1271 1145 1311 ex
1159 1255 1314 1311 nobis
1327 1256 1531 1323 habuit,
1551 1258 1605 1312 in
1623 1274 1716 1313 sua
1737 1261 2133 1313 resurrectione

530 1349 780 1404 restituit.
813 1350 921 1405 Lex
950 1349 1094 1405 enim
1125 1350 1541 1406 resurrectionis
1565 1356 1801 1422 ponitur,
1823 1352 1952 1408 dum
1977 1352 2135 1408 Chri-

529 1451 643 1496 stus
670 1442 735 1498 ad
764 1445 1066 1515 exemplum
1095 1455 1416 1501 caeterorum
1447 1447 1500 1501 in
1543 1447 1838 1502 substantia
1887 1451 2134 1518 corporis

530 1537 834 1591 suscitatur.
855 1537 1140 1605 Quoniam,
1164 1553 1284 1593 cum
1307 1538 1350 1610 (l
1377 1537 1496 1594 Cor.
1531 1555 1641 1606 xw,
1673 1539 1763 1612 50)
1790 1558 1907 1596 caro
1935 1551 1981 1596 et
2009 1559 2133 1596 san-

528 1629 642 1699 guis
673 1645 774 1682 non
799 1631 1022 1686 obtinere
1041 1647 1250 1701 regnum
1273 1629 1371 1685 Dei
1387 1632 1655 1698 scribitur,
1677 1648 1780 1687 non
1808 1634 1986 1689 carnis
2009 1633 2135 1689 sub-

530 1722 722 1776 stantia
743 1720 994 1776 damnata
1021 1731 1123 1785 est,
1159 1738 1277 1793 qua:
1300 1722 1495 1777 divinis
1525 1724 1789 1792 manibus,
1822 1742 1888 1781 ne
1915 1728 2130 1795 periret,

2239 521 2472 574 hominis
2494 521 2634 576 enim
2660 521 2713 576 in
2741 523 2832 578 illo
2853 523 3166 595 fragilitates
3185 526 3710 598 considerant,quasi
3739 529 3811 586 Dei

2239 615 2468 668 virtutes
2507 630 2612 668 non
2649 626 2992 685 computant;
3021 618 3362 674 inﬁrmitates
3384 620 3569 675 carnis
3585 621 3809 690 recolunt,

2235 715 2530 777 potestates
2543 708 2835 765 divinitatis
2847 710 3390 781 excludunt.Quando
3403 713 3449 768 si
3474 713 3814 783 probatiohazc

2235 817 2300 854 ex
2332 801 2730 856 inﬁrmitatibus
2753 801 2953 858 Christi
2977 803 3104 860 illuc
3145 806 3367 874 prolicit,
3393 815 3453 860 ut
3483 805 3646 861 homo
3673 823 3727 861 ex
3751 809 3815 862 in-

2237 894 2574 948 ﬁrmitatibus
2609 897 3020 965 comprobetur;
3059 898 3306 968 probatio
3331 898 3634 954 divinitatis
3661 898 3710 953 in
3745 886 3813 956 illo

2235 989 2461 1044 colleCta
2489 1005 2556 1045 ex
2588 991 2872 1047 virtutibus
2893 993 3017 1048 illuc
3045 994 3305 1064 proﬁciet,
3333 1005 3390 1050 ut
3418 996 3586 1050 etiam
3615 997 3742 1052 Deus
3765 1013 3813 1053 ex

2235 1085 2489 1153 operibus
2537 1097 2830 1141 asseratur.
2867 1088 2921 1142 Si
2954 1088 3097 1144 enim
3131 1089 3410 1160 passiones
3460 1090 3742 1145 ostendunt
3776 1095 3812 1146 iu

2237 1176 2332 1232 illo
2378 1177 2667 1234 humanam
2721 1179 3062 1251 fragilitatem
3088 1225 3106 1252 ,
3137 1199 3235 1239 cur
3259 1198 3426 1254 opera
3478 1199 3586 1238 non
3615 1195 3817 1240 asseram

2237 1271 2289 1324 in
2316 1271 2406 1325 illo
2433 1272 2668 1327 divinam
2704 1277 3064 1344 potestatem?
3092 1293 3158 1333 ne
3197 1279 3241 1333 si
3290 1279 3393 1334 hoc
3423 1293 3537 1333 non
3569 1278 3815 1349 profecerit

2240 1373 2295 1417 ut
2328 1364 2470 1420 Deus
2491 1380 2557 1419 ex
2582 1367 2870 1423 virtutibus
2897 1380 3194 1438 asseratur,
3248 1387 3350 1427 nec
3401 1371 3683 1443 passiones
3717 1389 3815 1443 pro-

2240 1455 2419 1511 ﬁciant
2459 1468 2516 1512 ut
2559 1459 2720 1513 etiam
2771 1459 2934 1516 homo
2985 1479 3051 1517 ex
3094 1462 3227 1533 ipsis
3297 1478 3424 1520 esse
3499 1474 3814 1522 monstretur.

2237 1550 2601 1621 Quazcumque
2629 1553 2771 1607 enim
2802 1554 2884 1610 lex
2917 1556 2968 1608 in
2991 1555 3250 1611 alterutro
3277 1556 3441 1612 fuerit
3477 1558 3672 1628 pOsita,
3702 1560 3817 1615 inve-

2238 1645 2417 1698 nietur
2445 1661 2566 1700 esse
2588 1645 2608 1675 ⁸
2629 1658 2901 1718 suscepta.
2937 1649 3242 1705 Periculum
3283 1651 3431 1707 enim
3462 1654 3599 1720 erit,
3627 1668 3716 1707 nec
3741 1653 3814 1708 ho-

2240 1737 2439 1791 minem
2472 1737 2620 1792 illum
2648 1754 2712 1794 ex
2745 1740 3082 1810 passionibus
3123 1743 3354 1810 ostendi,
3379 1744 3449 1813 (si
3482 1760 3593 1799 non
3625 1746 3817 1815 potuerit

530 1822 798 1869 exstructa
827 1823 909 1868 est
929 1831 943 1879 ;
963 1814 1060 1870 sed
1089 1815 1201 1870 sola
1222 1818 1400 1870 carnis
1427 1817 1580 1887 culpa
1604 1820 1793 1874 merito
1810 1821 2133 1891 reprehensa

2242 1829 2403 1884 etiam
2439 1829 2581 1885 Deus
2620 1846 2686 1885 ex
2737 1833 3021 1889 virtutibus
3065 1835 3374 1905 approbari.
3433 1835 3555 1892 Non
3602 1814 3679 1892 est
3720 1853 3817 1908 ergo

531 1915 634 1971 ρει,
665 1921 783 1974 qua:
802 1907 1098 1961 voluntaria
1119 1907 1352 1963 hominis
1375 1912 1674 1966 temeritate
1697 1925 1881 1967 contra
1902 1914 2032 1984 legis
2058 1915 2139 1969 di-

531 1998 669 2054 vina:
690 1999 808 2069 jura
835 2011 1076 2069 grassata
1099 2013 1202 2057 est.
1232 2005 1363 2068 Quia
1398 2004 1448 2058 in
1477 2003 1806 2074 Baptismate
1839 2018 1892 2060 et
1919 2007 1970 2061 iu
1994 2023 2138 2062 mor-

535 2092 604 2147 tis
635 2092 1011 2160 dissolutione,
1037 2095 1243 2151 sublata
1272 2114 1398 2154 caro
1444 2098 1508 2153 ad
1541 2099 1767 2155 salutem
1806 2103 2092 2157 revertitur
2123 2121 2134 2156 :

533 2182 661 2240 dum
695 2184 760 2240 ad
788 2196 986 2242 statum
1017 2189 1362 2258 innocentiae,
1389 2190 1632 2261 deposita
1663 2193 1905 2248 criminis
1935 2202 2138 2249 morta-

533 2279 704 2346 litate,
729 2292 1040 2337 revocatur.

1158 2398 1398 2458 CAPUT
1442 2401 1531 2458 XI.

532 2486 602 2543 Et
643 2505 758 2544 vero
788 2508 888 2545 non
920 2492 1174 2548 hominem
1201 2503 1399 2548 tantum
1426 2496 1703 2564 Christum,
1730 2497 1818 2552 sed
1844 2508 1890 2552 et
1929 2498 2096 2553 Deum
2124 2515 2142 2552 :

778 2588 926 2641 sicuti
956 2588 1173 2642 hominis
1199 2588 1386 2658 ﬁlium,
1418 2591 1488 2643 ita
1515 2601 1562 2644 et
1589 2591 1680 2645 Dei
1705 2593 1887 2662 ﬁlium.

605 2677 807 2735 Verum
835 2693 902 2733 ne
939 2694 1004 2734 ex
1047 2679 1148 2735 hoc
1171 2681 1312 2750 quod
1344 2681 1627 2736 Dominum
1671 2693 1915 2738 nostrum
1958 2683 2141 2740 Jesum

530 2770 798 2826 Christum
833 2771 924 2826 Dei
958 2771 1234 2827 Creatoris
1256 2771 1447 2827 Filium
1475 2774 1526 2828 in
1558 2775 1853 2830 suhsmntia
1884 2777 1996 2832 veri
2024 2793 2142 2832 cor—

530 2863 678 2932 poris
707 2863 1009 2919 exhibitum
1033 2865 1347 2933 asserimus,
1373 2866 1491 2920 aliis
1509 2866 1778 2922 haereticis
1815 2868 1994 2924 hocin
2023 2871 2144 2925 loco

531 2957 804 3013 hominem
835 2967 1042 3012 tantum
1071 2967 1127 3012 et
1157 2960 1329 3014 solum
1358 2957 1796 3024 defendentibus,
1829 2969 1990 3032 atque
2022 2962 2142 3017 ideo

530 3049 807 3106 hominem
833 3049 982 3104 illum
1029 3050 1232 3105 nudum
1255 3061 1310 3107 et
1333 3050 1630 3106 solitarium
1665 3051 1894 3121 probare
1923 3055 2143 3122 Cupien—

531 3142 706 3210 tibus,
749 3152 843 3198 aut
902 3159 1094 3198 manus
1120 3143 1355 3208 dedisse,
1399 3146 1534 3199 aut”
1566 3145 1818 3215 loquendi
1861 3150 2140 3201 materiam

530 3236 904 3293 commodasse
940 3236 1216 3292 videamur
1241 3255 1253 3291 :
1286 3254 1392 3293 non
1423 3238 1500 3293 sic
1526 3237 1595 3294 de
1624 3237 1920 3294 substantia
1943 3256 2136 3312 corpo-

531 3337 605 3392 ris
646 3335 813 3406 ipsius
851 3336 1220 3406 exprimimus,
1269 3345 1327 3392 ut
1353 3337 1374 3368 ³
1402 3337 1575 3391 solum
1612 3344 1816 3391 tantum
1868 3339 2138 3394 hominem

530 3431 679 3487 illum
702 3445 821 3486 esse
842 3429 1114 3495 dicamus;
1142 3429 1236 3486 sed
1269 3439 1344 3494 ut,
1367 3429 1648 3486 divinitate
1669 3432 1932 3486 sermonis
1949 3432 2000 3486 in
2026 3434 2136 3504 ipsa

531 3522 873 3578 concretione
915 3525 1208 3592 permixta,
1243 3523 1405 3578 etiam
1438 3521 1603 3576 Deum
1650 3522 1796 3577 illum
1844 3525 2136 3580 secundum

530 3613 1275 3684 Scripturasesseteneamus.
1295 3614 1391 3669 Est
1420 3615 1561 3670 enim
1592 3615 1885 3685 periculum
1909 3617 2134 3687 grande,

530 3708 850 3764 salvatorem
880 3708 1093 3778 generis
1111 3707 1350 3773 humani,
1379 3709 1539 3762 totius
1566 3707 1841 3763 dominum
1857 3721 1907 3764 et
1933 3709 2131 3779 princi-

530 3814 652 3871 pem
677 3799 880 3866 mundi,
904 3799 988 3855 cui
1007 3799 1222 3871 (Matth.
1260 3816 1354 3862 xx,
1371 3799 1464 3872 21)
1488 3817 1514 3853 a
1538 3816 1634 3855 suo
1650 3800 1805 3856 Patre
1829 3803 2003 3855 omnia
2030 3813 2133 3858 tra-

529 3894 638 3950 dita
665 3903 786 3950 sunt
814 3904 868 3950 et
893 3904 1082 3949 cuncta
1112 3909 1392 3960 concessa,
1416 3909 1512 3965 per
1551 3910 1709 3964 quem
1742 3896 1983 3951 instituta
2007 3906 2136 3953 sunt

529 3989 992 4054 Universa,creata
1016 4001 1144 4044 sunt
1165 3998 1293 4055 tota,
1311 3986 1512 4059 digesta
1535 3999 2133 4057 suntcuucta,a.-vorum

529 4083 771 4139 onmium
823 4091 878 4139 et
933 4093 1234 4154 temporum
1285 4097 1490 4154 regem,
1519 4082 1845 4152 Angelorum
1889 4085 2132 4141 omnium

531 4176 830 4248 principem
863 4186 988 4232 ante
1010 4193 1170 4248 quem
1208 4176 1343 4231 nihil
1374 4183 1570 4246 pratter
1595 4176 1832 4244 Patrem,
1856 4177 2130 4234 hominem

532 4269 903 4326 tantummodo
927 4271 1589 4338 dicere,etauctoritatem
1613 4272 1687 4326 illi
1712 4271 1945 4327 divinam
1974 4274 2025 4328 in
2050 4274 2133 4329 his

528 4363 817 4436 abnegare.
870 4363 997 4419 llaec
1060 4365 1205 4419 enim
1259 4365 1585 4420 contumelia
1645 4365 2020 4421 hmreticorum
2064 4367 2130 4422 ad

527 4460 700 4531 ipsum
725 4474 942 4530 quoque
973 4459 1137 4514 Deum
1176 4459 1389 4514 Patrem
1417 4457 1757 4527 redundabit,
1784 4460 1828 4514 si
1860 4461 1999 4515 Deus
2029 4461 2131 4514 Pa-

527 4563 610 4610 ter
635 4553 827 4610 Filium
849 4552 1013 4606 Deum
1040 4567 1301 4622 generare
1333 4567 1437 4606 non
1468 4552 1662 4623 potuit.
1691 4550 1796 4608 Sed
1829 4553 1970 4607 enim
1992 4554 2132 4609 veri-

527 4649 620 4702 tati
652 4645 866 4701 cazcitas
909 4643 1291 4700 hzcreticorum
1321 4644 1464 4700 nulla
1497 4645 1832 4714 praescribet.
1862 4644 1973 4700 Nec
1993 4659 2127 4716 quo-

2244 1923 2298 1977 in
2325 1939 2483 1978 unam
2507 1933 2714 1994 partem
2745 1925 3132 1994 inclinandum,
3162 1939 3216 1984 et
3237 1929 3304 1985 ab
3327 1929 3433 1984 alia
3463 1939 3617 2000 parte
3643 1930 3813 2001 fugien-

2243 2015 2392 2084 dum,
2423 2019 2675 2088 quoniam
2703 2034 2804 2074 nec
2845 2021 3050 2077 tenebit
3075 2020 3368 2091 perlectam
3389 2025 3674 2078 veritatem
3700 2024 3816 2095 quis-

2242 2113 2363 2182 quis
2387 2112 2544 2167 aliam
2576 2113 2816 2170 veritatis
2844 2115 3137 2171 excluserit
3184 2116 3517 2186 portionem.
3544 2116 3672 2172 Tam
3705 2118 3818 2172 enim

2244 2206 2518 2277 Scriptura
2555 2206 2720 2262 etiam
2770 2208 2936 2264 Deum
2984 2211 3264 2265 annuntiat
3301 2210 3590 2267 Christum
3622 2255 3636 2280 ,
3691 2227 3816 2284 quam

2244 2301 2405 2356 etiam
2431 2301 2705 2359 hominem
2738 2304 2912 2374 ipsum
2959 2305 3239 2359 annuntiat
3267 2304 3440 2361 Deum
3481 2323 3498 2373 ;
3534 2317 3638 2361 tam
3677 2306 3818 2360 homi-

2246 2411 2368 2451 nem
2397 2396 2687 2467 descripsit
2716 2396 2898 2453 Jesum
2941 2396 3240 2467 Christum,
3271 2416 3433 2470 quam
3492 2402 3653 2456 etiam
3684 2402 3815 2456 Deum

2246 2504 2459 2560 quoque
2483 2490 2770 2562 descripsit
2811 2489 3080 2546 Christum
3127 2493 3439 2549 Dominum.
3463 2494 3718 2563 Quoniam
3744 2509 3817 2548 nec

2249 2582 2340 2638 Dei
2376 2592 2579 2638 tantum
2615 2584 2763 2638 illum
2788 2582 2982 2638 Filium
3005 2599 3127 2640 esse
3157 2588 3434 2657 proponit,
3477 2587 3577 2644 sed
3603 2598 3654 2644 et
3678 2587 3818 2642 homi-

2248 2677 2372 2742 nis;
2417 2691 2515 2732 nec
2571 2677 2804 2734 hominis
2856 2687 3058 2734 tantum
3108 2679 3270 2746 dicit,
3302 2685 3401 2737 sed
3442 2692 3498 2738 et
3532 2683 3622 2738 Dei
3652 2684 3816 2738 referre

2247 2782 2560 2828 consuevit:
2597 2780 2655 2827 ut
2675 2771 2800 2827 dum
2831 2787 2898 2828 ex
2925 2782 3156 2844 utroque
3182 2783 3286 2841 est,
3319 2786 3616 2847 utrumque
3645 2778 3739 2840 sit;
3767 2790 3816 2830 nc

2247 2866 2290 2921 si
2335 2866 2559 2921 alterum
2610 2874 2815 2921 tantum
2845 2866 2936 2932 sit,
2983 2865 3212 2921 alterum
3266 2883 3391 2924 esse
3433 2884 3543 2924 non
3575 2868 3745 2939 possit.
3763 2865 3816 2922 Ut

2247 2958 2392 3014 enim
2425 2959 2758 3029 praescripsit
2803 2958 2917 3029 ipsa
2949 2969 3138 3014 natura
3190 2961 3468 3016 hominem
3523 2959 3812 3017 credendum

2247 3067 2387 3119 esse,
2429 3052 2518 3123 qui
2551 3067 2616 3107 ex
2647 3050 2867 3108 homine
2896 3053 2968 3107 sit
2997 3067 3013 3118 ;
3057 3054 3127 3107 ita
3158 3052 3347 3108 eadem
3380 3063 3573 3110 natura
3605 3053 3812 3124 praescri-

2247 3143 2327 3200 bit
2355 3153 2407 3199 et
2436 3145 2600 3200 Deum
2629 3143 2959 3199 credendum
3000 3158 3143 3209 esse,
3178 3144 3267 3215 qui
3299 3161 3364 3200 ex
3401 3146 3514 3202 Deo
3559 3147 3660 3200 sit:
3699 3159 3757 3201 ne
3781 3143 3813 3198 si

2247 3253 2353 3294 non
2385 3248 2440 3294 et
2469 3239 2609 3293 Deus
2637 3237 2816 3304 fuerit,
2849 3253 2970 3293 cum
3019 3253 3083 3293 ex
3133 3239 3246 3294 Deo
3277 3238 3346 3294 sit
3373 3256 3388 3306 ;
3418 3239 3532 3310 jam
3561 3253 3656 3295 nec
3685 3237 3814 3293 homo

2195 3306 2210 3366 ί
2247 3333 2334 3396 sit,
2360 3331 2484 3386 licet
2509 3348 2571 3386 ex
2591 3331 2808 3387 homine
2826 3331 3002 3387 fuerit.
3030 3333 3050 3363 ⁵
3081 3332 3144 3387 Et
3167 3332 3243 3387 sic
3271 3333 3322 3386 in
3352 3333 3616 3390 alterutro
3644 3342 3814 3386 utrum-

2244 3441 2348 3495 que
2371 3426 2718 3492 periclitetur,
2742 3426 2869 3481 dum
2891 3426 3120 3482 alterum
3161 3426 3334 3482 altero
3361 3427 3526 3483 ﬁdem
3555 3425 3813 3498 perdidisse

2242 3520 2593 3574 convincitur.
2611 3519 2710 3587 Qui
2732 3519 2914 3589 legunt
2941 3535 3070 3591 ergo
3100 3518 3314 3592 (Matth.
3336 3535 3376 3586 ι,
3405 3520 3462 3591 1)
3496 3521 3516 3551 ⁶
3538 3518 3751 3575 hominis
3773 3515 3814 3569 ﬁ-

2241 3611 2367 3665 lium
2388 3611 2658 3666 hominem
2673 3611 2946 3668 Christum
2964 3612 3359 3683 lesum,legant
3374 3612 3520 3670 hunc
3534 3612 3758 3669 eumdem
3771 3615 3812 3662 et

2239 3705 2405 3760 Deum
2426 3715 2480 3759 et
2504 3703 2596 3760 Dei
2619 3704 2814 3760 Filium
2839 3716 3226 3776 nuncupatum.
3245 3705 3377 3761 Nam
3403 3709 3422 3738 ⁷
3447 3705 3707 3778 quomodo
3729 3709 3809 3767 est,

2239 3810 2340 3867 qua
2360 3796 2540 3861 homo,
2563 3812 2629 3852 ex
2653 3797 2945 3864 Abraham;
2965 3797 3045 3853 sic
3069 3807 3154 3853 est
3169 3797 3357 3866 etiam,
3377 3814 3482 3866 qua
3503 3799 3641 3855 Deus
3660 3793 3807 3869 (Joan.

2239 3906 2350 3958 vm,
2381 3891 2491 3963 58),
2509 3901 2631 3947 ante
2647 3891 2818 3962 ipsum
2834 3892 3126 3947 Abraham.
3141 3891 3211 3947 Et
3226 3893 3522 3964 quomodo,
3538 3908 3637 3964 qua
3661 3893 3807 3950 homo.

2237 3987 2376 4055 [ilius
2409 3986 2576 4041 David
2619 3985 2834 4059 (Matth.
2879 4001 3034 4054 xum,
3063 3987 3154 4053 «52,
3185 3986 3278 4052 45,
3307 3984 3402 4059 44)
3431 4005 3445 4053 ;
3493 3988 3563 4042 ita
3597 3982 3808 4040 Dominus

2240 4081 2427 4147 David,
2465 4097 2569 4151 qua
2623 4080 2786 4147 Deus,
2829 4088 3168 4149 nuncupatus
3192 4089 3294 4136 est.
3330 4081 3399 4136 Et
3429 4078 3709 4152 quomodo,
3728 4089 3805 4146 qua

2237 4171 2419 4238 homo,
2446 4170 2537 4226 sub
2552 4171 2659 4242 lege
2686 4170 2860 4226 factus
2885 4180 2968 4225 est
2996 4168 3141 4242 (Gal.
3173 4185 3254 4239 tv,
3282 4171 3390 4240 4);
3422 4171 3517 4238 ita,
3551 4185 3648 4240 qua
3675 4168 3804 4246 Deus,

2235 4265 2434 4320 sabbati
2476 4263 2728 4318 Dentium
2759 4278 3050 4334 expressus
3090 4272 3173 4319 est
3206 4262 3359 4337 (Luc.
3403 4279 3478 4326 vr,
3513 4262 3590 4336 5).
3620 4260 3682 4316 Et
3704 4271 3803 4328 quo-

2237 4357 2418 4424 modo,
2439 4372 2543 4427 qua
2573 4355 2756 4423 homo,
2791 4354 3115 4410 sententiam
3157 4356 3358 4427 patitur
3393 4354 3626 4427 (Matth.
3669 4363 3799 4410 xxvii,

2233 4452 2355 4524 26);
2389 4452 2466 4506 sic
2493 4465 2676 4517 omne,
2706 4464 2811 4520 qua
2850 4449 3012 4516 Deus,
3036 4449 3102 4504 de
3115 4449 3248 4504 vivis
3265 4458 3320 4505 et
3338 4446 3800 4519 mortuisjudicium

2235 4549 2434 4604 habere
2460 4547 2726 4616 reperitur
2757 4543 2934 4617 (Joan.
2967 4560 3019 4608 v,
3048 4544 3140 4611 21,
3171 4543 3292 4616 22).
3326 4543 3396 4599 Et
3425 4539 3688 4616 quomodo
3705 4539 3795 4607 post

2236 4641 2514 4708 mundum,
2539 4655 2642 4712 qua
2667 4641 2849 4708 homo,
2868 4639 3105 4696 nascitur
3125 4656 3138 4694 :
3162 4638 3241 4694 sic
3274 4635 3456 4710 (Joan.
3484 4653 3610 4703 xvn,
3634 4631 3683 4701 5)
3705 4637 3799 4684 ante

525 4740 672 4797 niam
696 4740 748 4794 iu
786 4738 1006 4795 Christo
1055 4738 1253 4810 aliquid
1298 4747 1504 4807 tenent,
1546 4740 1747 4810 aliquid
1778 4755 1884 4796 non
1917 4715 2121 4810 tenent,
2153 4715 2205 4775 D
2233 4736 2511 4802 mundum,
2532 4751 2635 4807 qua
2669 4736 2834 4806 Deus,
2860 4735 3027 4791 fuisse
3054 4733 3386 4805 perhibetur.
3406 4726 3731 4804 thuomodo
3747 4734 3796 4777 ex

524 4837 755 4894 alterum
781 4834 998 4905 vident,
1030 4833 1258 4891 alterum
1287 4849 1398 4891 non
1441 4833 1658 4903 vident,
1683 4835 1941 4906 eripietur
1973 4835 2127 4890 nobis

2232 4832 2438 4888 semine
2490 4829 2660 4886 David
2703 4829 2882 4904 (Rom.
2910 4845 2949 4899 ι,
2989 4829 3067 4901 '5),
3107 4842 3212 4900 qua
3251 4827 3436 4898 homo,
3476 4826 3676 4902 genitus
3707 4827 3796 4880 est;

1669 4971 2045 5031 GALLANDII
2101 4968 2655 5030 COMMENTARIUS.

527 5137 782 5192 buturum.
808 5137 913 5195 Sed
940 5137 1042 5194 hoc
1069 5137 1228 5192 male.
1261 5133 1571 5205 Legendum
1611 5134 1790 5204 potius
1818 5134 2128 5205 suspicatur

529 5208 671 5264 idem
717 5209 907 5265 Junius
933 5226 1118 5280 corpus
1145 5207 1482 5280 fabularium,
1521 5217 1674 5280 caput,
1700 5211 1912 5280 μνθῶδες
1936 5224 1964 5280 7:_
1997 5206 2129 5280 dici-

530 5288 617 5352 tur
643 5281 783 5334 enim
813 5277 1060 5350 fabularis
1099 5277 1154 5336 et
1180 5280 1488 5352 fabularius,
1519 5288 1578 5334 ut
1604 5277 1782 5352 altaris
1813 5291 1873 5352 et_
1893 5278 2126 5352 οιιανὶιιεἶ

528 5351 668 5407 llinc
711 5347 1062 5406 haereticorum
1109 5347 1214 5406 vox
1269 5367 1376 5406 non
1431 5360 1515 5406 est
1569 5349 1950 5405 sollicitanda:
1986 5347 2131 5421 quod

531 5422 721 5494 probo.
747 5421 999 5478 Jacnsos.
1029 5423 1418 5480 Welchmanus
1456 5431 1634 5477 autem
1679 5420 2018 5492 conjiciebat’
2040 5435 2127 5476 re-

530 5493 876 5551 ScriliendUIIi
902 5495 1153 5562 fabulare.

607 5567 622 5596 ¹
661 5563 785 5636 Qui.
809 5564 1192 5620 Welchmanus
1216 5566 1355 5636 quia,
1390 5581 1494 5621 non
1525 5565 1684 5621 male.
1710 5563 1963 5622 chxsos.

603 5635 929 5708 'Laquendi.
961 5635 1280 5705 Obloquendi
1336 5638 1640 5708 suspicatur
1674 5637 1958 5708 legendum
2007 5651 2128 5694 esse

532 5707 918 5767 Welchmauus
943 5708 1085 5781 :(sed
1111 5707 1276 5778 idem,
1304 5707 1518 5781 Opinor,
1545 5709 1666 5765 heic
1695 5707 1841 5765 valet
1864 5710 2125 5780 loquendi,

534 5798 599 5846 ac
628 5781 941 5852 disputandi.
973 5779 1050 5836 In.

539 5891 544 5895 -
607 5853 629 5888 ³
650 5850 835 5914 Stilum
864 5861 1082 5910 tantum.
1112 5850 1275 5912 Forte
1301 5855 1466 5909 solum
1495 5863 1542 5909 et
1592 5861 1784 5909 tantum
1816 5896 1830 5924 ,
1881 5863 1939 5911 ut
1970 5853 2128 5928 paulo

2230 5130 2770 5206 superiusJAcrgsotv.
2837 5141 2844 5170 ι
2930 5202 2942 5206 _
3041 5203 3050 5206 _
3699 5197 3708 5206 .

2302 5203 2324 5233 ⁴
2339 5202 2608 5274 Sttscepta.
2633 5203 2910 5258 Editorum
2930 5202 3221 5258 lectionem
3237 5214 3493 5273 suspecta,
3511 5206 3575 5260 ita
3597 5202 3780 5266 castiga-

2232 5276 2309 5331 vit
2334 5274 2740 5348 Welchmanus,
2770 5291 3002 5348 eumque
3032 5276 3276 5348 sequitur
3299 5275 3624 5348 Jaeltsonus.
3691 5338 3717 5348 η
3737 5334 3760 5348 ν

2307 5349 2328 5379 ⁵
2351 5345 2416 5400 Et
2446 5347 2593 5400 sicin
2619 5335 2767 5402 alter.
2786 5347 2860 5401 Ita
2890 5335 3011 5401 c'um
3042 5335 3279 5419 Ga'gnzeo
3303 5357 3361 5403 et
3390 5343 3624 5402 Barreusi
3648 5335 3781 5394 edidit

2236 5418 2645 5476 Welchmanus.
2683 5419 2766 5473 Al.
2795 5419 3055 5474 omittunt
3083 5418 3176 5474 sie.
3323 5422 3327 5426 ’

2305 5492 2326 5523 ⁶
2360 5489 2596 5546 Hominis
2611 5489 3121 5558 ﬁtiumhominemC.
3150 5489 3206 5543 J.
3241 5491 3502 5559 Pr0ponit
3527 5482 3782 5559 Welchtna-

2233 5550 2656 5636 nuslegendttm,
2672 5563 2927 5618 hominem
2954 5574 3000 5618 et
3025 5563 3242 5636 hominis
3264 5550 3430 5636 filium
3448 5559 3608 5636 :quod
3630 5550 3777 5636 ριίηξκξξ

2232 5645 2286 5692 et
2327 5625 2569 5705 analogia
2607 5637 2993 5705 sequentium,
3031 5635 3196 5690 Deum
3226 5625 3272 5688 et
3298 5633 3398 5688 Dei
3427 5625 3588 5704 ﬁlium
3614 5625 3781 5681 videtur

2231 5704 2564 5766 conﬁrmari.
2598 5704 2858 5764 Jacksou.
3681 5766 3690 5776 ,
3739 5760 3748 5771 ,

2302 5780 2321 5812 ⁷
2354 5780 2655 5855 Quomodo._
2669 5780 2882 5840 Mallem
2895 5779 3109 5839 divisim
3129 5780 3234 5854 legi
3247 5797 3347 5855 quo
3367 5780 3512 5836 modo
3533 5794 3551 5846 ,·
3592 5779 3639 5830 et
3656 5775 3718 5823 sic
3739 5775 3776 5815 In

2232 5853 2606 5925 sequentibus.
2635 5852 2714 5910 lo.
