4026 6328
484 262 587 323 907

1911 269 2291 339 NOVATIAM
3684 281 3772 341 908

477 388 594 436 tate
622 380 866 451 misceri,
911 383 1002 457 qui
1044 382 1314 445 Christum
1361 383 1783 445 Patrem'dicit?
1821 388 1921 443 nisi
1950 405 2081 460 quo-
2109 385 2161 447 Α
2188 392 2404 447 ritatem
2445 390 2626 460 illam,
2654 406 2818 467 quam
2859 393 2987 453 dum
3016 400 3143 455 ante
3176 393 3360 451 mundi
3398 393 3773 453 institutionem

484 473 629 531 niam
657 517 671 545 ,
715 476 830 531 sive
872 477 1020 539 illum
1071 477 1301 541 Patrem.
1338 477 1452 537 sive
1498 477 1689 537 Filium
1720 480 1975 549 dixerint,
2025 481 2091 536 ab

482 569 681 625 lnuresi
736 586 852 639 Sua,
899 571 1049 627 inviti
1099 572 1245 640 licet,
1277 571 1579 633 desciscant
1611 590 1835 632 llCCBrSC
1865 584 1969 640 est,
1999 575 2089 646 qui

486 661 764 720 Chri~tum
794 665 1069 723 hominem
1104 666 1477 729 tantummodo
1503 668 1676 727 solent
1702 667 1885 725 dicere
1914 686 1927 721 :
1961 668 2090 725 dum

488 757 665 827 illum,
697 760 861 815 rebus
909 761 1038 831 ipsis
1067 763 1263 827 coacti,
1316 762 1485 825 Deum
1534 762 1789 834 ineipiunt
1821 778 2087 835 promere,

486 851 605 908 sive
643 853 768 909 dum
805 854 955 908 illum
990 854 1224 925 Patrem,
1258 854 1380 915 sive
1406 854 1533 919 dum
1590 856 1737 919 illum
1768 855 1963 921 Filium
1993 872 2089 913 vo—

482 943 689 1013 luerint
717 963 1047 1021 nuncupare.

1079 1105 1310 1163 CAPUT
1346 1106 1486 1164 XIII.

552 1258 808 1320 Eamdem
856 1265 1121 1322 ueritatem
1159 1268 1323 1322 euinci
1361 1284 1388 1323 e
1420 1269 1582 1324 sacris
1606 1267 1743 1325 Noui
1781 1268 2013 1326 Fmderis

1162 1358 1390 1417 Litteris.

557 1519 573 1550 ¹
594 1519 673 1575 Ac
714 1519 792 1575 sic
822 1530 875 1581 et
903 1519 1140 1579 Joannes
1174 1522 1505 1581 nativitatem
1529 1521 1733 1581 Christi
1775 1523 2091 1582 describens

486 1610 666 1683 (Joan.
714 1630 767 1684 ι,
801 1615 914 1685 14),
961 1613 1210 1681 Verbum,
1261 1616 1469 1686 inquit,
1507 1633 1628 1673 caro
1669 1619 1863 1686 factum
1907 1629 2013 1687 est,
2044 1629 2093 1674 et

480 1707 730 1763 habitavit
761 1709 813 1765 in
855 1708 1000 1767 nobis
1022 1750 1035 1775 ,
1067 1720 1113 1763 et
1140 1711 1361 1771 uidimus
1387 1712 1673 1771 claritatem
1703 1713 1847 1784 ejus,
1878 1715 2091 1770 claritav

2193 481 2445 541 habuiSse
2476 487 2800 557 ostenditur,
2833 488 2972 545 Deus
3001 486 3441 545 manifestissime
3477 488 3777 558 comproba-

2194 585 2297 632 tur.
2330 578 2393 634 Et
2433 578 2818 649 nihilominus,
2858 580 2988 636 dum
3037 580 3269 639 mundus
3310 582 3429 653 ipse
3474 590 3598 657 post
3642 582 3773 638 illum

2191 670 2471 729 institutus
2502 672 2755 737 refertur,
2789 690 2885 746 per
2907 676 3080 749 ipsum
3107 684 3322 731 creatus
3349 690 3476 731 esse
3502 675 3776 746 reperitur;

2192 780 2302 837 quo
2325 766 2441 843 ipso
2464 765 2762 827 divinitatis
2788 767 2841 822 in
2868 769 3007 838 ipso,
3032 783 3127 838 per
3153 783 3311 839 quem
3339 766 3521 823 factus
3540 778 3624 823 est
3644 784 3779 824 unm-

2193 861 2314 933 dus,
2346 872 2403 919 et
2431 864 2648 927 claritas
2674 874 2729 921 et
2749 866 3047 925 auctoritas
3073 864 3094 895 ⁸
3113 866 3526 935 cotnprobetur.
3555 866 3701 934 Quod
3724 867 3779 933 si,

2192 971 2314 1013 cum
2354 956 2447 1032 (lli
2489 958 2620 1031 Reg.
2664 975 2784 1025 vin,
2820 960 2911 1033 39)
2944 960 3141 1021 nullius
3181 960 3253 1019 sit
3293 959 3395 1017 nisi
3452 959 3583 1026 Dei,
3627 959 3781 1017 cordis

2193 1066 2358 1109 nosse
2394 1062 2602 1109 secreta
2636 1050 2854 1125 (ﬁatut.
2901 1068 2974 1119 ix.
3021 1053 3087 1120 ις
3121 1053 3281 1124 Apoc.
3317 1068 3377 1118 ιι,
3411 1051 3534 1121 25),
3559 1048 3783 1109 Christus

2191 1155 2402 1203 secreta
2445 1147 2709 1219 conspicit
2753 1147 2937 1205 cordis
2971 1162 2984 1204 :
3023 1152 3167 1218 quod
3198 1147 3267 1214 si,
3295 1163 3420 1205 cum
3466 1143 3620 1218 (Isa.
3654 1160 3780 1213 sua,

2192 1237 2287 1313 25)
2339 1241 2539 1299 nullius
2586 1240 2657 1299 sit
2704 1241 2806 1296 nisi
2856 1241 2982 1308 Dei,
3034 1250 3253 1312 peccata
3301 1240 3618 1305 dimittere;
3664 1240 3784 1297 idem

2193 1333 2388 1407 (Marc.
2418 1352 2475 1404 It,
2508 1334 2562 1405 5)
2593 1335 2841 1395 Christus
2869 1347 3089 1407 peccata
3120 1334 3347 1393 dimittit
3377 1353 3391 1390 :
3426 1334 3575 1406 quod
3597 1334 3663 1401 si,
3682 1350 3785 1389 cum

2193 1430 2393 1485 nullius
2420 1430 2488 1485 sit
2516 1428 2751 1489 hominis
2780 1428 2849 1487 de
2867 1432 3012 1487 creto
3038 1430 3250 1493 venire;
3280 1429 3349 1485 de
3376 1430 3527 1486 coelo
3549 1427 3785 1485 veniendo

2192 1522 2474 1582 descendit
2505 1541 2518 1576 :
2554 1522 2698 1595 quod
2737 1526 2816 1590 si,
2863 1538 2986 1585 cum
3034 1525 3235 1583 nullius
3278 1524 3519 1581 hominis
3551 1523 3665 1581 haec
3700 1538 3785 1578 rex

2192 1634 2315 1678 esse
2344 1618 2533 1692 possit,
2566 1618 2681 1689 Ego
2711 1629 2757 1677 et
2791 1618 2950 1677 Pater
2978 1636 3136 1675 unum
3165 1637 3339 1677 sumus
3370 1617 3562 1691 (Joan.
3595 1635 3647 1685 ι,
3674 1616 3780 1687 50);

2195 1713 2334 1769 hanc
2364 1728 2553 1771 vocem
2577 1714 2645 1769 de
2684 1713 3015 1773 conscientia
3050 1713 3347 1771 divinitatis
3378 1712 3634 1769 Christus
3661 1713 3784 1767 solus

468 1814 571 1869 teut
599 1813 860 1875 tamquam
890 1805 1182 1875 unigenitia
1207 1804 1384 1871 Putre,
1407 1808 1427 1843 ³
1447 1809 1657 1878 plenum
1687 1809 1855 1879 gratia
1887 1820 1932 1863 et
1958 1811 2081 1864 ueri-
2118 1794 2165 1857 Β
2192 1808 2356 1867 edicit
2385 1826 2399 1865 :
2424 1809 2566 1879 quod
2592 1808 2635 1867 si
2673 1819 2969 1879 postremo,
2994 1808 3245 1865 omnibus
3272 1807 3582 1867 divinitatis
3608 1803 3784 1863 Christi

476 1904 603 1957 tate.
632 1896 768 1953 Nam
806 1905 861 1952 et
898 1907 1109 1959 uocatur
1141 1914 1323 1957 nomen
1352 1900 1466 1969 ejus
1510 1898 1725 1956 Verbum
1761 1898 1857 1955 Dei
1899 1899 2084 1974 (Apoc.

478 2006 593 2056 XIX,
615 1992 707 2063 15)
738 2010 750 2045 :
786 2006 885 2049 nec
909 1991 1201 2049 immerito.
1242 1992 1527 2059 Eructavit,
1564 1995 1756 2062 inquit,
1806 2013 1895 2050 cor
1922 2014 2087 2052 ntenm

471 2084 681 2141 uerbum
720 2084 909 2145 bonum
953 2084 1128 2157 (Psal.
1162 2103 1309 2151 ιιιν.
1345 2088 1433 2158 2);
1469 2090 1610 2160 quod
1661 2090 1887 2153 Verbum
1927 2092 2087 2163 Regis

473 2178 698 2237 nomine
738 2188 1136 2248 consequenter
1181 2197 1285 2252 app
1307 2182 1415 2236 sllat
1456 2183 1771 2249 inferendo,
1818 2184 1951 2241 Dico
1995 2203 2087 2258 ego

479 2290 637 2348 opera
676 2291 788 2329 mea
839 2272 1149 2346 Regi.-Per
1180 2277 1348 2346 ipsum
1390 2276 1533 2331 enim
1580 2279 1751 2332 omnia
1798 2281 1937 2350 facta
1971 2291 2090 2334 sunt

475 2385 653 2440 opera,
687 2379 735 2431 et
758 2370 868 2429 sine
893 2371 1005 2440 ipso
1033 2370 1231 2439 factum
1262 2382 1335 2426 est
1384 2373 1518 2427 nihil
1564 2372 1746 2443 (John.
1782 2390 1819 2440 ι,
1853 2375 1933 2441 ὅ).
1967 2376 2090 2431 Sive

475 2462 633 2527 enim,
667 2461 838 2533 inquit
856 2465 1164 2533 Apostolus,
1192 2462 1412 2533 Thmui,
1437 2468 1540 2520 siue
1557 2465 1965 2529 Domi’nationes.
1985 2471 2091 2525 siue

494 2553 743 2621 Virtutes,
776 2557 878 2615 sive
909 2556 1226 2623 Potestates,
1259 2560 1479 2617 uisibilia
1504 2572 1551 2616 et
1582 2563 1885 2629 invisibilia,
1918 2568 2089 2620 omnia

478 2666 572 2720 per
611 2651 779 2719 ipsum
827 2663 1063 2715 constant
1107 2653 1327 2725 (Coloss.
1378 2672 1415 2721 ι,
1470 2658 1583 2730 lli).
1631 2658 1866 2713 Verbum
1909 2670 2087 2716 autem

476 2742 584 2805 hoc
615 2743 748 2801 illud
779 2754 884 2809 est,
916 2746 1058 2816 quod
1091 2748 1143 2803 in
1174 2764 1269 2802 sua
1298 2750 1464 2814 venit,
1489 2760 1534 2803 et
1564 2752 1643 2805 sui
1670 2760 1784 2805 eum
1812 2769 1912 2806 non
1950 2771 2088 2809 rece-

428 2840 435 2848 ’
475 2849 681 2909 perunt.
717 2839 943 2899 Mundus
971 2841 1106 2895 enim
1138 2859 1229 2911 per
1258 2842 1426 2915 ipsum
1455 2848 1624 2915 [actus
1651 2857 1726 2899 est
1747 2885 1763 2915 ι
1792 2856 1839 2901 ει
1869 2848 2090 2905 mundus

472 2948 591 2989 eum
629 2949 730 2987 non
770 2935 1005 3003 cognouit
1043 2933 1227 3007 (Joan.
1256 2952 1305 3000 ι,
1348 2936 1442 3001 l0,
1482 2937 1591 3009 11).
1648 2937 1865 2994 Verbum
1905 2955 2087 2998 autem

471 3029 571 3080 hoc
598 3026 781 3083 eratin
813 3028 1069 3101 principio
1098 3029 1239 3096 apud
1269 3028 1453 3093 Deum,
1476 3042 1523 3085 et
1552 3029 1696 3087 Deus
1716 3043 1825 3086 erat
1871 3033 2088 3109 Verbum

473 3116 662 3190 (Joan.
706 3135 746 3185 ι,
798 3120 870 3189 1).
903 3120 1036 3190 Quis
1100 3121 1262 3189 igitur
1302 3122 1547 3190 dubitet,
1598 3140 1722 3180 cum
1754 3128 1805 3181 in
1844 3137 2084 3183 extrema

2192 1903 2600 1974 probationibus
2628 1913 2683 1963 et
2711 1903 2873 1961 rebus
2901 1904 3196 1961 instructus
3230 1902 3521 1975 apostolus
3548 1899 3782 1965 Thomas,

2192 1996 2527 2066 respondens
2573 1993 2828 2061 Christo,
2877 1994 3130 2052 Dominus
3179 2012 3320 2050 meus
3366 2006 3415 2049 et
3468 1992 3612 2051 Deus
3661 2008 3780 2049 mm

2191 2091 2370 2161 (Joan.
2414 2106 2516 2156 xx,
2546 2090 2643 2161 28)
2674 2091 2844 2149 dicit:
2877 2090 3018 2162 quod
3056 2091 3101 2147 si
3141 2099 3195 2147 et
3232 2089 3520 2159 apostolus
3567 2087 3773 2151 Paulus.

2191 2201 2430 2255 quorum,
2448 2184 2676 2254 l’inquit,
2706 2194 2875 2252 putres
2896 2195 2941 2241 et
2969 2200 3031 2238 ea;
3055 2182 3238 2251 quibus
3269 2182 3509 2236 Christus
3530 2181 3783 2235 secundum

2191 2293 2415 2343 carnem,
2447 2277 2532 2347 qui
2558 2288 2628 2330 est
2656 2294 2809 2346 super
2836 2279 3010 2331 omnia
3040 2274 3180 2331 Deus
3209 2276 3505 2333 benedictus
3535 2276 3588 2328 in
3617 2270 3782 2328 secula

2193 2368 2367 2439 (Rom.
2403 2354 2477 2435 ιχ,
2512 2370 2592 2440 5),
2620 2369 2669 2422 in
2705 2369 2815 2423 suis
2850 2371 3039 2424 litteris
3075 2369 3299 2425 scribit:
3334 2370 3483 2440 quod
3507 2369 3551 2423 si
3585 2368 3711 2422 idem
3735 2379 3782 2421 se

2191 2464 2496 2534 Apostolum
2525 2481 2628 2517 non
2667 2464 2731 2517 ab
2771 2462 3090 2529 hominibus,
3132 2471 3221 2517 aut
3262 2479 3350 2533 per
3388 2463 3672 2525 hominem,
3707 2459 3778 2513 sed

2192 2576 2283 2629 per
2321 2557 2500 2612 Jesum
2537 2556 2795 2612 Christum
2838 2556 2983 2629 (Cat.
3014 2572 3055 2621 ι,
3080 2558 3130 2621 1,
3167 2556 3259 2627 Ii)
3289 2556 3643 2610 constitutum
3679 2566 3780 2608 esse

2194 2650 2463 2721 depromit
2487 2668 2499 2704 :
2526 2650 2669 2721 quod
2701 2651 2744 2704 si
2775 2649 2914 2705 idem
2936 2693 2949 2712 ,
2988 2649 3339 2719 Evangeliqu
3384 2665 3495 2704 non
3527 2664 3586 2702 se
3613 2646 3672 2700 ab
3698 2647 3778 2698 Ito-

2192 2744 2411 2800 minibus
2459 2744 2697 2799 didicisse
2742 2754 2830 2798 aut
2877 2760 2967 2814 per
3015 2743 3305 2807 hominem,
3353 2745 3443 2796 sed
3495 2757 3586 2813 per
3627 2738 3780 2792 Iesum

2194 2838 2452 2895 Christum
2476 2838 2752 2907 acet-pisae
2773 2837 3053 2892 contendit
3079 2854 3092 2890 :
3125 2838 3320 2890 merito
3345 2842 3490 2890 lieus
3513 2844 3596 2889 est
3621 2831 3778 2887 Chris-

2200 2941 2308 2987 tus.
2346 2931 2527 3002 ltaque
2557 2930 2659 2985 hoc
2690 2931 2742 2986 in
2781 2930 2903 2986 loco
2941 2946 3006 2986 ex
3044 2930 3257 2985 duobus
3286 2930 3520 2985 alterum
3557 2937 3776 2985 constare

2192 3025 2430 3081 debebit.
2494 3022 2627 3079 Cum
2688 3026 2833 3080 enim
2902 3024 3243 3079 manifestum
3310 3025 3380 3079 sit
3444 3024 3622 3079 omnia
3677 3033 3778 3075 esse

2193 3116 2328 3173 facta
2377 3133 2470 3188 per
2509 3117 2818 3184 Christum;
2862 3127 2954 3171 aut
2988 3127 3114 3172 ante
3156 3118 3336 3173 omnia
3381 3126 3500 3183 est,
3546 3115 3773 3187 quoniam

470 3222 629 3284 parte
661 3213 875 3280 dicitur,
927 3214 1143 3269 Verbum
1174 3232 1293 3271 caro
1325 3219 1520 3287 factum
1552 3228 1655 3282 est,
1690 3229 1737 3274 et
1771 3220 2017 3275 habitauit
2038 3223 2090 3276 in

2194 3214 2374 3269 omnia
2422 3228 2516 3283 per
2552 3213 2761 3282 ipsum,
2803 3222 2856 3267 et
2899 3214 3093 3267 merito
3126 3223 3180 3267 et
3218 3213 3357 3267 Deus
3397 3223 3485 3269 εει
3513 3229 3527 3265 :
3556 3219 3644 3265 aut
3674 3206 3777 3279 quia

475 3304 643 3367 nobis,
664 3304 938 3363 Christum
956 3307 1109 3380 cujus
1123 3319 1205 3365 est
1220 3311 1494 3376 nativilas,
1514 3312 1602 3366 et“
1625 3312 1745 3381 quia
1769 3328 1899 3368 caro
1920 3313 2093 3371 factus

474 3409 593 3467 est,
627 3413 749 3457 esse
780 3400 1088 3469 hominem,
1120 3414 1173 3457 et
1211 3404 1336 3473 quia
1372 3404 1604 3459 Verbum
1642 3406 1767 3474 Dei,
1804 3408 1970 3463 Deum
2015 3411 2096 3465 in-

477 3502 799 3555 cunctanter
816 3493 1030 3553 edicere
1053 3511 1205 3561 esse;
1229 3498 1529 3567 praesertim
1553 3514 1675 3554 cum
1698 3501 2095 3559 animadvertat

478 3586 816 3658 Scriptorum
835 3591 1230 3659 evangelicam,
1254 3601 1540 3661 utramque
1560 3593 1714 3647 istam
1738 3597 2091 3651 substantiam

479 3681 537 3737 in
583 3697 743 3743 unum
788 3682 1082 3739 nativitatis
1125 3682 1329 3737 Christi
1374 3683 1669 3740 l'tnderasse
1712 3689 2095 3744 concordiam?

481 3774 585 3837 llic
619 3788 704 3837 est
741 3776 884 3837 enim
914 3775 1006 3846 qui
1036 3776 1169 3832 sicut
1209 3794 1429 3845 sponsus
1467 3778 1725 3849 egreditur
1766 3781 1830 3835 de
1867 3782 2095 3838 thalamo

481 3884 614 3935 δίκη
657 3868 924 3929 exsultavit
952 3879 1006 3925 ut
1031 3870 1178 3941 gigas
1202 3869 1271 3924 ad
1294 3872 1602 3926 currendum
1634 3874 1807 3940 uiam;
1834 3892 1865 3928 a
1895 3893 2096 3931 summo

476 3963 606 4021 cato
635 3964 855 4034 egressio
894 3967 1007 4034 ejus
1038 3975 1084 4020 et
1113 3981 1270 4035 usque
1298 3965 1369 4019 ad
1400 3982 1658 4020 summum
1698 3971 1950 4038 regressio
1982 3972 2097 4042 ejus

482 4052 659 4125 (Psal.
693 4072 845 4122 XVIII,
872 4060 925 4121 6,
959 4055 1036 4129 7).
1066 4058 1330 4126 Quoniam
1365 4075 1537 4130 usque
1567 4060 1632 4113 ad
1666 4076 1936 4117 sumntum
1959 4106 1972 4128 ,
2006 4081 2097 4119 nec

482 4147 750 4219 quisquam
784 4150 836 4203 in
859 4150 1040 4207 caelum
1061 4151 1310 4217 ascendit,
1337 4152 1435 4209 nisi
1459 4154 1546 4217 qui
1569 4153 1632 4207 de
1658 4154 1785 4208 creto
1808 4156 2094 4224 descendit,

486 4239 659 4307 Filius
698 4244 919 4303 hominis
954 4247 1041 4314 qui
1072 4258 1145 4301 est
1175 4247 1228 4301 in
1259 4248 1398 4302 castis
1426 4246 1608 4319 (.loan.
1644 4264 1732 4315 ιιι,
1766 4248 1877 4322 15).
1914 4250 2093 4320 Repe-

484 4344 610 4397 tens
648 4338 751 4397 hoc
782 4340 954 4410 ipsum
991 4341 1121 4397 dicit
1152 4360 1166 4397 :
1209 4341 1387 4408 Pater,
1426 4343 1657 4405 clari/ica
1689 4360 1766 4397 me
1803 4349 1865 4398 eo‘
1905 4346 2097 4400 honore

492 4448 592 4507 quo
616 4434 692 4503 fui
717 4435 859 4500 apud
879 4444 929 4488 te
948 4447 1223 4506 antequam
1253 4435 1475 4490 mundus
1493 4447 1624 4490 esset
1657 4435 1836 4508 (Joan.
1861 4453 1991 4505 itvtt,
2015 4438 2094 4510 5).

488 4526 570 4581 Ac
620 4527 666 4583 si
717 4527 784 4589 de
831 4528 972 4583 C(BIO
1016 4528 1296 4583 descendit
1343 4528 1579 4584 Verbum
1637 4530 1769 4595 hoc,
1820 4539 2091 4599 tamquam

2197 3306 2361 3361 homo
2390 3315 2492 3368 est,
2528 3315 2646 3375 post
2674 3304 2852 3359 omnia
2885 3314 2987 3372 est,
3029 3314 3085 3361 et
3115 3307 3310 3360 merito
3341 3323 3439 3376 per
3464 3307 3635 3377 ipsum
3665 3297 3776 3356 nihil

2196 3398 2394 3455 factum
2438 3411 2537 3456 est.
2585 3398 2693 3455 Sed
2734 3399 2867 3454 nihil
2918 3415 3013 3470 per
3059 3401 3233 3470 ipsum
3281 3399 3485 3454 factum
3532 3412 3648 3454 esse
3687 3407 3774 3449 non

2197 3509 2485 3565 possumus
2552 3493 2779 3557 dicere,
2856 3508 2979 3548 cum
3045 3492 3550 3548 animadvertamus
3619 3485 3775 3543 omnia

2198 3605 2295 3660 per
2348 3590 2522 3660 ipsum
2577 3588 2717 3643 facta
2771 3602 2895 3643 esse
2946 3588 3206 3659 scriptum
3266 3605 3280 3642 :
3342 3605 3451 3644 non
3508 3601 3633 3658 ergo
3676 3588 3775 3653 post

2171 3670 2377 3737 omnia
2417 3691 2521 3749 est,
2556 3682 2606 3736 id
2653 3691 2736 3737 est
2778 3697 2884 3735 non
2931 3681 3095 3737 homo
3145 3690 3351 3737 tantum
3402 3690 3510 3747 est,
3542 3684 3629 3751 qui
3675 3682 3777 3748 post

2198 3779 2377 3833 omnia
2428 3787 2556 3833 est:
2596 3778 2690 3833 sed
2737 3786 2791 3833 ct
2843 3777 3023 3843 Deus;
3086 3777 3340 3848 quoniam
3387 3778 3410 3811 ‘
3468 3778 3610 3833 Deus
3671 3778 3773 3826 ante

2198 3875 2378 3929 omnia
2407 3884 2510 3929 ea.
2570 3876 2712 3929 Ante
2765 3873 2945 3927 omnia
2998 3883 3080 3927 est
3122 3875 3288 3938 enim,
3330 3872 3456 3943 quia
3488 3887 3582 3943 per
3625 3867 3772 3938 ipsum

2199 3970 2413 4035 omnia;
2445 3984 2512 4024 ne
2538 3970 2582 4025 si
2626 3969 2788 4023 homo
2820 3978 3026 4023 tantum
3052 4008 3066 4034 ,
3097 3967 3231 4022 nihil
3263 3983 3358 4038 per
3399 3968 3604 4037 ipsum;
3632 3970 3712 4015 aut
3735 3955 3772 4012 si

2200 4064 2380 4119 omnia
2412 4080 2506 4134 per
2531 4064 2730 4134 ipsum,
2756 4078 2863 4117 non
2894 4061 3056 4117 homo
3086 4070 3292 4116 tantum
3320 4078 3334 4116 τ
3365 4060 3615 4133 quoniam
3632 4056 3670 4109 si
3697 4052 3773 4105 ho-

2200 4169 2551 4221 motantum;
2585 4173 2688 4212 non
2743 4159 2921 4212 omnia
2971 4173 3068 4227 per
3112 4156 3313 4225 ipsum,
3355 4158 3521 4210 immo
3549 4149 3667 4207 nihil
3694 4157 3770 4217 per

2200 4254 2397 4324 ipsum.
2437 4250 2573 4319 Quid
2603 4267 2731 4323 ergo
2761 4250 3122 4320 reSpondent?
3170 4247 3304 4303 nihil
3363 4263 3460 4319 per
3507 4247 3698 4317 ipsum,
3725 4243 3769 4291 ιιι

2202 4348 2364 4399 homo
2395 4346 2466 4400 sit
2496 4345 2746 4399 tantum?
2776 4343 3058 4411 Quomodo
3084 4358 3215 4414 ergo
3247 4343 3430 4397 omnia
3464 4356 3557 4413 per
3583 4327 3766 4408 ipstlltt?

2201 4438 2342 4510 Ergo
2355 4454 2457 4493 non
2485 4438 2645 4493 homo
2658 4436 3028 4492 tantummodo
3041 4446 3139 4496 est.
3155 4434 3252 4489 sed
3268 4446 3320 4490 et
3342 4434 3514 4498 Deus;
3538 4426 3765 4497 siquidem

2200 4536 2378 4590 omnia
2412 4543 2539 4589 sunt
2574 4549 2667 4603 per
2699 4535 2871 4602 ipsum
2904 4541 2998 4587 :ut
3034 4530 3227 4585 merito
3263 4529 3561 4600 intelligere
3601 4519 3764 4576 debea-

482 4633 718 4691 sponsus
740 4621 804 4675 ad
829 4636 1069 4689 carnem,
1092 4623 1454 4692 ntporcarnis
1474 4623 1901 4693 assutnptionem
1927 4623 2092 4680 Filius
2117 4597 2170 4657 D
2197 4646 2316 4685 mus
2333 4630 2373 4692 ⁷,
2405 4643 2503 4684 nec
2532 4627 2804 4682 hominem
2839 4638 2960 4681 esse
2986 4623 3261 4680 Clirisunn
3290 4615 3666 4677 tantummodo.
3693 4603 3763 4677 qui

481 4713 718 4781 iiutttinis
745 4716 871 4775 illuc
902 4728 1083 4786 poeset
1108 4718 1428 4784 ascendere,
1455 4717 1596 4772 unde
1629 4718 1722 4773 Dei
1752 4717 1918 4773 Filius
1955 4719 2090 4776 Ver-

478 4810 611 4879 bum
642 4811 1027 4870 descenderat.
1054 4812 1265 4877 merito,
1290 4812 1418 4866 dum
1446 4827 1540 4879 per
1559 4813 1951 4868 connexionem
1983 4831 2093 4869 mu-

449 4975 452 4977 Α
479 4915 631 4961 tuam
660 4915 714 4961 et
743 4921 869 4961 caro
894 4905 1128 4961 Verbum
1167 4906 1256 4959 Dei
1280 4906 1448 4976 gerit,
1484 4919 1555 4961 eL
1570 4906 1736 4961 Filius
1772 4908 1861 4962 Dei
1887 4910 2090 4979 l‘ragili-

479 5007 645 5063 tatem
670 5000 851 5059 cannis
876 5000 1135 5061 assumit;
1158 5015 1281 5055 cum
1306 5014 1501 5069 sponsa
1530 5015 1694 5055 carne
1719 5002 2091 5069 conscendens

481 5090 644 5158 illuc,
682 5090 823 5147 unde
853 5092 971 5148 sine
999 5107 1165 5149 carne
1193 5090 1587 5160 descenderat,
1623 5093 1811 5166 recipit
1840 5094 1947 5163 jam
1978 5095 2089 5163 cla-

2195 4731 2277 4779 est
2303 4731 2422 4792 post
2459 4722 2635 4775 omnia
2663 4738 2678 4787 ;
2707 4719 2801 4774 sed
2842 4729 2895 4774 et
2938 4706 3134 4777 Deum.
3166 4734 3289 4772 cum
3333 4732 3428 4787 per
3452 4716 3616 4786 ipsum
3652 4705 3761 4760 iam

2193 4816 2302 4871 sint
2321 4815 2518 4869 omnia.
2545 4814 2827 4884 Qumnodo
2845 4814 2987 4868 enim
3019 4796 3110 4867 aut
3138 4811 3409 4866 hominem
3435 4794 3761 4864 tantummodo

2193 4906 2359 4970 dicas,
2385 4921 2505 4961 cum
2532 4906 2676 4960 illum
2714 4906 2872 4960 etiam
2911 4905 2962 4958 in
3001 4904 3511 4970 carnecOnsriicias;
3535 4895 3629 4953 ιιἰεί
3652 4900 3759 4960 ιιιιο·

2200 5001 2340 5057 niam
2378 4993 2422 5057 si
2464 5012 2750 5072 utrumque
2778 4997 3245 5077 animadvertitur,
3288 5006 3572 5071 utrumque
3599 4983 3758 5059 (nerito

2196 5092 2447 5159 credatur
2466 5094 2490 5147 ?

1654 5228 2027 5286 GALLANDII
2056 5227 2623 5300 COMMENTARIUS.

555 5378 572 5406 ⁸
595 5373 670 5427 Ac
688 5373 782 5427 sic.
811 5372 1082 5429 Pamelins
1103 5391 1164 5428 ac
1190 5375 1256 5428 si.

550 5446 571 5479 ²
592 5444 834 5500 Plenum.
869 5445 939 5500 Ita
960 5446 1343 5502 Wulclttnanus
1369 5453 1489 5516 post
1511 5445 1821 5517 Gagnzeum.
1844 5444 1973 5513 Qua:
2001 5454 2083 5501 est

479 5513 701 5583 Vulgata
742 5519 915 5572 lectio.
951 5520 1034 5572 Al.
1064 5519 1261 5589 plenus.

516 5661 525 5669 .
548 5589 569 5620 ³
592 5589 727 5656 Quia
744 5605 933 5647 caro...
952 5588 1073 5661 quia
1102 5589 1334 5645 Verbum.
1356 5590 1467 5660 Qua
1492 5588 1777 5662 utrobique
1801 5589 1925 5661 legit
1942 5589 2083 5643 Lali-

472 5676 616 5719 111118.

542 5731 562 5765 ⁵
584 5732 970 5807 Comprobstur.
997 5732 1309 5805 Suspicatur
1340 5733 1730 5799 Welchmanus
1792 5730 2076 5807 legendum

471 5806 852 5877 comprobatur.

2262 5372 2500 5444 “Inquit.
2535 5372 2680 5429 lianc
2712 5387 2900 5445 vocem
2932 5373 3237 5432 redundare
3264 5381 3394 5443 puto
3423 5388 3439 5445 ι
3466 5380 3517 5431 ει
3552 5355 3751 5445 forlqilj'

2186 5456 2330 5499 serta
2364 5430 2479 5498 c'rat
2509 5445 2686 5501 studio
2709 5430 2913 5509 librarii
2953 5455 3040 5503 aut
3069 5430 3349 5509 dictantis,
3373 5430 3479 5513 miri
3507 5430 3748 5507 διιειιάνηο

2188 5516 2255 5571 tis
2279 5517 2343 5587 ad
2378 5532 2612 5587 sequens
2642 5516 2864 5573 verbum
2884 5519 3076 5579 scribit.
3108 5519 3365 5581 JACKSON.

2260 5588 2279 5618 ⁸
2310 5579 2471 5649 Deus:
2504 5589 2649 5661 lianc
2679 5603 2867 5649 vocem
2918 5605 3077 5661 quam
3138 5579 3348 5659 praess
3402 5589 3571 5653 ferulti
3594 5579 3747 5661 (11³193⁵

2185 5658 2313 5723 editi
2357 5646 3291 5744 unuslacksonusvitntneritnexptin
3323 5646 3358 5715 Ve
3398 5646 3518 5727 dum
3553 5646 3742 5725 censuii°

2258 5732 2278 5762 "
2314 5701 2440 5790 ἱνα.
2479 5728 2602 5797 Non
2632 5746 2732 5797 vos
2761 5740 2935 5797 aptior
2981 5747 3084 5797 est,
3118 5743 3173 5793 et
3196 5736 3247 5797 ni
3293 5678 3467 5797 ῨμιῩοτ,
3515 5738 3642 5789 vera-
3674 5710 3742 5770 ³⁸·

3313 5751 3341 5801 il

2369 5710 2739 5797 22:19am;
2750 5710 3101 5803 ἰριίὀῖἓέίῖ
3116 5710 3642 5802 ἓῖῖίίἽέῙὶῗτῖᾟθῶι.
3674 5710 3745 5770 ιιι·

2192 5817 2361 5860 CISON
2368 5843 2380 5858 .
