4000 6322
217 250 324 310 909

815 370 1042 433 CAPUT
1072 368 1213 431 XIV.

470 509 617 563 Idem
643 519 1001 581 argumentum
1031 508 1346 579 persequitur
1374 514 1571 561 auctor.

292 630 363 689 Et
388 639 566 687 tamen
590 630 764 689 adhuc
788 630 997 687 dubitat
1020 628 1307 685 haereticus
1331 626 1606 685 Christum
1634 624 1817 681 dicere

216 741 340 784 esse
366 727 536 793 Deum
564 744 577 781 :
611 741 772 797 quem
814 724 981 783 Deum
1029 733 1106 781 tot
1148 730 1206 779 et
1236 721 1397 779 rebus
1430 722 1446 752 ί
1475 719 1817 777 animadver-

215 820 257 875 ti
323 831 377 875 et
409 820 628 875 vocibus
686 818 1061 888 approbatum.
1115 813 1172 871 Si
1224 798 1387 871 hoino
1443 810 1818 871 tantummodo

213 910 488 976 Christus,
518 910 790 982 quomodo
822 910 1045 965 veniens
1081 909 1133 965 in
1179 909 1318 967 hunc
1349 905 1607 965 mundum
1639 905 1690 960 in
1719 919 1816 963 sua

213 1007 386 1073 venit,
410 1022 531 1063 cum
565 1006 726 1063 homo
772 1005 975 1065 nullum
1027 1003 1214 1094 fecerit
1252 1002 1547 1061 mundum?
1568 1001 1623 1057 Si
1654 1000 1816 1057 homo

217 1098 595 1155 tantummodo
617 1097 897 1167 Christus;
938 1097 1211 1169 quomodo
1242 1096 1473 1152 mundus
1504 1111 1602 1169 per
1643 1096 1818 1166 ipsum

211 1191 386 1247 factus
408 1205 528 1247 esse
558 1190 813 1260 refertur,
846 1206 968 1245 cum
1001 1206 1105 1246 nou
1139 1205 1232 1260 per
1261 1189 1535 1247 hominem
1560 1186 1812 1253 mundus,

210 1285 309 1342 sed
350 1297 471 1358 post
507 1285 763 1340 mundum
796 1288 956 1339 homo
984 1285 1260 1341 institutus
1300 1282 1599 1339 referatur?
1622 1280 1677 1337 Si
1717 1283 1814 1337 ho-

210 1394 304 1437 mo
338 1376 709 1441 tantummodo
736 1375 1006 1439 Christus.
1056 1375 1328 1448 quomodo
1363 1390 1468 1431 non
1500 1390 1565 1435 ex
1607 1374 1820 1429 semine

213 1481 423 1529 tantum
460 1472 622 1527 David
645 1470 899 1527 Christus
918 1512 933 1535 ,
961 1470 1056 1528 sed
1083 1454 1318 1529 Verbum
1338 1485 1464 1529 caro
1487 1468 1708 1527 I'octtum
1736 1478 1821 1526 est

212 1575 270 1624 et
299 1565 559 1622 habitavit
600 1565 652 1621 iu
683 1564 878 1620 nobis?
927 1563 1060 1621 Nam
1090 1565 1189 1619 etsi
1220 1564 1585 1635 protoplastus
1616 1578 1722 1619 non
1750 1578 1821 1619 ex

214 1659 454 1726 semine,
488 1658 582 1715 sed
613 1667 792 1717 tamen
823 1658 1192 1730 protoplastus
1223 1674 1328 1717 non
1358 1667 1526 1713 estex
1566 1656 1723 1713 Verbi
1765 1665 1821 1712 et

1457 249 1545 309 DE
1584 247 1954 309 TRINITATE
1992 244 2219 306 LIBER.

1845 369 1899 429 Α
1925 381 2048 422 nem
2079 364 2426 421 commissum
2477 362 2734 420 delictum
2776 364 3042 422 referatur
3087 378 3249 436 posse
3284 365 3530 424 dimitti?

3416 244 3523 312 9l0

1921 458 1974 514 Si
2002 461 2162 514 homo
2212 458 2586 514 tantummodo
2655 457 2933 525 Christus,
2976 459 3249 531 quomodo
3292 459 3531 518 Joannes

1923 553 2160 620 Baptista
2198 562 2421 609 testatur
2462 561 2519 608 el
2562 551 2692 607 dicit
2733 551 2910 622 (Joan.
2943 568 2981 619 ι,
3032 552 3158 623 15);
3190 551 3289 619 Qui
3312 564 3424 624 post
3453 572 3531 609 me

1920 645 2074 706 venit,
2106 657 2224 699 ante
2254 663 2330 699 me
2357 646 2524 714 factus
2552 653 2643 707 est,
2673 645 2795 714 quia
2840 645 2980 714 prior
3010 661 3089 699 me
3130 646 3262 713 fuit;
3305 660 3449 709 cum,
3486 648 3532 702 si

1922 735 2084 792 homo
2134 739 2503 796 tantummodo
2556 738 2824 803 Christus,
2873 749 2993 810 post
3037 738 3299 795 Jonnnem
3352 752 3530 810 natus,

1922 841 2046 887 ante
2091 831 2354 887 Joannem
2389 847 2511 888 esse
2541 848 2647 887 non
2702 832 2890 901 pOSsit,
2941 833 3041 887 nisi
3072 834 3323 904 quoniam
3355 834 3532 901 illum,

1922 942 2024 995 qua
2056 926 2192 982 Deus
2227 935 2341 995 est,
2364 935 2488 982 ante
2526 926 2841 997 prtecessit?
2868 925 2925 980 Si
2960 926 3119 981 homo
3165 926 3534 983 tantummodo

1921 1016 2170 1074 Christus
2192 1062 2206 1087 ,
2248 1019 2517 1090 quomodo
2548 1018 2725 1090 (Joan.
2751 1035 2804 1088 v,
2834 1016 2927 1092 l9)
2962 1034 3077 1086 qua:
3112 1018 3267 1075 Pater
3309 1021 3449 1087 facit,
3484 1030 3533 1075 et

1922 1108 1974 1165 F
1977 1112 2094 1167 ilius
2125 1112 2249 1182 facit
2279 1112 2527 1176 similiter,
2560 1127 2680 1167 cum
2729 1111 2889 1167 homo
2917 1112 3231 1167 cmlestibus
3277 1112 3537 1184 operibus

1923 1203 2018 1260 Dei
2059 1204 2254 1259 similia
2300 1220 2465 1275 opera
2512 1203 2689 1260 facere
2734 1220 2840 1259 non
2897 1203 3175 1276 possit?Si
3215 1205 3376 1259 homo
3418 1215 3533 1259 tan-

1922 1298 2201 1352 tummodo
2224 1294 2471 1352 Christus
2491 1340 2504 1360 ,
2548 1297 2819 1369 quomodo
2863 1298 2992 1352 sicut
3021 1296 3179 1353 Pater
3223 1300 3275 1353 in
3307 1315 3360 1354 se
3384 1300 3541 1354 uitam

1923 1393 2094 1460 habet,
2122 1394 2195 1447 ita
2225 1392 2362 1446 dedit
2388 1389 2528 1448 Filio
2550 1395 2704 1447 vitam
2728 1392 2911 1447 habere
2939 1393 2993 1448 in
3036 1394 3303 1465 semetipso
3353 1392 3535 1468 (Joan.

1924 1486 2271 1559 v,‘26);cum
2313 1487 2564 1559 exemplo
2602 1487 2780 1543 Patris
2822 1487 2948 1556 Dei,
2990 1487 3153 1544 homo
3183 1488 3235 1543 in
3269 1505 3329 1544 se
3374 1491 3538 1544 vitam

1923 1581 2126 1638 habere
2157 1598 2262 1636 non
2296 1583 2483 1652 possit,
2514 1596 2636 1637 cum
2667 1597 2773 1636 non
2802 1582 2852 1636 in
2883 1582 3185 1637 aeternitate
3223 1582 3293 1639 sit
3336 1582 3538 1654 glorio-

1923 1690 2034 1743 sus,
2061 1674 2156 1731 St'd
2200 1675 2255 1730 in
2306 1675 2529 1731 materia
2579 1674 2921 1733 mortalitatis
2964 1673 3223 1730 elfectus‘!
3263 1674 3319 1731 Si
3378 1676 3543 1731 homo

213 1752 395 1811 carnis
441 1753 823 1823 conjunctione
881 1760 1167 1807 concretus
1201 1768 1213 1805 :
1248 1766 1355 1806 non
1387 1759 1470 1805 est
1496 1750 1639 1807 enim
1682 1748 1820 1809 Ver-
1849 1774 1898 1836 Β
1926 1765 2298 1823 tantummodo
2318 1768 2600 1831 Christus;
2627 1767 2900 1838 qum.de
2930 1768 3111 1833 rere”,
3151 1766 3261 1840 Ego
3303 1784 3414 1827 ,αηι
3453 1785 3547 1840 pa-

214 1844 346 1904 bum
371 1862 500 1902 caro
523 1845 723 1901 factum
752 1854 805 1899 et
829 1844 1091 1899 habitavit
1124 1845 1176 1901 in
1219 1842 1394 1902 nobis.
1428 1843 1484 1900 Si
1517 1844 1680 1900 homo
1702 1853 1823 1901 tau-

217 1939 495 1999 tummodo
559 1938 836 2006 Christus,
915 1937 1188 2008 quomodo
1240 1939 1327 2010 qui
1383 1939 1447 1994 de
1499 1941 1625 1995 etelo
1671 1946 1825 2016 venit,

215 2049 331 2105 qua:
357 2034 479 2091 vidit
510 2043 556 2086 et
586 2032 797 2089 'audiit
845 2032 1145 2102 testiﬁcatur
1193 2032 1375 2106 (Joan.
1432 2050 1510 2099 tu,
1565 2036 1655 2098 5|,
1709 2037 1827 2108 59.),

220 2143 345 2185 cum
374 2137 587 2185 constet
614 2128 892 2185 hominem
932 2129 1001 2185 de
1038 2130 1218 2198 t-otlo,
1248 2131 1372 2201 quia
1406 2130 1477 2187 ibi
1523 2131 1673 2191 nasci
1723 2148 1828 2188 non

220 2225 414 2294 possit,
468 2224 655 2278 venire
710 2238 818 2281 non
875 2222 1071 2293 posse?
1120 2224 1174 2280 Si
1234 2227 1398 2283 homo
1457 2224 1830 2283 tantummodo

222 2314 493 2382 Christus,
526 2314 797 2389 quomodo
829 2313 964 2385 (Cat.
987 2331 1025 2381 t,
1057 2313 1147 2387 16)
1176 2316 1395 2379 visibilia
1445 2326 1491 2373 et
1531 2317 1827 2385 invisibilia,

225 2408 447 2477 Throni,
493 2408 712 2467 Virtutes
741 2418 788 2463 et
821 2408 1209 2465 nominationes
1241 2426 1336 2480 per
1368 2412 1542 2481 ipsum
1574 2422 1626 2465 et
1644 2412 1696 2467 in
1713 2411 1831 2482 ipso

227 2513 409 2560 creata
463 2517 585 2559 esse
632 2502 965 2567 referuntur,
1007 2517 1129 2559 cum
1158 2501 1399 2559 Virtutes
1454 2504 1708 2563 caelestes
1737 2521 1833 2575 per

230 2596 504 2653 hominem
550 2594 669 2651 fieri
715 2610 821 2651 non
857 2596 1167 2665 potuerint,
1217 2611 1337 2666 qua:
1384 2608 1509 2655 ante
1559 2597 1831 2653 hominem

231 2689 411 2761 ipsum
441 2703 562 2744 esse
599 2686 931 2745 debuerint?
961 2687 1018 2745 Si
1063 2688 1227 2746 Itomo
1272 2689 1646 2747 tantummodo
1675 2688 1831 2746 Chri-

232 2794 382 2850 stus,
413 2781 685 2855 quomodo
713 2780 931 2852 (Matth.
963 2798 1112 2845 svnt,
1144 2781 1240 2851 20)
1271 2781 1426 2839 adest
1453 2784 1648 2855 ubique
1678 2784 1834 2840 invo-

234 2885 408 2947 catus,
441 2891 561 2934 cum
596 2876 712 2935 hac
738 2875 973 2932 hominis
1005 2887 1193 2931 natura
1222 2893 1327 2933 non
1358 2878 1459 2941 sit,
1484 2877 1577 2935 sed
1615 2877 1745 2945 Dei,
1776 2887 1838 2937 ut

237 2974 429 3029 adesse
454 2973 598 3029 omni
628 2972 748 3033 loco
770 2971 982 3043 posit?
1011 2971 1068 3027 Si
1102 2971 1264 3027 homo
1291 2974 1664 3031 tantummodo
1681 2973 1838 3032 Chri-

237 3075 386 3134 stus,
423 3081 521 3120 cur
562 3065 722 3121 homo
758 3065 812 3120 in
852 3065 1187 3123 orationibus
1221 3064 1486 3123 Mediator
1530 3069 1833 3139 invocatur,

1931 1862 2011 1915 nis
2060 1861 2176 1915 vita:
2205 1871 2409 1914 wterna:
2437 1860 2523 1928 qui
2564 1860 2627 1915 de
2653 1860 2780 1915 ctelo
2818 1860 3052 1915 descendi
3095 1860 3274 1934 (Joan.
3302 1876 3381 1926 vt,
3414 1863 3541 1933 5t);

1930 1968 2052 2007 cum
2083 1968 2259 2023 neque
2300 1953 2453 2023 panis
2497 1952 2621 2007 vita:
2651 1954 2811 2009 homo
2842 1970 2962 2010 esse
3002 1954 3171 2025 possit
3201 1955 3315 2024 ipse
3351 1962 3553 2008 morta-

1930 2048 2020 2113 lis,
2056 2062 2155 2101 nec
2178 2046 2243 2101 de
2270 2048 2408 2101 οωΙο
2438 2044 2810 2113 descenderit,
2840 2047 2981 2103 nulla
3014 2048 3063 2103 iu
3092 2048 3234 2107 caelo
3262 2056 3553 2103 constituta

1932 2141 2155 2195 materia
2202 2138 2542 2209 fragilitatis?
2566 2139 2620 2195 Si
2663 2139 2825 2194 homo
2855 2143 3226 2196 tantummodo
3265 2139 3514 2199 Christus
3539 2180 3556 2206 ,

1932 2232 2203 2305 quomodo
2226 2232 2377 2297 dicit,
2408 2232 2526 2303 quia
2545 2231 2756 2286 Patrem
2773 2231 2942 2288 Deum
2964 2250 3110 2293 nemo
3132 2233 3255 2287 uidit
3282 2250 3518 2304 umquam
3536 2275 3552 2300 ,

1932 2325 2035 2379 nisi
2087 2325 2173 2393 qui
2211 2335 2285 2380 est
2342 2342 2374 2378 a
2410 2323 2550 2390 Deo,
2609 2324 2691 2379 hic
2759 2326 2885 2379 vidit
2954 2323 3172 2380 Deum?
3217 2323 3379 2398 (Ibid.
3429 2325 3547 2397 46.)

1933 2417 2220 2486 Quoniam,
2257 2420 2301 2472 si
2333 2418 2496 2475 homo
2546 2418 2920 2476 tantummodo
2950 2420 3234 2490 Christus,
3280 2420 3448 2476 Deum
3476 2423 3559 2475 vi-

1934 2510 2064 2567 dere
2097 2528 2202 2565 non
2246 2512 2453 2581 potuit,
2496 2514 2618 2585 quia
2652 2513 2818 2569 Deum
2860 2528 3019 2569 nemo
3064 2513 3342 2568 hominum
3376 2513 3509 2568 vidit
3543 2531 3558 2569 :

1934 2605 1979 2661 si
2009 2614 2186 2659 autem
2231 2604 2359 2659 dum
2392 2621 2458 2661 ex
2488 2605 2601 2661 Deo
2628 2615 2733 2675 est,
2770 2606 2937 2662 Deum
2965 2606 3128 2673 vidit,
3161 2607 3278 2677 plus
3309 2622 3368 2663 se
3394 2622 3563 2678 quam

1936 2698 2234 2764 hominem,
2277 2698 2405 2753 dum
2488 2700 2654 2756 Deum
2729 2700 2885 2770 vidit,
2948 2700 3172 2771 intelligi
3247 2701 3429 2755 voluit.
3503 2699 3565 2757 Si

1936 2793 2102 2846 homo
2160 2792 2532 2849 tantummodo
2585 2790 2872 2859 Christus,
2934 2808 3032 2848 cur
3081 2794 3257 2850 dicit:
3292 2793 3460 2860 Quid,
3521 2793 3569 2849 si

1936 2884 2163 2941 videritis
2213 2884 2409 2940 Filium
2471 2888 2692 2943 hominis
2737 2887 3094 2943 ascendentem
3143 2888 3268 2945 illuc
3317 2888 3401 2942 ubi
3449 2898 3566 2944 ante

1937 2981 2087 3035 erat?
2135 2977 2311 3052 (Ibid.
2360 2978 2488 3052 62.)
2537 2981 2794 3037 Ascendit
2828 2996 3008 3043 autem
3050 2983 3103 3038 in
3163 2982 3361 3038 coelum
3410 3000 3423 3037 :
3480 2977 3563 3057 ibi

1938 3088 2069 3145 ergo
2125 3072 2244 3141 fuit,
2282 3072 2407 3127 dum
2451 3071 2575 3128 illuc
2612 3074 2751 3129 redit
2784 3075 2870 3130 ubi
2916 3075 3063 3147 prius
3116 3072 3215 3129 fuit
3248 3073 3290 3127 ⁸.
3332 3072 3486 3142 Quod
3516 3072 3568 3129 si

239 3176 362 3216 cum
391 3160 657 3219 invocatio
683 3160 918 3217 hominis
952 3160 1019 3216 ad
1053 3161 1408 3229 pra'standam
1437 3163 1666 3221 salutem
1696 3166 1835 3223 inef-
1865 3178 1912 3242 ο
1943 3166 2011 3221 de
2032 3165 2173 3222 caelo
2202 3165 2399 3221 missus
2420 3183 2447 3219 a
2471 3164 2634 3221 Patre
2663 3176 2768 3229 est,
2802 3182 2909 3223 non
2942 3166 3129 3238 utique
3160 3166 3322 3225 homo
3354 3176 3562 3221 tantum

242 3254 380 3309 ﬂeas
398 3254 710 3322 iudicetur?
732 3253 787 3309 Si
814 3253 973 3310 homo
1029 3253 1401 3313 tantummodo
1440 3253 1719 3325 Christus,
1745 3275 1842 3317 cur

243 3345 288 3420 (I
314 3345 455 3407 Tim.
486 3363 524 3413 t,
555 3344 609 3419 i)
632 3361 756 3414 spes
780 3345 836 3402 in
866 3346 1016 3404 illum
1049 3347 1283 3417 ponitur,
1317 3363 1437 3409 cum
1461 3347 1595 3421 (Jer.
1632 3367 1761 3421 xvtt,
1786 3353 1842 3428 5)

246 3454 372 3512 Spes
414 3442 464 3499 in
503 3441 721 3497 homine
770 3441 1052 3497 maledicta
1099 3442 1398 3500 referatur?
1438 3443 1494 3502 8i
1532 3446 1692 3503 homo
1721 3457 1843 3504 tan-

246 3534 526 3591 tummodo
566 3532 842 3599 Cbristus,
887 3549 984 3590 cur
1033 3533 1246 3602 (Matth.
1304 3553 1361 3604 ι,
1419 3539 1510 3609 '55)
1555 3557 1660 3596 non
1719 3541 1846 3598 licet

248 3628 521 3689 Christum
544 3628 663 3686 sine
691 3629 858 3686 exitio
885 3632 1079 3687 anima:
1123 3630 1145 3663 ³
1188 3632 1396 3703 negari,
1436 3650 1559 3691 cum
1589 3635 1642 3690 in
1677 3635 1850 3692 homi-

1946 3270 2071 3315 est:
2105 3258 2266 3314 homo
2308 3260 2474 3327 enim,
2526 3270 2584 3314 ut
2629 3258 2884 3328 diximus,
2914 3258 2983 3315 de
3034 3260 3174 3318 ctelo
3226 3259 3412 3315 venire
3456 3273 3567 3314 non

1947 3356 2136 3427 potuit.
2170 3352 2287 3410 Non
2316 3354 2477 3425 igitur
2501 3353 2571 3409 ibi
2600 3364 2725 3410 ante
2748 3354 2909 3410 homo
2940 3356 3058 3422 fuit,
3089 3354 3185 3411 sed
3224 3354 3349 3410 illuc
3372 3369 3566 3410 ascen-

1945 3450 2134 3507 ditubi
2160 3465 2263 3506 non
2304 3450 2420 3506 fuit.
2460 3449 2751 3507 Descendit
2787 3460 2967 3506 autem
3011 3450 3103 3507 Dei
3135 3449 3394 3514 Verbum,
3418 3449 3564 3523 quod

1937 3543 2021 3600 'ibi
2072 3544 2190 3600 fuit.
2234 3544 2506 3613 Verbum,
2543 3544 2791 3617 inquam,
2846 3544 2941 3599 Dei
2982 3553 3038 3601 et
3079 3542 3222 3599 Deus
3266 3558 3363 3617 per
3404 3558 3567 3613 quem

1948 3640 2087 3693 facta
2117 3645 2243 3693 sunt
2292 3638 2475 3694 omnia
2507 3680 2522 3709 ,
2609 3648 2664 3695 et
2703 3639 2821 3695 sine
2874 3654 2981 3710 quo
3046 3635 3243 3694 factum
3296 3644 3381 3693 est
3432 3630 3572 3691 nihil

1430 3752 1804 3810 GALLANDII
1834 3752 2404 3812 COMMENTARIUS.

328 3869 346 3900 ¹
376 3868 765 3944 Animadvertit.
797 3868 1061 3941 Gagnzeus
1089 3868 1217 3941 legit
1242 3868 1690 3940 Animadverterit,
1723 3869 1868 3944 quod

256 3950 436 3999 tamen
462 3941 681 4008 perinde
709 3952 811 3995 est.

328 4015 350 4047 ³
381 4014 580 4069 Audiit.
608 4013 685 4069 Ita
710 4024 923 4068 exstare
945 4013 996 4068 in
1029 4027 1136 4065 uno
1154 4011 1275 4067 cod.
1294 4013 1538 4076 Pomelii.
1560 4014 1752 4068 asserit
1773 4013 1864 4070 Ja-

257 4085 495 4212 ckzontts;
526 4105 540 4143 :
568 4103 727 4156 quam
758 4086 987 4158 proinde
1030 4085 1314 4141 lectionem
1361 4088 1715 4152 restituituus,
1766 4102 1864 4157 pro

258 4176 323 4212 att
369 4168 404 4209 tl
425 4176 473 4212 et
501 4169 580 4212 ιιι.

258 4168 404 4212 audit
425 4168 580 4215 editi.

332 4228 355 4261 ⁸
387 4227 604 4301 Negari.
635 4229 802 4288 Forte
832 4242 1060 4300 negare:
1089 4228 1186 4285 sed
1230 4228 1360 4284 nihil
1403 4229 1740 4286 mutandum.
1772 4228 1868 4286 JA-

261 4315 452 4359 K0503.

1972 3872 2117 3943 quod
2142 3872 2297 3926 istam
2336 3871 2459 3927 libri
2499 3878 2704 3941 partem
2736 3884 2899 3940 quam
2941 3870 3094 3941 quasi
3145 3868 3362 3943 punitus
3405 3864 3572 3943 amis-

1973 3940 2089 3997 sam
2144 3943 2551 4012 deploraverunt
2579 3984 2595 4010 ,
2642 3944 2904 4008 integram
2928 3956 3085 4012 Sane,
3136 3950 3191 3997 et
3236 3941 3356 3995 loco
3394 3940 3573 3997 solum

1968 4014 2146 4069 alieno
2177 3981 2429 4083 piis-itam,
2463 3984 2674 4071 tandem
2711 3981 3029 4067 in'itenerim.
3068 3981 3141 4067 De
3186 4027 3347 4067 causa
3386 4026 3571 4083 autem

1972 4095 2133 4141 tanta!
2190 4084 2353 4155 hujus
2388 4085 2724 4140 cttnl'itsionis
2764 4084 2887 4139 dein
2942 4085 3220 4147 cnsitanti,
3265 4084 3407 4138 nulla
3441 4082 3577 4155 mihi

1972 4168 2079 4213 tam
2135 4153 2424 4227 probabilis
2465 4158 2572 4213 \isa
2626 4165 2739 4219 est,
2794 4172 2953 4227 quam
3000 4156 3282 4227 bibliopegi
3328 4153 3569 4220 incuria;

1973 4231 2061 4298 qui
2094 4229 2296 4285 Ctnlit'IS
2324 4231 2475 4285 istius
2501 4244 2564 4284 ex
2598 4244 2705 4300 quo
2738 4230 2918 4283 omnia
2954 4246 3072 4295 ιιιιςιε
3101 4244 3244 4283 nunc
3273 4227 3573 4300 habemus,

1975 4301 2307 4373 exemplaria
2364 4311 2666 4368 manarunt,
2702 4316 2864 4354 unum
2910 4301 3208 4355 alterumve
3259 4299 3575 4373 quaternio-

338 4372 361 4458 ξ
390 4374 541 4457 Quod
566 4376 610 4458 si
627 4375 690 4458 de
704 4375 972 4454 t‘lBIO.CIC.
999 4372 1056 4429 In
1085 4372 1333 4429 omnibus
1360 4372 1537 4458 editis,
1569 4382 1690 4444 post
1710 4375 1872 4430 verba
1899 4398 1950 4458 D
1979 4392 2099 4458 netu
2143 4369 2292 4458 extra
2335 4373 2577 4458 ordinem
2608 4388 2763 4458 Stltll-tt
2810 4374 3120 4452 Conjet-erit.
3157 4373 3331 4442 Atque
3365 4369 3481 4424 lt:rc
3508 4383 3575 4451 eo

263 4444 354 4502 ubi
386 4449 526 4515 prius
575 4449 705 4517 fuit,
748 4450 1004 4501 rontinuo
1050 4457 1347 4513 sequuntur
1379 4462 1392 4509 ;
1431 4447 1512 4500 Ea:
1550 4464 1650 4516 quo
1686 4463 1867 4502 manus

268 4520 742 4590 ponerelﬁgurnm
780 4531 826 4571 et
870 4524 1086 4590 (armant
1128 4520 1352 4590 futuram
1397 4520 1646 4587 passionis
1694 4532 1867 4574 osten-

269 4588 419 4643 dens.
466 4588 632 4644 Nemo
670 4592 826 4660 igitur
857 4588 1115 4643 Christum
1144 4592 1274 4643 sicut
1315 4589 1567 4659 Angelum
1592 4608 1693 4645 non
1720 4591 1869 4645 dabi-

270 4671 344 4716 tat
376 4661 564 4725 dicere,
591 4672 695 4716 etc.
742 4660 805 4717 Ut
867 4660 1096 4732 primum
1157 4666 1271 4715 haec
1318 4661 1561 4732 legerim,
1592 4664 1865 4732 obstupui.

271 4733 546 4799 Quorsum
592 4736 733 4787 enim
778 4734 911 4797 bwc,
944 4731 1024 4787 Ea;
1063 4748 1162 4801 quo
1206 4731 1385 4789 manus
1412 4751 1626 4802 ponere,
1656 4731 1790 4802 etc.,
1821 4743 1876 4789 et

272 4805 400 4873 quid
433 4806 590 4878 nobis
614 4806 1004 4878 lteielociAt-unt
1035 4803 1227 4878 Angela
1251 4802 1486 4872 Christo,
1517 4806 1585 4860 de
1607 4823 1715 4878 quo
1749 4808 1874 4861 bac-

273 4886 435 4933 temts
481 4877 646 4931 altum
702 4875 1009 4931 si'ootimn?
1041 4876 1176 4941 Quid
1207 4890 1383 4931 aetum
1412 4890 1493 4932 est
1530 4879 1597 4932 de
1623 4875 1876 4933 omnibus

246 4948 565 5015 ~exmnplis,
593 4949 658 5000 de
676 4949 867 5012 quibus
890 4962 1008 5001 mox
1042 4947 1298 5013 loquitur.
1330 4951 1397 5001 At
1420 4967 1582 5015 unum
1601 4961 1760 5019 eaput
1782 4952 1875 5016 ‘23,

276 5021 412 5076 edit.
470 5020 693 5076 Pumelii
750 5028 1067 5089 attigerant,
1113 5032 1489 5088 argumentum
1542 5024 1611 5076 de
1663 5024 1879 5075 Christo

279 5093 395 5148 Deo
431 5092 594 5147 simul
642 5102 697 5148 et
750 5092 967 5147 homine
1018 5093 1391 5161 intempestive
1444 5092 1561 5148 Iteit:
1612 5093 1880 5147 intermis-

280 5178 429 5229 sum,
477 5164 909 5234 intempestivi-is
955 5163 1062 5216 illic
1108 5165 1463 5219 itu-tauratom
1502 5168 1697 5232 reperi.
1735 5166 1881 5219 Lite-

282 5239 401 5290 rius
432 5253 594 5306 porro
627 5239 901 5306 pergenti,
946 5235 1090 5290 varia
1118 5237 1184 5291 de
1210 5234 1428 5291 Cluistn
1459 5237 1666 5289 Anueto
1696 5252 1882 5291 exent-

327 5310 373 5362 Ia
413 5319 772 5363 occurrerunt
802 5322 970 5380 usque
1019 5310 1083 5361 ad
1123 5306 1292 5380 linem
1319 5306 1508 5380 capiti:
1537 5306 1605 5380 27
1626 5356 1638 5371 ,
1676 5309 1787 5380 ubi
1815 5306 1885 5362 de

327 5324 373 5362 Ia
413 5324 772 5363 occurrerunt
802 5324 970 5380 usque
1019 5324 1083 5361 ait
1129 5324 1292 5362 nnem
1319 5324 1508 5375 ('aplth
1537 5324 1601 5359 ιι
1626 5356 1638 5371 ,
1676 5324 1762 5360 nm
1815 5324 1881 5362 ae

282 5324 492 5438 ἱερειὺο
535 5392 871 5436 transversas
904 5396 1094 5434 manus
1121 5378 1348 5433 Manassi
1380 5387 1435 5431 et
1462 5377 1752 5444 I'prraimo
1779 5379 1881 5432 im-

286 5455 509 5525 ponenti
535 5454 711 5525 agitur
739 5469 757 5508 .'
788 5463 836 5505 et
872 5462 1031 5525 caput
1058 5450 1274 5505 demunt
1300 5450 1571 5505 clauditur
1596 5451 1883 5518 sententia,

287 5523 357 5583 ad
384 5540 543 5594 quam
579 5523 692 5579 haec
725 5526 904 5593 verba,
942 5524 1022 5579 Ea:
1041 5540 1140 5590 quo
1167 5540 1348 5576 atauus
1376 5539 1586 5591 ponere.
1616 5534 1744 5579 etr..
1769 5538 1886 5577 ma-

288 5597 436 5653 xime
465 5607 709 5667 spectant
741 5597 970 5667 :capitis
1005 5612 1137 5653 vero
1180 5595 1390 5651 initium
1435 5595 1504 5651 28
1526 5610 1886 5666 nequaquam.

298 5668 364 5726 Ut
411 5684 540 5724 vero
582 5668 697 5723 haec
740 5670 952 5738 aliaque
988 5682 1110 5737 quin
1144 5682 1432 5722 recensere
1470 5668 1629 5739 nimis
1671 5668 1891 5739 longum

295 5748 460 5809 esset,
490 5740 851 5810 observaritn;
907 5738 1051 5797 haud
1092 5738 1443 5798 mediocriter
1487 5738 1704 5813 gavisus
1746 5738 1888 5811 sum,

1979 4446 2289 4518 prohahilnr
2321 4449 2430 4501 visa
2453 4459 2533 4500 est
2553 4487 2566 4507 ,
2596 4444 2756 4518 quod
2775 4444 3092 4513 paginarum
3121 4457 3484 4518 verauntnqne
3519 4442 3572 4495 in

1974 4514 2199 4588 utraque
2228 4528 2376 4581 parte
2403 4519 2481 4570 sic
2509 4516 2649 4570 male
2676 4516 2963 4581 collueata,
2997 4532 3092 4584 par
3121 4514 3232 4569 fere
3270 4516 3337 4588 sit
3383 4527 3575 4567 nume-

1972 4606 2086 4646 rus.
2115 4586 2421 4657 Utcumque
2454 4605 2579 4642 vero
2616 4588 2663 4639 id
2692 4588 2779 4648 sit,
2825 4588 3147 4643 St-hedtrutn
3186 4586 3431 4640 ordinent
3468 4594 3576 4657 tur—

1975 4663 2155 4717 batum
2202 4655 2492 4715 esse'satis
2513 4671 2759 4724 constat;
2790 4670 2845 4714 et
2879 4659 3078 4713 exinde
3105 4658 3339 4712 diilicilis
3371 4666 3427 4711 et
3453 4655 3581 4707 obs-

1974 4749 2102 4789 cura
2138 4735 2271 4786 facta
2304 4741 2386 4785 est
2422 4732 2741 4800 Disputatio,
2783 4731 2954 4785 facilis
3000 4732 3134 4782 alias
3183 4740 3233 4783 et
3262 4740 3468 4795 aperta,
3501 4724 3579 4779 uti

1978 4818 2117 4860 nunc
2146 4807 2335 4858 iterum
2369 4804 2577 4857 reddita
2606 4812 2723 4862 est;
2757 4802 2974 4856 schedis
3008 4800 3075 4855 ad
3101 4801 3313 4871 propria
3345 4801 3459 4852 lora
3492 4812 3578 4852 re-

1977 4876 2169 4930 dnctis.
2235 4873 2553 4930 WELCHIAN
2602 4873 2755 4928 —Iu
2801 4873 3044 4929 eamdem
3093 4872 3415 4929 sententiain
3463 4876 3586 4934 post

1980 4946 2392 5002 WeIi-Itmanunt
2422 4945 2747 5001 Juckstmos.
2794 4949 2931 4999 Ante
2962 4953 3247 5008 utrumque
3280 4957 3407 4996 vero
3436 4942 3582 5005 ejus-

1982 5020 2123 5072 modi
2154 5018 2530 5074 confu~lonetn
2570 5018 2621 5070 in
2652 5016 2945 5071 Novatiano
2973 5018 3140 5086 probe
3168 5008 3580 5086 noverutCotef

1981 5090 2146 5145 IeriUs
2176 5089 2229 5143 in
2263 5090 2495 5147 Monum.
2528 5088 2671 5143 Eccl.
2695 5087 2811 5152 Gn,
2848 5082 2986 5142 tom.—
3027 5104 3107 5153 ttt,
3158 5102 3275 5156 pag.
3319 5084 3459 5151 654,
3493 5082 3585 5139 ubi

1984 5173 2032 5216 et
2066 5163 2303 5214 ilIIt‘ItN'IS
2322 5178 2458 5231 Optts
2487 5162 2810 5231 perinixtum
2844 5162 2895 5212 in
2924 5159 3442 5231 ordinemredigere
3471 5164 3584 5231 stu-

1984 5235 2121 5288 duit.
2156 5233 2326 5287 Porro
2364 5226 2433 5287 ἰιι
2460 5226 2661 5287 clarius
2684 5242 2860 5301 pateat
2906 5229 3219 5286 mutationis
3267 5226 3402 5284 ratio
3436 5226 3589 5301 novi-

1986 5321 2091 5373 que
2117 5304 2322 5360 ordinis
2351 5305 2638 5370 restitutio,
2675 5297 2927 5358 tabellam
2975 5301 3314 5368 subiicimus,
3343 5314 3447 5371 qua
3474 5297 3591 5354 edis

1988 5378 2065 5432 tio
2095 5387 2275 5430 nostra
2301 5378 2499 5433 collata
2528 5393 2649 5434 cum
2674 5376 2984 5432 Patneliana
3004 5373 3311 5429 exhibetur.

2062 5446 2206 5502 Edit.
2238 5463 2353 5502 nou.
3062 5445 3138 5499 Ed
3147 5449 3202 5501 it.
3236 5440 3479 5501 Pamelii.

2064 5520 2243 5577 CAPUT
2284 5534 2376 5574 xv.
2460 5559 2473 5574 .
2555 5558 2568 5573 .
2653 5561 2666 5574 .
2743 5527 2827 5576 est
2904 5556 2916 5571 .
2999 5560 3011 5572 .
3096 5559 3109 5572 .
3188 5532 3344 5573 χχιιι.

2280 5604 3341 5654 th........xx1v.

2282 5676 3325 5725 XVII........XXV.

2284 5752 2432 5794 χνιη.
2508 5775 2520 5792 ο
2602 5778 2617 5794 .
2701 5777 2715 5792 .
2800 5776 2809 5790 .
2894 5777 2904 5793 .
2990 5773 3003 5789 .
3086 5775 3098 5789 .
3196 5745 3342 5793 Χκνι.
