4026 6328
271 296 379 354 915

1543 298 1630 355 DE
1670 298 2042 357 TlllNlTATE
2082 299 2309 357 LIBER.

3468 301 3574 360 ait
3660 264 3661 267 γ

273 416 481 473 litatem
516 432 533 472 :
574 429 681 471 non
710 415 894 487 utique
924 414 1087 472 homo
1117 423 1321 471 tantum
1365 424 1477 483 est,
1518 420 1610 487 qui
1651 427 1869 487 praestat
1895 423 1946 483 Α
1974 418 2106 471 hunc
2137 416 2403 483 mundum,
2434 432 2520 472 vos
2549 416 2736 479 dicitis,
2767 418 2886 487 quia
2917 417 3260 489 blasphemas,
3289 420 3409 490 quia
3439 419 3569 485 dixi,

274 508 771 573 immortalitatem;
801 525 960 578 quam
983 552 998 577 ,
1029 510 1072 565 si
1106 510 1480 565 tantummodo
1512 510 1674 565 homo
1706 522 1874 581 esset,

277 612 538 675 przestare
570 618 675 659 non
704 613 889 674 posset
926 623 938 659 :
983 604 1289 676 prirstando
1329 617 1508 661 autem
1537 605 1874 664 divinitatem

273 712 372 768 per
424 687 921 764 immortalitatem,
981 698 1151 753 Deum
1203 715 1261 755 se
1311 701 1499 771 probat
1540 698 1876 757 divinitatem

280 790 628 860 porrigendo,
656 807 817 863 quam
849 792 948 846 nisi
980 791 1122 847 Deus
1146 802 1312 854 esset,
1339 804 1594 861 prmstare
1626 809 1729 847 non
1757 809 1880 864 pos-

281 893 383 938 set.
414 882 469 939 Si
499 883 661 938 homo
694 883 1063 939 tantummodo
1082 884 1362 953 Christus,
1391 885 1662 955 quomodo
1706 887 1881 955 inquit

282 977 411 1032 Ante
431 977 687 1031 Abraham
711 993 802 1047 ego
820 978 970 1031 sum?
1000 975 1197 1050 (Joan.
1227 992 1342 1043 Vill,
1375 978 1466 1033 58.
1495 977 1514 1050 )
1537 977 1708 1032 Nemo
1734 977 1878 1033 enim

279 1072 556 1128 hominum
599 1083 724 1127 ante
750 1088 871 1127 cum
898 1081 1071 1141 potest
1096 1086 1215 1127 esse
1255 1087 1318 1126 ex
1350 1086 1457 1141 quo
1485 1072 1599 1141 ipse
1628 1082 1747 1136 est;
1784 1086 1882 1127 nec

276 1174 455 1236 poteSt
496 1165 609 1219 ﬁeri
654 1166 756 1219 ut‘
800 1165 1082 1235 quisquam
1127 1163 1275 1233 prius
1333 1162 1494 1217 fuerit
1547 1173 1674 1216 ante
1727 1161 1879 1217 illum

277 1272 340 1313 ex
383 1272 493 1328 quo
530 1259 644 1328 ipse
670 1256 936 1327 originem
979 1255 1230 1326 sumpsit.
1280 1255 1385 1309 Sed
1428 1255 1570 1309 enim
1599 1253 1879 1320 Christus,

277 1366 398 1407 cum
427 1367 492 1406 ex
524 1350 798 1406 Abraham
837 1350 942 1415 sit,
986 1362 1113 1406 ante
1152 1348 1424 1404 Abraham
1470 1363 1590 1404 esse
1634 1364 1692 1403 se
1731 1348 1877 1403 dicit.

286 1450 396 1506 Aut
418 1449 677 1504 mentitur
700 1448 859 1519 igitur
878 1457 933 1503 et
956 1445 1089 1501 fallit
1115 1448 1158 1503 si
1182 1456 1306 1501 ante
1331 1445 1600 1500 Abraham
1624 1460 1731 1499 non
1761 1444 1877 1511 fuit,

280 1546 368 1615 qui
400 1561 467 1600 ex
507 1543 779 1598 Abraham
808 1541 911 1597 fuit
952 1560 965 1596 ε
1011 1549 1104 1597 aut
1149 1556 1254 1596 non
1298 1540 1437 1595 fallit
1466 1541 1509 1594 si
1542 1540 1703 1595 etiam
1745 1540 1885 1594 Deus

279 1647 383 1704 est,
416 1638 543 1694 dum
575 1647 701 1693 ante
728 1635 1000 1692 Abraham
1034 1636 1149 1690 fuit.
1184 1634 1338 1703 Quod
1369 1635 1469 1689 nisi
1505 1634 1715 1701 luisset,
1755 1649 1885 1689 cou-

279 1740 571 1803 sequenter
607 1746 729 1786 cum
775 1745 840 1785 ex
885 1727 1157 1784 Abraham
1188 1729 1375 1782 luisset
1399 1770 1413 1793 ,
1460 1735 1585 1781 ante
1610 1727 1881 1782 Abraham

1982 506 2032 560 F
2033 508 2151 561 ilius
2176 507 2273 562 Dei
2300 524 2412 561 sunt
2439 524 2530 578 ego
2563 505 2744 581 (Joan.
2773 525 2825 573 κ,
2852 508 2941 575 55,
2975 508 3087 581 56).
3117 510 3323 576 Quibus
3352 510 3577 565 vocibus

1982 618 2155 673 neque
2182 617 2241 658 se
2268 603 2484 673 negavit
2523 602 2731 669 Deum,
2773 604 2903 674 quin
2946 603 3112 659 immo
3150 605 3319 661 Deum
3360 621 3421 660 se
3459 620 3577 661 esse

1982 698 2233 753 ﬁrmavit.
2256 697 2390 753 Nam
2414 699 2537 769 quia
2563 699 2681 753 sine
2704 699 3038 756 dubitatione
3060 702 3132 757 dii
3157 717 3279 758 esse
3304 702 3575 767 dicuntur,

1982 792 2047 847 ad
2078 807 2212 862 quos
2245 792 2404 848 verba
2437 792 2531 847 Dei
2556 790 2694 847 facta
2719 804 2866 853 sunt;
2901 797 3070 849 multo
3098 797 3271 866 magis
3299 797 3384 851 hic
3416 797 3577 861 Dens,

1982 885 2071 955 qui
2106 885 2298 941 melior
2327 886 2433 940 illis
2471 884 2726 941 omnibus
2777 887 3069 943 invenitur.
3112 888 3181 944 Et
3231 890 3582 945 nihilominus

1983 980 2370 1037 calumniosam
2431 981 2821 1051 blaSphcmiam
2869 983 2889 1013 ⁸
2930 983 3288 1053 dispositione
3350 985 3584 1056 legitima

1984 1087 2348 1148 congruenter
2390 1076 2642 1132 refutavit
2686 1095 2698 1131 :
2746 1078 2911 1132 Deum
2953 1080 3097 1133 enim
3140 1095 3199 1133 se
3238 1081 3315 1134 sic
3355 1079 3583 1149 intelligi

1984 1172 2120 1237 vult,
2153 1181 2210 1225 ut
2237 1170 2428 1225 Filium
2456 1171 2570 1234 Dei,
2627 1179 2681 1225 et
2735 1186 2839 1225 non
2898 1172 3071 1241 ipsum
3128 1171 3343 1227 Patrem
3375 1174 3395 1203 "
3427 1173 3589 1227 vcllet

1987 1266 2232 1335 intelligi.
2273 1263 2491 1318 Missum
2523 1264 2666 1319 enim
2700 1279 2759 1319 se
2800 1280 2921 1319 esse
2961 1265 3096 1321 dixit
3152 1264 3258 1337 (Ib.
3289 1282 3339 1321 v.
3372 1263 3492 1338 52),
3532 1274 3590 1319 et

1986 1358 2153 1413 multa
2188 1373 2415 1428 operase
2445 1373 2510 1413 ex
2554 1356 2714 1412 Patre
2757 1357 3061 1412 ostendisse
3118 1359 3479 1423 monstravit;
3521 1372 3588 1412 ex

1985 1468 2091 1522 quo
2122 1467 2227 1507 non
2256 1452 2470 1507 Patrem
2501 1467 2581 1516 se,
2631 1452 2725 1507 sed
2755 1451 2953 1506 Filium
2981 1467 3104 1506 esse
3127 1452 3351 1522 intelligi
3382 1451 3587 1515 voluit;

1985 1557 2038 1603 et
2069 1548 2119 1600 in
2151 1546 2336 1601 ultima
2370 1554 2525 1615 parte
2539 1544 2892 1611 delensionis,
2921 1544 3064 1611 Filii,
3090 1560 3203 1599 non
3235 1545 3429 1611 Patris,
3470 1544 3596 1598 fecit

1987 1640 2314 1695 mentionem
2343 1638 2723 1695 dicendo:Vos
2755 1638 2924 1693 dicitis
2958 1640 3079 1707 quia
3110 1638 3453 1711 blasphemas,
3472 1637 3594 1706 quia

1989 1733 2099 1787 dixi
2132 1748 2150 1786 :
2178 1731 2349 1786 Filius
2381 1731 2477 1785 Dei
2509 1749 2642 1785 sum.
2702 1731 2777 1785 Ita
2829 1730 2972 1801 quod
3006 1731 3070 1785 ad
3109 1732 3312 1786 crimen
3345 1728 3594 1801 blasphe-

280 1838 403 1881 esse
424 1839 531 1879 non
559 1831 759 1893 posset.
786 1820 843 1877 Si
869 1822 1030 1876 homo
1053 1820 1425 1874 tantummodo
1449 1818 1715 1883 Christus;
1742 1833 1878 1888 quo-
1913 1823 1958 1882 Β
1987 1826 2109 1881 mia;
2157 1826 2421 1896 pertinet,
2467 1825 2664 1880 Filium
2708 1840 2800 1891 se,
2846 1840 2951 1880 non
2993 1825 3208 1881 Patrem
3239 1825 3368 1881 dicit
3401 1844 3414 1880 ε
3447 1824 3591 1896 quod

279 1917 443 1973 modo
487 1916 562 1971 ait
607 1934 620 1970 :
659 1915 727 1970 Et
766 1930 856 1987 ego
896 1916 916 1946 ³
957 1930 1178 1985 agnosco
1242 1929 1331 1967 eas
1375 1920 1421 1966 et
1492 1920 1771 1982 sequuntur
1806 1927 1886 1966 me

281 2027 441 2076 mete;
470 2021 516 2065 et
542 2026 631 2082 ego
659 2010 812 2063 vitam
837 2017 1078 2063 wternam
1110 2006 1177 2061 do
1210 2006 1337 2073 illis,
1370 2017 1417 2060 et
1443 2022 1717 2075 numquam
1750 2005 1884 2075 peri-

280 2108 405 2162 bunt
431 2105 483 2159 in
519 2103 855 2175 perpetuum?
883 2101 1061 2171 (Joan.
1097 2117 1148 2166 x,
1182 2100 1270 2165 27,
1304 2099 1423 2170 28.)
1455 2100 1560 2156 Sed
1589 2099 1734 2154 enim
1761 2114 1883 2153 cum

283 2201 462 2257 omnis
493 2201 656 2254 homo
693 2196 1031 2253 mortalitatis
1068 2198 1138 2250 sit
1170 2194 1378 2265 legibus
1408 2193 1682 2264 alligatus,
1716 2200 1769 2247 et
1799 2193 1882 2246 id-

285 2295 431 2350 circo
459 2294 511 2349 in
541 2303 859 2363 perpetuum
888 2305 947 2347 se
976 2290 1089 2359 ipse
1110 2302 1327 2343 servare
1356 2302 1461 2342 non
1492 2287 1680 2356 possit,
1715 2285 1885 2340 multo

282 2385 454 2456 magis
482 2385 534 2438 in
563 2393 880 2455 perpetuum
908 2382 1136 2437 alterum
1167 2396 1386 2436 servare
1416 2396 1524 2435 non
1556 2380 1777 2451 poterit.
1811 2381 1879 2435 At

284 2478 338 2533 in
380 2486 694 2548 perpetuum
725 2491 786 2531 se
820 2475 1070 2531 Christus
1099 2473 1430 2543 repromittit
1467 2474 1696 2527 salutem
1723 2473 1883 2528 datu-

286 2584 432 2633 rum;
462 2583 622 2639 quam
646 2567 690 2622 si
720 2584 826 2633 non
856 2566 966 2629 dat,
994 2565 1225 2620 mendax
1252 2573 1335 2618 est
1362 2584 1374 2620 :
1405 2565 1449 2619 si
1476 2564 1585 2631 dat,
1615 2565 1757 2620 Deus
1776 2574 1883 2621 est.

289 2662 398 2719 Sed
427 2678 532 2718 non
564 2661 730 2727 fallit;
761 2659 854 2715 dat
884 2660 1026 2714 enim
1056 2658 1196 2730 quod
1230 2659 1555 2728 repromittit
1587 2678 1600 2714 :
1633 2659 1773 2714 Deus
1802 2669 1887 2714 est

289 2765 442 2821 ergo,
471 2748 560 2819 qui
588 2748 814 2803 salutem
856 2757 1169 2818 perpetuam
1204 2745 1464 2815 porrigit;
1511 2760 1667 2814 quam
1698 2745 1879 2811 homo,

288 2844 382 2915 qui
407 2858 466 2899 se
499 2843 670 2914 ipsum
697 2856 916 2897 servare
944 2857 1049 2895 non
1082 2848 1281 2910 potest,
1312 2839 1465 2894 alteri
1497 2848 1753 2910 praestare
1778 2855 1884 2894 non

282 2940 505 3013 poterit.
548 2938 604 2994 Si
646 2937 810 2991 homo
855 2928 1230 2989 tantummodo
1268 2933 1552 3002 Christus,
1598 2933 1725 2998 quid
1762 2942 1885 3001 est,

281 3033 424 3107 quod
455 3033 530 3087 ait
562 3050 574 3086 :
613 3031 721 3102 Ego
748 3040 795 3085 et
829 3028 983 3082 Pater
1011 3045 1166 3083 unum
1186 3028 1406 3081 sumus?
1432 3026 1534 3096 (Ib.
1554 3025 1889 3099 v.50.)Quo-

282 3127 447 3183 modo
468 3127 611 3182 enim
647 3124 756 3196 Ego
787 3133 835 3178 et
867 3122 1022 3177 Pater
1051 3138 1206 3174 unum
1232 3137 1425 3187 sumus,
1456 3120 1500 3174 si
1530 3137 1634 3174 non
1662 3130 1716 3175 et
1746 3121 1887 3175 Deus

1988 1932 2164 1976 autem
2195 1920 2261 1975 ad
2290 1921 2624 1976 divinitatem
2676 1921 2698 1951 ⁸
2748 1928 2957 1991 spectet
3010 1920 3175 1990 ipsius
3197 1962 3212 1985 ,
3244 1919 3358 1991 Ego
3413 1929 3459 1973 et
3489 1918 3591 1971 Pa-

1992 2024 2064 2068 ter
2106 2030 2264 2067 unum
2306 2030 2483 2067 sumus
2523 2012 2740 2067 dicendo
2766 2055 2780 2076 ,
2830 2012 3024 2067 Filium
3065 2026 3125 2068 se
3167 2027 3290 2068 esse
3321 2022 3375 2067 et
3420 2011 3590 2066 Deum

1988 2105 2235 2176 probavit
2267 2123 2280 2161 :
2314 2105 2453 2160 Deus
2482 2115 2565 2160 est
2602 2120 2731 2176 ergo
2764 2122 2778 2159 :
2812 2104 2953 2160 Deus
2983 2114 3159 2160 autem
3200 2105 3299 2172 sic,
3334 2114 3389 2159 ιιι
3420 2103 3591 2159 Filius

1988 2199 2080 2263 sit,
2111 2213 2216 2253 non
2247 2198 2424 2253 Pater.

2421 2335 2648 2393 CAPUT
2689 2335 2832 2394 XVI.
2860 2339 2931 2393 al.
2967 2336 3159 2393 XXIV.

2088 2497 2285 2551 Iterum
2309 2514 2370 2552 ea:
2395 2496 2673 2569 Evangelia
2699 2498 2958 2553 Christum
2992 2496 3155 2552 Deum
3183 2498 3497 2570 comprobat.

2068 2747 2125 2804 Si
2163 2748 2324 2802 homo
2351 2748 2723 2803 tantummodo
2750 2748 2998 2804 Christus
3022 2791 3037 2815 ,
3069 2748 3340 2818 quomodo
3371 2750 3487 2819 ipse
3513 2748 3595 2804 di.

1990 2843 2063 2898 cit
2095 2861 2108 2897 :
2139 2841 2202 2895 Et
2228 2843 2394 2895 omnis
2423 2844 2511 2912 qui
2538 2845 2557 2876 ο
2587 2842 2708 2896 vivit
2750 2851 2799 2895 et
2840 2842 3000 2896 credit
3031 2842 3084 2895 in
3116 2858 3212 2909 me,
3246 2858 3348 2896 non
3404 2843 3593 2896 morie~

1991 2945 2073 2990 tur
2102 2935 2156 2988 in
2185 2934 2473 2988 internum?
2502 2932 2683 3007 (Joan.
2716 2934 2940 3002 χι,26.)
2977 2933 3081 2989 Sed
3115 2934 3256 2989 enim
3289 2934 3376 3005 qui
3408 2935 3459 2989 in
3491 2934 3592 2989 ho-

1995 3027 2191 3082 minem
2221 3027 2519 3081 solitarium
2548 3026 2720 3080 credit
2749 3035 2804 3090 et
2832 3026 3069 3095 nudum,
3117 3026 3434 3083 maledictus
3462 3026 3597 3082 dici-

1995 3128 2081 3173 tur
2104 3118 2240 3192 (Jer.
2272 3135 2406 3184 xm,
2436 3119 2489 3190 5)
2519 3138 2532 3173 :
2568 3120 2914 3184 heicautem,
2939 3119 3028 3189 qui
3051 3118 3224 3174 credit
3247 3120 3296 3173 in
3320 3119 3595 3175 Christum

287 3231 372 3279 est
401 3230 455 3277 et
495 3219 707 3275 Filius?
749 3218 840 3290 qui
881 3216 1082 3272 idcirco
1122 3231 1285 3270 unttm
1329 3224 1502 3284 potest
1530 3215 1633 3270 dici
1662 3215 1787 3270 dum
1819 3230 1887 3271 ex
1914 3225 1960 3289 C
1996 3226 2099 3264 non
2138 3210 2456 3266 maledictus
2484 3253 2498 3277 ,
2530 3210 2624 3265 sed
2656 3211 2707 3265 in
2751 3220 3013 3267 :rteruum
3047 3226 3155 3265 non
3190 3213 3485 3267 moriturus
3514 3228 3599 3268 re-

287 3316 407 3387 ipso
436 3322 540 3378 est,
569 3322 621 3368 et
651 3311 778 3367 dum
807 3309 974 3364 Filius
1004 3309 1121 3379 ejus
1154 3317 1255 3373 est,
1286 3316 1338 3362 et
1368 3308 1494 3363 dum
1519 3322 1585 3363 ex
1616 3308 1732 3378 ipso
1762 3324 1887 3362 nas-

283 3408 423 3464 citur
461 3406 505 3472 ³,
549 3405 674 3459 dum
713 3419 779 3458 ex
809 3405 926 3472 ipso
948 3400 1279 3472 processisse
1304 3402 1596 3469 reperitur,
1622 3417 1722 3471 per
1743 3401 1885 3471 quod

288 3511 341 3556 et
372 3502 516 3557 Deus
541 3507 646 3555 est.
678 3497 831 3565 Quod
862 3511 980 3550 eum
1010 3493 1332 3549 invidiosum
1363 3492 1534 3548 Judaei
1565 3502 1841 3563 putassent
1868 3536 1884 3561 ,

285 3604 341 3652 et
380 3593 752 3664 blasphemttm
782 3588 1175 3651 credidissent,
1217 3601 1282 3640 eo
1310 3585 1453 3656 quod
1489 3601 1548 3640 se
1575 3586 1890 3642 ostenderat

285 3692 372 3747 his
401 3687 745 3745 sermonibus
775 3685 791 3713 "
827 3682 1097 3738 Christum
1129 3696 1247 3736 esse
1279 3681 1476 3745 Deum,
1510 3695 1573 3735 ac
1603 3689 1885 3750 propterea

286 3783 353 3839 ad
404 3780 608 3851 lapides
657 3777 1096 3838 concurrissent,
1157 3783 1211 3827 et
1252 3787 1503 3827 saxorum
1563 3772 1697 3826 ictus
1757 3772 1883 3840 inji-

289 3893 414 3933 ccrc
434 3874 761 3945 gestiissent;
790 3869 1038 3939 exemplo
1066 3877 1116 3921 et
1145 3866 1452 3921 testimonio
1482 3866 1883 3935 Seriptnrarum

290 3965 631 4023 adversarios
660 3978 787 4017 suos
817 3959 1028 4016 fortiter
1068 3957 1344 4012 refutavit.
1383 3956 1447 4012 Si
1477 3957 1594 4011 illos
1616 3998 1630 4021 ,
1672 3957 1885 4025 inquit,

289 4062 419 4118 dixit
446 4060 565 4115 deos
596 4059 663 4112 ad
692 4072 818 4126 quos
848 4056 869 4086 ⁵
899 4052 997 4108 Dei
1027 4052 1176 4106 verba
1222 4050 1357 4119 facta
1405 4062 1546 4117 sunt,
1595 4060 1641 4105 et
1668 4068 1769 4105 non
1796 4067 1888 4122 po-

292 4166 386 4211 test
406 4153 532 4209 solvi
560 4150 859 4221 Scriptura;
882 4162 1028 4219 quem
1054 4143 1213 4199 Pater
1241 4144 1577 4211 sanctiﬁcavit
1602 4153 1648 4197 et
1670 4143 1807 4197 misit
1836 4143 1888 4197 in

1993 3306 2186 3358 fertur.
2218 3304 2293 3358 Es
2329 3317 2435 3373 quo
2456 3343 2471 3368 ,
2504 3303 2549 3357 si
2589 3313 2681 3357 aut
2708 3303 2871 3357 homo
2900 3311 2981 3357 est
3010 3311 3235 3367 tantum,
3268 3314 3324 3357 ut
3361 3303 3598 3359 ha‘retici

1996 3398 2207 3462 volunt,
2242 3395 2514 3466 quomodo
2540 3396 2782 3466 quisquis
2814 3395 2867 3450 in
2897 3412 3021 3451 eum
3050 3396 3241 3461 credit,
3267 3413 3372 3451 non
3399 3398 3598 3451 morie-

1992 3500 2079 3547 tur
2109 3491 2162 3545 in
2192 3499 2492 3557 internum,
2522 3505 2643 3545 cum
2687 3490 3009 3546 maledictus
3053 3506 3175 3546 esse
3217 3500 3466 3547 teneatur
3506 3493 3594 3562 qui

1990 3586 2214 3641 conlidit
2238 3586 2289 3640 in
2319 3585 2576 3639 homine?
2606 3586 2713 3640 Aut
2738 3586 2781 3640 si
2806 3602 2912 3640 non
2939 3585 3277 3652 maledictus,
3301 3585 3394 3641 sed
3419 3587 3595 3655 potius

1990 3680 2056 3734 ad
2086 3688 2305 3734 teternze
2332 3679 2455 3733 vitm
2484 3679 2926 3735 consecutionem
2954 3721 2968 3739 .
3006 3690 3063 3733 ut
3104 3679 3322 3749 legitur,
3349 3679 3593 3734 destina-

1992 3779 2117 3837 tus;
2162 3771 2203 3802 ⁸ο
2252 3785 2359 3826 ηοη
2430 3773 2594 3825 homo
2651 3770 3026 3824 tantummodo
3073 3770 3360 3836 Christus,
3406 3768 3499 3823 sed
3541 3778 3595 3823 et

1996 3864 2137 3919 Deus
2170 3881 2182 3917 :
2215 3864 2267 3918 in
2294 3878 2455 3934 quem
2492 3863 2582 3933 qui
2623 3862 2828 3925 credit,
2861 3873 2913 3917 et
2955 3861 3347 3918 maledictionis
3384 3863 3596 3932 pericu-

1986 3956 2097 4012 lum
2126 3955 2370 4027 deponit,
2398 3964 2453 4011 et
2480 3955 2544 4009 ad
2578 3955 2810 4012 fructum
2835 3954 3063 4024 justitiee
3091 3954 3319 4011 accedit.
3343 3954 3397 4011 Si
3431 3955 3592 4011 homo

1995 4050 2370 4105 tantummodo
2397 4049 2678 4117 Christus,
2713 4048 2983 4120 quomodo
3012 4048 3337 4104 Paraclitum
3374 4048 3503 4103 dicit
3531 4047 3596 4104 de

1990 4163 2083 4201 suo
2108 4162 2217 4201 esse
2258 4154 2583 4215 sumpturum
2609 4160 2723 4215 quia
2749 4144 3076 4198 nuntiaturus
3114 4144 3159 4198 si
3171 4142 3198 4197 .9
3229 4142 3420 4215 (Joan.
3457 4158 3548 4198 1m
3574 4184 3589 4209 ,

1454 4276 1827 4335 GALLANDII
1864 4278 2427 4337 COMMENTARIUS.

292 4434 440 4490 nium
475 4429 887 4501 praecedentium
931 4425 1222 4501 editionmn
1265 4432 1319 4478 ct
1354 4420 1875 4501 absqtteullitt_51ns.

2062 4425 2081 4454 ⁵
2107 4422 2223 4478 Dei.
2254 4423 2455 4479 Vocem
2517 4420 2610 4475 Dei
2654 4421 2853 4476 omittit
2891 4421 3182 4476 Pamelius.
3211 4420 3360 4476 Illam
3408 4430 3588 4479 tamen

294 4492 493 4559 codicis
519 4502 856 4565 auctoritate,
885 4497 1044 4552 verba
1073 4497 1192 4575 hare
1223 4505 1277 4549 et
1302 4493 1577 4575 sequentia
1606 4492 1684 4547 sic
1708 4492 1887 4547 inver-
1916 4516 1964 4575 ι)
1990 4505 2103 4575 tum
2140 4504 2319 4575 textus
2350 4506 2460 4575 tum
2488 4507 2681 4575 sensus
2710 4495 2947 4548 auctoris
2980 4493 3292 4575 requirunt;
3340 4492 3587 4575 adeoque

295 4577 357 4631 tit
393 4593 407 4630 :
444 4592 532 4647 per
572 4574 880 4629 divinitatem
912 4579 1130 4647 prwstat
1158 4566 1591 4647 immortalitatem
1618 4593 1691 4647 -τ
1720 4581 1883 4632 pries-

296 4638 454 4702 tandd
473 4657 639 4701 autent
663 4638 1093 4698 immortalitatem
1124 4656 1212 4708 per
1237 4638 1552 4691 divinitatem
1578 4638 1883 4708 —rimmor-

297 4721 542 4773 talitutem
574 4715 899 4789 porrigenda,
934 4724 1041 4769 etc.
1087 4711 1216 4789 Quis
1260 4724 1420 4780 porro
1450 4724 1554 4763 non
1573 4707 1758 4789 videat
1780 4748 1794 4767 ,
1832 4716 1889 4760 ιιι

296 4802 487 4844 C'J‘ll'l'a
517 4779 845 4849 omittamus,
878 4785 977 4839 hac
1006 4779 1287 4838 verborum
1321 4779 1886 4850 transpositiouewu-

298 4863 529 4934 τολθγίαν
557 4860 608 4914 in
635 4871 836 4934 textum
859 4856 1093 4934 auctoris
1122 4853 1344 4934 induci?
1371 4849 1617 4934 Etcn'm'.
1662 4851 1704 4904 si
1736 4849 1888 4932 hunc

295 4922 559 4988 etlitoretn
604 4930 829 4999 Anglum
871 4927 1201 4999 audias,i_ita
1240 4922 1890 4999 scripsisseNoVatia‘nus

300 5005 613 5074 perhibetur
646 5021 659 5055 :
688 4991 825 5072 Ergo
854 5001 1055 5055 verbum
1083 4997 1271 5074 Christi
1295 4991 1499 5074 prtestttt
1529 4991 1888 5047 immortalita-

299 5068 418 5134 iem.
450 5086 495 5129 et
523 5091 612 5143 per
638 5068 948 5127 divinitatem
977 5078 1180 5143 prtestat
1209 5068 1658 5143 inmortalitatem.

376 5149 390 5178 ¹
431 5138 728 5216 Quisquam.
756 5143 832 5199 Ita
862 5138 985 5198 eum
1034 5140 1303 5216 .lacksono
1346 5138 1733 5216 rescripsimus
1794 5149 1891 5216 pro

337 5207 580 5287 uidiﬁtam
607 5217 760 5272 editt.
797 5223 1013 5287 propter
1041 5213 1188 5265 illam
1218 5210 1357 5287 quod
1386 5209 1650 5287 sequitur.
1674 5209 1802 5287 Μ-οχ.
1821 5207 1886 5261 Β.

337 5235 579 5287 utaqaam
607 5235 760 5272 euut.
797 5235 1013 5282 prttpwr
1041 5235 1188 5265 tuum
1218 5235 1357 5280 qttttu
1386 5235 1650 5277 sequitur.
1674 5235 1791 5263 :uux
1822 5235 1886 5261 ιι.

300 5235 365 5346 ἰᾷ
395 5292 462 5344 de
489 5290 535 5344 la
569 5289 732 5343 Barre
762 5286 1048 5341 editionem
1091 5281 1476 5352 ettpteSsinius,
1508 5281 1596 5351 qui
1628 5280 1752 5347 legit
1786 5280 1893 5352 ipse

302 5377 401 5433 pro
430 5363 596 5431 ipsam
629 5357 867 5414 Pamelii.
901 5349 1205 5433 Al._ipsunt.
1240 5349 1539 5433 Utramque
1564 5368 1694 5407 sane
1733 5349 1892 5406 resti—

302 5424 564 5502 iutionetn
593 5440 880 5487 contextus
912 5424 1048 5502 ratio
1074 5428 1302 5502 suadere
1330 5424 1557 5502 videtur.

377 5496 677 5575 ’Agnosco.
737 5502 813 5555 Ex
846 5515 949 5555 ms.
978 5497 1217 5575 Νοννυεί
1269 5496 1484 5566 reposui
1533 5509 1754 5575 agnosco
1800 5505 1897 5575 pro

305 5565 765 5641 etlittfagnoscam
793 5590 811 5626 :
848 5572 989 5641 quod
1032 5586 1130 5626 nec
1161 5565 1349 5641 Gri'co
1392 5568 1559 5621 textui
1601 5565 1891 5629 Convenit,

308 5665 406 5702 nec
434 5640 674 5717 Vulgatm
707 5645 793 5699 ulti
821 5640 901 5699 εει
929 5657 1212 5717 cognosco._
1230 5640 1485 5717 Jacssox.

383 5721 402 5750 ³
434 5707 589 5772 Dum.
618 5717 680 5771 Et
708 5718 829 5769 dum
858 5707 1137 5782 scripsisse
1166 5713 1375 5767 videtur
1400 5720 1608 5764 auctor.
1640 5707 1718 5763 In.

380 5792 697 5845 ἰϐΙυ-ἰδιωη.
740 5786 900 5841 Forte
937 5779 1189 5841 Christus.
1228 5784 1512 5848 Nimirum,
1541 5798 1594 5837 se
1615 5779 1902 5837 ostenderat

311 5897 381 5909 --
406 5862 636 5919 Christus
664 5877 769 5917 esse
797 5858 981 5913 Deum.
1014 5856 1087 5913 lo.

1990 4566 2290 4622 Novatiano
2335 4566 2704 4631 restituimus,
2755 4575 3043 4636 utrumque
3076 4565 3430 4635 Anglicanum
3475 4565 3593 4621 edi-

1992 4647 2163 4693 torem
2193 4639 2384 4693 secuti.
2880 4679 2891 4684 -

2066 4711 2087 4742 θ
2107 4709 2473 4783 Dispositione.
2506 4708 2658 4763 Hanc
2689 4721 2878 4783 vocem
2902 4723 3007 4783 non
3037 4706 3344 4783 intelligens
3367 4707 3592 4783 Welch-

1992 4778 2219 4847 manus,
2263 4781 2577 4851 depositione
2614 4779 2915 4848 rescripsit.
2951 4780 3020 4833 At
3048 4778 3594 4851 Novatianusirespic

1996 4850 2390 4927 εὶῐοίκονομίάνς
2422 4852 2560 4917 apud
2578 4860 2801 4927 veteres
2830 4851 3154 4927 notabilem;
3189 4866 3345 4927 quam
3378 4850 3591 4906 Tertul-

1996 4927 2171 4981 lianus
2201 4922 2257 4977 et
2286 4935 2548 4994 interpres
2578 4923 2765 4978 lrenmi
2797 4923 3016 4993 passim,
3050 4922 3435 4993 dispositionem
3465 4939 3587 4979 ver-

1998 5007 2199 5053 terunt.
2229 4996 2483 5051 Jacssoa.

2069 5090 2087 5119 "
2122 5087 2299 5141 Vellet.
2330 5083 3146 5156 Welchm.conjicitlegendttm
3175 5099 3229 5139 se
3255 5084 3394 5138 velit.
3423 5083 3586 5141 Jack-

1997 5175 2094 5216 son
2146 5176 2273 5213 vero
2303 5176 2355 5212 se
2379 5158 2548 5212 vellet.

2071 5233 2092 5264 ³
2116 5230 2340 5297 Spectet.
2372 5230 2446 5285 Ita
2493 5229 2641 5286 editi.
2676 5228 2837 5283 Forte
2861 5226 3140 5299 legendum
3164 5236 3359 5299 spectat
3391 5244 3410 5282 :
3447 5229 3591 5299 quod

2000 5303 2114 5358 sine
2142 5303 2525 5370 exemplarium
2556 5301 2862 5356 testimonio
2902 5300 3041 5355 ultro
3068 5298 3237 5355 edidit
3280 5298 3592 5356 Welcluna-

2001 5391 2122 5430 nus.
2149 5374 2401 5430 Jscusox.

2072 5471 2092 5501 θ
2135 5466 2287 5522 Vivit.
2319 5467 2467 5521 llanc
2516 5481 2703 5520 vorem
2759 5480 2881 5519 eum
2928 5463 3140 5519 Latinio
3169 5462 3233 5517 ad
3263 5472 3474 5518 textum
3504 5479 3592 5520 re-

2003 5540 2129 5594 duxi
2155 5581 2170 5606 ,
2218 5555 2313 5604 pro
2346 5538 2499 5593 editt.
2528 5537 2699 5602 videt,
2731 5536 2870 5606 quod
2901 5552 2997 5590 nec
3029 5534 3232 5591 Graecis
3262 5551 3359 5589 nec
3386 5535 3591 5590 Latinis

2003 5610 2249 5682 Congruit
2280 5628 2291 5659 :
2323 5609 2415 5664 sed
2445 5618 2527 5664 est
2554 5608 2817 5682 Jv'alt._}’l.
2849 5607 2939 5682 40,
2971 5616 3129 5682 atque
3156 5606 3281 5661 inde
3317 5608 3591 5663 memoria:

2004 5677 2154 5753 lapsu
2183 5682 2352 5752 potuit
2381 5681 2686 5736 exscribere
2711 5678 3062 5733 Novatianus.
3083 5677 3339 5733 Jacssoa.
3382 5684 3385 5685 ⁷

2080 5776 2122 5807 ¹⁰
2169 5773 2289 5827 Non
2330 5774 2499 5827 homo.
2554 5770 2675 5825 Non
2739 5780 2809 5825 est
2860 5771 3007 5825 homo
3043 5769 3211 5825 edidit
3250 5786 3312 5825 ex
3357 5769 3592 5840 Cognato

1957 5900 1961 5904 .
2005 5846 2409 5903 Wclchntanus.
2447 5844 2520 5898 In.
