4026 6328
510 328 620 387 915

1960 319 2338 383 NOVATIANI
3704 331 3789 390 illi}

511 444 632 521 ιι.)
675 443 865 516 Neque
905 443 1052 500 enim
1099 442 1398 499 Paraclitns
1441 441 1511 497 sb
1550 440 1772 497 homine
1816 441 2109 514 quidquam
2137 451 2191 511 Α
2217 442 2494 499 hominem
2526 442 2724 500 ⁶ἰ11ιιιιι
2776 456 2937 501 nemo
2986 444 3234 513 dubitat;
3291 448 3343 501 et
3384 436 3501 503 Deo
3549 460 3608 504 se
3642 442 3792 523 jungit

509 542 727 614 accipit,
752 541 849 597 sed
878 540 1086 596 homini
1110 538 1393 595 scientiam
1421 536 1722 595 Paraclitus
1745 538 1990 609 porrigit,
2014 553 2115 595 nec

508 636 693 694 futura
719 635 789 692 ab
814 636 1032 691 homine
1056 634 1358 691 Parsclitus
1383 634 1559 700 discit,
1587 635 1682 689 sed
1708 635 1778 690 de
1802 634 1996 690 futuris
2019 634 2117 690 bo.

512 733 714 788 minem
744 731 1039 786 Paraclitns
1069 729 1305 785 instruit.
1351 729 1493 800 Ergo
1521 738 1613 785 aut
1640 742 1745 784 non
1771 732 1978 800 accepit
2009 730 2114 784 Pn-

502 824 725 882 raclitus
750 838 781 878 a
804 822 1025 879 Christo
1047 822 1264 877 homine
1286 821 1430 891 quod
1461 823 1704 890 nuntiet,
1729 824 1979 894 quoniam
2013 818 2115 877 Pa-

501 917 699 973 raclito
729 915 892 971 homo
927 915 1061 970 nihil
1091 916 1286 984 poterit
1320 915 1451 970 dare
1480 930 1508 969 a
1538 930 1646 986 Quo
1684 917 1797 985 ipse
1829 916 1989 970 homo
2019 915 2114 971 de-

502 1012 599 1067 bet
626 1010 907 1082 accipere;
948 1019 1004 1066 et
1045 1009 1177 1063 fallit
1204 1009 1273 1088 .in
1316 1012 1569 1079 praesenti
1610 1010 1733 1065 loco
1776 1010 2021 1064 Christus
2061 1020 2115 1067 et

507 1110 744 1177 decipit,
792 1123 914 1163 cum
958 1108 1284 1163 Paraclitum
1329 1124 1359 1163 a
1407 1124 1467 1164 se
1508 1109 1728 1165 homine
1764 1120 2111 1180 accepturum

503 1219 624 1275 quae
656 1205 866 1257 nuntiet
893 1202 1044 1268 dicit;
1070 1216 1159 1256 aut
1189 1218 1294 1257 non
1325 1216 1424 1257 nos
1453 1204 1607 1270 fallit,
1641 1205 1781 1259 sicut
1808 1218 1908 1259 nec
1938 1203 2108 1269 fallit,

504 1308 560 1353 et
589 1298 799 1367 accepit
825 1296 1122 1352 Paraclitus
1162 1312 1193 1351 a
1245 1296 1461 1351 Christo
1492 1311 1613 1367 quae
1665 1298 1896 1352 nuntiet.
1941 1295 1957 1328 ¹
2008 1296 2114 1353 Sed

497 1392 545 1446 si
574 1408 605 1446 a
633 1391 850 1446 Christo
878 1392 1088 1461 accepit
1110 1405 1230 1460 qua:
1256 1392 1486 1454 intutiet;
1520 1390 1696 1459 major
1720 1404 1853 1460 ergo
1871 1391 1985 1460 jam
2010 1389 2116 1444 Pa-

500 1486 694 1541 raclito
716 1484 965 1541 Christus
986 1494 1069 1540 est
1101 1503 1113 1539 :
1147 1483 1403 1553 quOuiam
1448 1499 1548 1540 nec
1580 1484 1878 1539 Psraclitus
1908 1498 1936 1538 ιι
1959 1483 2115 1540 Chri-

502 1589 593 1634 sto
620 1578 915 1649 acciperet,
953 1577 1054 1632 nisi
1088 1576 1264 1632 minor
1284 1574 1503 1632 Christo
1525 1585 1689 1631 esset.
1721 1575 1896 1631 Minor
1927 1584 2108 1631 autem

499 1669 722 1727 Christo
769 1670 1071 1726 Paraclitus
1105 1669 1385 1725 Christum
1425 1672 1588 1726 etiam
1630 1671 1799 1725 Deum
1842 1683 1965 1725 esse
2004 1670 2107 1725 hoc

501 1766 624 1836 ipso
656 1764 865 1834 probat,
892 1779 922 1818 ιι
950 1779 1058 1835 quo
1078 1764 1289 1835 accepit
1327 1778 1446 1834 quae
1486 1763 1731 1828 nuntiat;
1766 1766 1827 1818 ut
1871 1769 2111 1819 testimo-

2221 536 2433 603 merito,
2468 544 2525 589 nt
2564 535 2852 591 creditoris
2875 535 3174 594 divinitatis
3204 548 3316 593 suae
3339 534 3623 594 formulam
3649 556 3792 613 pone-

2220 636 2321 683 ret.
2354 627 2412 683 Si
2441 630 2602 684 homo
2635 630 3013 684 tantummodo
3038 629 3305 696 Christus;
3340 633 3611 701 quomodo
3646 634 3791 691 dicit:

2220 722 2289 778 Et
2319 738 2453 778 nunc
2483 723 2767 794 honoriﬁca
2805 742 2884 779 me
2929 726 3092 797 gloria
3117 740 3270 799 quam
3301 724 3549 783 habebam
3597 733 3725 804 apud
3758 746 3794 789 te

2218 819 2513 888 priusquam
2540 820 2760 873 mundus
2783 820 2952 874 esset?
2974 818 3150 891 (Jaan.
3183 834 3312 885 xvn,
3342 818 3423 892 5.)
3449 822 3508 877 Si
3533 834 3792 893 antequam

2219 912 2454 966 mundus
2474 924 2639 977 esset,
2661 914 2885 984 gloriam
2915 914 3097 969 habuit
3123 915 3265 988 apud
3299 916 3491 985 Deum,
3518 928 3571 974 et
3602 918 3793 975 clarita-

2220 1012 2327 1060 tem
2375 1007 2545 1061 tenuit
2590 1007 2731 1077 apud
2781 1006 3027 1073 Patrem,
3067 1020 3194 1063 ante
3244 1009 3508 1065 mundum
3564 1010 3795 1071 l'uit:nec

2217 1101 2362 1156 enim
2406 1100 2682 1155 habuisset
2727 1099 2955 1172 gloriam
2978 1143 2993 1168 ,
3026 1103 3127 1157 nisi
3158 1103 3274 1173 ipse
3303 1105 3456 1175 pritts
3487 1105 3691 1171 luisset,
3724 1111 3794 1179 qui

2216 1194 2443 1265 gloriam
2484 1203 2663 1262 posset
2710 1202 2915 1252 tenere.
2960 1195 3131 1252 Nemo
3181 1199 3324 1252 enini
3374 1197 3580 1254 habere
3622 1198 3794 1271 aliquid

2218 1289 2441 1360 poterit,
2475 1288 2577 1343 nisi
2622 1297 2747 1345 ante
2794 1290 2909 1360 ipse
2954 1288 3137 1356 fuerit,
3164 1294 3253 1364 qui
3282 1295 3484 1365 aliquid
3524 1303 3685 1352 tenet.
3710 1297 3794 1353 Sed

2218 1382 2363 1436 enim
2417 1379 2669 1438 Christus
2725 1384 2745 1415 ’⁷
2789 1382 2951 1439 habet
2991 1385 3216 1455 gloriam
3265 1398 3391 1444 ante
3438 1388 3626 1445 mundi
3672 1391 3796 1447 iusti-

2218 1474 2517 1544 tntionem;
2545 1490 2674 1547 ergo
2719 1486 2848 1533 ante
2899 1480 3291 1538 institutioiiem
3338 1485 3532 1539 mundi
3565 1485 3675 1541 fuit.
3707 1488 3795 1545 Nisi

2218 1571 2361 1625 enim
2408 1578 2535 1626 ante
2583 1572 2973 1628 institutionem
3019 1574 3205 1630 mundi
3247 1583 3431 1642 esset;
3475 1589 3604 1633 ante
3643 1581 3796 1637 mundi

2217 1664 2609 1721 institutionem
2651 1664 2878 1737 gloriam
2920 1667 3120 1724 habere
3147 1682 3250 1727 ιιοιι
3302 1680 3525 1741 posset,
3560 1686 3676 1728 cum
3703 1675 3795 1743 ipse

2218 1768 2324 1814 non
2349 1768 2517 1815 esset.
2553 1758 2660 1814 Sed
2683 1759 2826 1816 enim
2868 1761 3031 1816 homo
3060 1760 3284 1832 gloriam
3309 1774 3440 1821 ante
3463 1768 3645 1822 mundi
3672 1768 3797 1825 insti-

500 1860 653 1914 nium
685 1857 884 1914 Chrisn
912 1858 1210 1913 divinitatis
1240 1857 1446 1929 grande
1472 1857 1563 1921 sit,
1599 1857 1725 1911 dum
1755 1858 1933 1913 minor
1956 1856 2112 1912 Chri-
2140 1857 2187 1920 Β
2219 1852 2476 1908 tutioncm
2509 1851 2710 1909 habere
2756 1869 2862 1909 non
2891 1856 3084 1924 potuit,
3111 1857 3201 1928 qui
3247 1862 3366 1928 post
3391 1860 3654 1916 mundum
3684 1861 3793 1917 fuit:

505 1962 592 2006 sto
633 1951 932 2007 Paraclitus
973 1961 1261 2023 repertus,
1301 1951 1371 2006 ab
1415 1950 1511 2005 illo
1554 1950 1718 2005 sumit
1752 1965 1873 2017 quae
1903 1951 2117 2006 caeteris

513 2045 698 2102 tradit.
723 2045 1170 2116 Quandoquidem
1194 2044 1238 2099 si
1264 2044 1426 2099 homo
1449 2043 1823 2099 tantummodo
1844 2041 2113 2110 Christus,

511 2154 543 2193 ιι
582 2138 854 2194 Psraclito
886 2139 1139 2194 Christus
1178 2138 1450 2206 acciperet
1489 2148 1610 2207 quae
1651 2135 1889 2203 diceret,
1937 2149 2044 2190 non
2086 2149 2116 2190 a

510 2231 730 2288 Christo
759 2232 1058 2288 Paraclitus
1086 2233 1361 2302 acciperet
1383 2245 1504 2301 quae
1535 2231 1829 2285 nuntiaret.
1860 2229 1917 2283 Si
1948 2229 2114 2285 homo

510 2327 1211 2392 tantummodO'Cbristus;
1248 2341 1417 2394 quare
1462 2324 1719 2381 credendi
1766 2323 1921 2379 nobis
1954 2325 2115 2380 talem

507 2420 751 2492 regulam
787 2420 966 2491 pnsuit
1010 2436 1117 2491 quo
1158 2419 1364 2477 diceret
1395 2436 1407 2472 :
1447 2417 1573 2472 Han:
1609 2428 1683 2472 est
1713 2428 1883 2471 autem
1913 2418 2016 2471 vita
2046 2432 2118 2471 az-

511 2523 659 2568 terna
686 2522 741 2567 ut
764 2514 927 2569 sciant
956 2524 1003 2567 te
1029 2528 1189 2567 unum
1216 2521 1264 2567 et
1288 2526 1458 2566 verum
1480 2509 1669 2577 Deum,
1695 2518 1741 2563 et
1760 2526 1907 2579 quem
1934 2508 2119 2564 misisti

509 2605 689 2661 Jesum
712 2602 1007 2662 Christum?
1032 2604 1211 2677 (Joan.
1237 2619 1369 2670 xvtt,
1395 2600 1479 2676 ὅ.)
1509 2602 1845 2657 Sinoluisset
1870 2616 1930 2655 se
1956 2598 2116 2654 etiam

512 2701 681 2755 Deum
716 2700 976 2770 intelligi,
1005 2714 1103 2754 cur
1147 2697 1355 2751 addidit
1391 2715 1404 2750 :
1447 2695 1513 2749 Et
1550 2712 1698 2766 quem
1724 2694 1908 2749 misisti
1939 2692 2117 2747 Jesum

513 2790 809 2857 Christum,
854 2792 958 2847 nisi
997 2792 1253 2862 quoniam
1312 2796 1368 2844 et
1425 2788 1593 2843 Deum
1632 2786 1806 2856 accipi
1841 2786 1862 2818 ⁸
1903 2784 2118 2840 voluit?

512 2883 780 2954 Quoniam
805 2884 850 2940 si
887 2899 948 2939 se
982 2883 1150 2939 Deum
1189 2881 1359 2937 nollet
1390 2880 1637 2949 intelligi,
1671 2878 1974 2933 addidisset
2007 2895 2021 2932 :
2052 2877 2120 2931 Et

512 2994 661 3053 quem
699 2980 884 3035 misisti
911 2979 1170 3033 hominem
1196 2974 1378 3032 Iesum
1416 2974 1676 3031 Christum
1705 2992 1724 3030 :
1752 2988 1895 3029 nunc
1936 2984 2118 3028 autem

510 3088 692 3146 neque
729 3072 966 3138 addidit,
1010 3086 1112 3127 nec
1150 3086 1212 3129 se
1244 3071 1517 3126 hominem
1559 3069 1714 3125 nobis
1745 3068 2119 3127 tantummodo

511 3166 761 3221 Christus
795 3164 1037 3229 tradidit,
1067 3164 1163 3219 sed
1193 3164 1216 3195 ³
1246 3163 1358 3218 Deo
1406 3164 1606 3232 iunxit,
1666 3172 1727 3218 ut
1751 3173 1805 3218 et
1830 3164 1997 3219 Deum
2024 3176 2120 3234 per

2219 1943 2471 2000 Christus
2500 1950 2680 2001 autem
2731 1945 2920 2003 habuit
2966 1965 2979 2002 :
3020 1956 3149 2005 ante
3180 1951 3440 2005 mundum
3497 1955 3653 2024 igitur
3679 1952 3795 2011 fuit:

2220 2050 2328 2093 non
2358 2036 2517 2108 igitur
2545 2037 2706 2093 homo
2736 2043 3108 2097 tantummodo
3134 2041 3254 2109 fuit,
3288 2046 3378 2115 qui
3411 2055 3544 2103 ante
3570 2048 3793 2105 mundum

2218 2132 2354 2187 luit:
2387 2131 2527 2187 Deus
2559 2142 2647 2188 est
2675 2135 2853 2204 igitur,
2888 2138 3142 2207 quoniam
3175 2151 3303 2196 ante
3331 2143 3595 2198 mundum
3630 2144 3734 2212 fuit,
3758 2155 3799 2200 et

2218 2227 2447 2298 gloriam
2478 2237 2604 2285 ante
2635 2231 2892 2287 mundum
2925 2235 3117 2291 tenuit.
3150 2235 3259 2293 Nec
3292 2238 3693 2307 przedestinatio
3719 2241 3796 2295 ista

2220 2318 2454 2388 dicatur,
2483 2324 2738 2391 quoniam
2769 2340 2867 2380 nec
2905 2329 3077 2397 posita
3107 2338 3225 2394 est;
3260 2336 3352 2384 ant
3380 2331 3587 2388 addant
3613 2332 3704 2387 hoc
3727 2334 3797 2404 qui

2222 2414 2326 2471 hoc
2356 2425 2551 2487 putant
2599 2436 2611 2473 :
2658 2417 2755 2473 sed
2797 2432 2877 2474 vae
2907 2429 2991 2476 est
3019 2420 3406 2493 adjicientibus
3435 2469 3450 2491 ,
3482 2425 3737 2496 quomodo
3757 2436 3797 2481 et

2220 2506 2629 2566 detrahetttibus
2656 2553 2669 2575 ,
2714 2514 2946 2582 positum
2996 2514 3202 2587 (Apoc.
3235 2535 3341 2573 χχιι
3362 2562 3377 2584 ,
3410 2518 3503 2586 18,
3535 2518 3633 2590 l9)
3661 2539 3673 2574 :
3713 2536 3797 2574 non

2221 2606 2397 2675 potest
2424 2616 2554 2675 ergo
2581 2598 2687 2660 dici
2716 2606 2858 2676 quod
2887 2624 2992 2663 non
3023 2618 3203 2680 potest
3228 2608 3415 2681 adjici.
3450 2608 3665 2667 Sublata
3692 2627 3795 2683 ergo

2221 2692 2701 2768 praedestinatione
2741 2715 2862 2771 qua:
2905 2719 3012 2757 non
3055 2714 3137 2759 est
3183 2707 3389 2775 posita,
3438 2707 3492 2761 in
3534 2704 3795 2761 subsumtia

2222 2788 2319 2846 luit
2357 2790 2609 2849 Christus
2649 2804 2775 2851 ante
2815 2797 2998 2852 mundi
3044 2798 3466 2858 institutionem.
3512 2799 3718 2857 Verbum
3741 2812 3795 2856 est

2220 2884 2363 2939 enim
2393 2901 2482 2956 per
2510 2884 2646 2952 quod
2672 2886 2812 2954 facta
2833 2898 2952 2943 sunt
2979 2894 3177 2957 omnia,
3209 2902 3256 2946 et
3283 2888 3393 2947 sine
3412 2911 3518 2962 quo
3542 2899 3722 2965 factum
3740 2905 3794 2949 est

2220 2976 2372 3032 nihil.
2402 2976 2665 3044 Quoiiiatn
2701 2991 2755 3035 et
2793 2982 2838 3034 si
2876 2981 2928 3036 in
2971 2982 3453 3052 pra-destinatione
3483 2985 3675 3043 dicitur
3704 2987 3796 3055 glo-

2221 3072 2399 3128 riosus
2419 3115 2433 3138 ,
2464 3081 2514 3128 et
2543 3084 2669 3128 ante
2698 3075 2881 3130 mundi
2916 3077 3310 3134 institutionem
3340 3079 3515 3137 fuisse
3546 3080 3795 3152 praedesti-

2222 3167 2495 3222 nationem
2523 3209 2537 3231 ,
2579 3168 2713 3222 ordo
2740 3178 2989 3225 servetur
3012 3212 3027 3236 ,
3062 3182 3119 3226 et
3157 3184 3282 3229 ante
3314 3174 3461 3231 hunc
3499 3178 3605 3232 erit
3633 3176 3796 3230 multus

515 3260 657 3316 hanc
697 3260 1135 3330 cnnjuncﬁonem
1157 3301 1171 3324 ,
1215 3259 1357 3322 sicut
1382 3268 1465 3315 est
1488 3300 1503 3325 ,
1547 3259 1773 3330 intelligi
1805 3258 1987 3315 vellet.
2026 3259 2122 3314 Est
2147 3262 2191 3327 C
2227 3274 2484 3317 numerus
2509 3261 2785 3317 hominum
2813 3264 2861 3318 in
2884 3264 3109 3335 gloriam
3135 3264 3465 3325 destinatus.
3494 3269 3659 3325 Minor
3677 3269 3792 3323 cuitu

518 3362 651 3424 ergo
678 3353 1036 3420 credendum,
1064 3353 1359 3408 secundum
1385 3353 1752 3425 priescriptam
1776 3356 2038 3426 regulam,
2065 3354 2116 3407 in

2226 3373 2321 3428 per
2377 3357 2531 3412 istatn‘
2578 3357 2994 3414 destinationem
3053 3360 3301 3415 Christus
3354 3365 3619 3419 easteris8
3665 3362 3793 3418 intel-

518 3447 830 3512 Dominum,
858 3458 1020 3500 unum
1045 3460 1232 3500 verum
1266 3442 1456 3512 Deum,
1487 3447 1614 3501 etin
1638 3461 1761 3502 eum
1787 3459 1947 3517 quem
1978 3442 2125 3500 misit
2225 3448 2437 3520 ligetur,
2471 3449 2664 3519 quibus
2697 3453 2962 3518 posterior
2985 3448 3296 3508 denotatur.
3329 3448 3464 3509 Nam
3497 3461 3538 3510 si
3568 3455 3679 3511 htec
3704 3456 3795 3526 glo-

516 3539 703 3594 Jesum
744 3538 1020 3593 Christum
1061 3542 1495 3609 consequenter,
1551 3540 1642 3607 qui
1681 3552 1739 3595 se
1786 3552 2121 3611 nequaquam

523 3633 671 3688 Patri
697 3674 712 3697 ,
739 3640 799 3687 ut
828 3633 1063 3688 diximus
1090 3675 1105 3700 ,
1135 3632 1403 3703 iunxisset
1428 3674 1442 3699 ,
1477 3634 1577 3688 nisi
1605 3633 1774 3688 Deum
1802 3646 2017 3704 quoque
2049 3630 2126 3687 ln-

521 3728 691 3799 telligi
717 3724 739 3760 ⁸
768 3728 949 3793 vellet;
1005 3740 1314 3799 separasset
1346 3728 1491 3784 enim
1521 3722 1543 3760 ⁸
1573 3726 1641 3784 ab
1706 3743 1793 3796 eo,
1854 3730 1898 3783 si
1957 3727 2128 3784 Deum

520 3822 748 3893 intelligi
787 3837 846 3878 se
890 3818 1154 3877 noluisset
1181 3837 1195 3875 :
1223 3821 1366 3876 inter
1405 3816 1654 3876 homines
1693 3822 1838 3878 enim
1889 3831 2126 3876 tantum-

521 3913 684 3969 modo
722 3929 782 3969 se
826 3915 1166 3979 eolloeasset,
1200 3913 1245 3969 si
1298 3912 1574 3969 hominem
1610 3918 1669 3969 se
1714 3927 1837 3970 esse
1879 3916 2119 3970 tantum-

519 4008 685 4064 modo
726 4009 925 4075 sciret;
962 4024 1061 4065 nec
1106 4016 1228 4064 cum
1272 4009 1385 4065 Deo
1417 4004 1712 4080 iunxisset,
1742 4008 1790 4063 si
1833 4022 1893 4064 se
1925 4024 2033 4064 non
2066 4016 2123 4065 et

522 4104 693 4162 Deum
738 4108 961 4161 nosset:
992 4120 1133 4161 nunc
1178 4112 1235 4161 et
1282 4105 1352 4161 de
1404 4100 1626 4160 homine
1669 4108 1830 4168 tacet,
1859 4105 2116 4173 quoniam

2226 3544 2304 3599 ria
2343 3540 2394 3597 in
2438 3534 2911 3613 pra-destinatione
2940 3543 3073 3611 fuit,
3112 3547 3641 3615 pra-destinationem
3670 3550 3793 3603 istam

2230 3637 2280 3690 in
2322 3634 2548 3707 gloriam
2592 3637 2917 3691 novissimus
2949 3636 3197 3693 Christus
3237 3642 3450 3711 accepit
3481 3662 3494 3695 :
3526 3652 3646 3697 ante
3679 3640 3793 3696 enim

2232 3726 2645 3802 pra-destinatus
2672 3726 2838 3786 Adam
2861 3747 2983 3787 esse
3004 3744 3277 3798 ceructur,
3298 3744 3352 3790 et
3373 3737 3531 3802 Abel,
3549 3746 3599 3792 et
3618 3732 3791 3798 Enocit,

2230 3835 2282 3878 et
2325 3816 2437 3879 Noe
2463 3867 2477 3891 ,
2522 3834 2576 3878 et
2618 3823 2926 3891 Abraham,
2967 3832 3020 3880 et
3066 3825 3256 3897 reliqui
3300 3831 3508 3885 caeteri.
3545 3830 3668 3885 Nam
3694 3842 3790 3883 eum

2228 3912 2368 3985 apud
2414 3914 2581 3971 Deum
2620 3926 2675 3972 et
2706 3933 3060 3988 personarum
3102 3929 3154 3974 et
3193 3936 3375 3976 rerum
3417 3925 3651 3978 omnium
3687 3921 3791 3975 ordo

2226 4008 2465 4079 digestus
2493 4010 2600 4074 sit,
2654 4022 2778 4066 ante
2835 4008 2974 4066 hanc
3028 4012 3558 4082 prtedestinationem
3586 4015 3790 4072 Christi’

2226 4100 2279 4157 in
2310 4101 2535 4174 gloriam
2566 4098 2716 4159 multi
2744 4104 3107 4176 praedestinati
3128 4105 3299 4164 fuisse
3324 4107 3592 4169 dicentur.
3621 4110 3681 4166 Et
3702 4109 3781 4165 hoc

1670 4235 2042 4293 GALLANDH
2073 4234 2630 4295 COMMENTARIUS.

598 4389 614 4419 ¹
645 4387 752 4443 Sed
780 4389 824 4442 si
848 4404 878 4440 η
909 4386 1112 4441 Christo
1151 4382 1378 4453 accepit,
1419 4388 1526 4434 etc.
1584 4375 1967 4453 Reprehendit
2002 4377 2107 4453 lfa-

524 4458 717 4514 melius
741 4501 758 4526 ,
793 4468 844 4514 et
886 4467 1040 4513 caute
1071 4448 1352 4526 legendum
1384 4457 1568 4526 monet
1588 4490 1600 4511 ,
1632 4450 1774 4519 quod
1807 4448 1927 4526 heia
1957 4449 2115 4526 habet

525 4519 856 4587 Novatianus
899 4530 968 4585 de
996 4519 1199 4599 Spiritu
1230 4534 1436 4579 sancto.
1482 4520 1681 4599 Verum
1725 4534 1791 4574 ex
1836 4519 2117 4599 Novatiani

528 4602 826 4672 principiis,
856 4604 945 4671 qtli
979 4592 1198 4663 Filium,
1230 4607 1500 4667 quatenus
1525 4609 1553 4645 a
1588 4592 1745 4672 Patre
1773 4593 1986 4661 genitus
2013 4600 2114 4656 est,

525 4664 670 4729 Ρωιί
705 4664 974 4744 aequalem
1008 4680 1202 4741 negat,
1235 4664 1414 4737 aptum
1446 4674 1560 4744 erat
1598 4664 1817 4744 οιιιιιίιιιι
1844 4673 2118 4744 etet-inse-

525 4760 731 4816 quens.
779 4732 836 4799 iit
873 4732 1131 4812 Spiritum
1172 4732 1417 4794 salictum
1449 4738 1539 4806 qui
1576 4748 1644 4789 ex
1679 4734 1858 4816 Patre.
1881 4732 2119 4816 Filioque

530 4804 795 4888 procedit,
824 4804 1055 4888 utroque
1076 4817 1339 4888 minorem
1362 4804 1482 4888 esse
1508 4816 1787 4888 statueret.
1818 4804 1926 4860 Nec
1953 4804 2122 4888 magis

528 4879 601 4945 ile
624 4879 860 4958 Spiritus
888 4879 1366 4958 SﬂliClLleillllitle
1393 4879 1649 4941 detrahit,
1669 4893 1989 4958 quindenm
2020 4880 2122 4933 hoc

528 4948 690 5015 sensu
735 4959 995 5030 :rqualem
1046 4956 1182 5011 Filio
1222 4964 1412 5030 negat.
1458 4951 1717 5030 quamde
1768 4948 1923 5014 Filii,
1956 4966 2121 5017 quum

529 5047 653 5086 eum
686 5023 827 5086 Patri
855 5031 1088 5100 stilijirit,
1119 5038 1174 5081 ut
1199 5023 1786 5100 originisprt‘ucipioaa
1816 5037 1923 5100 quo
1950 5030 2117 5100 totam

528 5102 825 5158 divinitatis
852 5094 1226 5156 auctoritatem
1261 5098 1483 5165 accepit.
1511 5094 1649 5161 Quin
1672 5094 1835 5165 etiam
1864 5094 2119 5148 dixinitas

528 5175 761 5240 Spiritus
792 5173 964 5228 sancti
1010 5187 1114 5225 non
1161 5168 1351 5224 leviter
1384 5164 1793 5240 Continendatur
1825 5164 1927 5219 hoc
1971 5166 2118 5240 loco.

529 5236 664 5299 Nam
691 5249 734 5299 si
760 5244 991 5313 Spiritus
1017 5252 1241 5313 sanctus
1263 5246 1703 5313 creatura__e~set;
1728 5236 1778 5290 id
1810 5254 1915 5290 non
1944 5238 2121 5313 maius

530 5325 677 5373 esset
717 5302 1090 5379 arduinentttnl
1138 5311 1434 5367 divinitatis
1477 5302 1714 5371 Christi,
1766 5324 1923 5377 quant
1975 5309 2120 5379 thOd

533 5397 747 5443 ca-terze
804 5404 889 5442 res
943 5397 1135 5440 creatae
1193 5384 1262 5436 ah
1309 5382 1498 5437 eodem
1553 5379 1799 5440 act-inero
1849 5380 2120 5434 dicuntur.

537 5459 739 5513 Deinde
759 5474 885 5513 vero
903 5457 1043 5525 quod
1063 5456 1205 5511 addit
1227 5454 1573 5525 Novatianns,
1589 5452 1860 5507 Christum
1876 5468 1902 5503 ει
1921 5452 2122 5520 Spiritu

533 5541 721 5584 sancto
751 5524 1097 5593 accepturum
1130 5526 1326 5589 luisse,
1358 5527 1403 5578 si
1436 5524 1597 5577 homo
1626 5531 1829 5593 tantum
1862 5532 2004 5576 esset
2032 5533 2124 5578 aut

533 5601 771 5671 Angelus
805 5592 1101 5672 (Angeltttn
1133 5601 1277 5651 enim
1305 5611 1425 5651 esse
1454 5596 1756 5672 fatebantur
1799 5592 2033 5672 haeretici
2052 5596 2120 5672 )_:

535 5665 716 5727 nonne
742 5665 1056 5741 ειδέιιιιιὲιιιο
1099 5680 1177 5725 eSt
1204 5710 1220 5735 ,
1253 5682 1338 5722 res
1365 5682 1551 5720 utunes
1582 5670 1792 5721 Cteatzts
1815 5705 1829 5726 ,
1871 5665 1914 5717 si
1963 5665 2123 5721 modo

536 5757 747 5798 ratione
776 5755 1011 5804 utantur,
1040 5756 1102 5796 ev
1136 5741 1337 5810 Spiritu
1366 5748 1555 5810 sancto
1582 5744 1896 5810 ut__attcttire
1921 5742 2122 5810 salicti-

542 5814 667 5869 tatis
699 5812 979 5884 pendere?
1002 5803 1263 5884 Manilio,
1291 5808 1467 5864 Divin.
1511 5807 1580 5863 υ.
1623 5805 1700 5861 Ν.
1728 5805 1786 5862 J.
1819 5803 1880 5864 Ο.
1916 5808 2015 5864 lib.
2048 5824 2120 5879 tv,

536 5900 657 5958 cap.
688 5881 777 5958 {9,
811 5885 840 5956 §
866 5885 921 5954 5,
955 5897 1077 5953 pag.
1104 5881 1235 5950 5‘20,
1267 5894 1385 5949 seq.

2291 4381 2311 4411 ²
2350 4378 2542 4434 Voluit.
2578 4379 2648 4433 Se
2702 4378 2858 4434 voluit
2913 4376 3081 4433 edidit
3124 4383 3448 4440 auctoritate
3476 4400 3567 4440 sua
3599 4382 3781 4442 Welclt-

2222 4462 2412 4506 manus
2440 4468 2453 4515 ;
2502 4463 2555 4507 et
2589 4451 2767 4505 forsan
2798 4458 2978 4514 recte;
3011 4449 3107 4504 sed
3153 4452 3285 4506 nihil
3315 4465 3465 4512 muto
3494 4459 3606 4514 sine
3650 4468 3790 4511 exem-

2143 4494 2196 4554 D
2224 4495 2453 4594 piariuni
2489 4522 2766 4593 suii'ragio.
2800 4494 3058 4577 laessi“.

2295 4594 2316 4627 ³
2342 4593 2452 4670 Deo
2478 4596 2673 4670 jitnreit.
2730 4595 2965 4670 [iterth
3000 4593 3178 4651 editor
3222 4596 3568 4670 Anglicanus.
3617 4599 3731 4655 forte
3749 4610 3788 4670 se

2221 4666 2335 4744 Deo
2353 4667 2553 4736 junxit.
2586 4665 2704 4744 mox
2734 4665 3141 4736 Weichutattus,
3177 4665 3397 4744 intelligi
3424 4689 3477 4726 se
3506 4673 3642 4729 vellet
3664 4667 3779 4725 arbi-

2226 4742 2331 4794 trio
2357 4754 2456 4792 suo
2483 4741 2709 4795 emnsit.

2296 4833 2317 4863 ⁵
2355 4830 2533 4886 Vellet.
2593 4830 2721 4887 lleic
2763 4835 2954 4890 iterum
3001 4853 3054 4889 se
3105 4836 3251 4891 vellet
3282 4832 3659 4893 Welchmanus
3690 4832 3781 4889 edi-

2225 4905 2303 4961 dit
2351 4921 2366 4963 :
2416 4921 2589 4975 neque
2637 4906 2846 4976 uspiam
2884 4908 3151 4978 ejusmodi
3188 4910 3520 4965 additiumm
3566 4911 3779 4965 lectorem

2226 4992 2383 5032 Suum
2414 4977 2715 5031 admonuit.

2298 5044 2318 5079 ³
2363 5048 2438 5102 Ab
2488 5066 2572 5105 eo.
2642 5047 2712 5124 se
2770 5048 2833 5104 ob
2872 5068 2927 5105 eo
2968 5051 3242 5107 existimat
3285 5053 3564 5124 legendum
3600 5044 3777 5105 Welrh-

2225 5136 2417 5193 manus
2452 5138 2465 5175 :
2499 5131 2553 5174 et
2584 5123 2738 5193 paulo
2774 5136 2892 5191 post
2921 5141 2974 5177 se
2992 5125 3273 5193 junxisset.
3309 5123 3415 5179 Sed
3447 5126 3573 5181 nihil
3603 5129 3775 5177 mutan-

2225 5192 2501 5265 dutucnm
2527 5180 2819 5265 Jitlck‘nllé-
2992 5180 3012 5193 ν
3224 5264 3235 5265 γ
3472 5180 3475 5181 ν
3705 5258 3756 5265 ...

2298 5263 2318 5295 ⁶
2349 5262 2529 5319 Illum.
2573 5260 2738 5319 Illum
2802 5282 2909 5321 esse
2981 5265 3163 5321 mallet
3211 5264 3531 5325 Jacksonns.
3571 5266 3635 5322 At
3672 5256 3773 5316 nihil

2225 5352 2382 5409 opus.
3384 5360 3387 5361 ν

2298 5432 2317 5461 ⁷
2368 5428 2551 5484 Habet.
2633 5429 2722 5486 Sic
2797 5429 2949 5486 editi.
3004 5429 3395 5488 Welehmanus
3439 5430 3655 5489 restituit
3697 5422 3768 5477 lia-

2226 5502 2333 5555 buit
2357 5545 2371 5567 ,
2409 5511 2555 5558 recte
2585 5513 2639 5556 ιιι
2672 5502 2882 5557 videtur
2911 5521 2924 5557 :
2954 5505 3054 5557 etsi
3085 5503 3231 5558 habet
3261 5514 3406 5560 stare
3435 5512 3618 5577 potest.
3641 5497 3767 5554 laet-

2226 5589 2323 5630 SON
2332 5615 2344 5627 .

2296 5667 2318 5699 s
2348 5664 2691 5737 Intelligetur.
2756 5665 2847 5722 Sic
2886 5666 3155 5723 Patnelitls
3204 5684 3269 5739 ex
3312 5685 3415 5726 ms.
3473 5657 3759 5739 Ausim-Ri"

2224 5732 2567 5807 intelligitur]
2620 5752 2754 5807 quos
2798 5751 3014 5795 secutus
3061 5748 3148 5795 est
3201 5732 3599 5797 Welclim:ittu§.
3643 5732 3762 5791 Male.

2227 5808 2396 5879 Paulo
2423 5820 2547 5862 ante
2578 5808 2860 5879 legendum
2890 5810 3032 5876 Volo,
3066 5808 3238 5866 Minor
3266 5815 3437 5867 etiam.
3471 5813 3540 5869 lo.

2301 5884 2322 5913 ο
2350 5877 2417 5934 In
2470 5874 2711 5951 gloriam.
2767 5880 2841 5936 Ita
2873 5874 3032 5953 paulo
3062 5885 3310 5954 superius
3341 5884 3662 5941 Novatianns.
3690 5874 3762 5931 Αί-
