4026 6328
304 300 412 360 917

1552 307 1637 363 oe
1677 300 2049 367 TRINI'I‘ATE
2079 288 2306 371 LIBER.

3498 329 3605 388 9I8

302 427 461 492 Ρτιεῑο
489 421 668 476 milia?
694 420 907 478 οωιετῖε
937 420 1248 479 “multum”
1291 420 1541 480 Christus
1593 438 1713 483 esse
1747 426 1765 459 ¹
1790 428 1886 484 de-
1915 430 1971 492 Α
1993 434 2182 491 bitavit
2212 437 2264 494 in
2294 438 2451 495 nobis
2480 458 2491 494 :
2525 455 2654 513 ergo
2684 436 2935 500 Christus
2962 453 3045 500 est
3083 445 3247 501 Deus.
3282 446 3385 503 Per
3412 447 3603 503 Chris-

305 514 695 587 prehemlitur,
739 515 829 584 qui
874 515 1068 571 melior
1092 526 1147 572 et
1184 516 1359 588 major
1388 528 1442 573 et
1471 517 1740 590 antiquior
1768 520 1898 591 ipsis

303 622 516 679 quoque
544 606 765 677 Angelis
793 608 1082 663 inVenitur.
1115 608 1220 664 Aut
1250 607 1365 667 haec
1396 610 1557 682 igitur
1585 612 1763 668 omnia
1798 608 1897 668 tol-

303 703 503 771 lantur,
558 708 617 758 tit
670 702 890 759 Christo
953 703 1209 762 divinitas
1254 708 1275 739 ’
1323 707 1601 763 auferatur
1636 728 1647 763 τ
1680 718 1774 764 aut
1803 704 1824 740 ⁸
1854 709 1900 764 si

305 794 422 852 hanc
451 796 565 852 tolli
598 806 703 852 non
737 802 981 867 posSunt,
1001 797 1218 855 Christo
1244 798 1311 856 ab
1341 799 1612 857 haereticis
1635 802 1899 859 Divinitas

307 890 522 962 propria
553 892 830 947 reddatur.

727 1027 960 1086 CAPUT
996 1028 1162 1085 XVII.
1207 1029 1279 1085 al.
1337 1030 1504 1087 XXV.

342 1165 473 1219 Item
508 1180 572 1220 ea:
612 1163 792 1237 Moyse
837 1167 890 1221 in
940 1167 1196 1237 principio
1240 1182 1505 1223 sacrarum
1536 1166 1870 1226 Litterarum.

378 1372 515 1445 Quid
560 1374 606 1431 si
649 1374 861 1452 Moyses
907 1368 1044 1435 hanc
1087 1377 1332 1435 eamdem
1378 1381 1618 1452 regulam
1660 1383 1902 1437 veritatis

308 1472 612 1537 exequitur,
646 1480 700 1524 et
732 1470 832 1525 hoc
864 1470 914 1525 in
948 1471 1213 1543 principio
1243 1488 1462 1527 suarUm
1497 1471 1653 1529 nobis
1681 1474 1903 1530 tradidit

305 1556 630 1614 Litterarum
658 1602 671 1620 ,
704 1577 810 1628 quo
850 1561 1120 1618 discamus
1150 1562 1328 1619 omnia
1368 1577 1546 1620 creata
1588 1575 1642 1619 et
1680 1565 1897 1622 condita

304 1654 425 1706 esse
472 1666 565 1719 per
603 1651 695 1707 Dei
730 1651 923 1707 Filium
950 1698 963 1720 ,
1008 1657 1109 1710 hoc
1148 1666 1231 1711 est
1276 1672 1370 1727 per
1410 1655 1501 1711 Dei
1534 1652 1768 1714 Verbum
1794 1660 1817 1712 ‘t
1847 1650 1901 1713 Id

305 1739 449 1797 ettltu
476 1742 605 1798 dicit
628 1744 771 1813 quid
796 1744 1055 1813 Joannes,
1079 1748 1221 1818 quod
1247 1749 1449 1815 caeteri;
1476 1750 1641 1806 immo
1665 1761 1721 1806 et
1740 1736 1904 1806 .Ioan-

2005 537 2113 583 tum
2157 531 2318 601 igitur
2343 530 2505 588 homo
2539 534 2710 591 laetus
2738 546 2855 601 est,
2889 546 2945 591 ut
2974 553 3069 607 per
3100 538 3190 592 Dei
3233 537 3449 595 Filium.
3486 541 3598 597 Sed

2004 612 2145 677 Deus
2175 622 2442 679 hominem
2477 626 2540 680 ad
2574 627 2860 699 imaginem
2888 629 2978 682 Dei
3015 629 3157 695 fecit;
3193 629 3334 685 Deus
3360 640 3442 686 est
3470 646 3602 703 ergo

2003 717 2091 787 qni
2122 714 2245 772 fecit
2271 717 2544 775 hominem
2573 721 2640 774 ad
2670 723 2957 792 imaginem
2991 723 3105 788 Dei,
3135 723 3275 780 Deus
3296 741 3423 796 ergo
3442 724 3603 781 Chri-

2003 822 2118 867 stus
2144 823 2228 868 est
2260 832 2272 868 :
2305 824 2361 869 ut
2388 816 2579 870 merito
2610 832 2707 871 nec
2724 815 2934 871 Veteris
2959 816 3289 873 TeStatneoti
3314 821 3452 881 circa
3481 836 3604 892 per-

2002 920 2190 962 Sonam
2232 904 2433 963 Chri~ti
2467 909 2681 964 vacillet
2714 913 3007 965 auctoritas
3032 953 3046 978 ,
3089 911 3214 965 dum
3249 912 3381 967 Novi
3407 912 3600 968 Testa-

2005 1000 2167 1054 menti
2201 998 2633 1057 ttittttilt:staliotte
2664 999 2881 1056 fulcitur
2920 1022 2932 1057 :
2982 1019 3082 1057 nec
3108 1002 3239 1058 Novi
3268 1002 3606 1061 Testatneuli

2006 1096 2301 1163 inlert‘epla
2334 1095 2401 1149 sit
2434 1106 2689 1166 potestas.
2724 1097 2849 1151 dum
2885 1097 3155 1152 radicibus
3184 1100 3380 1153 veteris
3408 1099 3600 1155 Testa-

2006 1188 2171 1241 meoti
2200 1186 2438 1254 eiusdem
2467 1190 2654 1243 nititur
2680 1192 2898 1244 veritas.
2927 1190 3001 1244 Ex
3031 1206 3160 1260 quo,
3186 1192 3274 1261 qui
3302 1189 3600 1261 Christum,

2005 1265 2098 1333 Dei
2132 1276 2323 1334 Filium
2366 1291 2420 1334 et
2452 1278 2707 1349 hominis,
2742 1283 3115 1336 tantummodo
3145 1295 3475 1351 pra-sumunt
3505 1283 3604 1340 b0-

2006 1368 2224 1436 mineut,
2258 1390 2361 1427 non
2391 1385 2445 1429 et
2477 1373 2666 1441 Deum,
2702 1386 2890 1430 centra
2920 1374 3329 1431 Testamentum
3360 1388 3411 1432 et
3438 1376 3609 1433 Vetus

2005 1474 2059 1519 et
2085 1463 2289 1519 Novum
2321 1465 2543 1532 lacinnt,
2573 1467 2698 1521 dom
2728 1481 2781 1524 et
2812 1467 3018 1524 Veteris
3045 1469 3247 1524 etNori
3269 1471 3604 1528 Testameuti

2006 1564 2379 1615 auctoritatem
2413 1563 2799 1633 veritatemque
2824 1574 3201 1633 corrumpunt.
3228 1564 3363 1631 Quid
3388 1567 3430 1620 si
3461 1564 3604 1621 idem

2006 1644 2219 1725 Moyses
2262 1655 2459 1725 ubique
2502 1656 2792 1711 introducit
2826 1657 2989 1711 Deum
3026 1656 3237 1712 Patrem
3280 1658 3604 1713 immensum

2007 1757 2169 1816 atque
2210 1746 2327 1801 sine
2359 1748 2483 1810 line,
2522 1763 2627 1802 non
2660 1749 2746 1818 qui
2780 1748 2901 1802 loco
2926 1749 3207 1816 cludatur,
3239 1751 3332 1804 sed
3359 1750 3448 1821 qui
3488 1766 3604 1807 om-

305 1846 403 1893 nes
430 1849 480 1893 et
506 1842 686 1894 (ιι-ιειί
715 1840 783 1894 ab
816 1838 917 1895 hoc
948 1842 1319 1914 intelligantur
1344 1846 1618 1915 accepisse
1648 1846 1790 1917 quod
1821 1844 1903 1902 di-
1933 1834 1979 1895 B
2010 1855 2132 1894 nem
2167 1839 2341 1893 locmn
2375 1836 2556 1893 cludat
2591 1858 2604 1894 :
2637 1857 2733 1895 nec
2767 1857 2887 1895 emn
2917 1842 3006 1912 qui
3039 1843 3088 1895 in
3119 1843 3234 1897 loco
3260 1842 3347 1910 sit,
3382 1843 3475 1897 scd
3510 1862 3605 1914 po—

303 1934 447 1986 caui.
480 1930 534 1986 SI
574 1933 716 1986 enim
747 1931 981 1989 Joannes
1021 1934 1151 1989 dicit
1181 1953 1195 1989 :
1229 1934 1415 1989 Omnia
1444 1955 1533 2008 per
1558 1938 1725 2009 ipsum
1760 1942 1901 2010 facta

303 2032 446 2091 sunt,
495 2035 540 2079 et
566 2028 676 2081 sine
702 2028 813 2098 ipsa
844 2032 1036 2100 factum
1068 2038 1140 2084 est
1168 2030 1298 2083 niltil
1325 2031 1341 2099 (
1368 2028 1526 2086 Joan.
1554 2048 1593 2097 ι,
1626 2033 1660 2088 5
1684 2036 1733 2104 );
1767 2032 1899 2088 Pro-

303 2116 492 2189 phetes
522 2131 699 2175 autem
733 2120 896 2176 refert
918 2141 931 2177 :
952 2120 1083 2178 Dico
1114 2140 1205 2195 ego
1227 2141 1383 2191 Opera
1412 2136 1522 2179 mea
1554 2126 1683 2197 Regi
1709 2129 1727 2197 (
1750 2126 1896 2182 Psal.

301 2226 445 2280 κων,
492 2210 599 2286 2);
659 2215 870 2289 Moyses
918 2232 1097 2273 autem
1156 2218 1450 2274 introducit
1494 2222 1898 2292 pra'cipientem

300 2304 467 2363 Deum
515 2321 567 2363 ut
602 2309 686 2364 lux
723 2311 812 2363 tiat
854 2310 904 2364 in
939 2311 1122 2380 primis
1148 2353 1163 2378 ,
1196 2313 1395 2368 caelum
1426 2312 1702 2383 ﬁrmetur,
1745 2330 1897 2387 aqua!

300 2417 733 2473 congregemur.
781 2402 931 2459 arida
973 2405 1325 2473 ostendatur,
1360 2406 1562 2463 fructus
1599 2402 1897 2465 seettndum

297 2496 505 2550 setnioa
539 2492 935 2565 ‘provocetur,
987 2497 1239 2552 animalia
1295 2499 1683 2569 producantur,
1737 2501 1895 2556 Iumi-

295 2589 445 2642 naria
492 2590 543 2642 in
576 2590 713 2644 caelo
741 2598 901 2661 atque
928 2601 1069 2645 astra
1106 2603 1375 2661 ponantur
1406 2592 1578 2665 (Cen.
1613 2595 1676 2666 ι)
1725 2613 1737 2648 :
1786 2611 1893 2651 non

295 2681 457 2735 alitnn
486 2682 725 2737 ostendit
763 2694 887 2738 tunc
925 2681 1163 2740 adfuisse
1205 2685 1314 2740 Deo
1344 2689 1428 2740 cui
1471 2692 1895 2758 przl-ciperentur

294 2775 411 2830 lucc
450 2792 613 2847 opera
642 2788 697 2831 ut
738 2777 951 2844 tierent,
999 2779 1099 2834 nisi
1140 2796 1262 2834 eum
1299 2798 1388 2851 per
1421 2798 1569 2852 quem
1610 2787 1749 2853 facta
1774 2795 1892 2839 sunt

292 2869 486 2936 omnia,
518 2878 563 2923 et
590 2869 698 2923 sine
726 2887 825 2940 quo
853 2875 1046 2939 factum
1078 2882 1150 2925 est
1179 2872 1325 2929 nihil.
1365 2877 1441 2929 Ac
1468 2875 1511 2928 si
1537 2874 1623 2929 hic
1653 2864 1891 2931 Verbum

292 2959 390 3017 Dei
422 2973 526 3026 cst,
563 2979 682 3015 natn
716 2964 960 3017 eructuvit
992 2981 1080 3017 cor
1115 2980 1281 3018 meum
1320 2964 1520 3019 verbum
1559 2967 1774 3032 bonum;
1804 2982 1892 3022 os-

293 3056 466 3109 tendit
512 3054 562 3110 in
610 3058 878 3127 principio
911 3052 1143 3112 Verbum
1183 3057 1385 3124 fuisse,
1429 3070 1483 3113 et
1512 3052 1743 3115 Verbum
1788 3059 1890 3115 hoc

290 3146 433 3218 apud
468 3146 680 3203 Patrem
718 3149 882 3205 fuisse
904 3193 918 3216 ,
953 3148 1117 3205 Deum
1150 3160 1408 3221 przetrrea
1435 3150 1670 3208 Verbum
1699 3151 1884 3219 fuisse,

2010 1933 2115 1987 tius
2153 1931 2206 1986 in
2239 1948 2347 2001 quo
2376 1934 2552 1987 omnis
2582 1928 2731 1988 locus
2769 1932 2839 1987 sit
2879 1935 3100 1989 :omuia
3139 1937 3505 1991 continentem
3547 1940 3605 1991 ei.

2005 2036 2195 2081 euocta
2224 2025 2597 2094 complexum:
2630 2035 2685 2080 ιιι
2717 2025 2911 2081 merito
2942 2042 3039 2081 nec
3066 2025 3360 2082 descendat
3387 2042 3485 2083 nec
3514 2043 3604 2085 as-

2004 2119 2229 2186 cendat,
2259 2120 2513 2190 quoniam
2559 2120 2671 2189 ipse
2712 2120 2891 2174 omnia
2928 2130 2981 2174 et
3028 2122 3268 2176 continet
3292 2129 3347 2176 et
3374 2122 3600 2194 implet:

2003 2225 2055 2269 et
2086 2223 2262 2268 tamen
2291 2212 2644 2267 nihilominus
2671 2213 2959 2269 introducit
2985 2214 3149 2269 Deum
3177 2214 3599 2272 descendentem

2001 2308 2066 2362 ad
2107 2318 2306 2362 turrem
2337 2324 2494 2378 quam
2527 2307 2864 2363 aediﬁcabant
2905 2308 2999 2363 lilii
3053 2308 3331 2365 hominum
3387 2311 3407 2341 ⁸
3453 2326 3600 2366 con—

2000 2400 2240 2457 siderare
2267 2411 2618 2473 quwrentcm,
2647 2410 2703 2457 et
2730 2402 2998 2457 dicentem
3031 2419 3046 2456 :
3089 2399 3304 2466 Venite;
3345 2412 3399 2459 et
3430 2420 3553 2459 mox
3586 2423 3601 2458 :

1999 2493 2401 2561 Descendamus,
2423 2505 2468 2549 et
2499 2494 2874 2566 eonfundamus
2905 2493 3013 2548 illic
3038 2495 3266 2566 ipsorum
3300 2496 3521 2567 linguas,
3545 2505 3604 2550 ut

1999 2606 2099 2643 non
2122 2588 2299 2641 audiat
2327 2586 2670 2660 unusquisque
2689 2605 2855 2643 vocem
2879 2589 3095 2657 proximi
3118 2588 3234 2642 sui?
3256 2587 3410 2663 (Gen.
3435 2605 3507 2651 χι,
3524 2589 3604 2663 7.)

1998 2680 2168 2747 Quem
2215 2680 2403 2734 volunt
2437 2682 2555 2735 lieic
2601 2681 2768 2735 Deum
2818 2681 3162 2736 descendisse
3204 2681 3269 2735 ad
3302 2692 3501 2737 turrem
3533 2684 3600 2738 il-

1998 2772 2127 2838 lam,
2153 2784 2202 2828 et
2234 2772 2484 2828 homines
2506 2781 2632 2828 ttnc
2653 2773 2772 2827 illos
2798 2774 3015 2828 visitare
3037 2776 3406 2845 quaerentem?
3428 2774 3600 2831 Deum

1995 2862 2257 2923 Patrem?
2300 2867 2439 2938 Ergo
2463 2866 2572 2937 jam
2609 2867 2729 2923 loco
2758 2867 3024 2923 clauditur
3054 2886 3066 2923 :
3098 2878 3152 2923 et
3177 2869 3447 2938 quomodo
3479 2870 3595 2940 ipse

1996 2962 2176 3016 omnia
2204 2958 2615 3033 eotnpiectitor?
2643 2962 2748 3016 Aut
2771 2962 3025 3032 numquid
3051 2962 3311 3032 Angelum
3337 2977 3456 3017 cmn
3480 2964 3595 3021 An-

1994 3048 2127 3124 gelis
2153 3054 2281 3109 dicit
2308 3052 2725 3109 descendentem
2754 3097 2768 3119 ,
2802 3064 2857 3109 et
2896 3054 3161 3109 dicentem
3213 3074 3226 3109 :
3285 3048 3498 3119 Venite;
3539 3062 3596 3110 et

1994 3163 2116 3201 mox
2152 3164 2162 3199 :
2195 3143 2577 3202 Descenduntus
2601 3157 2647 3201 et
2675 3142 3052 3218 confundamus
3083 3146 3190 3201 illic
3223 3147 3452 3219 ipsorum
3486 3149 3594 3203 lin-

292 3241 314 3272 ⁸
352 3241 529 3296 omnia
580 3256 676 3312 per
729 3244 903 3313 ipsum
954 3242 1089 3298 facta
1126 3260 1266 3300 esse.
1304 3243 1407 3300 Sed
1444 3247 1587 3300 enim
1621 3245 1720 3300 hoc
1762 3243 1885 3300 νον·
1916 3228 1961 3296 C
1994 3240 2169 3313 guns?
2218 3241 2323 3297 Sed
2370 3244 2513 3297 enim
2562 3243 2612 3296 in
2659 3241 3073 3297 Dentt-ronomio
3114 3243 3596 3298 animadvertimus

291 3333 407 3388 bum
429 3351 551 3389 caro
573 3336 767 3405 factum
792 3345 881 3402 est,
907 3348 952 3390 et
982 3337 1226 3391 habitavit
1251 3340 1302 3391 in
1328 3338 1470 3392 nobis
1496 3336 1677 3409 (Joan.
1703 3356 1741 3407 ι,
1769 3339 1884 3412 Il),

288 3426 544 3484 Christus
571 3431 773 3485 scilicet
808 3429 975 3486 Filius
1007 3430 1098 3485 Dei
1125 3449 1139 3498 ;
1174 3448 1373 3503 quem,
1404 3433 1529 3488 dum
1564 3444 1618 3489 et
1647 3443 1888 3503 postmo-

290 3521 418 3577 dum
451 3524 745 3577 secundntn
778 3538 996 3578 carnem
1029 3522 1300 3580 hominem
1334 3526 1647 3597 accipimus,
1678 3537 1732 3582 et
1762 3538 1888 3584 ante

288 3616 476 3672 mundi
517 3618 905 3673 institutionem
938 3618 1032 3673 Dei
1068 3615 1305 3674 Verbum
1339 3630 1391 3675 et
1422 3618 1588 3675 Deum
1618 3623 1883 3689 videmus;

289 3713 486 3767 merito
508 3711 803 3767 secundum
829 3712 1225 3769 institutionem
1261 3708 1471 3769 Veteris
1501 3727 1555 3772 et
1580 3717 1713 3771 Novi
1749 3718 1884 3776 Tesc

290 3805 549 3871 tameoti,
590 3815 637 3860 et
686 3805 856 3859 Dettm
900 3816 947 3860 et
998 3806 1267 3862 hominem
1297 3807 1569 3864 Christum
1607 3806 1791 3866 Jesutn
1830 3822 1886 3869 et

290 3894 564 3955 credimus
601 3906 654 3956 et
696 3906 962 3955 tenemus.
991 3902 1126 3968 Quid
1156 3903 1198 3958 si
1239 3902 1376 3958 idem
1407 3902 1617 3977 Moyses
1648 3907 1884 3962 introdu-

286 3996 356 4049 cit
382 3994 650 4050 dicentem
678 3995 844 4050 Deum
878 4017 890 4051 :
922 3992 1198 4049 Faciamus
1228 3994 1482 4050 hominem
1513 3998 1581 4051 ad
1610 4000 1882 4071 imaginem

286 4094 332 4145 et
362 4089 745 4147 similitudinem
774 4107 1001 4144 nostram
1032 4088 1196 4165 (Gen.
1233 4108 1245 4145 ι
1273 4134 1288 4158 ,
1319 4090 1412 4157 26,
1437 4092 1545 4164 27)
1580 4114 1592 4150 :
1622 4107 1674 4149 et
1704 4096 1835 4150 infra
1863 4140 1879 4166 ,

284 4183 351 4239 Et
381 4188 499 4257 fecit
527 4182 668 4241 Deus
699 4182 954 4241 hominem
976 4229 990 4249 ,
1018 4187 1086 4239 ad
1121 4187 1393 4259 imaginem
1428 4188 1523 4244 Dei
1554 4192 1671 4260 fecit
1701 4190 1877 4260 illum,

282 4264 568 4334 masculum
595 4288 640 4334 et
665 4281 908 4351 feminam
939 4280 1059 4349 fecit
1085 4282 1207 4336 eos?
1235 4280 1315 4350 Si,
1351 4293 1407 4337 ut
1427 4283 1537 4354 jam
1562 4286 1873 4354 docuimus,

286 4375 377 4430 Dei
402 4372 573 4430 Filius
601 4386 680 4428 est
712 4390 806 4444 per
833 4390 989 4443 quem
1020 4372 1155 4430 facta
1184 4385 1309 4430 sunt
1339 4378 1540 4444 omnia;
1574 4381 1756 4450 utique
1786 4382 1878 4437 llei

287 4469 456 4524 Filius
484 4479 567 4523 cst
591 4484 686 4538 per
714 4485 873 4538 quem
903 4469 1065 4522 ctiatu
1093 4469 1254 4524 homo
1279 4471 1553 4527 institutus
1576 4483 1680 4538 cst,
1712 4489 1875 4544 prop-

283 4573 364 4618 ter
387 4568 549 4634 Quent
574 4562 705 4615 laeta
730 4572 851 4614 sunt
872 4560 1071 4615 omnia.
1096 4554 1201 4617 Sed
1227 4563 1369 4617 enim
1395 4564 1507 4618 Deo
1530 4566 1877 4636 praecipiente

1992 3336 2241 3391 retulisse
2266 3334 2436 3391 Deum
2465 3335 2603 3402 ha-c,
2647 3335 2922 3405 Deumque
2950 3337 3171 3399 dixisse,
3207 3337 3296 3391 ubi
3327 3336 3542 3407 ponitur
3574 3356 3590 3392 :

1992 3428 2119 3486 Cant
2161 3431 2523 3516 dissetttittaret
2555 3432 2691 3501 ﬁlios
2733 3431 2933 3497 Adam,
2976 3432 3154 3486 statuit
3197 3433 3325 3501 ﬁnes
3364 3433 3592 3504 gentium

1982 3528 2138 3598 juxta
2168 3543 2433 3580 numerum
2464 3527 2761 3593 angelorum
2791 3525 2884 3580 Dei
2920 3526 3110 3595 (Deut.
3138 3542 3283 3580 xxx"
3302 3566 3318 3592 ,
3349 3525 3444 3595 8).
3476 3525 3587 3581 Ne-

1990 3634 2094 3691 que
2117 3634 2246 3689 crgo
2277 3616 2434 3674 Pater
2462 3620 2761 3686 descendit,
2794 3629 2850 3673 ut
2882 3634 2967 3673 res
3000 3619 3229 3683 indicat;
3266 3634 3440 3688 neque
3471 3622 3588 3674 An-

1988 3715 2142 3788 gelus
2172 3715 2269 3767 ista
2298 3713 2540 3781 prtrcipil
2563 3754 2577 3774 ,
2610 3723 2665 3766 ιιι
2686 3728 2773 3767 res
2798 3712 3007 3782 prohat.
3041 3711 3297 3781 Superest
3327 3727 3491 3782 ergo,
3526 3721 3586 3767 ut

1990 3807 2077 3862 ille
2104 3803 2444 3860 tit-seenderit
2464 3846 2479 3871 ,
2515 3803 2582 3859 de
2630 3820 2736 3874 quo
2762 3804 3038 3873 apostolus
3072 3802 3266 3858 Paulus
3294 3822 3305 3857 :
3335 3805 3439 3871 Qui
3491 3805 3586 3859 de-

1987 3900 2206 3962 scendit,
2237 3900 2345 3969 ipse
2373 3898 2557 3969 estqui
2582 3899 2810 3951 ascendit
2834 3914 2988 3967 super
3006 3914 3178 3950 omnes
3192 3896 3366 3957 caelos.
3401 3907 3454 3950 ut
3486 3897 3586 3951 int-

1988 3993 2147 4064 pleret
2173 3993 2344 4046 omnia
2374 3989 2601 4063 (Epltes.
2629 4007 2701 4052 ιν,
2730 3989 2869 4060 IO);
2898 3990 3000 4043 hoc
3028 4001 3109 4044 est
3138 3989 3229 4044 Dei
3264 3989 3454 4053 Filius,
3486 3989 3582 4044 Dei

1985 4087 2245 4143 Verbum.
2279 4082 2513 4142 Verbum
2544 4095 2721 4139 autem
2758 4085 2848 4139 Dei
2876 4101 3003 4139 caro
3036 4084 3231 4139 factum
3264 4094 3368 4152 cst,
3398 4094 3452 4139 et
3483 4084 3576 4139 ha-

1986 4184 2175 4240 bitavit
2217 4184 2271 4237 in
2314 4180 2470 4236 nobis
2532 4198 2544 4234 :
2595 4180 2684 4235 hic
2726 4181 2745 4212 ⁷
2791 4181 2894 4235 erit
2942 4178 3188 4236 Christus
3223 4198 3235 4234 :
3270 4179 3413 4235 Deus
3451 4194 3581 4252 ergo

1984 4274 2419 4348 pronuntiabitur
2442 4273 2709 4328 Christus.

2395 4428 2623 4487 CAE‘UT
2662 4422 2850 4484 XVIII.
2888 4429 2958 4484 al.
3008 4428 3200 4485 XXVI.

1983 4573 2119 4629 Inde
2149 4573 2325 4638 etiam,
2355 4571 2491 4640 quod
2530 4568 2753 4623 Abrahae
2799 4569 2936 4622 visus
2962 4567 3160 4638 legatur
3201 4565 3342 4622 Deus
3388 4584 3405 4622 :
3446 4566 3583 4637 quod

277 4668 336 4713 ut
364 4632 525 4711 homo
556 4655 669 4723 liat,
701 4656 841 4711 D‘eus
874 4655 1107 4712 refertur
1136 4673 1257 4713 esse
1280 4660 1369 4729 qui
1405 4660 1676 4718 hominem
1708 4665 1832 4719 facit
1857 4683 1870 4719 :
1898 4632 1957 4694 D
2052 4667 2115 4721 de
2162 4663 2322 4718 Patre
2365 4671 2574 4728 nequeat
2632 4660 2891 4732 intelligi,
2933 4675 3082 4731 quem
3111 4676 3258 4714 nemo
3302 4659 3427 4714 vidit
3469 4674 3585 4713 um-

275 4750 406 4806 facit
446 4759 625 4804 autem
679 4748 948 4804 hominem
1000 4750 1093 4805 Dei
1142 4749 1345 4817 Filius,
1382 4752 1615 4809 Verbum
1667 4757 1875 4813 scilicet

278 4830 409 4906 Dei,
443 4860 532 4914 per
561 4859 708 4912 quem
746 4846 885 4914 facta
924 4855 1039 4897 sunt
1069 4845 1244 4897 omnia
1266 4885 1281 4909 ,
1325 4856 1371 4899 et
1416 4848 1526 4901 siue
1553 4860 1651 4918 quo
1682 4848 1874 4921 factum

278 4946 353 4992 est
381 4937 533 4992 nihil.
568 4937 683 4993 Hoc
706 4946 884 4992 autem
916 4936 1149 4993 Verbum
1176 4954 1303 4994 caro
1328 4939 1529 4996 factum
1560 4953 1662 5011 est,
1696 4955 1749 5001 et
1778 4946 1875 5003 ha-

2050 4775 2246 4831 quant;
2293 4757 2383 4812 sed
2425 4755 2488 4810 de
2523 4753 2664 4809 Filio
2694 4755 2748 4808 in
2778 4753 2961 4825 Angeli
2996 4752 3237 4824 imagine.

2052 4948 2189 5004 Ecce
2218 4945 2360 5000 idem
2387 4941 2600 5015 Moyses
2621 4939 2791 4997 refert
2810 4939 2917 4995 alio
2937 4939 2989 4995 in
3014 4938 3155 5007 loco,
3185 4938 3329 5010 quod
3355 4939 3579 4998 Abralt'te

1414 5078 1788 5141 GALLANDII
1834 5083 2400 5145 COMMENTARIUS.

273 5236 379 5293 que
421 5218 888 5293 hanckieetionem
932 5226 1151 5293 secutus
1178 5227 1268 5293 est
1294 5214 1594 5293 .laeksouus
1617 5261 1631 5287 ,
1663 5236 1783 5293 qum
1814 5234 1870 5280 et

274 5284 533 5366 probatur
558 5291 936 5366 Weltjlnnant‘r.
975 5284 1137 5366 Editi,
1171 5290 1224 5342 in
1259 5291 1463 5366 gloriat.

347 5367 362 5395 ¹
407 5361 838 5427 Deme/tenditur.
888 5352 1132 5431 Legeriui
1188 5352 1310 5416 cuin
1350 5352 1620 5420 Jacksono
1686 5366 1870 5437 depre-

273 5437 543 5491 Itendemr.

346 5502 365 5540 ί
404 5509 698 5579 ΑιιῙιινηΙιιν.
748 5505 1038 5579 Editi_non
1085 5508 1370 5579 auferatur,
1406 5522 1568 5563 sensu
1598 5510 1872 5565 contrario

273 5576 591 5637 argumento
614 5589 866 5631 auctoris.
893 5576 1145 5632 Jacnstiu.
1175 5587 1227 5630 et
1255 5576 1521 5633 Wstcnu.

395 5650 453 5705 Si
509 5651 614 5702 lta'c
653 5650 763 5703 tolli
807 5668 905 5702 non
944 5658 1176 5717 possunt.
1222 5647 1282 5704 Si
1315 5651 1504 5721 Iiwcin
1536 5652 1871 5721 pra’destina-

274 5728 411 5779 tione
447 5732 642 5775 tantum
686 5722 786 5774 dici
831 5739 929 5776 non
973 5731 1223 5793 possunt,
1258 5723 1383 5791 legit
1418 5719 1684 5793 Gzigitwtts
1724 5736 1775 5779 ιιι
1819 5736 1872 5781 et

278 5794 608 5859 Frobeoius,
641 5808 776 5862 quos
804 5804 1020 5848 setutus
1045 5802 1126 5846 est
1159 5791 1564 5849 Welctnnauu's.
1592 5795 1699 5851 Sed
1732 5797 1873 5853 edita

276 5865 508 5923 Pamelii
552 5877 609 5920 ut
651 5875 854 5935 aptiora
896 5863 1193 5921 Novati-ano
1232 5866 1427 5924 retinui
1471 5884 1485 5924 :
1529 5867 1697 5927 altera
1735 5872 1879 5927 enim

1972 5224 2135 5280 lectio
2175 5222 2395 5276 videtur
2446 5218 2645 5275 intrudi
2687 5233 2753 5274 ex
2796 5219 3246 5290 interpretatione
3284 5220 3575 5280 verborum

1975 5296 2087 5351 tolli
2116 5311 2215 5348 non
2243 5293 2531 5365 possunt.)
2543 5307 2761 5348 ACKSON.

2046 5367 2068 5398 ⁵
2105 5363 2434 5419 Provecetur.
2473 5363 2632 5418 Forte
2672 5372 3028 5431 provocenlur.
3060 5363 3332 5420 Wstcnu.

2048 5440 2069 5470 ⁵
2103 5437 2310 5492 Omnia.
2357 5436 2678 5507 Conjuuctio
2715 5446 2761 5489 et
2801 5437 3012 5492 videtur
3065 5438 3257 5492 deesse
3291 5446 3416 5494 ante
3470 5456 3581 5494 om-

2018 5512 2084 5565 io.
2118 5512 2372 5565 .lscssou.

2018 5512 2029 5523 '
2075 5551 2084 5562 .
2186 5525 2214 5565 t:
2256 5524 2372 5563 sou.

1974 5529 2071 5614 ma“
2106 5509 2470 5636 Czitfiderore.
2528 5578 2815 5633 Existimat
2852 5578 3239 5635 Wi-lebmanus
3292 5581 3574 5649 legendum

1984 5654 2306 5710 considerate
2348 5668 2367 5705 :
2408 5653 2567 5721 idque
2606 5666 2702 5720 pro
2737 5651 3035 5705 indubitato
3067 5651 3225 5705 ItaIu-t
3252 5651 3576 5711 Jat-ksmms,

2052 5728 2071 5758 ⁷
2106 5725 2240 5779 Erit.
2293 5723 2455 5778 Forte
2522 5733 2668 5785 erat,
2711 5725 2853 5793 quod
2914 5727 3116 5778 notavit
3142 5723 3533 5780 Welctinianus
3565 5746 3580 5781 :

1982 5798 2076 5852 erit
2120 5807 2301 5855 tamen
2344 5806 2606 5866 congruet
2649 5796 2896 5867 sequenti
2942 5797 3376 5867 pronuntiabitur.
3423 5798 3585 5855 Jac:-

1981 5884 2077 5927 SON
2085 5910 2097 5924 .
