4000 6322
418 210 524 266 ΜΟ

1871 207 2245 265 NOVATIANI

3620 216 3722 272 920

416 325 557 379 visus
583 326 649 379 sit
681 321 820 379 Deus
851 324 1003 396 (Gen.
1038 338 1135 391 xu,
1169 321 1249 395 7).
1281 321 1479 395 Atquin
1509 322 1650 379 idem
1682 321 1895 396 Moyses
1922 338 2016 378 au—
2043 326 2096 385 Α
2122 332 2176 380 et
2224 323 2510 380 Dominum
2567 325 2844 398 Scriptum
2882 327 3134 399 proponit
3172 336 3227 384 et
3271 328 3442 387 Deum
3473 346 3489 386 :
3524 334 3664 404 (nam
3700 338 3718 368 ι

421 414 502 471 dit
530 432 559 470 a
592 415 701 470 Deo
726 458 740 481 ,
774 416 916 488 quod
945 432 1090 471 nemo
1119 415 1382 473 hominum
1415 416 1578 470 Deum
1607 417 1773 470 videat
1809 425 1856 471 et
1886 416 2020 470 vivat

420 509 631 583 (Exod.
665 527 850 573 xum,
880 510 1006 584 20).
1041 511 1095 567 Si
1128 510 1295 566 videri
1327 526 1432 565 non
1465 520 1637 580 potest
1673 511 1813 566 Deus
1836 553 1851 578 ,
1886 525 2019 580 quo-

421 606 585 660 modo
623 605 772 660 risus
809 614 891 660 est
935 604 1119 659 Deus?
1150 606 1257 659 Aut
1277 604 1321 658 si
1344 604 1490 659 visus
1512 613 1616 671 est,
1644 604 1913 673 quomodo
1937 604 2019 658 vi-

419 698 537 754 deri
570 716 672 753 non
722 699 936 769 potest?
970 698 1101 753 Nam
1142 706 1196 753 et
1223 697 1491 763 Joannes,
1522 696 1687 751 Deum
1728 713 1874 751 nemo
1905 697 2025 767 (in-

421 794 576 865 quit)
620 793 746 848 vidit
783 809 1023 859 umquam
1063 790 1312 864 (lJoan.
1346 807 1419 859 tv,
1467 788 1593 862 l2).
1644 791 1711 845 Et
1746 790 2024 860 apostolus

421 884 625 941 Paulus
674 903 687 940 :
737 886 898 954 Quem
938 885 1063 940 vidit
1105 886 1369 939 hominum
1399 901 1545 939 nemo
1567 927 1582 952 ,
1617 900 1706 938 nec
1735 883 1904 937 videre
1935 899 2027 953 po-

422 986 516 1034 test
548 978 587 1053 (l
613 979 749 1034 Tim.
784 996 858 1047 vt,
890 978 1002 1051 16).
1032 979 1137 1033 Sed
1166 994 1273 1033 non
1306 978 1491 1049 utique
1519 978 1802 1048 Scriptura
1832 978 2026 1032 menti-

419 1081 510 1129 tur
539 1092 552 1127 :
584 1088 712 1145 ergo
744 1090 871 1129 vere
913 1074 1063 1129 visus
1096 1082 1179 1128 est
1209 1074 1368 1128 Deus.
1418 1071 1496 1127 Ex
1527 1087 1634 1143 quo
1676 1071 1899 1142 intelligi
1933 1087 2027 1141 po-

423 1176 566 1233 test,
602 1168 743 1239 quod
786 1183 890 1223 non
924 1169 1083 1223 Pater
1123 1169 1268 1222 visus
1297 1168 1367 1221 sit
1390 1207 1405 1234 ,
1438 1166 1527 1237 qui
1562 1181 1851 1236 numquam
1882 1165 2030 1219 visus

424 1270 541 1329 est;
573 1261 668 1316 sed
702 1260 892 1326 Filius,
924 1262 1014 1332 qui
1050 1272 1102 1316 et
1145 1260 1476 1316 descendere
1502 1259 1693 1315 solitos
1724 1268 1829 1325 est,
1861 1271 1915 1314 et
1945 1258 2028 1313 vi-

422 1352 544 1409 deri
592 1353 714 1423 quia
767 1352 1135 1409 descenderit.
1190 1353 1369 1423 Imago
1418 1362 1501 1407 est
1555 1353 1700 1408 enim
1747 1350 2031 1405 invisibilis

426 1448 547 1514 Dei,
585 1458 640 1503 ut
673 1449 1017 1503 mediocritas
1046 1458 1100 1504 et
1131 1449 1392 1521 fragilitas
1420 1447 1752 1504 conditionis
1783 1448 2032 1506 humanae

427 1539 599 1594 Deum
632 1541 844 1594 Patrem
877 1539 1061 1596 videre
1091 1538 1383 1610 aliquando
1410 1539 1519 1609 jam
1549 1550 1675 1595 tunc
1700 1549 2035 1596 assuesceret

432 1630 490 1687 in
517 1632 748 1703 imagine
777 1631 893 1693 Dei.
926 1631 1029 1687 hoc
1054 1640 1158 1696 est,
1193 1631 1244 1686 in
1278 1631 1414 1685 Filio
1440 1631 1551 1686 Dei.
1584 1630 1856 1686 Gradalim
1889 1632 2030 1688 enim

2085 479 2091 485 ,
2127 430 2223 470 nec
2251 415 2681 474 benedictionem
2720 419 2943 475 seminis
2969 420 3323 490 promisisset,
3367 422 3473 478 nisi
3503 425 3723 497 Angelus

2125 516 2180 563 et
2209 508 2349 563 Deus
2379 508 2592 583 fuisset)
2615 520 2859 581 quaerant
2884 511 3010 583 quid
3041 513 3093 567 in
3124 514 3381 584 praesenti
3414 514 3538 571 loco
3563 518 3724 575 haere-

2128 602 2216 656 tici
2249 611 2498 659 tractent.
2528 603 2689 660 Pater
2717 605 2813 660 fuit
2837 605 2939 662 iste
2973 606 3062 678 qui
3094 607 3162 663 ab
3188 609 3335 679 Agar
3363 608 3516 665 visus
3535 621 3635 678 est,
3664 627 3726 668 an

2128 696 2272 749 non?
2294 696 2419 766 quia
2450 696 2590 752 Deus
2616 696 2826 767 positus
2850 708 2953 754 est.
2981 698 3086 754 Sed
3125 698 3265 755 absit
3308 699 3485 757 Deum
3525 702 3728 760 Patrem

2128 787 2395 859 Aogelom
2418 788 2600 846 dicere
2626 808 2640 844 :
2666 805 2735 846 ne
2756 790 2913 847 alteri
2936 791 3182 847 subditus
3209 794 3297 861 sit,
3324 794 3486 865 cujus
3512 796 3733 866 Angelus

2129 878 2308 935 fuerit.
2360 881 2467 937 Sed
2514 883 2774 954 Angelum
2813 882 2997 941 dicent
3037 885 3203 941 fuisse
3241 903 3254 937 :
3292 887 3576 959 quomodo
3617 905 3734 961 ergo

2133 973 2275 1030 Deus
2306 977 2431 1043 erit,
2468 976 2514 1031 si
2543 977 2780 1048 Angelus
2810 976 2945 1033 fuit?
2988 993 3107 1033 cum
3150 996 3258 1035 non
3292 982 3368 1037 sit
3408 982 3513 1037 hoc
3552 996 3732 1039 nomen

2132 1069 2353 1141 Angelis
2393 1085 2644 1142 umquam
2679 1086 3031 1141 concessum;
3072 1073 3174 1127 nisi
3212 1075 3475 1146 quoniam
3504 1089 3574 1132 ex
3602 1085 3737 1132 utro-

2131 1178 2235 1233 que
2277 1163 2445 1220 latere
2488 1179 2587 1219 nos
2645 1166 2844 1221 veritas
2896 1166 2948 1220 in
2997 1166 3154 1221 istam
3197 1166 3478 1223 concludit
3535 1177 3736 1224 senten-

2136 1253 2342 1321 tiam';
2390 1257 2514 1326 quia
2560 1256 2863 1329 intelligere
2882 1257 3173 1313 debeamus
3198 1258 3294 1314 Dei
3316 1258 3524 1316 Filium
3548 1259 3737 1316 fuisse:

2135 1348 2227 1417 qui
2258 1351 2513 1419 quoniam
2544 1365 2611 1407 ex
2646 1350 2756 1407 Deo
2796 1361 2896 1417 est,
2933 1354 3128 1409 merito
3157 1353 3319 1416 Deus,
3364 1353 3494 1423 quia
3536 1353 3627 1409 Dei
3664 1352 3742 1409 Fi-

2135 1439 2262 1505 lius,
2316 1441 2493 1498 dictus
2550 1444 2669 1499 sit‘
2700 1463 2713 1499 ε
2742 1445 2997 1516 quoniam
3044 1445 3188 1501 Patri
3230 1444 3488 1501 subditus
3535 1454 3591 1502 et
3652 1462 3739 1503 an-

2137 1538 2415 1593 nnntiator
2447 1548 2684 1609 paterna:
2721 1539 3016 1594 voluntatis
3052 1548 3157 1607 est,
3189 1540 3373 1612 magni
3400 1540 3613 1597 consilii
3642 1542 3744 1596 An-

2137 1632 2293 1702 gelus
2338 1634 2716 1704 pronuntiatus
2764 1642 2868 1690 est.
2920 1633 3062 1706 Ergo
3093 1636 3114 1666 ⁵
3157 1635 3203 1691 si
3246 1633 3334 1689 hic
3382 1635 3539 1691 locus
3587 1649 3741 1706 neque

434 1735 491 1779 et
536 1741 632 1796 per
663 1723 994 1780 incrementa
1028 1724 1290 1795 fragilitas
1336 1725 1567 1779 humana
1613 1725 1805 1781 nutriri
1852 1726 2040 1783 debuit
2066 1731 2116 1791 Β
2144 1742 2393 1798 persona:
2420 1727 2594 1784 Patris
2615 1728 2885 1801 congruit,
2906 1744 2975 1784 ne
2994 1728 3232 1800 Angelus
3253 1729 3441 1784 dictus
3462 1729 3568 1785 sit:
3588 1743 3743 1798 neque

432 1832 532 1890 per
563 1818 851 1889 imaginem
879 1816 946 1872 ad
979 1818 1135 1873 istam
1165 1819 1412 1888 gloriam,
1446 1829 1503 1872 ut
1530 1819 1693 1875 Deum
1723 1820 1934 1875 Patrem
1964 1820 2045 1874 vi-

436 1913 568 1967 dere
623 1915 638 1944 ¹
673 1914 841 1983 possit
884 1911 1195 1983 aliquando.
1262 1912 1565 1968 Periculosa
1595 1923 1720 1969 sunt
1748 1914 1891 1969 enim
1922 1931 2046 1985 qua:

437 2020 631 2076 magna
660 2015 807 2070 sunt,
841 2006 884 2059 si
924 2004 1205 2076 repentina
1240 2014 1385 2061 sunt.
1428 2005 1561 2061 Nam
1590 2007 1751 2061 etiam
1792 2007 1885 2061 lux
1915 2008 2047 2063 solis

439 2097 616 2151 subita
650 2105 770 2167 post
799 2098 1073 2163 tenebras,
1102 2098 1391 2169 splendore
1418 2099 1587 2154 nimio
1616 2100 1844 2156 insuetis
1875 2101 2047 2157 oculis

440 2205 552 2245 non
585 2191 831 2246 ostendet
857 2191 1023 2256 diem,
1053 2192 1147 2247 sed
1180 2193 1358 2262 potius
1382 2192 1545 2248 faciet
1575 2193 1895 2251 caecitatem.

515 2282 669 2352 Quod
702 2299 769 2338 nc
806 2284 856 2338 in
887 2284 1139 2339 damnum
1174 2286 1530 2339 humanorum
1561 2286 1835 2356 contingat
1864 2287 2050 2344 oculo-

442 2391 589 2443 rum,
628 2378 885 2448 paulatim
926 2378 1185 2449 disruptis
1220 2387 1276 2435 et
1311 2379 1584 2450 dissipatis
1615 2381 1870 2446 tenebris,
1901 2392 2051 2441 ortus

446 2469 732 2526 luminat-is
760 2470 911 2526 istius
940 2471 1299 2527 mediocribus
1324 2473 1670 2528 incrementis
1695 2473 1938 2530 fallenter
1966 2491 2052 2531 as-

447 2577 676 2634 surgens
699 2564 886 2619 oculos
918 2564 1191 2619 hominum
1224 2565 1421 2620 sensim
1455 2565 1740 2621 assuefacit
1778 2565 1846 2621 ad
1884 2578 2051 2624 totum

452 2656 639 2715 orbem
668 2672 822 2710 suum
857 2656 1134 2712 ferendum
1163 2671 1257 2726 per
1284 2655 1614 2713 incrementa
1643 2657 1935 2713 radiorum.
1965 2658 2055 2715 Sic

451 2767 581 2822 ergo
606 2763 656 2806 et
686 2752 949 2816 Christus,
984 2752 1033 2806 id
1075 2762 1178 2813 est,
1219 2751 1395 2822 imago
1425 2752 1515 2807 Dei
1556 2761 1610 2807 et
1648 2751 1813 2807 Filius
1844 2752 1957 2822 Dei,
1987 2754 2056 2811 ab

451 2842 761 2899 hominibus
790 2845 1090 2915 inspicitur,
1122 2860 1225 2915 qua
1259 2855 1466 2914 poterat
1494 2845 1684 2901 videri.
1714 2846 1783 2901 Et
1813 2848 1932 2904 ideo
1953 2847 2057 2903 fra-

451 2937 629 3009 gilitas
657 2948 711 2993 et
738 2939 1080 2995 mediocritas
1105 2938 1266 2993 sortis
1290 2938 1536 2994 humanae
1559 2955 1656 3010 per
1678 2939 1849 3010 ipsum
1875 2941 2053 3008 alitur,

454 3033 791 3103 producitur,
820 3033 1111 3101 educatur;
1137 3044 1195 3088 ut
1218 3033 1507 3104 aliquando
1540 3034 1706 3089 Deum
1740 3050 1951 3106 quoque
1977 3034 2057 3106 ip-

2148 1836 2395 1892 persooae
2419 1822 2631 1893 Angeli,
2665 1836 2733 1877 ne
2768 1822 2908 1879 Deus
2939 1823 3319 1894 pronuntiatus
3348 1822 3426 1877 sit
3458 1839 3472 1875 :
3518 1835 3743 1893 persona

2148 1923 2331 1969 autem
2362 1911 2562 1967 Christi
2608 1915 2862 1970 convenit
2899 1924 2956 1969 ut
2984 1924 3041 1970 et
3082 1914 3221 1970 Deus
3251 1915 3346 1982 sit,
3380 1913 3509 1985 quia
3542 1912 3632 1968 Dei
3664 1911 3745 1967 Fi-

2149 2004 2255 2060 lius
2284 2015 2401 2071 est;
2433 2015 2485 2061 et
2514 2006 2751 2077 Angelus
2780 2007 2869 2073 sit,
2901 2006 3153 2078 quoniam
3183 2016 3426 2077 paternae
3454 2004 3743 2077 dispositio-

2150 2100 2237 2155 nis
2267 2101 2616 2165 annuutiator
2643 2110 2760 2162 est;
2796 2099 3101 2171 intelligere
3126 2099 3328 2155 debent
3359 2106 3551 2154 contra
3577 2096 3744 2166 Scrip-

2151 2200 2298 2246 turas
2328 2205 2388 2247 se
2417 2206 2577 2261 agere
2604 2190 2879 2257 hiet-etici;
2913 2192 3003 2261 qui
3027 2190 3302 2246 Christum
3345 2205 3473 2245 cum
3502 2188 3671 2244 dicant
3696 2201 3747 2243 se

2151 2292 2207 2338 et
2242 2282 2507 2353 Angelum
2545 2283 2791 2344 credere,
2832 2284 3005 2339 nolint
3045 2285 3193 2339 illum
3240 2282 3408 2338 etiam
3445 2282 3609 2360 Deum
3640 2294 3748 2351 pro-

2152 2379 2423 2439 nuntiare,
2444 2391 2605 2447 quem
2638 2376 2689 2431 in
2718 2375 2898 2432 Veteri
2926 2375 3278 2432 Testamento
3302 2376 3374 2431 ad
3406 2374 3745 2430 visitationem

2154 2471 2369 2541 generis
2411 2470 2631 2525 humani
2682 2470 2866 2540 legunt
2893 2484 3038 2538 saepe
3068 2470 3301 2526 venisse.
3335 2467 3532 2523 Adhuc
3576 2465 3748 2536 adjecit

2155 2562 2368 2635 Moyses
2416 2560 2570 2633 (Gen.
2623 2578 2773 2628 xvut,
2822 2563 2899 2634 1),
2940 2561 3173 2617 Abrahae
3205 2560 3380 2615 visum
3416 2558 3590 2614 Deum'
3624 2556 3744 2629 apud

2156 2670 2412 2725 quercum
2445 2655 2702 2722 Mambre,
2736 2654 2961 2710 sedente
3001 2656 3117 2726 ipso
3157 2654 3222 2709 ad
3267 2656 3470 2709 ostium
3519 2652 3745 2708 taberna-

2157 2749 2263 2804 culi
2313 2749 2393 2803 sui
2440 2748 2665 2803 meridie
2709 2767 2722 2802 :
2769 2757 2824 2804 et
2868 2746 3256 2814 nihilominus,
3302 2762 3431 2802 cum
3488 2757 3595 2802 tres
3628 2760 3743 2800 con-

2158 2842 2429 2914 spexisset
2458 2843 2625 2909 viros,
2658 2859 2821 2898 unum
2851 2858 2917 2899 ex
2943 2843 3053 2898 illis
3075 2844 3361 2898 Dominum
3395 2854 3739 2911 nuncupasse;

2159 2953 2387 3009 quorum
2438 2952 2559 2992 cum
2611 2938 2772 3008 pedes
2819 2938 3062 3004 lavisset,
3111 2938 3392 2994 cineritios
3436 2952 3603 3010 panes
3637 2952 3741 2992 cum

2159 3029 2356 3101 butyro
2375 3072 2388 3093 ,
2418 3038 2473 3083 et
2519 3030 2540 3060 δ
2590 3028 2756 3099 ipsius
2777 3030 2931 3100 copia
2961 3029 3116 3084 laetis
3144 3028 3323 3095 oﬂ‘ert,
3358 3039 3414 3084 et
3441 3041 3497 3085 ut
3526 3028 3741 3100 hospites

454 3138 574 3177 sum
594 3123 833 3191 Patrem,
853 3135 1074 3181 assueta
1091 3124 1280 3180 Filittm
1302 3125 1633 3196 conspicere,
1661 3126 1849 3198 possit,
1874 3136 1929 3182 ut
1950 3136 2052 3196 est,
2081 3132 2126 3195 C
2160 3122 2353 3177 retenti
2379 3131 2745 3190 vescerentur,
2769 3121 3033 3178 hortatur.
3065 3123 3196 3179 Post
3214 3139 3335 3195 quae
3361 3132 3419 3181 et
3444 3124 3581 3196 quod
3611 3132 3742 3194 pater

454 3215 671 3283 videre;
707 3234 774 3271 ne
812 3218 1103 3287 majestatis
1142 3217 1311 3287 ipsius
1342 3219 1619 3286 repentino
1649 3228 1703 3272 et
1737 3218 2057 3276 intolerabili

452 3308 663 3379 fulgore
710 3325 959 3380 percussa
1011 3311 1253 3380 intercipi
1296 3313 1484 3380 possit,
1533 3320 1589 3365 ttt
1635 3311 1799 3367 Deum
1843 3311 2053 3367 Patrem

453 3417 616 3472 quem
648 3417 862 3472 semper
898 3403 1121 3473 optavit,
1161 3403 1345 3459 videre
1370 3420 1476 3458 non
1515 3404 1700 3473 possit.
1737 3403 1812 3457 Ex
1841 3419 1949 3473 quo
1978 3402 2059 3458 Fi-

450 3496 557 3551 lius
578 3507 659 3551 est
678 3496 761 3550 hic
782 3498 869 3566 qui
897 3498 1136 3564 videtur;
1163 3498 1255 3553 Dei
1286 3506 1461 3554 autem
1485 3496 1672 3565 Filius,
1698 3497 1794 3554 Dei
1824 3498 2054 3554 Verbum

452 3599 566 3656 est;
607 3590 698 3646 Dei
732 3601 908 3646 autem
940 3592 1174 3648 Verbum
1204 3607 1331 3646 caro
1371 3592 1565 3647 factum
1607 3601 1690 3647 est
1718 3606 1770 3648 et
1800 3593 2058 3651 habitavit

452 3686 507 3738 in
540 3684 694 3739 nobis
723 3704 736 3740 ;
772 3685 859 3739 hic
885 3694 1061 3740 autem
1089 3686 1337 3741 Christus
1359 3696 1459 3741 est.
1484 3687 1635 3755 Qum,
1666 3688 1886 3753 malum,
1920 3691 2056 3746 ratio

450 3784 535 3833 est
565 3786 621 3830 ut
646 3776 922 3832 dubitetttr
954 3778 1095 3832 Deus
1118 3777 1243 3841 dici,
1267 3779 1357 3848 qui
1383 3787 1462 3832 tot
1495 3778 1668 3833 modis
1696 3780 1835 3835 Deus
1864 3781 2056 3836 intelli-

445 3870 590 3940 gitur
610 3870 936 3940 approbari?
965 3873 1041 3926 Ac
1073 3871 1115 3925 si
1142 3882 1196 3926 et
1216 3871 1357 3941 Agar
1381 3868 1534 3943 (Gen.
1560 3888 1673 3937 xvi,
1699 3871 1775 3943 7),
1806 3873 2052 3928 ancillam

448 3960 599 4018 Sara:
638 3965 706 4019 de
740 3963 903 4018 domo
944 3965 1173 4033 ejectam
1217 3965 1415 4034 pariter
1446 3974 1501 4020 et
1536 3965 1777 4037 fugatam
1820 3968 2056 4037 Angelus

445 4055 695 4110 Convenit
740 4055 880 4126 apud
915 4055 1113 4111 fontem
1141 4072 1292 4126 aqua)
1337 4057 1388 4110 in
1428 4058 1511 4112 via
1537 4057 1660 4121 Sur,
1694 4059 1829 4130 luga:
1865 4075 2054 4115 causas

382 4160 385 4163 λ
444 4145 743 4216 interrogat
772 4157 933 4218 atque
956 4148 1182 4218 accipit;
1214 4158 1269 4204 et
1300 4159 1417 4219 post
1451 4152 1566 4205 haec
1595 4152 1907 4207 humilitatis
1933 4168 2055 4207 con-

442 4239 559 4298 silia
613 4240 864 4310 porrigit;
920 4255 1069 4309 spem
1121 4251 1378 4312 praeterea
1430 4243 1501 4297 illi
1545 4247 1770 4300 materni
1821 4247 2052 4302 nominis

439 4334 589 4397 facit,
623 4334 870 4403 quodque
889 4348 956 4388 ex
983 4345 1136 4390 utero
1155 4335 1273 4404 ejus
1293 4337 1518 4391 multum
1537 4352 1722 4392 semen
1745 4349 1888 4393 esset
1915 4340 2053 4393 futu-

442 4441 563 4482 rum
589 4427 818 4496 spondet
847 4438 1007 4498 atque
1038 4430 1321 4499 promittit,
1352 4441 1406 4485 et
1431 4430 1573 4500 quod
1607 4431 1839 4487 llismael
1870 4448 1934 4485 ex
1964 4433 2051 4487 illa

2161 3214 2371 3270 futurus
2400 3225 2565 3283 esset,
2594 3215 2742 3270 audit
2773 3235 2785 3270 :
2814 3227 2868 3272 et
2896 3216 3041 3288 quod
3070 3216 3201 3273 Sara
3226 3232 3367 3274 uxor
3387 3217 3505 3289 ejus
3529 3216 3737 3287 paritura

2160 3325 2223 3364 ex
2258 3310 2373 3380 ipso
2404 3308 2572 3365 lilium
2602 3322 2767 3378 esset,
2800 3310 2988 3366 ediscit
3020 3329 3033 3364 :
3067 3319 3125 3367 et
3160 3311 3230 3369 de
3267 3312 3418 3368 exitu
3456 3311 3736 3369 Sodomita-

2161 3419 2301 3469 rum,
2349 3420 2469 3473 quae
2521 3405 2866 3460 merebantur
2912 3405 3041 3475 pati,
3093 3406 3481 3476 recognoscit:
3526 3415 3576 3460 et
3614 3402 3736 3475 quod

2160 3506 2380 3569 propter
2422 3496 2714 3553 clamorem
2764 3496 3123 3552 Sodomorum
3174 3498 3309 3553 Deus
3368 3496 3735 3562 descendisset,

2158 3590 2407 3646 addiscit.
2456 3591 2574 3661 Quo
2620 3592 2674 3646 in
2721 3591 2841 3647 loco
2878 3593 2922 3645 si
2966 3592 3178 3647 Patrem
3222 3593 3412 3669 volunt
3442 3592 3599 3648 videri
3630 3599 3735 3647 tunc

2159 3687 2325 3742 fuisse
2345 3702 2467 3743 cum
2498 3687 2714 3758 Angelis
2737 3687 2946 3743 duobus
2972 3687 3203 3758 ltospitio
3227 3698 3522 3759 reCeptum,
3548 3688 3731 3743 Patrem

2156 3781 2423 3837 visibilem
2470 3781 2705 3837 haeretici
2757 3781 3100 3837 crediderunt
3132 3800 3143 3835 :
3180 3783 3226 3838 si
3253 3791 3433 3839 autem
3462 3782 3727 3854 Angelum,

2157 3889 2280 3930 cum
2323 3889 2393 3929 cx
2435 3874 2654 3944 Angelis
2694 3876 2864 3931 tribus
2903 3892 3040 3932 unus
3078 3878 3334 3934 Dominus
3382 3883 3729 3947 nuncupatur:

2157 3981 2274 4033 cur,
2302 3965 2445 4035 quod
2476 3982 2581 4021 non
2617 3967 2776 4031 solet,
2809 3969 3046 4039 Angelus
3076 3970 3217 4026 Deus
3242 3971 3475 4027 dicitur?
3499 3970 3591 4024 nisi
3617 3980 3727 4037 quo-

2158 4060 2322 4127 niam,
2364 4070 2421 4114 ut
2462 4061 2573 4116 Deo
2610 4060 2753 4116 Patri
2784 4063 3129 4120 invisibilitas
3158 4066 3370 4135 pr0pria
3404 4064 3659 4125 reddatur,
3684 4068 3729 4114 et

2155 4153 2361 4225 Angelo
2397 4155 2614 4225 propria
2646 4155 2989 4211 mediocritas
3032 4157 3356 4224 remittatur,
3400 4173 3504 4213 non
3533 4155 3623 4210 nisi
3650 4151 3724 4206 Dei

2158 4244 2347 4313 Filius,
2376 4251 2464 4317 qui
2490 4256 2542 4301 et
2576 4247 2716 4302 Deus
2745 4255 2845 4314 est,
2880 4247 3107 4303 Abrahae
3131 4249 3298 4316 visus,
3328 4262 3382 4305 et
3415 4247 3631 4320 hospitio
3654 4259 3723 4300 re-

2156 4349 2344 4409 ceptus
2389 4353 2509 4394 esse
2555 4341 2597 4394 ⁷.
2643 4339 2911 4395 credetur.
2976 4341 3127 4410 Quod
3182 4342 3324 4397 enim
3369 4352 3485 4399 erat
3526 4341 3719 4401 futurus,

2158 4432 2514 4487 meditabatur
2530 4433 2580 4487 in
2599 4434 3197 4500 swernmento,Abrahae
3218 4435 3388 4491 factus
3403 4436 3588 4507 hospes
3603 4427 3717 4500 apud

442 4523 593 4577 nasci
624 4523 864 4587 haberet,
900 4532 1093 4578 etcum
1125 4524 1336 4579 ca-teris
1363 4525 1533 4594 aperit
1566 4524 1741 4579 locum
1772 4524 2054 4581 habitatio-
2077 4538 2131 4599 Ι)
2156 4525 2389 4582 Abrahae
2435 4526 2575 4581 filios
2618 4526 2827 4583 futuros
2862 4525 3041 4598 (Joan.
3092 4543 3206 4593 xm,
3230 4528 3322 4599 5);
3348 4529 3501 4600 cujus
3521 4525 3715 4580 ﬁliorum

443 4617 529 4673 nis
551 4616 742 4687 ipsius,
765 4625 1053 4687 actumque
1073 4616 1327 4673 describit
1355 4635 1368 4672 :
1398 4618 1538 4673 hunc
1565 4628 1741 4673 autem
1764 4619 2049 4690 Angelum,

2161 4620 2348 4690 pedes,
2381 4619 2448 4675 ad
2491 4621 2862 4690 probationem
2889 4621 3031 4692 quod
3068 4623 3184 4693 ipse
3209 4633 3374 4693 esset,
3406 4622 3594 4687 abluit;
3618 4615 3719 4673 red-

1628 4753 2005 4813 GALLANDII
2040 4754 2610 4813 COMMENTARIUS.

519 4881 537 4911 ⁸
583 4878 777 4934 Possit.
816 4877 890 4932 Ita
942 4891 1064 4931 cum
1100 4874 1369 4932 Jacksono
1423 4875 1831 4930 emettdavimtts
1881 4873 2037 4929 editt.

443 4961 635 5022 posset.
674 4951 944 5020 Tempore
985 4963 1214 5018 unoque
1252 4948 1500 5022 praesenti
1540 4948 1710 5022 semel
1738 4949 2042 5015 iterumque

443 5019 499 5078 in
550 5019 1173 5076 eamdent’senteutiam
1224 5020 1380 5088 paulo
1427 5029 1546 5087 post
1589 5019 1761 5073 utitur
1804 5029 2032 5072 auctor:

438 5096 637 5165 possit,
666 5104 717 5146 ut
753 5102 859 5159 est,
888 5093 1055 5146 videre
1083 5120 1151 5131 ——
1182 5090 1414 5161 intercipi
1457 5091 1613 5161 possit
1644 5120 1712 5130 ——
1740 5090 1906 5144 videre
1941 5104 2043 5143 non

481 5165 620 5220 assit.

585 5184 620 5216 ι.

441 5184 734 5301 ΡοξΜΝαηι,
797 5250 908 5298 nec,
972 5242 1075 5288 etc.
1116 5232 1240 5289 llaec
1280 5232 1444 5288 verba
1489 5231 1823 5299 parenthesis
1870 5229 2041 5286 forma

439 5309 592 5378 posui
642 5322 763 5362 eum
809 5305 1004 5360 Frane.
1036 5306 1216 5369 Junio,
1258 5315 1313 5360 et
1351 5304 1625 5374 periodum
1670 5304 1837 5378 desivi
1875 5303 2041 5358 verbo

435 5374 677 5441 iractent,
727 5377 888 5431 aliter
918 5393 980 5431 ac
1012 5378 1162 5443 editi,
1197 5392 1361 5432 sensu
1393 5388 1568 5430 tamen
1599 5374 1949 5445 suffragante,
1985 5383 2041 5428 ιιι

437 5449 699 5519 integram
742 5451 1088 5518 pet-pendenti
1123 5446 1403 5519 periodum
1429 5464 1546 5518 qua:
1584 5444 1826 5517 incipita
1859 5444 2039 5500 verbis

437 5520 514 5575 Ac
532 5518 576 5574 si
606 5532 652 5575 et
681 5522 807 5592 Agat
873 5523 1092 5589 patebit.
1118 5518 1377 5592 laetiﬁcat.

508 5591 529 5623 ³
557 5589 739 5659 (μίας
774 5592 1089 5663 δυψιωιιιιιυ
1149 5590 1535 5647 Wclehmanus
1569 5589 1857 5662 legendum
1887 5605 1989 5660 qua
2016 5604 2036 5643 :

432 5674 491 5720 et
521 5664 621 5719 hoc
647 5664 857 5720 videtur
882 5674 1076 5733 aptius.
1111 5663 1186 5717 Ιι).

506 5736 526 5765 ³
560 5736 813 5804 Quoniam
866 5732 1013 5789 Patri
1074 5733 1304 5789 subditus
1341 5743 1407 5789 et.
1442 5733 1646 5792 Sensus
1673 5733 1902 5805 requirit
1927 5732 2033 5804 legi

2147 4874 2235 4946 vel
2265 4875 2595 4944 etfquoniam,
2624 4876 2707 4931 vel
2743 4875 2985 4946 quoniam
3022 4884 3213 4946 autem,
3254 4883 3343 4929 aut
3380 4871 3503 4946 quid
3541 4865 3710 4946 simile.

2148 4944 2284 5017 Tres
2313 4936 2450 5002 'v'ero
2480 4936 2641 5000 Voces
2680 4936 2990 5017 seqtteutes,
3030 4945 3179 5001 Patri
3201 4936 3209 4938 ⁷
3234 4936 3557 5017 subdit'uset,
3585 4936 3710 4994 exhi-

2149 5015 2242 5072 bet
2270 5018 2436 5073 editio
2465 5017 2710 5084 Pamelii,
2748 5015 3068 5088 argumento
3097 5019 3329 5074 auctoris
3362 5019 3412 5072 in
3444 5015 3493 5071 id
3516 5022 3710 5089 conscit-

2150 5089 2337 5145 tieute.
2367 5088 2520 5158 Quod
2549 5099 2728 5146 autem
2762 5089 2882 5144 aliis
2911 5090 3105 5145 absunt
3131 5089 3336 5145 exedem
3368 5100 3543 5151 voces,
3571 5088 3706 5137 omit-

2146 5160 2517 5239 tendi_:insam
2548 5163 2777 5239 arripuit
2808 5159 3215 5239 Welcbtnattus.
3236 5160 3320 5239 lo.
3424 5231 3436 5239 _
3457 5230 3470 5239 _
3538 5226 3551 5239 .

2223 5232 2245 5263 ⁸
2273 5232 2333 5289 Si
2370 5233 2452 5286 hic
2493 5223 2677 5286 locusf
2704 5232 2784 5287 lta
2813 5232 3104 5288 Pamelins.
3128 5231 3185 5286 lu
3203 5232 3322 5285 aliis
3341 5230 3490 5286 codd.
3511 5226 3551 5282 si
3570 5223 3699 5283 locus

2144 5304 2348 5378 omisso
2374 5305 2474 5378 hic,
2494 5313 2861 5378 quossecutns
2881 5315 2963 5359 est
2985 5301 3390 5378 Welrltmanus.
3420 5299 3517 5358 Sed
3544 5294 3699 5378 [intle

2146 5374 2268 5430 nam
2290 5376 2474 5430 vocula
2502 5368 2591 5431 illa
2608 5374 3029 5430 demonsuativa
3058 5383 3183 5443 apte
3205 5374 3407 5430 indicat
3423 5368 3695 5441 prrcdictum

2145 5444 2439 5516 Scriptum
2470 5448 2665 5511 locum,
2695 5462 2855 5516 quem
2884 5455 3071 5501 auctor
3099 5446 3371 5501 edisserit.
3404 5443 3475 5500 In.

2216 5518 2236 5549 °
2271 5512 2471 5587 'lpsius.
2498 5512 2732 5587 Conjicit
2782 5516 3081 5573 Jacksonus
3131 5517 3413 5588 legendum
3458 5512 3585 5587 ipsis.

2141 5588 2361 5645 obstare
2392 5588 2602 5645 videtur
2631 5589 2940 5657 conjunctio
2969 5591 3300 5658 praecedens.

2210 5661 2231 5692 "
2277 5659 2541 5717 Credetur.
2589 5660 2665 5716 Ita
2717 5653 2846 5717 editi
2917 5653 2983 5717 ad
3053 5675 3217 5717 unum
3260 5673 3464 5722 omnes,
3503 5653 3694 5719 excepto

2140 5731 2606 5800 Welcbmaniaoo,
2637 5734 2726 5789 ubi
2754 5748 3006 5790 excusum
3038 5731 3279 5789 studiose
3307 5731 3546 5787 credatur.
