4026 6328
266 306 364 366 921

1516 306 1601 362 DE
1642 304 2022 363 TRINI’I‘ATE
2061 305 2287 363 LIBER.

3466 307 3573 365 922

267 423 402 480 dens
428 423 482 480 in
510 422 633 479 filiis
655 421 744 493 jus
770 419 1167 493 hospitalitatis,
1197 420 1338 493 quod
1367 421 1657 494 aliquando
1684 421 1758 477 illi
1790 420 1865 477 le-
1892 432 1941 492 Α
1971 422 2179 479 tene:in
2208 432 2404 493 gentem
2416 421 2550 476 enim
2568 436 2807 494 magnam
2824 421 3013 494 faciam
3025 437 3163 477 eum.
3184 421 3282 478 Hic
3308 420 3570 495 Angelus,

265 526 549 577 neraverat
572 525 746 591 pater.
780 514 933 572 Unde
959 525 1011 572 et
1038 530 1105 571 ne
1128 530 1232 587 qua
1267 524 1412 572 esset
1448 515 1708 571 dubitatio
1734 515 1862 587 quin

266 611 372 667 iste
417 611 651 666 Abrahae
697 609 894 681 hospes
941 609 1146 677 fuisset,
1195 610 1249 664 in
1294 608 1687 665 Sodomitarum
1718 611 1864 665 exitu

265 706 484 780 ponitur
514 703 667 778 (Gen.
699 721 809 771 xu,
836 702 931 777 ει)
959 722 971 758 :
1000 703 1255 772 Quoniam
1285 703 1415 773 pluit
1438 703 1688 759 Dominus
1715 720 1867 772 super

266 793 569 870 Sodomam,
614 813 660 857 et
697 801 1034 857 Gontorrlram
1076 801 1243 872 ignem
1280 811 1327 856 et
1354 801 1569 872 sulphur
1593 818 1624 853 (ι
1649 799 1865 855 Domino

264 895 332 952 de
375 897 521 952 ctrlo.
575 895 664 953 Sic
709 896 851 951 enim
883 903 941 951 et
980 895 1276 964 Prophetas
1326 909 1393 949 ex
1445 908 1674 963 persona
1726 892 1864 948 Dei:

264 989 505 1047 Subveni
531 1005 639 1056 vos,
664 989 855 1061 inquit,
901 989 1029 1044 sicut
1076 988 1376 1043 subvertit’.
1413 987 1667 1042 Dominus
1696 986 1867 1043 Sodo-

263 1099 403 1138 mam
429 1093 475 1137 et
503 1082 841 1138 Gomorrltam
866 1082 1046 1157 (Amos
1076 1098 1148 1146 Iv,
1177 1082 1289 1152 11).
1325 1082 1578 1137 Dominus
1604 1096 1732 1151 ergo
1761 1080 1863 1137 So-

264 1174 484 1231 d0tnam
519 1174 801 1241 subvertit,
831 1174 883 1229 id
915 1183 1019 1241 est,
1053 1173 1196 1230 Deus
1230 1172 1520 1230 Sodomam
1558 1172 1817 1229 subvertit
1847 1191 1861 1228 :

261 1268 361 1325 sed
390 1268 442 1323 in
468 1268 818 1324 subversione
842 1266 1200 1323 Sodomorum
1238 1265 1493 1321 Dominus
1523 1266 1658 1337 pluit
1687 1267 1864 1337 ignem

262 1375 295 1417 a
342 1361 591 1417 Domino.
642 1361 739 1417 Hic
783 1371 961 1416 autem
1012 1360 1272 1415 Dominus
1319 1361 1465 1415 visus
1504 1368 1588 1416 est
1637 1360 1865 1415 Abrahae

263 1456 412 1513 Deus
444 1475 458 1512 :
493 1458 631 1513 Deus
656 1468 832 1513 autem
864 1456 952 1513 hic
981 1456 1177 1526 hospes
1202 1464 1285 1511 est
1305 1454 1556 1521 Abrahae,
1580 1453 1736 1510 visus
1765 1456 1865 1510 uti-

265 1566 370 1622 que
400 1551 523 1623 quia
552 1560 769 1609 tactus:
800 1554 895 1607 sed
948 1565 1072 1607 cum
1126 1549 1285 1606 Pater
1311 1552 1355 1617 ',
1396 1550 1516 1621 quia
1562 1549 1861 1617 invisibilis,

265 1660 372 1702 nec
401 1656 529 1702 tunc
580 1648 765 1718 utique
812 1647 957 1703 visus
985 1647 1087 1713 sit;
1117 1646 1265 1702 visus
1286 1658 1368 1702 εει
1390 1653 1447 1701 et
1473 1646 1494 1677 ³
1522 1645 1756 1715 hospitio
1786 1660 1866 1700 re-

262 1748 456 1809 ceptus
498 1750 552 1794 et
597 1750 853 1810 acceptus
880 1747 965 1795 est
1004 1737 1048 1805 ⁸,
1104 1739 1194 1809 qui
1239 1738 1432 1793 solitus
1461 1747 1542 1794 est
1586 1737 1750 1809 tangi,
1808 1745 1865 1793 et

1969 519 2012 571 si
2042 517 2276 587 Angelus
2301 527 2507 572 tantum
2535 527 2635 583 est,
2666 532 2763 572 cur
2787 516 2888 572 hoc
2915 516 3018 572 sibi
3044 517 3278 573 vindicat
3304 526 3363 571 ut
3387 516 3532 573 dicat
3557 536 3569 572 :

1969 611 2034 667 In
2065 623 2260 683 gentem
2290 614 2421 667 enim
2449 629 2688 683 magnam
2717 612 2904 683 faciant
2931 629 3064 679 eum,
3097 626 3217 668 cum
3258 610 3362 667 hoc
3393 612 3575 683 utique

1966 720 2136 777 genus
2166 707 2418 776 potentia:
2462 706 2551 761 Dei
2594 705 2685 771 sit,
2726 705 2915 775 Augeli
2955 719 3074 760 esse
3107 719 3212 760 non
3256 704 3458 776 possit?
3494 704 3573 760 Ex

1967 818 2073 874 quo
2132 803 2292 857 etiam
2322 806 2343 832 "
2373 803 2513 857 Deus
2572 802 2924 857 confirmatur
2964 816 3086 856 esse
3125 801 3214 872 qui
3253 799 3357 855 hoc
3398 807 3575 868 potest

1968 895 2148 952 facere
2182 914 2195 950 :
2230 897 2477 966 quoniam
2508 906 2563 950 ut
2606 894 2707 950 hoc
2741 896 2914 964 ipsum
2951 895 3351 965 comprobetur,
3383 892 3573 963 adjici-

1970 997 2056 1043 tur
2106 1005 2202 1060 per
2242 988 2572 1058 Scripturam
2615 989 2793 1042 statim
2826 1005 2840 1044 :
2878 986 2943 1041 Et
2986 987 3186 1059 aperuit
3218 984 3358 1041 Deus
3399 985 3573 1041 oculos

1966 1087 2098 1157 ejus,
2130 1094 2175 1137 et
2215 1083 2337 1138 vidit
2379 1084 2594 1153 puteum'
2620 1097 2765 1154 aquae
2792 1081 2934 1145 vivte,
2982 1089 3029 1135 et
3068 1079 3211 1147 abiit,
3258 1089 3303 1133 et
3346 1078 3575 1150 implevit

1967 1194 2132 1233 utrem
2155 1178 2219 1232 de
2245 1188 2417 1247 puteo,
2443 1187 2488 1230 et
2511 1176 2647 1230 dedit
2672 1192 2850 1245 puero,
2880 1184 2925 1228 et
2952 1184 3058 1230 erat
3091 1173 3228 1229 Deus
3253 1188 3366 1226 cum
3391 1188 3566 1244 puero.

1967 1272 2021 1328 Si
2061 1287 2189 1342 ergo
2225 1271 2310 1326 hic
2344 1271 2482 1324 Deus
2524 1278 2642 1324 erat
2676 1284 2798 1324 cum
2830 1283 3000 1339 puero
3027 1268 3118 1339 qui
3147 1265 3357 1336 aperttit
3388 1265 3573 1321 oculos

1968 1364 2134 1434 Agar,
2156 1373 2211 1418 nt
2228 1363 2432 1418 videret
2454 1373 2667 1433 puteum
2694 1377 2844 1433 aqua!
2862 1362 3017 1427 vivte,
3042 1369 3094 1415 ct
3122 1359 3356 1415 hauriret
3378 1373 3569 1429 aquam

1969 1468 2189 1528 propter
2241 1467 2516 1527 urgentem
2588 1456 2706 1510 sitis
2782 1455 3188 1533 necessitatem;
3259 1452 3347 1508 hic
3391 1462 3569 1508 autem

1968 1553 2144 1609 9Deus
2171 1552 2311 1609 caelo
2344 1551 2485 1606 illam
2518 1560 2677 1607 vocat
2704 1551 2943 1622 Angelus
2966 1550 3162 1618 dictus,
3191 1565 3312 1606 cum
3328 1550 3573 1619 superius

1969 1661 2157 1701 vocem
2195 1646 2422 1700 audiens
2442 1645 2726 1700 clamantis
2773 1645 2924 1716 pueri
2953 1644 3017 1699 ⁸ο.
3043 1643 3184 1699 Dens
3208 1651 3350 1699 esset
3373 1643 3568 1713 potius,

1975 1756 2082 1796 non
2110 1740 2248 1795 alius
2295 1740 2612 1810 intelligitur
2637 1754 2794 1810 quam
2840 1738 3077 1809 Angelus
3117 1752 3237 1793 esse
3281 1736 3483 1808 pariter
3520 1728 3575 1792 et

265 1830 444 1886 videri
472 1850 485 1886 ε
516 1831 603 1886 hic
630 1840 811 1887 autem
842 1829 1005 1887 Filius
1028 1831 1142 1896 Dei,
1170 1819 1421 1885 Dominus
1440 1847 1472 1885 a
1494 1830 1713 1885 Domino
1736 1827 1864 1899 pluit
1893 1848 1942 1908 Β
1973 1834 2133 1889 Deus.
2162 1832 2315 1902 Quod
2348 1848 2467 1888 eum
2499 1832 2644 1887 Patri
2675 1842 2993 1900 competens
3018 1841 3069 1887 et
3098 1831 3426 1887 conveniens
3454 1844 3576 1886 esse

265 1940 424 1995 super
455 1923 734 1979 Sodomam
774 1934 821 1980 et
861 1925 1196 1981 Gomorrltam
1234 1926 1452 1997 sulphur
1489 1935 1638 1996 atque
1676 1926 1862 1996 ignem.

266 2015 369 2072 Hic
394 2028 572 2073 autem
602 2018 696 2075 Dei
724 2018 960 2075 Verbum
993 2029 1073 2074 est
1108 2035 1122 2073 :
1149 2018 1384 2074 Verbum
1415 2028 1591 2072 autem
1623 2017 1713 2073 Dei
1741 2032 1867 2072 caro

267 2108 464 2166 factum
494 2122 595 2178 est,
624 2120 679 2168 et
706 2112 965 2167 habitavit
990 2113 1040 2165 itt
1073 2113 1229 2168 nobis
1258 2132 1269 2167 :
1307 2111 1394 2167 hic
1424 2122 1604 2166 autem
1626 2110 1869 2167 Christus

268 2214 371 2260 est.
419 2204 534 2259 Non
578 2205 736 2261 Pater
785 2198 943 2278 igitur
988 2206 1126 2277 apud
1184 2205 1451 2263 Abraham
1501 2205 1717 2275 IlOSpCS,
1773 2203 1869 2260 sed

266 2295 523 2353 Christus
572 2297 697 2363 fuit;
726 2312 827 2353 nec
853 2308 977 2354 tunc
1006 2299 1166 2355 Pater
1188 2299 1335 2354 visus
1362 2307 1464 2364 est,
1507 2298 1599 2353 sed
1623 2298 1789 2353 Filius
1812 2299 1866 2365 5;

265 2392 415 2447 visus
454 2401 633 2448 autem
660 2403 744 2448 est
766 2392 1034 2450 Christus.
1086 2394 1275 2449 Merito
1315 2393 1477 2464 igitur
1504 2392 1773 2458 Christus,
1817 2400 1871 2448 ct

267 2484 530 2541 Dominus
556 2495 609 2541 et
635 2486 775 2543 Deus
796 2495 900 2554 est,
920 2487 1008 2558 qui
1036 2502 1140 2542 nou
1167 2486 1321 2541 aliter
1346 2485 1576 2542 Abrahm
1598 2487 1742 2540 visus
1764 2495 1868 2550 est,

267 2578 370 2635 nisi
411 2578 534 2649 quia
574 2589 699 2635 ante
754 2581 928 2651 ipsum
961 2579 1255 2649 Abraham,
1285 2597 1348 2635 ex
1374 2580 1528 2635 Patre
1553 2580 1662 2636 Deo
1683 2580 1704 2612 ⁸
1731 2579 1871 2637 Deus

263 2669 459 2728 Sermo
486 2683 776 2743 generatus
812 2683 914 2729 est.
960 2673 1171 2740 Adhuc,
1212 2674 1403 2745 inquit,
1450 2674 1589 2729 idem
1634 2674 1871 2744 Angelus

264 2776 321 2823 et
353 2766 499 2823 Deus
526 2768 771 2824 eamdem
795 2770 936 2841 Agar
961 2769 1194 2840 fugatam
1216 2771 1284 2824 de
1308 2770 1470 2826 domo
1500 2770 1727 2826 Abrahae
1748 2786 1871 2827 cum

263 2876 458 2932 puero.
491 2863 802 2919 consolatur
830 2872 887 2920 et
911 2863 1110 2919 visitat.
1144 2863 1276 2919 Nam
1305 2880 1426 2920 cum
1459 2865 1544 2919 illa
1591 2866 1643 2919 in
1684 2865 1872 2920 solitu-

262 2955 392 3012 dine
433 2958 776 3028 exposuisset
816 2956 1097 3026 infantem,
1142 2958 1262 3028 quia
1296 2973 1431 3028 aqua
1473 2957 1760 3014 defecisset
1806 2974 1869 3013 ex

263 3059 407 3119 utre,
439 3067 671 3122 cumque
695 3067 828 3123 puer
852 3052 943 3108 ille
972 3054 1280 3118 clamasset,
1307 3051 1488 3108 ﬂetum
1517 3061 1570 3107 et
1603 3053 1871 3123 planctum

263 3144 501 3201 levasset
550 3144 708 3216 (Cen.
756 3162 867 3208 XXI,
912 3146 1000 3209 t7,
1032 3145 1119 3211 l8,
1153 3144 1243 3218 19)
1282 3146 1323 3211 ⁷,
1358 3145 1426 3199 Et
1455 3145 1670 3211 audivit,
1701 3145 1873 3213 inquit

1972 1944 2077 1984 non
2131 1928 2316 1997 possit,
2358 1928 2447 1997 qui
2492 1925 2863 1982 tantummodo
2909 1925 3049 1980 Deus
3085 1935 3169 1981 est
3210 1943 3223 1979 :
3261 1933 3575 1994 competens

1970 2031 2150 2077 autem
2174 2036 2294 2076 esse
2316 2022 2487 2091 possit
2506 2018 2741 2084 Christo,
2769 2019 2857 2089 qni
2884 2033 2986 2073 non
3019 2016 3388 2073 tantummodo
3413 2015 3572 2082 Deus,

1970 2114 2063 2171 sed
2093 2124 2146 2170 et
2172 2114 2406 2184 Angelus
2438 2113 2811 2183 pronuntiatus
2842 2122 2955 2177 est;
3004 2112 3285 2167 manifeste
3327 2118 3570 2183 apparet,

1971 2223 2078 2265 non
2120 2208 2333 2264 Patrem
2374 2208 2445 2264 ibi
2494 2220 2620 2262 tunc
2669 2208 2903 2262 locutum
2953 2205 3122 2262 fuisse
3162 2206 3226 2261 ad
3270 2208 3433 2277 Agar,
3480 2202 3577 2259 sed

1972 2303 2245 2359 Christum
2274 2303 2472 2373 potius,
2495 2317 2618 2357 cum
2645 2301 2786 2356 Dens
2807 2302 2895 2362 sit.
2924 2300 3011 2355 cui
3033 2301 3193 2355 etiam
3217 2299 3404 2370 Angeli
3428 2313 3576 2353 com-

1972 2398 2102 2468 petit
2146 2412 2374 2463 nomen;
2414 2397 2610 2467 quippe
2639 2410 2757 2451 cum
2785 2394 2959 2465 magni
2987 2391 3187 2447 consilii
3216 2391 3439 2462 Angelus
3470 2390 3580 2446 lac-

1973 2500 2060 2546 tus
2097 2492 2165 2546 sit
2199 2490 2346 2562 (lsu.
2390 2506 2469 2555 tx,
2505 2488 2561 2561 6)
2599 2508 2610 2542 :
2648 2489 2887 2559 Angelus
2924 2498 3100 2541 autem
3133 2486 3222 2552 sit,
3251 2486 3376 2539 dum
3406 2499 3576 2555 expo-

1974 2585 2051 2639 nit
2095 2586 2271 2638 sinum
2314 2583 2523 2648 Patris,
2553 2584 2690 2636 sicut
2735 2582 2968 2637 Joannes
3007 2579 3168 2634 edicit
3198 2566 3573 2652 (Ιοιιη.ι,’18).

1977 2680 2016 2710 ¹¹
2051 2678 2106 2734 Si
2126 2678 2268 2732 enim
2291 2678 2405 2747 ipse
2422 2676 2659 2731 Joannes
2677 2673 3078 2730 hunceumdem
3095 2673 3182 2743 qui
3215 2675 3390 2728 sinum
3408 2686 3576 2742 expo-

1975 2774 2052 2828 nit
2080 2772 2276 2837 Patris,
2296 2770 2534 2827 Verbum
2553 2769 2681 2824 dicit
2700 2783 2916 2823 carnem
2940 2767 3133 2821 factum
3158 2780 3299 2833 eSse,
3323 2773 3379 2819 ut
3398 2764 3572 2820 sinum

1975 2866 2152 2923 Patris
2182 2872 2365 2936 posset
2398 2877 2670 2932 exponere
2700 2879 2712 2914 :
2743 2860 2936 2917 merito
2971 2858 3215 2914 Christus
3251 2872 3357 2913 non
3402 2857 3573 2911 solum

1977 2962 2139 3018 homo
2173 2972 2257 3015 est
2294 2961 2360 3028 ’³,
2394 2959 2486 3013 sed
2524 2968 2576 3013 et
2612 2957 2883 3027 Angelus;
2941 2970 3043 3010 nec
3069 2953 3306 3025 Angelus
3344 2962 3572 3015 tantum,

1975 3055 2068 3110 sed
2101 3063 2155 3110 et
2183 3054 2327 3109 Deus
2351 3068 2445 3123 per
2467 3051 2775 3121 Scripturas
2797 3048 3117 3111 ostenditur,
3150 3056 3203 3102 et
3230 3063 3259 3102 a
3290 3046 3442 3101 nobis
3474 3045 3575 3100 hoc

1976 3161 2096 3203 esse
2134 3144 2369 3201 creditur
2403 3162 2415 3197 :
2446 3158 2535 3210 ne,
2573 3144 2615 3197 si
2649 3158 2752 3198 non
2791 3141 3060 3196 Christum
3089 3148 3214 3195 tunc
3241 3139 3475 3193 locutum
3508 3138 3574 3194 ad

259 3238 561 3310 Scriptura,
593 3239 733 3294 Deus
778 3255 949 3295 vocem
983 3240 1126 3308 pueri
1170 3238 1235 3293 de
1286 3238 1397 3293 loco
1428 3237 1512 3291 ubi
1561 3247 1685 3294 erat.
1736 3237 1868 3294 Cum
1898 3247 1943 3313 C
1977 3240 2120 3311 Agar
2148 3236 2478 3292 voluerimus
2502 3236 2775 3305 accipere;
2804 3243 2896 3288 aut
2920 3233 3179 3303 Angelum
3215 3231 3382 3286 Deum
3415 3229 3576 3297 facia-

261 3331 430 3388 Deum
454 3347 579 3388 esse
610 3333 700 3403 qui
726 3347 914 3388 vocem
948 3331 1164 3387 infantis
1185 3332 1408 3399 audivit,
1444 3333 1742 3398 retulisset;
1773 3331 1867 3387 ad-

255 3425 388 3498 jecit
418 3441 431 3482 :
467 3424 532 3481 Et
557 3427 752 3482 vocavit
779 3427 999 3498 Angelus
1029 3425 1239 3481 Domini
1265 3426 1430 3498 ipsum
1454 3426 1593 3497 Agar
1622 3426 1684 3480 de
1704 3426 1829 3480 caelo
1846 3441 1866 3491 ;

258 3520 522 3591 Angelum
552 3519 797 3577 referens
824 3535 945 3577 esse
974 3535 1133 3590 quem
1164 3520 1330 3576 Deum
1355 3520 1584 3583 dixerat,
1608 3530 1660 3576 et
1686 3520 1867 3576 Domi-

262 3629 394 3671 num
443 3616 797 3685 pronuntians
844 3629 966 3672 esse
1009 3631 1168 3687 quem
1218 3616 1480 3687 Angelnm
1518 3616 1810 3673 collocarat
1847 3634 1861 3672 :

259 3706 460 3778 quique
490 3707 729 3779 Angelus
780 3716 834 3763 et
880 3707 1020 3763 Deus
1063 3707 1239 3763 adhuc
1278 3708 1378 3778 ipsi
1423 3708 1563 3779 Agar
1605 3709 1867 3779 promittit

256 3800 462 3869 majora
503 3800 713 3864 solatia,
758 3799 986 3855 dicendo
1020 3819 1032 3855 :
1069 3798 1153 3855 Ne
1179 3801 1439 3867 timueris;
1467 3801 1704 3856 exaudiui
1730 3802 1864 3856 enim

257 3908 430 3949 vocem
470 3894 614 3967 pueri
654 3895 719 3949 de
757 3894 867 3950 loco
895 3894 982 3949 ubi
1007 3903 1131 3951 erat.
1165 3892 1358 3966 Surge,
1387 3900 1529 3949 s'ume
1554 3910 1786 3965 puerum,
1817 3903 1864 3948 et

1971 3347 2112 3397 ntus,
2144 3339 2233 3384 aut
2264 3330 2430 3384 Deum
2474 3329 2683 3384 Patrem
2714 3328 3139 3397 omnipotentem
3175 3325 3314 3379 inter
3341 3322 3575 3394 Angelos

1969 3435 2362 3498 computemus.

2385 3521 2615 3624 CAPUT
2654 3565 2798 3622 XIX.
2830 3566 2902 3621 al.
2935 3562 3155 3621 XXVII.

1974 3680 2125 3749 Quod
2149 3682 2300 3735 etiam
2326 3678 2488 3735 Iacob
2513 3679 2808 3750 apparuerit
2841 3676 2974 3731 Deus
3003 3676 3246 3748 Angelus,
3280 3689 3457 3745 nentpe
3476 3670 3576 3726 Dei

2564 3774 2567 3775 ⁷
2679 3770 2869 3826 Filius.

2042 3890 2178 3958 Quid
2203 3890 2248 3947 si
2275 3890 2458 3946 etalio
2489 3889 2541 3945 in
2574 3890 2692 3946 loco
2722 3887 2967 3944 similiter
3002 3884 3226 3955 legimus
3260 3884 3430 3939 Deum
3465 3882 3573 3937 An-

1404 4057 1785 4115 GALLANDII
1824 4057 2389 4116 COMMENTARIUS.

332 4179 349 4211 ¹
379 4178 655 4234 Dominus.
709 4178 802 4235 Sic
864 4177 1165 4245 Pamelius,
1207 4191 1434 4246 eamque
1473 4177 1759 4232 lectionem
1792 4175 1860 4232 ad

258 4260 495 4307 mentem
525 4249 802 4305 Novatiaui
844 4250 931 4319 qui
962 4249 1210 4321 eamdem
1251 4250 1413 4321 paulo
1472 4259 1591 4319 post
1640 4250 1855 4319 repetit,

260 4332 443 4379 tuetur
482 4320 798 4377 Jatksonus.
831 4322 917 4376 Al.
948 4320 1104 4376 Deus.

330 4396 350 4427 ²
385 4394 535 4462 Quia.
592 4393 668 4465 Ita
730 4403 877 4449 recte
935 4392 1250 4449 emendavit
1306 4392 1714 4459 Welclnuanus,
1761 4407 1860 4465 pro

255 4466 409 4524 editt.
446 4482 566 4535 qua.
596 4464 851 4522 Jscssox.

331 4538 352 4569 ³
378 4537 639 4607 Hospitio.
671 4537 818 4593 Hanc
858 4538 1017 4593 etiam
1058 4551 1245 4591 vocem
1290 4546 1435 4591 recte
1460 4537 1693 4592 restituit
1720 4536 1859 4591 idem

254 4608 665 4675 Welchmanus,
694 4625 788 4680 pro
810 4610 1059 4678 impress.
1095 4607 1398 4679 hospitibus.
1428 4607 1531 4663 Sed
1567 4609 1863 4680 maleomi-

255 4683 327 4738 sit
354 4682 515 4736 verba
548 4692 596 4736 et
623 4679 877 4749 acceptus,
909 4697 1028 4750 qote
1056 4683 1289 4735 retinent
1309 4695 1497 4735 omnes
1526 4680 1675 4734 editi.
1710 4679 1786 4735 Io.

330 4752 351 4785 ³⁵
378 4753 480 4821 Qui
532 4754 714 4808 solitus
759 4762 853 4807 est.
915 4757 1055 4807 Ante
1086 4750 1202 4807 htec
1235 4753 1399 4807 verba
1427 4751 1637 4806 videtur
1669 4750 1860 4807 deesse

260 4823 449 4888 Filius,
481 4825 564 4880 vel
591 4823 688 4879 Dei
715 4822 903 4880 Filius.
939 4824 1011 4879 In.

327 4897 348 4929 ⁵
392 4895 560 4952 Visus.
609 4896 799 4966 Aptior
835 4896 937 4951 erit
964 4909 1157 4950 sensus
1192 4894 1237 4948 si
1259 4894 1543 4965 legerimus
1562 4893 1731 4949 Filius
1762 4910 1858 4963 pro

252 4970 390 5025 uisus
427 4984 447 5023 :
486 4984 644 5041 quant
682 4982 993 5040 germanam
1021 4980 1143 5022 esse
1191 4966 1475 5022 lectionem
1515 4966 1609 5091 vial
1646 4968 1855 5022 dubito.

1618 5055 1743 5091 υειι.

1618 5055 1743 5094 DEH.

329 5112 350 5143 °
383 5109 518 5165 Deus
573 5111 776 5169 Sermo.
826 5108 901 5164 Ita
955 5109 1194 5166 editores
1233 5109 1533 5181 Anglicani.
1569 5109 1683 5165 Vox
1715 5109 1858 5165 Deus

253 5183 407 5253 deest
436 5184 574 5253 apud
609 5183 922 5237 Pamt-liutn.
1528 5192 1535 5199 '

325 5256 345 5285 ⁷
375 5252 440 5307 Et
474 5252 709 5309 audivit.
770 5253 935 5310 Forte
969 5253 1226 5308 exaudivit
1255 5268 1274 5308 :
1299 5268 1456 5323 quam
1496 5254 1715 5325 quidem
1756 5269 1854 5309 v0-

252 5342 371 5382 cem
422 5328 606 5397 paucis
647 5326 942 5391 interiectis
969 5327 1161 5394 repetit
1200 5325 1544 5381 Novatianus.
1572 5326 1690 5380 Mox
1721 5341 1851 5384 mss.

251 5399 492 5469 anveri
525 5398 663 5467 apud
696 5397 1044 5464 Jacksmuun,
1074 5413 1257 5469 vocem,
1268 5398 1493 5469 audisset
1531 5401 1765 5469 infantis.

326 5472 348 5504 ⁸
376 5468 516 5524 Deus
558 5471 893 5534 conﬁrmatur
938 5486 1064 5523 esse.
1115 5469 1187 5524 Ita
1213 5468 1483 5526 Welclun.
1516 5481 1570 5525 et
1590 5468 1848 5527 ’Jat-kson.

252 5544 342 5599 Al.
378 5541 512 5596 Deus
538 5544 873 5613 conﬁrmatur
897 5540 1031 5597 Deus
1051 5558 1159 5596 esse
1181 5557 1198 5593 :
1223 5542 1400 5596 minus
1421 5552 1586 5610 recte,
1623 5553 1678 5597 ut
1706 5545 1852 5600 vide-

252 5626 358 5671 tur.

322 5689 344 5720 ⁹
371 5683 510 5740 Deus
546 5702 573 5739 e
625 5685 819 5741 cwlo...
853 5695 1016 5741 uocat.
1074 5684 1327 5739 Antumat
1360 5684 1743 5743 Welchmanus
1770 5688 1849 5745 le-

286 5758 509 5823 entltun,
555 5756 693 5811 Deus
731 5759 816 5825 qui
859 5776 885 5813 e
927 5756 1053 5813 cwlo
1084 5769 1245 5812 vocat.
1293 5757 1474 5813 Mallet
1528 5758 1847 5827 Jacksonns,

307 5846 393 5883 cus
421 5846 447 5884 ε
469 5830 594 5885 etelo
624 5828 768 5884 illam
794 5845 980 5886 vocans
1002 5829 1228 5901 Angelus
1256 5839 1329 5886 est
1355 5828 1537 5887 dictus.
1559 5830 1663 5888 Sed
1692 5832 1850 5890 lcetio

1967 4178 2171 4242 vulgata
2207 4177 2289 4233 his
2317 4175 2782 4233 ctuendatiouibns
2809 4190 2943 4245 opus
2975 4191 3080 4230 non
3115 4175 3295 4230 habet.

2040 4251 2081 4282 ¹⁰
2113 4249 2247 4303 Dens
2269 4259 2396 4304 esset
2421 4251 2607 4318 potius.
2635 4247 2726 4303 Sic
2751 4247 2876 4302 editi
2901 4249 2965 4300 ad
2994 4264 3155 4301 unum
3181 4262 3370 4300 omnes
3415 4246 3574 4302 Jac-k-

1966 4336 2131 4377 souus
2164 4335 2338 4376 tamen
2365 4331 2566 4376 textum
2591 4318 2987 4376 emendandum
3017 4319 3242 4388 putavit.
3269 4318 3572 4389 etliditque,

1968 4394 2103 4448 Deus
2128 4403 2255 4447 esset
2279 4396 2506 4457 positus;
2532 4400 2814 4463 propterea
2845 4392 3068 4456 scilicet,
3094 4391 3287 4460 inquit,
3312 4391 3453 4461 quod
3481 4407 3573 4460 po-

1886 4462 1938 4523 D
1966 4467 2067 4520 tius
2096 4466 2298 4519 nullum
2328 4465 2520 4519 habeat
2544 4480 2761 4519 sensum
2791 4464 2842 4517 in
2873 4464 3010 4517 loco.
3049 4464 3198 4518 llanc
3224 4479 3351 4517 vero
3380 4478 3570 4518 cmen-

1965 4537 2238 4593 dationem
2264 4537 2348 4590 vix
2377 4536 2762 4590 admittendam
2790 4550 2989 4590 censeo
3015 4553 3027 4590 :
3058 4537 3267 4604 vulgata
3299 4538 3441 4589 enim
3471 4535 3573 4590 lec-

1967 4609 2042 4664 tio
2071 4610 2363 4679 legitimum
2400 4608 2624 4663 fundere
2652 4608 2869 4662 sensum
2898 4609 3247 4679 comperitur.
3279 4605 3568 4679 Nimirum,

1964 4677 2153 4736 auctor
2183 4681 2359 4743 locum
2390 4679 2669 4737 Gelteseos
2697 4693 2806 4740 XXI,
2840 4679 2904 4732 l7
2944 4677 3273 4742 etli'sserens,
3310 4679 3395 4732 ubi
3438 4677 3571 4748 legi-

1965 4762 2094 4808 tur:
2130 4752 2407 4806 Exaudivit
2450 4762 2618 4805 autem
2665 4752 2809 4805 Deus
2856 4766 3024 4804 vocem
3068 4752 3234 4821 pueri,
3276 4750 3571 4820 vocavitque

1963 4826 2214 4880 ANCELUS
2244 4825 2338 4877 Dei
2367 4825 2508 4894 Agar
2537 4823 2599 4876 de
2622 4824 2767 4882 coelo,
2803 4823 2916 4877 hare
2940 4820 3101 4877 habet
3134 4838 3148 4879 :
3180 4820 3280 4875 Hie
3316 4820 3478 4894 Deus,
3498 4851 3568 4860 —

1961 4896 2215 4953 ANGsLus
2252 4893 2438 4959 dictus,
2473 4912 2626 4960 quum
2654 4896 2891 4963 superius
2933 4925 3005 4933 —-
3032 4894 3174 4949 Deus
3210 4904 3342 4948 esset
3377 4893 3566 4961 potius,

1961 4984 2063 5022 non
2093 4970 2227 5022 alius
2258 4967 2580 5039 intelligitur,
2610 4976 2713 5021 etc.
2751 4965 2976 5039 Perinde
3005 4980 3068 5039 ac
3094 4967 3138 5021 si
3167 4965 3392 5039 dixisset
3422 4982 3433 5016 :
3465 4964 3565 5033 Qui

1962 5039 2157 5094 dicitur
2192 5035 2439 5109 Angelus
2459 5038 2553 5092 Dei
2584 5052 2805 5091 vocasse
2833 5038 2976 5107 Agar
3004 5037 3072 5092 de
3099 5038 3258 5100 caelo,
3297 5035 3381 5091 hic
3409 5048 3565 5109 antea

1962 5110 2103 5164 Deus
2148 5125 2270 5166 esse
2315 5110 2631 5180 perhibetur
2677 5109 2766 5178 qui
2814 5109 3113 5180 exatttlierit
3152 5124 3339 5163 vocem
3389 5108 3563 5178 pueri.

1959 5180 2091 5236 Illud
2120 5179 2331 5252 quoque
2360 5180 2586 5238 accedit.
2617 5180 2993 5235 emendatione
3015 5179 3265 5235 Jacksoui
3304 5181 3562 5252 admissa.

1959 5254 2069 5307 vim
2102 5250 2362 5307 orationis
2387 5254 2439 5306 in
2463 5252 2748 5308 Novatiani
2778 5261 2922 5306 textu
2956 5253 3208 5314 retundi;
3238 5267 3402 5323 quum
3431 5250 3563 5306 illtttl

1960 5322 2101 5379 Deus
2122 5334 2248 5379 esset
2271 5326 2438 5395 potius
2465 5325 2749 5393 plurimum
2774 5322 2968 5395 valeat,
2999 5338 3184 5379 contra
3209 5340 3336 5380 vero
3368 5324 3565 5393 frigore

1958 5398 2210 5465 frigescat
2229 5393 2580 5451 Jacksoniana
2614 5395 2878 5449 restitutio
2898 5393 3032 5448 Deus
3054 5406 3178 5450 esset
3209 5397 3422 5456 positus.

2033 5469 2072 5500 ¹¹
2109 5470 2169 5541 Si
2215 5470 2367 5522 enim.
2401 5468 2520 5541 Vet.
2552 5468 2705 5520 editt.
2752 5466 2860 5521 Sed
2895 5472 3029 5521 eum
3058 5484 3077 5523 :
3105 5470 3246 5541 quod
3268 5467 3565 5538 castigavit

1955 5550 2106 5596 recte.
2134 5540 2422 5595 Patnelius.
2453 5539 2705 5595 Jacxsou.

2031 5614 2071 5644 “
2097 5612 2204 5669 Sed
2243 5622 2288 5666 et
2337 5613 2581 5683 Angelus.
2610 5611 2806 5665 Vocem
2836 5620 2890 5664 et
2918 5624 3041 5668 ante
3068 5613 3292 5683 Angelus
3321 5611 3564 5681 reposuit

1956 5682 2227 5739 Pantelius
2254 5700 2318 5739 ex
2354 5682 2453 5738 tus.
2482 5682 2692 5752 Anglic.
2717 5695 2767 5735 et
2796 5684 3063 5752 geminam
3111 5682 3392 5740 lectionem
3434 5696 3561 5753 pro-

1954 5755 2044 5811 bat
2074 5760 2254 5811 statim
2287 5756 2428 5815 quod
2455 5757 2715 5825 sequitur,
2749 5755 2837 5808 sed
2863 5764 2911 5809 et
2953 5756 3107 5812 Deus.
3142 5757 3338 5812 Otitisit
3366 5768 3557 5809 etcum

1954 5837 2060 5883 vet.
2095 5828 2251 5883 editt.
2285 5826 2669 5883 Welehmanns
2699 5827 2858 5882 male.
2902 5829 2973 5883 lo.
