4026 6328
529 303 636 364 9Ξ5

1989 289 2363 360 ΝονΑΤιΑΝΙ

3711 307 3798 370 924

531 415 710 496 geluu‘i
744 417 1012 492 positum?
1052 413 1183 475 Nam
1222 423 1346 476 eum
1387 415 1528 490 apud
1569 430 1770 474 uxores
1815 426 1941 474 suas
1980 415 2128 474 Liam
2157 425 2210 494 Α
2236 419 2324 474 ille
2344 417 2496 485 dixit,
2527 415 2709 474 Iacob.
2746 415 2988 491 Dixitque
3013 417 3092 476 ei:
3116 415 3239 476 Non
3265 417 3553 478 vocabitnr‘
3562 425 3667 497 jam
3690 443 3800 485 nunc

535 525 697 589 atque
727 513 926 573 Rachel
959 508 1126 574 Jacoh
1158 511 1225 571 de
1249 513 1416 586 patris
1445 511 1657 569 illarum
1696 514 1972 586 iniquitate
2002 528 2134 586 que-

535 617 768 678 reretur,
797 619 849 666 et
870 621 990 664 eum
1014 606 1241 665 referret
1263 607 1404 678 quod
1422 596 1534 678 iam
1561 609 1611 663 in
1642 617 1838 663 terram
1867 609 2137 678 proprium

535 711 778 764 remeare
807 714 860 759 et
892 701 1090 759 (ενοι-11
1124 711 1366 774 cuperet,
1399 701 1594 756 somnii
1622 715 1834 772 Quoque
1859 701 1938 756 sni
1973 703 2139 757 inter-

532 797 766 872 ponebat
796 798 1194 865 auctoritatem,
1227 811 1334 868 quo
1363 801 1606 867 tempore
1645 793 1810 852 relcrt
1836 797 1934 852 sibi
1961 797 2140 867 Ange-

535 893 646 948 lum
680 889 770 948 liei
807 901 902 962 per
925 891 1192 946 somnium
1221 887 1420 944 dixisse
1440 887 1595 964 (Gen.
1617 905 1770 953 xxxr.
1799 889 1984 964 11-15)
2011 891 2139 947 ;.Ια-

533 985 642 1047 colt,
676 983 860 1042 Jacob.
894 981 960 1038 Et
1007 999 1118 1054 ego,
1165 984 1354 1053 inquit,
1406 983 1556 1038 dixi;
1594 984 1729 1050 Quid
1776 986 1886 1040 est?
1936 985 2136 1055 Aspice,

535 1077 728 1148 inquit,
757 1077 920 1131 oculis
947 1076 1067 1141 tuis,
1097 1086 1144 1132 et
1184 1077 1297 1131 uide
1323 1075 1488 1132 hircos
1527 1089 1574 1133 et
1601 1079 1781 1135 arietes
1817 1084 2141 1138 ascendentes

531 1177 688 1241 super
711 1185 826 1224 oves
865 1173 912 1222 et
941 1187 1124 1241 capras
1159 1156 1384 1224 uarietas
1412 1169 1572 1239 albos,
1603 1179 1648 1226 et
1686 1174 1851 1227 varios
1886 1181 1932 1228 et
1959 1173 2142 1228 cineri-

533 1260 629 1321 tios
656 1269 701 1320 et
730 1277 980 1336 aspersas.
1021 1260 1134 1320 Vidi
1166 1264 1298 1318 enim
1323 1279 1648 1336 quaecumque
1679 1265 1766 1320 tibi
1792 1265 1968 1321 Laban
1999 1267 2136 1336 fecit.

533 1351 644 1429 Ego
699 1368 810 1414 sum
861 1353 999 1412 Deus
1038 1359 1124 1428 qui
1151 1355 1286 1412 uisus
1326 1373 1436 1411 sum
1478 1357 1565 1412 tibi
1605 1359 1656 1412 in
1697 1357 1834 1414 Loco
1862 1357 1978 1425 Dei,
2008 1361 2093 1414 ubi
2122 1363 2138 1392 ι

533 1453 725 1508 tinxisti
760 1455 886 1508 mihi
917 1451 1024 1509 illic
1053 1463 1266 1508 stantem
1303 1453 1548 1524 lapidem,
1581 1463 1627 1507 et
1663 1453 1843 1508 vovisti
1883 1455 2006 1509 nti/ti
2035 1453 2142 1510 illic

531 1557 722 1604 uotum.
773 1541 933 1601 Nunc
972 1558 1094 1619 ergo
1122 1561 1290 1618 surge,
1327 1553 1372 1602 et
1410 1547 1731 1616 proficiscere
1767 1545 1831 1602 de
1859 1551 1992 1602 terra
2022 1547 2140 1615 hac,

533 1649 580 1697 et
609 1639 736 1696 unde
764 1637 816 1696 in
847 1649 1033 1695 terram
1061 1639 1339 1696 natiuitatis
1365 1649 1484 1706 tuae,
1515 1651 1564 1696 et
1592 1657 1679 1696 ero
1709 1649 1890 1696 tecum.
1934 1641 1992 1698 Si
2034 1643 2143 1699 An-

529 1733 682 1806 gelus
711 1729 804 1789 Dei
847 1735 1083 1806 loquitur
1113 1733 1228 1790 iure
1253 1734 1318 1789 ad
1350 1733 1535 1798 .lzieob,
1573 1743 1734 1806 atque
1767 1736 1878 1806 ipse
1909 1733 2141 1808 Angelus

2241 531 2422 568 nomen
2454 523 2595 568 tuum
2630 511 2814 581 Iacob,
2845 511 2934 568 sed
2966 512 3136 569 Israel
3162 513 3258 570 erit
3285 527 3465 570 nonten
3493 525 3629 572 tuum
3665 521 3799 590 :qttia

2239 609 2502 666 inualuistl
2539 622 2654 664 cum
2683 604 2811 674 Deo,
2845 615 2893 664 et
2922 621 3036 664 cunt
3079 609 3368 666 hominibus
3398 619 3575 682 potens
3598 631 3646 665 es
3674 614 3798 686 (lien.

2241 717 2409 767 xxxn,
2433 702 2652 770 24-27).
2685 701 2748 758 Et
2773 701 2947 757 adhuc
2977 702 3157 772 adjicit
3191 702 3343 775 (Gen.
3375 719 3546 767 χχχιι.
3574 705 3660 771 50,
3686 703 3800 774 5i):

2241 795 2310 852 Et
2353 799 2546 852 vocavit
2589 795 2753 851 Jacob
2797 807 2978 851 nomen
3023 797 3125 850 loci
3163 795 3324 862 illius,
3377 785 3518 851 i’isio
3559 797 3668 852 Dei.
3711 789 3803 853 Vidi

2241 893 2376 948 enim
2412 891 2574 946 Deum
2605 892 2736 962 facie
2762 890 2830 943 ad
2870 889 3071 962 facient,
3111 899 3158 944 et
3201 892 3342 944 salva
3375 893 3516 960 facta
3557 902 3624 945 est
3664 893 3804 948 animo

2242 1000 2374 1040 mea.
2433 985 2686 1056 Ortusque
2744 993 2816 1040 est
2853 984 2898 1038 el
2929 983 3008 1038 sol
3046 999 3064 1038 :
3096 999 3216 1038 mox
3246 983 3267 1015 ³
3310 985 3542 1037 transivit
3592 982 3803 1040 Visionem

2244 1079 2375 1147 Dei;
2406 1083 2515 1153 ipse
2541 1097 2656 1135 vero
2693 1077 3013 1134 claudicabat
3046 1079 3236 1151 {cruore
3268 1093 3382 1132 suo.
3413 1076 3606 1144 ilotno,
3646 1079 3802 1151 inquit,

2243 1171 2546 1231 luctabatur
2569 1187 2687 1227 com
2721 1171 2908 1227 .iacob.
2958 1171 3012 1226 Si
3061 1172 3226 1226 homo
3266 1171 3560 1235 solitarius,
3601 1171 3710 1241 quis
3743 1181 3806 1227 est

2243 1267 2381 1326 iste?
2415 1269 2564 1326 Unde
2589 1267 2894 1336 est?Qu:ire
2925 1282 3045 1323 cum
3062 1261 3228 1322 .la'cob
3257 1266 3537 1321 contendit
3557 1267 3806 1336 alipteluc-

2245 1364 2419 1421 tatur?
2448 1363 2584 1430 Quid
2618 1359 3029 1418 intetcesserat?
3071 1359 3210 1430 Quid
3241 1359 3437 1415 factum
3483 1359 3682 1414 fuerat?
3706 1359 3806 1428 Qua

2243 1462 2380 1515 ratio
2407 1455 2769 1514 contentionis
2805 1455 2955 1510 istius
2999 1461 3181 1519 tantas,
3227 1454 3469 1524 tatnique
3502 1450 3808 1508 certaminis?

2243 1555 2420 1624 Quare
2455 1563 2710 1624 prmtcrea
2754 1545 2938 1613 Iacob.
2981 1547 3073 1620 qui
3122 1547 3187 1603 ad
3239 1549 3532 1602 tenendum
3579 1546 3805 1599 hominem

2244 1659 2366 1704 cum
2391 1663 2496 1715 quo
2525 1645 2824 1700 luctabatur
2851 1641 3006 1699 l'ortir
3030 1642 3317 1706 invenitur,
3341 1651 3395 1696 et
3420 1639 3805 1696 benedictionem

2243 1739 2313 1796 ab
2365 1755 2432 1796 eo
2488 1753 2645 1811 quem
2695 1733 2967 1793 detinebat
3005 1734 3238 1807 postulat
3273 1733 3296 1766 ⁸
3344 1735 3469 1802 quia
3512 1735 3620 1802 jatn
3660 1731 3810 1788 lucifer

532 1825 713 1892 infert,
733 1822 920 1882 dicens
944 1845 958 1882 :
987 1823 1098 1900 Ego
1115 1842 1224 1882 sunt
1249 1825 1386 1882 Deus
1411 1826 1498 1899 qui
1523 1827 1657 1882 risus
1677 1845 1789 1882 sunt
1817 1827 1903 1882 tibi
1931 1830 1980 1883 in
2004 1826 2140 1884 Loco
2170 1825 2216 1900 Β
2244 1834 2436 1898 oritur,
2468 1830 2586 1887 idco
2619 1825 2916 1902 postulasse
2947 1827 3248 1901 reperitur;
3291 1828 3388 1882 nisi
3424 1826 3671 1898 quonian
3700 1840 3807 1896 pne-

533 1917 631 1978 Dei
661 1929 680 1976 .‘
707 1937 814 1976 non
847 1919 1220 1976 tantummodo
1251 1921 1392 1976 hunc
1423 1919 1710 1992 Angelum,
1744 1921 1839 1978 sed
1879 1926 1933 1977 et
1976 1923 2142 1978 Deum

531 2012 761 2086 positum
807 2013 926 2070 sine
973 2012 1079 2069 ulla
1129 2011 1464 2072 lttcsitatione
1509 2015 1896 2087 conspicimus,
1945 2016 2142 2088 quique

529 2103 633 2165 sibi
661 2124 840 2166 vomm
885 2107 1050 2166 refert
1093 2109 1160 2164 ab
1187 2107 1354 2165 Jacob
1394 2107 1718 2166 destinatum
1756 2123 1877 2166 esse
1909 2111 1962 2166 in
2003 2108 2142 2165 Loco

533 2199 653 2269 Dei,
687 2212 739 2260 et
769 2219 870 2262 noe
895 2201 1025 2260 dicit
1049 2205 1100 2259 iu
1128 2203 1268 2260 Laco
1291 2217 1424 2260 meo.
1457 2205 1552 2260 Est
1574 2219 1703 2276 ergo
1725 2205 1900 2260 Lucus
1927 2203 2036 2264 Dei.
2061 2214 2144 2260 cst

532 2297 586 2352 et
619 2291 706 2353 hic
735 2295 894 2353 Deus.
925 2289 1031 2354 Sed
1063 2299 1206 2354 enirn
1245 2295 1317 2353 ibi
1343 2297 1656 2369 simpliciter
1682 2309 1761 2354 est
1792 2298 1843 2352 in
1876 2296 2011 2352 Loco
2046 2293 2142 2353 Dei

533 2393 796 2464 positum;
845 2403 1018 2463 neque
1046 2395 1191 2448 enim
1235 2393 1436 2448 dictum
1465 2404 1549 2448 est
1591 2396 1642 2448 in
1686 2393 1830 2448 Luco
1868 2392 2056 2464 Angeli
2088 2401 2143 2448 et

535 2485 780 2553 Dei,-sed
809 2487 1180 2542 tantummodo
1207 2487 1300 2544 Dei
1329 2505 1344 2544 :
1374 2487 1458 2543 hic
1479 2497 1656 2542 autem
1684 2488 1771 2558 qui
1794 2489 1893 2543 ista
1925 2489 2144 2558 proruit-

533 2581 616 2648 tit,
653 2581 793 2636 Deus
820 2589 980 2653 atque
1009 2579 1244 2653 Angelus
1287 2597 1408 2639 esse
1457 2583 1802 2652 perhibetur;
1845 2589 1901 2637 ut
1949 2585 2141 2639 merito

527 2671 804 2732 distinctio
826 2680 896 2732 sit
921 2678 1062 2734 inter
1087 2691 1212 2733 eum
1235 2677 1325 2748 qui
1353 2677 1728 2732 tantummodo
1753 2675 1892 2733 Deus
1921 2677 2137 2743 dicitur,

530 2779 585 2828 et
616 2772 758 2826 inter
779 2787 900 2828 eum
925 2774 1012 2842 qui
1043 2784 1150 2826 non
1178 2769 1320 2826 Deus
1343 2771 1674 2841 simpliciter,
1702 2771 1795 2825 sed
1823 2777 1878 2826 et
1907 2771 2140 2841 Angelus

538 2865 937 2937 pronuntiatur.
973 2863 1056 2920 Ex
1088 2879 1196 2936 quo
1243 2865 1286 2920 si
1328 2865 1523 2921 nullius
1561 2866 1780 2920 alterids
1822 2863 2006 2930 Angeli
2045 2879 2138 2934 po-

531 2967 632 3015 test
662 2955 780 3014 heic
817 2959 983 3028 accipi
1018 2967 1161 3012 tanta
1190 2956 1504 3023 auctoritas,
1539 2967 1596 3012 ut
1636 2957 1798 3012 Deum
1831 2971 2042 3028 quoque
2081 2971 2140 3014 se

527 3062 650 3108 esse
681 3051 933 3114 fateatur,
963 3059 1017 3106 et
1044 3063 1224 3106 votum
1257 3049 1356 3108 sibi
1389 3045 1588 3107 factum
1612 3067 1734 3108 esse
1763 3061 2004 3118 testemr,
2037 3051 2138 3107 nisi

527 3141 892 3200 tantummodo
915 3143 1109 3200 Christi
1131 3163 1146 3210 ;
1167 3148 1274 3211 cui,
1294 3159 1397 3199 non
1412 3145 1534 3216 quia
1553 3147 1764 3217 Angela
1783 3150 2007 3206 tantum.
2040 3147 2136 3204 sed

2246 1923 2576 1997 ﬁgurabntur
2602 1923 2876 1982 contentio
2907 1923 3020 1978 hare
3047 1921 3188 1977 inter
3211 1917 3490 1976 Christum
3523 1931 3575 1975 et
3602 1917 3808 1974 1111118111-

2245 2021 2347 2076 cob
2373 2021 2568 2084 futura,
2594 2035 2711 2089 qua:
2740 2019 2790 2074 in
2820 2013 3112 2088 Evangelio
3133 2016 3326 2071 dicitur
3357 2013 3628 2086 perfecta?
3654 2015 3808 2066 Contra

2246 2115 2391 2172 hunc
2417 2115 2560 2170 enim
2607 2113 2876 2168 homittem
2918 2109 3238 2178 colluctatus
3277 2115 3359 2162 cst
3397 2108 3627 2176 pottulus
3658 2102 3806 2168 lacob,

2245 2209 2297 2265 iu
2327 2225 2428 2281 qua
2479 2205 2858 2264 colluctatione
2899 2204 3168 2274 potentior
3201 2201 3432 2272 populus
3459 2209 3544 2254 est
3569 2197 3718 2253 Jacob
3743 2211 3808 2251 rc-

2246 2313 2460 2376 pertns;
2485 2302 2681 2374 quippe
2701 2317 2821 2357 cum
2849 2297 3106 2355 adversus
3129 2293 3400 2352 Christum
3430 2291 3708 2364 iniquitatis
3724 2303 3807 2343 suae

2243 2399 2522 2454 victoriam
2550 2398 2620 2451 sit
2645 2401 2986 2456 consecutus,
3018 2405 3126 2464 quo
3157 2391 3208 2446 in
3241 2403 3506 2460 tempore,
3538 2393 3734 2458 propter
3752 2381 3806 2437 la-

2243 2497 2398 2552 cinus
2445 2493 2587 2564 (mod
2634 2486 2870 2560 adtuisit,
2915 2491 3124 2545 incessu
3165 2485 3284 2542 lidei
3323 2484 3559 2557 propria:
3585 2489 3636 2535 et
3658 2478 3806 2535 salutis

2243 2587 2545 2645 claudicare
2564 2586 2878 2658 gravissime
2902 2581 3138 2638 incertus
3163 2591 3214 2637 et
3238 2577 3482 2635 lubricus
3511 2575 3696 2645 coepit:
3721 2571 3804 2640 qui,

2242 2683 2488 2753 quamvis
2519 2681 2768 2749 superior
2795 2675 3100 2732 damnando
3133 2674 3400 2753 Christum
3437 2679 3690 2741 repertus,
3714 2670 3805 2736 eget

2245 2751 2420 2833 tamen
2464 2776 2630 2846 ipsius
2671 2772 3058 2838 misericordia,
3107 2751 3228 2841 eget
3273 2773 3454 2822 tamen
3484 2763 3648 2834 ipsius
3673 2761 3802 2816 bene-

2241 2869 2500 2924 dictione.
2536 2865 2644 2924 Sed
2674 2865 2814 2921 enim
2849 2863 2934 2920 hic
2967 2865 3125 2919 homo
3153 2862 3242 2934 qui
3271 2876 3391 2916 cum
3421 2857 3589 2914 Jacob
3613 2855 3802 2911 luctatus

2240 2975 2324 3021 est
2355 2983 2369 3020 :
2404 2963 2546 3030 Non,
2586 2963 2777 3032 inquit,
2820 2959 3078 3015 vocabitur
3105 2957 3255 3012 etiam
3288 2969 3426 3009 nunc
3465 2967 3643 3007 nomen
3691 2956 3800 3000 11111111

2239 3057 2421 3120 Jucnb,
2470 3055 2560 3114 sed
2602 3053 2768 3110 Israel
2805 3055 2896 3108 erit
2941 3066 3120 3108 nomen
3164 3060 3326 3105 tuum.
3371 3045 3452 3104 Ac
3495 3048 3537 3102 si
3569 3041 3800 3100 lsraelest

2243 3153 2405 3208 homo
2434 3150 2622 3206 videns
2664 3149 2866 3212 Deum;
2906 3145 3179 3216 eleganter
3223 3139 3541 3199 ostendebat
3584 3135 3797 3192 Dominus

525 3239 648 3310 quia
683 3238 812 3306 Deo,
851 3249 1033 3292 votum
1067 3241 1248 3294 voveri
1275 3245 1452 3310 potest
1495 3253 1510 3294 :
1553 3237 1893 3294 manufestum
1921 3245 2003 3294 est
2027 3255 2132 3294 non
2161 3241 2205 3304 C
2239 3247 2380 3318 quod
2412 3255 2516 3299 non
2550 3249 2752 3298 tantum
2797 3237 2956 3294 homo
2984 3247 3128 3294 esset
3157 3235 3243 3305 qui
3285 3232 3668 3290 Colluctabatur
3699 3235 3796 3318 tunc

526 3333 740 3388 Patrem
764 3333 930 3402 accipi
963 3347 1139 3402 posse,
1184 3333 1278 3388 sed
1310 3327 1528 3397 Filium,
1567 3333 1730 3388 Deum
1758 3339 1814 3388 et
1843 3334 2124 3404 Angelum.

528 3427 624 3482 Hic
652 3437 832 3482 autem
861 3430 904 3482 si
935 3426 1181 3482 Christus
1207 3436 1310 3494 est,
1340 3427 1494 3482 sicuti
1520 3436 1633 3492 est;
1668 3427 2014 3482 vehementer
2041 3443 2130 3497 pe-

524 3521 809 3587 riclitatur,
848 3524 937 3591 qui
969 3532 1060 3577 aut
1099 3523 1368 3578 hominem
1399 3521 1693 3588 Christum,
1735 3533 1826 3576 aut
1865 3523 2127 3593 Angelum

527 3615 897 3671 tantummodo
919 3614 1074 3680 dicit,
1102 3618 1374 3672 subtracta
1397 3616 1470 3670 illi
1500 3615 1664 3670 divini
1695 3615 1924 3671 nominis
1944 3627 2127 3688 potes-

525 3717 668 3775 tate;
694 3724 855 3781 quam
885 3725 950 3764 ex
977 3707 1376 3780 Scripturarum
1409 3709 1706 3766 caelestium
1745 3710 1846 3764 lide
1878 3713 2126 3780 frequen-

525 3809 609 3856 ter
657 3802 884 3872 accepit,
941 3818 1060 3873 qua:
1118 3803 1267 3856 illum
1317 3813 1366 3857 ct
1415 3803 1677 3874 Angelum
1727 3804 2032 3874 frequenter
2075 3813 2130 3859 et

526 3891 696 3948 De‘um
741 3893 950 3948 dicunt.
995 3891 1089 3949 liis
1127 3893 1378 3950 omnibus
1419 3897 1582 3950 etiam
1621 3895 1752 3950 illud
1799 3897 2026 3962 accedit,
2070 3907 2130 3952 ut

524 3987 796 4057 quomodo
823 3987 972 4043 illum
995 3997 1051 4044 et
1071 3989 1334 4062 Angelum
1361 3991 1671 4060 frequenter
1689 4002 1742 4047 et
1767 3993 1931 4048 Deum
1956 3995 2132 4063 posuit

523 4079 798 4152 Scriptura
829 4082 1028 4150 divina,
1055 4083 1131 4138 sic
1154 4085 1300 4138 illum
1319 4092 1374 4139 et
1391 4084 1660 4140 hominem
1685 4095 1842 4154 ponat
1860 4096 1914 4142 et
1937 4085 2128 4156 Deutn,

523 4173 834 4242 exprimens
855 4175 1041 4230 eadem
1070 4171 1346 4247 Scriptura
1372 4177 1550 4231 dirina
1579 4179 1722 4248 quod
1744 4187 1860 4234 erat
1892 4179 2126 4246 iuturus,

521 4275 577 4322 et
629 4267 929 4339 depingeus
973 4269 1084 4339 jam
1137 4279 1265 4326 111111
1311 4271 1365 4325 in
1409 4271 1641 4342 imagine
1691 4273 1834 4343 quod
1897 4273 2131 4329 habebat

523 4375 648 4417 esse
704 4364 760 4417 in
789 4363 1104 4419 substantia:
1143 4365 1389 4421 veritate.
1430 4363 1690 4420 Hemttnsit
1739 4367 1894 4432 enim,
1937 4367 2128 4437 inquit,

520 4453 686 4510 Iacob
725 4457 886 4525 solus,
943 4471 988 4514 et
1033 4457 1318 4513 luctabatur
1372 4457 1524 4514 homo
1575 4473 1692 4514 cum
1753 4476 1810 4513 eo
1853 4475 2013 4531 usque
2077 4462 2132 4514 in

520 4568 672 4607 mane
717 4567 736 4607 :
773 4562 822 4608 et
880 4553 1004 4607 uidit
1057 4556 1295 4624 quoniam
1332 4571 1434 4608 non
1476 4562 1634 4627 potest
1701 4554 1941 4610 adversus
1991 4570 2126 4623 eum,

2233 3315 2355 3397 cum
2387 3338 2573 3403 Jacob,
2606 3338 2702 3392 scd
2727 3345 2780 3391 et
2811 3333 2970 3389 Deus.
2998 3329 3228 3388 Videbat
3257 3328 3440 3399 utique
3475 3326 3634 3380 Deum
3661 3315 3794 3375 Jacob

2231 3443 2352 3490 cum
2390 3449 2496 3504 quo
2533 3425 2952 3494 colluctabatur,
2996 3423 3240 3496 quamvis
3269 3422 3542 3476 hominem
3585 3412 3730 3485 ipsius
3750 3409 3790 3462 in

2230 3529 2615 3584 colluctatione
2639 3525 2918 3580 retineret.
2954 3521 3020 3576 Et
3051 3525 3106 3574 ut
3137 3517 3277 3574 nulla
3303 3515 3483 3572 adhuc
3511 3517 3677 3584 posset
3697 3517 3790 3561 esse

2231 3621 2511 3686 dubitatio,
2538 3617 3030 3688 interpretationem
3061 3615 3174 3686 ipse
3193 3613 3368 3682 posuit
3394 3609 3618 3664 dicendo
3643 3620 3656 3658 :
3685 3599 3788 3668 Qui“

2232 3711 2490 3772 invaluisti
2531 3723 2646 3767 cum
2693 3709 2822 3775 Deo,
2868 3719 2915 3763 et
2956 3721 3071 3762 cum
3115 3703 3400 3760 hominibus
3431 3709 3603 3772 potem
3637 3711 3700 3750 es.
3725 3689 3788 3746 011

2231 3824 2391 3880 quam
2418 3818 2638 3862 causam
2670 3805 2755 3859 hic
2783 3801 2924 3858 idem
2948 3799 3112 3859 JaCob
3140 3795 3442 3868 intelligens
3467 3795 3574 3867 jam
3599 3792 3691 3844 vim
3716 3799 3784 3839 sa-
3811 3872 3818 3878 1

2231 3901 2511 3958 eramenti.
2559 3908 2612 3953 ct
2658 3894 2944 3970 pervidens
2984 3894 3358 3948 auctoritatem
3397 3891 3516 3960 ejus
3557 3894 3666 3942 ctttn
3704 3889 3787 3949 quo

2233 3995 2466 4052 luctatus
2503 3992 2710 4058 fuisset,
2745 4007 2940 4046 nomen
2981 3986 3086 4044 luci
3115 3987 3260 4041 illius
3291 3985 3342 4039 in
3369 4001 3479 4055 quo
3513 3981 3786 4037 colluctatus

2232 4102 2336 4157 εει,
2360 4088 2572 4154 vocavit
2603 4083 2858 4140 Visionem
2887 4081 3002 4137 Dei.
3024 4079 3393 4150 SuperStruxit
3420 4084 3662 4148 praeterea
3685 4079 3788 4122 cau-

2233 4197 2320 4238 sas
2344 4181 2410 4237 ad
2448 4180 2950 4250 interpretationem
2976 4173 2999 4206 ⁸
3032 4171 3251 4228 Visiouis
3287 4167 3386 4224 Dei
3433 4162 3784 4240 porrigenda!"-

2243 4277 2361 4333 Vidi
2409 4278 2563 4342 enim,
2612 4273 2802 4344 inquit,
2848 4270 3016 4325 Deum
3066 4267 3200 4338 [acie
3243 4268 3310 4322 ad
3354 4269 3557 4340 faciem,
3597 4267 3638 4315 et
3676 4254 3786 4311 salta

2234 4375 2374 4443 facta
2398 4379 2471 4422 est
2494 4367 2668 4422 animo
2697 4381 2829 4420 mea.
2861 4363 3006 4418 Vidit
3029 4371 3206 4416 autem
3239 4361 3404 4415 Deum
3436 4371 3554 4414 cmn
3585 4370 3678 4426 quo
3696 4344 3784 4450 cole

2235 4463 2466 4518 luctatus
2491 4471 2573 4515 est
2603 4459 2754 4530 quasi
2785 4474 2906 4512 cum
2934 4457 3152 4511 homine
3176 4473 3190 4509 :
3220 4454 3313 4510 sed
3340 4459 3393 4508 et
3422 4451 3674 4506 hominem
3694 4453 3785 4530 qur

2233 4555 2356 4610 dem
2387 4554 2536 4625 quasi
2563 4529 2736 4607 victor
2771 4549 2971 4614 tenuit;
3006 4547 3436 4604 benedictionem
3472 4553 3638 4598 autem
3663 4529 3784 4609 quasi

517 4652 567 4700 et
627 4648 789 4719 tetigit
846 4647 1174 4704 latitudinem
1218 4648 1456 4722 jemoris
1477 4625 1484 4627 Ἴ
1504 4648 1688 4718 Iacob,
1746 4667 1860 4704 cum
1923 4651 1976 4704 in
2021 4667 2136 4706 eum
2159 4643 2212 4704 D
2239 4665 2268 4704 a
2293 4649 2403 4704 Deo
2433 4657 2490 4700 ut
2516 4643 2758 4708 inferior,
2781 4642 3092 4715 postulavit.
3119 4641 3200 4696 Ita
3227 4656 3349 4694 cum
3379 4639 3490 4694 Deo
3509 4645 3560 4691 et
3583 4646 3688 4688 cum
3710 4625 3780 4722 bo-

523 4741 800 4796 luctaretur
843 4753 888 4798 et
919 4743 1029 4814 ipse
1054 4757 1166 4798 cum
1197 4761 1274 4802 eo.
1305 4753 1350 4800 et
1387 4745 1516 4800 dixit
1547 4745 1593 4798 ei
1627 4761 1646 4800 :
1685 4743 1879 4800 dimitte
1914 4759 2011 4813 me,
2043 4762 2131 4801 asd

520 4833 689 4893 cendit
717 4839 850 4894 enim
881 4837 1082 4912 lucifer.
1119 4837 1186 4894 Et
1214 4841 1302 4896 ille
1329 4839 1479 4898 dixit.
1511 4836 1564 4896 Ν
1569 4859 1632 4897 οη
1661 4851 1708 4897 te
1735 4839 2007 4906 dimittam,
2031 4841 2130 4896 nisi

523 4949 602 4988 me
643 4936 984 4992 (tenerrimis.
1014 4934 1085 4991 Et
1114 4936 1248 4992 diuit
1281 4953 1298 4992 :
1339 4938 1492 5007 Quod
1521 4948 1596 4994 est
1622 4955 1804 4994 nomen
1841 4937 2023 4992 tuum?
2062 4935 2132 4992 Et

2236 4743 2380 4797 mine
2407 4739 2726 4795 colluctatus
2750 4737 2846 4790 luit
2877 4753 2892 4790 :
2921 4749 2983 4789 ae
3011 4733 3088 4788 sic
3114 4733 3422 4788 colluctatio
3456 4731 3566 4785 haec
3601 4724 3661 4779 ibi
3686 4715 3779 4820 qui-

2235 4837 2359 4893 dem
2383 4833 2720 4907 prteligurata
2740 4841 2856 4896 est;
2882 4830 2935 4884 in
2963 4827 3253 4898 Evangelio
3281 4834 3458 4880 autem
3489 4823 3622 4877 inter
3637 4815 3780 4912 Chris-

2241 4945 2353 4990 tum
2391 4943 2446 4988 et
2476 4928 2731 5003 populum
2761 4923 2928 4982 Jacob
2953 4919 3189 4995 perfecta
3219 4928 3302 4977 est
3331 4937 3345 4977 :
3377 4920 3430 4976 in
3456 4932 3557 4990 qua
3581 4912 3780 4984 quamtls

1670 5075 2044 5132 GALLANDII
2063 5066 2626 5131 COMMENTARIUS.

593 5218 610 5288 ε
642 5214 866 5272 Duxisti.
897 5217 988 5273 Sic
1017 5217 1168 5274 editt.
1213 5218 1432 5274 Pamelii
1465 5233 1529 5274 ex
1575 5233 1677 5274 ms.
1713 5217 1923 5288 Anglic.
1971 5223 2118 5270 recte

524 5287 765 5361 habent:
799 5289 992 5356 quibus
1031 5302 1329 5361 congruunt
1371 5301 1482 5346 tum
1525 5290 1712 5346 Gra'ca
1761 5286 1872 5344 111111
1903 5286 2113 5361 Latina.

523 5357 910 5432 Wolcltmnmw
967 5357 1432 5429 edidit—creatis“,
1485 5371 1738 5432 corrupta
1791 5359 2118 5427 exemplaria

523 5430 744 5501 Gagna'i
769 5441 824 5486 et
851 5432 1104 5489 Frobenii
1131 5447 1366 5500 secutus,
1401 5436 1453 5489 in
1481 5430 1674 5502 quibus
1707 5436 1776 5488 ita
1811 5432 2022 5502 penitur
2051 5445 2116 5486 ex

523 5503 702 5558 alieno
729 5502 866 5568 loco,
895 5506 1144 5560 nimirum
1175 5523 1240 5562 ex
1273 5523 1324 5560 ν.
1355 5509 1442 5564 45.
1479 5505 1551 5562 111.

593 5575 614 5606 ³
645 5572 768 5627 lam
799 5593 955 5630 nunc.
993 5577 1066 5631 Ita
1124 5580 1391 5634 l’amelins
1444 5581 1640 5649 aliique
1672 5575 1835 5632 LXX.
1867 5581 1918 5632 οὗ
1942 5580 2117 5636 κληθή-

521 5669 658 5720 om:
683 5654 778 5720 (τι,
816 5655 877 5700 At
916 5648 1153 5704 editores
1193 5651 1489 5720 Anglicani,
1531 5648 1681 5704 etiam
1721 5665 1854 5720 nunc
1898 5663 1912 5700 :
1959 5661 2118 5720 quam

521 5718 738 5791 quidam
765 5719 1052 5774 lectionem
1075 5718 1299 5776 exhibet
1327 5723 1486 5788 paulo
1515 5735 1630 5791 post
1651 5722 1791 5776 idem
1823 5718 2113 5774 pttllleiius.

599 5787 763 5843 ’Mox
785 5791 1215 5862 trunsivit.Forte
1235 5787 1663 5862 legettdutttmoa!
1691 5803 1746 5846 ut
1781 5801 1942 5846 trans.
1975 5791 2116 5858 quod

531 5860 692 5916 etiam
723 5863 1027 5934 suspicatur
1053 5860 1438 5919 Wclcluuaims
1475 5883 1489 5919 :
1514 5873 1568 5921 et
1595 5862 1952 5922 emendationi
1980 5875 2116 5917 con-

2219 5225 2414 5283 gruere
2439 5209 2648 5264 videtur
2668 5206 2914 5278 Vulgata,
2951 5206 3038 5260 tibi
3071 5206 3309 5283 legitur:
3349 5203 3594 5283 Ortusque
3617 5207 3680 5253 est
3692 5201 3773 5283 sta-

2222 5277 2312 5338 ῖὶηι
2337 5284 2432 5339 sol.
2455 5293 2718 5351 postquam
2737 5277 3082 5350 transgressus
3109 5277 3471 5351 estHPImnuel.
3495 5277 3717 5332 JACBSON.

2295 5355 2315 5387 ⁸
2335 5346 2467 5424 Quid
2487 5346 2598 5424 jtmt
2614 5353 2798 5424 lucifer
2825 5346 3007 5424 oritur,
3031 5361 3134 5405 ulc.
3161 5349 3539 5424 Welcbmanus
3563 5361 3620 5399 ex
3645 5346 3770 5424 prata

2221 5420 2655 5496 interit—unctione
2686 5420 2857 5496 locum
2890 5423 3127 5477 laxatum
3155 5423 3302 5476 ducit
3335 5441 3347 5476 :
3380 5422 3594 5496 ejusque
3626 5420 3770 5496 90"]?

2226 5484 2380 5556 cturti
2413 5498 2668 5564 probatur
2713 5495 3004 5552 Jacksono.
3037 5496 3172 5549 llinc
3199 5484 3428 5564 uterque
3475 5484 3567 5564 alia
3617 5484 3764 5564 deuti}.

2226 5555 2328 5628 alia
2389 5555 2710 5638 transpnnit.
2749 5570 3020 5621 Immerito
3063 5582 3216 5620 snite.
3249 5555 3358 5620 Nos
3395 5555 3767 5638 1111111·11111ι‹1111(1;

2227 5661 2349 5697 ncm
2399 5629 2765 5696 Pamcliannm
2817 5640 3348 5708 cxprossimns,qu:u
3399 5639 3569 5706 utittue
3617 5629 3763 5683 Ιθϐίοτι

2225 5717 2468 5786 Studioso
2491 5713 2694 5782 integra
2726 5722 2779 5765 et
2806 5711 2958 5786 pinna
2989 5712 3204 5786 patebit.
3395 5739 3399 5742 -
3576 5775 3588 5786 ι
3643 5769 3654 5782 ,

2300 5787 2320 5817 ⁵
2351 5772 2783 5838 νὶεὶοηὲδδυθυει
2807 5772 2856 5835 iit
2875 5772 3033 5838 editis
3059 5782 3174 5839 haec
3197 5797 3340 5848 vox;
3369 5789 3426 5840 et
3471 5772 3764 5836 restituitur!

2224 5857 2600 5913 Welchmano.
2627 5853 2881 5910 JACKSON.

3935 4710 3938 4788 l

3936 4835 3937 4924 l
