4026 6328
496 293 598 351 927
1948 306 2324 366 NOVATIANI
3698 332 3785 394 928

496 412 639 470 Deus
687 416 1011 474 constitutus
1058 432 1177 474 esse
1224 420 1527 491 reperitur?
1557 421 1621 477 Et
1673 422 1722 476 iu
1768 423 1857 479 illo
1878 423 2091 493 quidem
2122 428 2170 488 Α
2200 426 2339 482 niam
2380 429 2673 485 secundum
2716 430 3045 489 divinitatem
3073 443 3198 493 ante
3236 451 3456 495 omnem
3504 452 3783 503 creaturam

493 504 598 564 hoc
625 524 820 567 nomen
854 520 1149 584 temperate
1200 515 1403 573 datum.
1440 516 1489 569 in
1518 515 1617 570 hoc
1652 515 1864 586 profuso
1891 536 1901 571 :
1928 518 1978 571 in
2009 518 2099 572 illo

493 601 561 655 ad
594 617 919 667 mensuram,
954 605 1006 659 in
1053 605 1155 659 hoc
1194 620 1356 677 supra
1406 624 1621 663 atumem
1673 610 1895 663 omnino
1950 625 2100 664 men-

494 709 697 751 suram.
752 696 872 753 Non
919 702 1052 755 enim
1103 701 1172 753 ad
1218 718 1527 765 mensuram,
1577 704 1773 772 inquit,
1829 704 1915 757 dat
1960 702 2098 759 Filio

496 788 656 847 Pater
684 808 702 847 :
730 792 888 848 Pater
912 795 1075 862 enim,
1134 796 1334 867 inquit,
1365 797 1534 869 diligit
1574 795 1619 850 F
1621 798 1763 851 ilium
1796 795 1974 869 (Joan.
2006 814 2093 865 ut,

493 886 585 951 54,
617 885 730 945 35).
760 884 816 939 In
862 886 955 940 illo
1006 887 1073 942 ad
1122 897 1353 958 tempus,
1410 890 1460 943 in
1511 891 1612 943 hoc
1658 890 1774 943 sine
1824 901 2094 957 tempore;

493 978 655 1033 divini
684 979 825 1035 enim
857 980 1087 1036 nominis
1118 994 1433 1052 patestatetn
1472 994 1523 1038 et
1565 998 1727 1053 super
1755 983 1933 1036 omnia
1962 993 2014 1037 et
2046 983 2095 1036 in

493 1086 654 1126 omne
685 1081 896 1141 tempus
938 1075 1160 1144 acet-pit.
1193 1074 1345 1144 Quod
1377 1076 1421 1130 si
1451 1077 1538 1145 qui
1570 1076 1723 1130 unius
1757 1074 1983 1129 hominis
2010 1090 2099 1131 ac-

492 1164 634 1232 cepit
658 1173 998 1234 potestatem,
1033 1166 1085 1221 in
1131 1172 1229 1223 hac
1260 1168 1547 1239 exiguitate
1577 1167 1733 1238 hujus
1773 1166 1911 1221 data:
1951 1176 2099 1237 pote—

490 1258 644 1312 statis
674 1272 869 1314 nomen
896 1267 1072 1315 tamen
1104 1261 1242 1316 istud
1294 1262 1385 1316 Dei
1408 1263 1782 1317 incunctanter
1817 1263 2100 1332 consequi-

494 1360 610 1417 tur;
633 1363 834 1421 quanto
862 1354 1028 1425 magis
1049 1354 1138 1425 qui
1165 1356 1216 1410 in
1246 1355 1420 1423 ipsum
1447 1370 1661 1426 qumque
1691 1354 1908 1425 Moysen
1940 1354 2100 1409 habet

494 1454 838 1516 potestatem,
880 1448 1110 1503 nominis
1156 1448 1307 1504 istius
1347 1449 1718 1505 auctoritatem
1774 1458 2098 1503 consecutus

495 1550 616 1593 esse
643 1538 895 1595 credetur
924 1540 948 1595 ?
1016 1536 1019 1543 ’
1694 1536 1699 1545 ’

955 1631 1185 1690 CAPUT
1212 1634 1365 1701 XXI,
1388 1635 1458 1689 al.
1489 1634 1629 1692 XVI.

538 1719 787 1778 Eamdem
824 1726 1048 1779 diuinam
1079 1728 1393 1797 majestatem
1419 1729 1469 1781 in
1492 1726 1694 1782 Christo
1723 1726 1839 1780 aliis
1866 1726 2047 1780 iterum

986 1818 1270 1891 Scripturis
1294 1820 1611 1889 conﬁrmari.

567 1930 633 1984 Et
650 1939 889 2000 poteram
904 1932 1117 2003 quidem
1136 1933 1373 1987 omnium
1388 1932 1783 2003 Scripturarum
1799 1932 2096 1989 etnlestiuin

495 2026 793 2081 eventilare
820 2035 1094 2092 tractatus,
1125 2038 1181 2083 et
1201 2028 1467 2097 ingentem
1504 2029 1645 2083 circa
1676 2028 1834 2083 istam
1862 2028 2096 2095 Speciem

494 2115 695 2173 Christi
722 2119 1030 2184 divinitatis,
1065 2128 1121 2176 ut
1150 2122 1223 2175 ita
1250 2120 1512 2188 dixerint,
1547 2121 1736 2175 silvam
1792 2134 2100 2175 commore—

493 2225 555 2266 re
592 2228 606 2264 :
642 2212 740 2266 nisi
768 2215 1022 2284 quoniam
1052 2230 1158 2271 non
1181 2223 1284 2268 tam
1316 2215 1445 2268 mihi
1476 2224 1663 2269 contra
1687 2213 1824 2268 hanc
1850 2213 2098 2268 haeresim

495 2307 829 2378 propositum
884 2316 966 2363 est
1014 2308 1214 2372 dicere,
1254 2324 1413 2379 quam
1464 2309 1718 2375 breviter,
1748 2310 1886 2364 circa
1916 2323 2104 2378 perso—

492 2414 617 2456 nam
642 2399 839 2457 Chrisd
862 2401 1117 2474 Regulam
1166 2403 1407 2458 veritatis
1448 2403 1678 2472 aperire.
1711 2402 1969 2469 Quamvis
2020 2410 2104 2456 ta—

493 2506 615 2548 men
639 2491 705 2547 ad
732 2494 832 2547 alia
883 2493 1163 2561 festinem,
1187 2495 1318 2549 illud
1370 2510 1476 2550 non
1519 2495 1756 2550 arbitror
1783 2493 2103 2565 prmiermit—

491 2585 749 2653 tendum,
780 2587 921 2659 quod
952 2589 1004 2644 in
1051 2590 1342 2660 Evangelio
1396 2591 1651 2644 Dominus
1702 2589 1768 2644 ad
1798 2590 2105 2659 signiﬁcan—

492 2682 622 2737 tiam
683 2698 797 2737 sua:
859 2684 1155 2754 maiestatis
1207 2685 1483 2756 expressit
1549 2684 1779 2739 dicendo
1848 2706 1860 2739 :
1909 2683 2105 2738 Solvite

493 2777 738 2846 templum
777 2777 889 2845 hoc,
922 2787 965 2832 et
996 2795 1088 2849 ego
1134 2780 1187 2832 in
1226 2780 1395 2832 triduo
1448 2778 1701 2832 suscitabo
1743 2778 1878 2832 illud
1921 2776 2101 2847 (Joan.

494 2886 554 2937 tl,
589 2870 700 2941 l9).
734 2872 837 2926 Aut
858 2872 1071 2941 quando
1097 2872 1147 2927 in
1172 2873 1278 2927 alio
1310 2873 1449 2937 loco,
1480 2880 1534 2926 et
1560 2872 1660 2926 alia
1694 2881 1843 2940 parte
1871 2886 2107 2941 pronun-

496 2966 623 3020 tiat:
661 2963 969 3020 Potestatem
996 2965 1154 3020 habeo
1195 2966 1423 3020 animam
1452 2982 1614 3020 meam
1659 2965 1881 3036 ponendi
1912 2974 1959 3017 et
1987 2981 2107 3039 rur-

496 3074 587 3114 sus
618 3060 634 3091 ¹
667 3060 894 3131 recipere
919 3076 1029 3113 eam
1054 3076 1072 3114 :
1094 3060 1188 3114 hoc
1218 3062 1351 3113 enim
1402 3059 1704 3113 mandatum
1750 3059 1973 3126 accepia
2002 3056 2107 3110 Pa-

499 3162 575 3208 tre
606 3151 789 3224 (Joan.
844 3169 896 3220 x,
933 3152 1021 3227 18)
1056 3192 1069 3207 .
1118 3152 1247 3221 Quis
1270 3162 1351 3207 est
1386 3152 1529 3207 enim
1572 3153 1659 3221 qui
1705 3152 1831 3206 dicit
1870 3151 2102 3205 animum

2203 538 2269 575 ex
2291 522 2449 578 Patre
2474 524 2583 579 Deo
2607 525 2797 582 Sermo
2825 529 3123 598 processit?
3152 531 3301 600 Quod
3325 534 3429 589 nisi
3472 535 3547 590 ita
3577 536 3785 598 haeretici

2203 616 2532 686 acceperint,
2551 618 2819 675 Christum
2861 620 3132 678 hominem
3159 625 3588 697 primogenitum
3635 637 3788 691 omnis

2202 720 2461 763 creaturae.
2494 721 2794 766 monstrare
2820 724 3108 784 cogentur;
3136 718 3277 786 quod
3308 717 3496 776 facere
3528 737 3632 777 non
3663 736 3789 794 pole-

2204 811 2349 855 runt.
2374 802 2479 855 Aut
2511 802 2670 871 igitur
2698 814 2823 859 ante
2850 808 3064 862 omnem
3094 819 3178 863 est
3197 819 3509 867 creaturam
3538 825 3597 869 ut
3619 817 3791 885 primo-

2201 894 2414 963 genitus
2442 896 2510 949 sit
2540 897 2717 953 omnis
2741 908 3023 965 creaturze,
3048 910 3102 956 et
3140 919 3246 957 non
3279 903 3448 961 homo
3471 918 3560 962 est
3588 917 3786 977 tantum,

2203 988 2325 1055 quia
2372 987 2531 1042 homo
2575 1000 2693 1059 post
2734 1008 2948 1049 onmem
2993 1005 3294 1052 creaturam
3340 1008 3465 1066 est;
3512 1011 3608 1056 aut
3653 1003 3790 1060 homo

2204 1088 2407 1135 tantum
2437 1090 2535 1145 est,
2568 1093 2622 1139 et
2663 1092 2746 1139 est
2789 1096 2907 1156 post
2965 1105 3180 1145 onmem
3208 1102 3535 1150 creaturam.
3592 1097 3658 1152 Et
3680 1115 3789 1170 quo-

2203 1174 2362 1229 modo
2395 1176 2778 1249 primogenitus
2805 1192 2887 1237 est
2912 1185 3086 1240 omnis
3115 1199 3399 1255 creaturm,
3427 1190 3535 1245 nisi
3564 1194 3787 1261 quoniam

2202 1266 2327 1321 dum
2362 1268 2596 1325 Verbum
2628 1273 2756 1328 illud
2787 1277 2927 1345 quod
2969 1290 3051 1334 est
3078 1290 3204 1336 ante
3236 1296 3458 1339 omnem
3490 1295 3784 1347 creaturam,

2203 1370 2257 1414 et
2279 1361 2395 1416 ideo
2421 1364 2803 1436 primogenitus
2841 1372 3019 1424 omnis
3048 1384 3344 1435 creatum,
3373 1390 3511 1430 caro
3541 1377 3597 1430 lit
3635 1387 3684 1431 et
3716 1377 3791 1431 ha-

2204 1453 2337 1509 bitat
2362 1457 2412 1511 in
2439 1459 2613 1525 nobis,
2638 1461 2737 1516 hoc
2764 1469 2866 1529 est,
2893 1466 3119 1520 assumit
3150 1468 3290 1522 hunc
3314 1468 3599 1525 hominem
3626 1471 3708 1542 qui
3725 1482 3787 1527 est

2204 1558 2326 1629 post
2374 1564 2588 1605 onmem
2637 1564 2961 1623 creaturam,
3008 1567 3061 1611 et
3115 1560 3194 1615 sic
3244 1576 3367 1615 cum
3413 1562 3512 1616 illo
3561 1564 3690 1618 etin
3718 1566 3789 1619 illo

2205 1641 2477 1697 habitatio
2504 1646 2676 1711 nobis,
2709 1658 2764 1700 ut
2787 1664 2961 1718 neque
2986 1651 3147 1705 homo
3180 1650 3401 1707 Christo
3441 1655 3786 1724 subtrahatur,

2206 1750 2380 1805 neque
2401 1737 2651 1794 divinitas
2689 1744 2956 1810 negetur?
3006 1743 3139 1799 Nam
3189 1748 3234 1802 si
3267 1749 3286 1779 ²
3312 1750 3691 1804 tantummodo
3715 1766 3789 1805 an-

2126 1835 2174 1893 B
2204 1839 2255 1886 te
2276 1847 2488 1887 omnem
2514 1847 2810 1891 creaturam
2837 1850 2952 1903 est,
2984 1839 3212 1895 homoin
3241 1842 3330 1898 illo
3354 1845 3666 1899 subtractus
3690 1844 3785 1898 est’:

2201 1925 2245 1978 si
2274 1934 2449 1981 autem
2498 1931 2868 1985 tantummodo
2894 1933 3055 1987 homo
3095 1944 3199 2000 est,
3226 1934 3483 1990 divinitas
3514 1951 3636 2006 qua:
3679 1944 3781 1990 ante

2202 2032 2416 2072 onlnem
2444 2032 2746 2077 creaturam
2769 2034 2871 2092 est,
2900 2026 3192 2096 intercepta
3217 2037 3321 2083 est.
3359 2028 3663 2100 Utrumque
3687 2043 3789 2099 ergo

2202 2113 2254 2168 in
2277 2114 2493 2170 Christo
2537 2118 2965 2177 confoederatum
3006 2130 3123 2188 est,
3153 2132 3209 2177 et
3267 2132 3563 2196 utrumque
3600 2127 3790 2195 conjun-

2203 2215 2344 2261 ctmn
2367 2218 2466 2275 est,
2497 2219 2551 2264 et
2577 2221 2857 2283 utrmnque
2875 2228 3178 2270 connexum
3227 2227 3330 2273 est.
3360 2219 3433 2273 Et
3476 2219 3667 2274 merito
3689 2219 3788 2273 dum

2204 2312 2287 2357 est
2327 2304 2377 2357 in
2409 2304 2500 2358 illo
2525 2305 2725 2375 aliquid
2765 2308 2907 2379 quod
2934 2322 3158 2380 superat
3181 2321 3518 2379 creaturam,
3545 2314 3788 2383 pignerata

2206 2394 2260 2449 in
2291 2396 2383 2449 illo
2426 2397 2717 2454 divinitatis
2749 2408 2804 2456 et
2846 2400 2867 2431 ³
2924 2402 3272 2459 humanitatis
3305 2404 3527 2461 videtur
3549 2419 3665 2461 esse
3688 2419 3789 2459 con—

2205 2488 2411 2542 cordia.
2471 2490 2698 2560 Propter
2735 2508 2892 2563 quam
2935 2510 3172 2557 causam,
3208 2497 3296 2564 qui
3346 2498 3603 2553 mediator
3637 2496 3721 2550 Dei
3753 2506 3788 2549 et

2208 2580 2470 2635 hominum
2527 2583 2756 2639 effectus
2801 2587 3118 2655 exprimitur
3158 2586 3202 2659 (Ι
3247 2587 3381 2643 Tim.
3430 2606 3491 2657 tt,
3536 2590 3623 2663 .5),
3659 2590 3704 2643 in
3743 2603 3789 2642 se

2210 2672 2376 2727 Deum
2430 2684 2484 2729 et
2531 2676 2803 2732 hominem
2862 2681 3098 2736 sociasse
3136 2683 3426 2751 reperitur.
3481 2687 3560 2738 Ac
3599 2684 3640 2737 si
3680 2682 3787 2737 idem

2206 2768 2497 2838 Apostolus
2523 2770 2589 2824 de
2614 2768 2832 2826 Christo
2863 2771 3048 2837 refert,
3080 2782 3137 2828 ut
3163 2785 3346 2830 exutus
3362 2792 3575 2831 carnem
3604 2786 3787 2847 potesta-

2208 2870 2280 2915 tes
2301 2862 2669 2930 dehonestauit,
2714 2866 2886 2933 palam
2922 2867 3250 2938 triumphalis
3285 2869 3394 2924 illis
3450 2872 3503 2924 in
3555 2870 3787 2938 semetipsa

2209 2952 2431 3025 (Coloss.
2460 2972 2513 3016 ιι,
2537 2957 2628 3024 15)
2652 2973 2665 3013 ;
2692 2974 2796 3011 non
2842 2960 3024 3030 utique
3051 2962 3224 3017 otiose
3266 2972 3490 3018 exutum
3520 2978 3675 3018 carne
3692 2975 3786 3032 pro—

2207 3050 2418 3119 posuit,
2479 3051 2576 3106 nisi
2610 3053 2861 3121 quoniam
2910 3054 3009 3109 “et
3069 3056 3119 3109 in
3166 3060 3573 3114 resurrectione
3611 3071 3784 3112 rursum

2210 3143 2449 3196 indutum
2481 3143 2641 3197 voluit
2675 3144 2920 3214 intelligi.
2949 3146 3078 3215 Quis
3106 3157 3189 3202 est
3235 3165 3364 3219 ergo
3399 3152 3506 3206 iste
3551 3160 3729 3206 exutus
3746 3157 3785 3200 et

501 3262 652 3302 suam
685 3262 744 3303 se
773 3263 931 3318 pnsse
958 3263 1180 3318 ponere,
1212 3257 1307 3303 aut
1349 3249 1582 3302 animam
1630 3262 1781 3302 suam
1835 3261 1995 3318 posse
2040 3260 2099 3300 se
2128 3235 2172 3298 Ο
2206 3244 2391 3284 rursus
2420 3229 2653 3292 imlutns,
2691 3232 2958 3299 requirant
2999 3234 3258 3289 hmretici.
3285 3236 3394 3290 Nos
3436 3237 3580 3292 enim
3602 3234 3783 3291 Serum-

501 3355 716 3397 rursum
759 3355 1099 3412 recuperare,
1152 3342 1274 3412 quia
1330 3341 1431 3395 hoc
1483 3342 1791 3393 mandatum
1834 3338 2107 3407 acceperit

501 3447 532 3488 a
568 3432 765 3487 Patre?
801 3434 907 3487 Aut
964 3434 1082 3504 quis
1122 3433 1283 3497 dicit.
1345 3435 1677 3488 destructum
1729 3424 1970 3501 corporis
2024 3432 2103 3485 sui

504 3526 762 3596 templum
802 3526 1122 3582 resuscitare
1144 3540 1357 3580 rursum
1390 3533 1444 3580 et
1470 3524 1797 3579 rea‘diticare
1820 3537 1878 3577 se
1908 3537 2102 3592 posse:

504 3619 607 3673 nisi
654 3617 905 3689 quoniam
951 3617 1140 3674 Sermo
1179 3618 1308 3682 ille,
1347 3617 1435 3687 qui
1475 3634 1538 3671 ea;
1586 3615 1775 3672 Patre.
1826 3615 1914 3684 qui
1964 3614 2106 3683 apud

504 3711 753 3779 Patrem,
814 3729 904 3783 per
946 3728 1089 3783 quem
1137 3714 1276 3784 facta
1337 3719 1452 3764 sunt
1511 3711 1718 3775 omnia,
1761 3719 1806 3763 et
1854 3709 1963 3763 sine
2008 3723 2105 3777 quo

503 3809 699 3881 factum
746 3818 818 3864 est
872 3808 1002 3864 nihil
1058 3809 1236 3880 (Joan.
1264 3826 1300 3874 ι,
1354 3808 1431 3878 5),
1483 3807 1717 3863 imitator
1764 3817 2104 3876 paternorum

503 3916 728 3972 operum
757 3912 915 3973 atque
935 3903 1209 3963 virtutum,
1257 3902 1427 3972 imago
1474 3900 1741 3954 invisibilis
1766 3900 1855 3953 Dei
1879 3897 2102 3971 (Coloss.

505 4010 546 4062 ι,
580 3992 690 4066 15),
712 3994 800 4065 qui
849 3995 1105 4049 descendit
1156 3994 1218 4048 de
1247 3994 1371 4049 creto
1404 3992 1583 4066 (Joan.
1626 4008 1702 4060 ιιι,
1737 3993 1826 4055 51.
1852 3992 1965 4060 52),
2014 3989 2107 4059 qui

506 4104 620 4159 qua:
644 4089 769 4141 uidit
787 4097 831 4142 et
847 4088 1042 4143 audivit
1074 4088 1369 4158 testificatus
1394 4098 1487 4154 est,
1529 4089 1618 4157 qui
1646 4103 1745 4139 non
1777 4085 1907 4138 venit
1945 4094 1998 4136 ut
2022 4082 2106 4153 [a-

507 4192 639 4236 ceret
661 4198 805 4236 suam
832 4182 1139 4236 voluntatem
1168 4181 1350 4252 (Joan.
1384 4198 1458 4248 v1,
1489 4182 1605 4252 38),
1639 4179 1729 4233 sed
1756 4179 2000 4248 potiusut
2028 4179 2112 4247 fa-

508 4275 611 4329 ciat
641 4274 814 4332 Patris
863 4277 1202 4341 voluntatem,
1245 4292 1275 4331 a
1321 4293 1426 4347 quo
1458 4276 1651 4329 missus
1689 4274 1755 4328 ad
1807 4273 1910 4327 hoc
1934 4273 2110 4342 ipsum

510 4368 706 4433 fuerat,
739 4380 796 4424 ut
842 4372 1016 4442 magni
1068 4371 1271 4425 consilii
1297 4369 1522 4441 Angelus
1571 4368 1742 4423 factus
1791 4366 2023 4438 (Isa.tx,
2053 4364 2111 4433 6)

511 4476 830 4517 arcanorum
877 4463 1175 4519 caelestium
1231 4464 1383 4517 nobis
1419 4463 1539 4532 jura
1578 4469 1867 4525 reseraret,
1915 4458 2113 4530 quique

518 4551 737 4609 Verbum
760 4571 879 4609 caro
908 4558 1074 4622 {actus
1118 4556 1358 4609 habitavit
1376 4555 1427 4609 in
1457 4556 1600 4608 nobis
1632 4551 1811 4615 (Joan.
1838 4568 1880 4616 ι,
1906 4551 2018 4622 Η),
2047 4565 2112 4604 ex

508 4645 664 4700 nobis
704 4645 791 4702 hic
834 4644 1079 4701 Christus
1127 4663 1231 4701 non
1265 4646 1423 4700 hamo
1471 4655 1694 4708 tantum,
1728 4643 1850 4713 quia
1882 4641 2112 4695 hominis

510 4739 710 4803 Filius;
742 4740 835 4794 sed
860 4740 1018 4796 etiam
1069 4742 1226 4805 Deus,
1266 4742 1387 4811 quia
1434 4741 1523 4795 Dei
1574 4739 1758 4803 Filius,
1794 4735 2112 4806 camproha-

510 4831 631 4887 tur?
662 4832 814 4898 Quod
844 4834 885 4887 si
917 4843 969 4887 ct
1000 4834 1368 4904 primogenitus
1415 4834 1577 4887 omnis
1597 4842 1846 4886 creaturw
1874 4832 1940 4884 ab
1972 4832 2113 4897 Apo-

509 4926 649 4979 smlo
694 4926 868 4981 dictus
923 4927 991 4981 sit
1043 4927 1290 4982 Christus
1320 4926 1541 4997 (Colass.
1590 4943 1627 4993 ι,
1670 4924 1795 4997 15);
1844 4921 2114 4992 quomodo

510 5016 683 5073 omnis
712 5027 973 5077 creatura:
1026 5021 1413 5092 primogenitus
1441 5035 1560 5076 esse
1608 5019 1797 5090 potuit,
1841 5017 1942 5072 nisi
1984 5030 2115 5084 qut)-

2215 3341 2335 3379 nem
2363 3326 2451 3379 Dei
2501 3327 2700 3379 scimus
2736 3326 2978 3382 indutum
3022 3329 3202 3384 carnis
3250 3329 3632 3394 substantiam,
3662 3341 3784 3382 eum-

2212 3417 2440 3487 demquc
2474 3434 2685 3472 rursum
2741 3430 2959 3473 exutum
3028 3421 3220 3476 eadem
3267 3425 3515 3491 corporis
3564 3421 3781 3481 materia,

2212 3526 2371 3579 quam
2407 3526 2593 3566 rursus
2638 3511 2689 3563 in
2727 3516 3123 3569 resurrectione
3168 3518 3405 3586 suscepit
3436 3528 3490 3571 et
3542 3513 3683 3587 quasi
3721 3513 3785 3567 in-

2214 3602 2528 3657 dumentum
2563 3605 2871 3673 resumpsit.
2899 3604 3003 3660 Sed
3036 3606 3179 3681 enim
3215 3623 3390 3678 neque
3420 3619 3609 3664 exutus
3643 3618 3781 3674 neque

2216 3695 2432 3750 indutus
2474 3696 2743 3751 hominem
2781 3697 3025 3752 Christus
3068 3699 3276 3767 fuisset,
3323 3702 3366 3757 si
3410 3701 3575 3756 homo
3615 3708 3780 3754 tantum

2214 3789 2419 3844 fuisset.
2453 3789 2619 3844 Nemo
2642 3792 2784 3845 enim
2816 3808 3066 3862 umquam
3096 3808 3155 3847 se
3178 3793 3293 3864 ipso
3317 3802 3408 3849 aut
3447 3795 3692 3866 spoliatur
3712 3798 3781 3843 aut

2212 3878 2469 3937 induitur.
2496 3882 2575 3938 Sit
2602 3885 2744 3937 enim
2775 3899 2996 3938 necesse
3020 3894 3100 3938 est
3130 3886 3296 3953 aliud,
3323 3886 3579 3959 quidquid
3605 3881 3780 3939 aliunde

2212 3986 2304 4030 aut
2332 3976 2597 4045 spoliatur
2623 3985 2715 4031 aut
2746 3977 3001 4032 induitur.
3035 3978 3111 4031 Ex
3135 3994 3241 4048 quo
3274 3981 3469 4035 merito
3508 3979 3680 4037 Sermo
3707 3973 3775 4029 Dci

2215 4069 2330 4129 fuit.
2364 4072 2453 4141 qui
2482 4080 2675 4126 exutus
2705 4081 2788 4126 est
2833 4088 3049 4127 carnem
3078 4081 3133 4127 et
3182 4073 3232 4126 in
3279 4074 3663 4130 resurrectione
3690 4082 3778 4121 rur-

2214 4178 2307 4217 sus
2335 4162 2568 4218 indutus.
2598 4163 2806 4218 Exutus
2837 4177 3038 4230 autem,
3072 4165 3326 4234 quoniam
3358 4176 3413 4221 et
3466 4168 3517 4221 in
3548 4161 3774 4219 nativi‘atc

2217 4254 2387 4311 fuerat
2416 4256 2652 4311 indutus.
2709 4257 2894 4328 Itaque
2939 4258 2990 4311 in
3016 4257 3232 4312 Christo
3261 4258 3398 4314 Deus
3423 4269 3507 4315 est
3533 4259 3612 4329 qui
3639 4250 3774 4310 indui-

2218 4362 2320 4416 tur,
2345 4360 2507 4422 atque
2530 4352 2690 4406 etiam
2723 4362 2918 4407 exutus
2944 4352 3011 4405 sit
3042 4362 3269 4433 “oportet
3300 4373 3312 4407 :
3343 4365 3620 4424 proriterea
3645 4350 3682 4403 is
3707 4342 3770 4415 qui

2216 4445 2475 4507 induitur,
2511 4446 2709 4515 pariter
2730 4454 2784 4499 ct
2810 4456 3035 4500 exuratur
3064 4461 3286 4501 necesse
3309 4455 3410 4500 est.
3437 4446 3662 4501 Induitur
3696 4452 3769 4491 au-

2220 4548 2324 4593 tem
2350 4548 2404 4593 et
2422 4539 2634 4592 exuitur
2662 4537 2855 4603 homo,
2878 4537 3027 4608 quasi
3057 4538 3288 4608 quadam
3318 4540 3550 4595 contexti
3576 4528 3768 4603 corporis

2220 4632 2418 4688 tunica.
2450 4635 2526 4687 Ac
2552 4643 2833 4702 promereat
2861 4645 3255 4705 consequenter
3281 4635 3477 4690 Sermo
3505 4635 3610 4695 fuit,
3628 4639 3681 4683 ut
3712 4622 3770 4679 di-

2218 4729 2414 4790 ximus,
2450 4727 2574 4793 Dei;
2607 4727 2696 4797 qui
2722 4727 2881 4781 modo
2911 4725 3148 4794 indutus,
3170 4727 3341 4806 prodo
3362 4742 3553 4783 exutus
3581 4737 3681 4779 esse
3701 4731 3767 4772 rer

2220 4823 2443 4891 teritur.
2477 4821 2585 4874 Hoc
2616 4820 2759 4875 enim
2784 4819 2943 4874 etiam
2972 4822 3020 4873 in
3052 4819 3514 4875 brttetliclionibus
3542 4828 3649 4872 ante
3667 4824 3767 4881 pm‘

2219 4915 2355 4970 dixit
2380 4932 2391 4966 :
2414 4912 2627 4967 Lavabit
2651 4913 2833 4966 stolam
2865 4929 3010 4965 suam
3036 4913 3087 4965 in
3112 4913 3246 4976 vino,
3294 4923 3341 4965 et
3372 4914 3423 4966 in
3446 4911 3667 4982 sanguine
3689 4913 3766 4955 ttm’

2221 5011 2460 5064 amictum
2489 5024 2635 5062 suum
2664 5006 2818 5079 (Gen.
2841 5022 2986 5072 κως,
3010 5007 3119 5076 Η).
3141 5007 3193 5063 Si
3218 5007 3357 5062 stola
3392 5008 3444 5062 itt
3463 5006 3656 5065 Christo
3673 5007 3764 5053 caro

1687 5128 2059 5188 GALLANI)”
2097 5122 2664 5183 COMMENTARIUS.

511 5273 771 5346 aperitur,
793 5273 1076 5346 legendum
1108 5291 1228 5333 esse
1273 5278 1527 5344 reperitur
1552 5276 1844 5340 existimat,
1878 5280 1934 5328 ut
1981 5285 2107 5326 mox

514 5345 730 5414 quidem
761 5345 990 5416 ipsemet
1011 5360 1216 5405 auctor.
1243 5348 1497 5405 Jscuson.

591 5440 616 5512 ¹γ
638 5437 899 5512 Recipere.
920 5440 1163 5496 Editores
1188 5442 1466 5509 Anglicani
1493 5440 1776 5512 legendum
1819 5441 2111 5505 conjiciunt

513 5511 817 5592 recipiendi.
852 5512 1006 5581 Vulg.
1050 5528 1183 5569 sane
1225 5514 1479 5570 attinendi.
1514 5511 1896 5585 Sed‘Graecum
1938 5516 2113 5571 λαϐεῖν

514 5590 780 5648 expressit
804 5593 1007 5637 auctor.

588 5675 608 5704 ²
632 5672 1008 5752 Ταιιιιιιιιιηράο
1021 5687 1158 5745 ante,
1189 5689 1293 5733 etc.
1316 5680 1620 5752 chendum
1644 5691 1788 5750 putat
1818 5683 2118 5741 Jacksonus

519 5746 869 5823 tantummodo
896 5746 1036 5823 Deus
1060 5761 1197 5823 ante,
1229 5762 1360 5818 etc.,
1392 5746 1447 5805 ut
1504 5746 1826 5823 reSpondeat
1867 5758 2113 5823 sequenti

521 5817 872 5872 tantummodo
895 5818 1044 5873 homo
1091 5820 1305 5888 Verum,
1334 5817 1579 5893 quamvis
1596 5817 1710 5881 'uon
1736 5817 2114 5900 legatur'Deus,

2216 5281 2409 5323 sensus
2441 5266 2644 5335 integer
2687 5275 2887 5321 manet.

2294 5360 2316 5391 ³
2342 5358 2893 5435 Humanitatis_Edi_ti,
2911 5360 3232 5427 humilitatis,
3253 5371 3522 5435 corrupte.
3550 5360 3666 5435 Lego
3684 5352 3749 5435 lmf

2217 5433 2483 5486 inanitatis
2536 5447 2655 5487 cmn
2686 5430 2774 5485 Fr.
2806 5431 2999 5497 .lunio;
3029 5447 3186 5502 quam
3219 5430 3431 5487 vocem‘
3457 5433 3607 5491 edidit
3629 5430 3754 5484 etiam

2219 5503 2627 5559 Welchmanus.
2656 5502 2908 5558 lacusou.

2296 5596 2315 5625 "'
2338 5595 2401 5648 Et
2434 5597 2484 5647 in
2513 5596 2901 5650 resurrectione.
2938 5596 3099 5660 Editi,
3137 5606 3183 5651 et
3206 5600 3626 5660 resurrectionem,
3648 5581 3754 5643 ιιιιΙΙο

2225 5682 2408 5723 sensu.
2441 5667 2711 5741 Rescripsi
2737 5677 2799 5737 pet
2834 5668 2882 5719 in
2914 5671 3280 5741 resurrectione
3308 5685 3430 5723 cum
3480 5672 3584 5741 ipso
3621 5661 3750 5718 Nova'

2229 5741 2375 5815 tiano
2400 5739 2582 5815 statim
2618 5740 2667 5815 in
2697 5739 3046 5815 sequentibus
3069 5756 3175 5798 non
3194 5741 3362 5797 semel
3397 5739 3568 5815 :qu'od
3592 5745 3634 5793 et
3655 5742 3750 5786 con.-

2219 5810 2440 5882 jectavit
2468 5809 2726 5871 Latinius.
2756 5809 2833 5864 In.
