4008 6320
232 264 344 328 929

1530 279 1616 338 DE
1656 275 2030 341 TRINITATF.
2068 277 2290 343 LIBER.

3436 300 3544 362 930

234 392 339 449 est,
361 391 417 440 et
448 387 463 416 ι
485 385 737 442 amictum
774 387 948 460 ipsum
980 404 1177 462 corpus
1201 399 1304 460 est,
1330 394 1668 465 requit'atur’
1699 400 1845 467 quis-
1871 404 1920 462 Α
1949 413 2212 459 creatura:
2257 405 2491 462 divinam
2519 407 2769 465 obtinens
2800 420 3125 483 potestatem
3148 458 3162 483 ,
3193 424 3246 474 et
3286 417 3430 476 Deus
3459 428 3543 478 est

234 478 360 544 quis
396 487 479 533 est
523 478 613 535 ille
662 481 813 550 cujus
861 497 1058 553 corpus
1113 486 1371 540 amictum
1424 497 1527 551 est,
1585 500 1636 544 et
1699 494 1836 546 suda

233 583 382 625 caro.
411 570 575 628 Nobis
621 575 764 630 enim
813 578 1148 635 manifestum
1181 590 1263 636 est
1311 597 1526 637 Carnem
1562 586 1754 640 Stolatn
1785 598 1838 642 et

232 677 433 734 corpus
458 666 712 724 amictum
746 668 904 726 Verbi
928 670 1096 728 fuisse
1140 672 1180 740 ³,
1216 674 1413 745 quique
1456 678 1734 747 sanguine,
1786 680 1837 735 id

234 768 319 812 est
338 759 485 823 vino,
515 759 643 815 lavit
670 763 1022 819 substantiam
1052 767 1314 836 corporis,
1340 777 1394 823 et
1424 771 1697 825 materiam
1721 786 1840 827 car-

234 851 321 906 nis
360 850 606 919 abluens,
639 869 704 910 ex
739 868 888 925 parte
917 859 1149 928 suscepti
1192 859 1423 916 hominis
1457 869 1729 932 paSsione;
1760 864 1837 919 Ex

232 959 346 1015 quo
368 946 631 1017 siquidem
657 948 865 1006 lavatur
884 994 899 1019 ,
932 952 1095 1009 homo
1117 964 1199 1010 est
1225 972 1239 1022 ;
1270 956 1391 1026 quia
1420 959 1671 1013 amictum
1695 961 1838 1030 quod

234 1039 463 1106 lavatur,
486 1057 613 1098 caro
642 1055 725 1107 est
754 1064 767 1102 :
798 1047 887 1117 qui
919 1055 1096 1104 autem
1131 1049 1304 1118 lavat,
1337 1051 1570 1109 Verbum
1603 1054 1696 1108 Dei
1724 1064 1835 1123 est;

232 1133 324 1202 qui
357 1145 412 1188 ut
443 1136 645 1193 lavaret
668 1140 946 1207 amictum,
974 1143 1155 1197 amicti
1186 1155 1464 1216 susceptor
1486 1147 1707 1203 elfectus
1734 1160 1835 1204 est.

231 1223 426 1281 Merito
454 1243 518 1283 ex
547 1244 608 1283 ea
637 1230 956 1298 substantia,
988 1252 1106 1298 qua:
1158 1247 1374 1306 recepta
1424 1249 1506 1294 est
1547 1251 1603 1295 ut
1634 1241 1840 1299 lavare-

230 1326 343 1386 tur,
395 1319 555 1378 homo
605 1325 931 1394 exprimitur
957 1327 1017 1395 ‘;
1053 1333 1286 1401 sicut_ex
1320 1331 1479 1389 Verbi
1521 1337 1839 1393 auctoritate

231 1414 324 1485 qui
347 1414 495 1485 lavit,
527 1417 669 1474 Deus
690 1435 811 1477 esse
833 1432 1189 1482 monstratur.

658 1578 889 1636 CAPUT
932 1580 1099 1650 XXII,
1133 1584 1206 1639 al.
1233 1583 1398 1641 XVII.

305 1732 552 1793 Eamdem
582 1739 807 1794 divinam
829 1743 1147 1809 maiestatem
1168 1746 1221 1800 in
1244 1746 1447 1803 Cltristo
1465 1749 1583 1805 aliis
1607 1750 1789 1805 iterum

744 1834 1031 1907 Scripturis
1051 1839 1341 1906 conﬁrmat.

303 1983 414 2041 Cur
434 1994 637 2055 autem,
673 1989 792 2045 licet
823 1990 890 2046 ad
935 1993 1089 2049 aliam
1128 2004 1333 2065 partem
1357 1997 1668 2068 diSpulandi
1690 2000 1836 2057 festi-

232 2094 363 2134 nare
392 2080 685 2149 videamur,
712 2084 860 2139 illum
903 2097 1288 2155 praetereamus
1329 2092 1471 2160 apud
1508 2093 1833 2163 Apostolum

231 2169 448 2227 locum?
481 2173 583 2239 Qui
610 2191 725 2229 cum
754 2176 807 2230 in
828 2181 996 2249 forma
1020 2177 1118 2234 Dei
1149 2191 1308 2249 esset,
1350 2201 1452 2238 non
1491 2187 1727 2253 rapinam
1749 2205 1836 2241 ar—

232 2263 451 2320 bitratus
486 2277 558 2320 est
596 2270 845 2338 aequalem
886 2287 941 2325 se
1000 2270 1110 2327 Deo
1176 2291 1322 2342 esse;
1372 2277 1462 2331 sed
1507 2287 1835 2349 semetipsum

231 2361 510 2416 exinaniuit
536 2363 756 2433 formam
782 2367 912 2421 servi
936 2369 1191 2439 accipiens
1210 2412 1224 2435 ,
1247 2371 1268 2402 ⁸
1294 2372 1343 2425 in
1375 2374 1711 2429 similitudine
1738 2376 1832 2430 Ito-

233 2453 426 2505 minunt
444 2457 632 2521 factus,
657 2466 702 2510 et
725 2457 900 2512 habitu
921 2460 1151 2516 inventus
1173 2473 1227 2516 ut
1249 2464 1399 2519 homo
1428 2481 1446 2519 :
1475 2467 1763 2522 humiliavit
1782 2486 1835 2524 se

232 2546 470 2603 obediens
492 2549 660 2618 [actus
678 2568 834 2623 usque
848 2555 917 2607 ad
941 2568 1176 2621 mortem,
1201 2569 1411 2614 mortem
1438 2574 1607 2617 autem
1629 2566 1833 2620 crucis:

230 2652 500 2711 propterea
520 2653 562 2696 et
580 2643 716 2699 Dens
736 2644 886 2700 illum
903 2666 959 2701 su
967 2652 1379 2719 perexultavit,et
1397 2656 1535 2710 dedit
1551 2658 1627 2712 illi
1646 2675 1831 2713 nomen

229 2736 368 2800 quod
394 2747 465 2790 est
492 2754 644 2808 super
674 2756 821 2794 omne
841 2759 1063 2807 nomen;
1094 2755 1144 2798 ut
1175 2762 1232 2800 in
1274 2750 1478 2802 nomine
1514 2748 1643 2803 Jesu
1684 2768 1833 2806 onme

231 2842 363 2898 genu
390 2829 645 2898 flectatur,
674 2833 982 2901 caelestium,
1030 2839 1343 2892 terrestrium
1376 2850 1421 2892 et
1471 2841 1791 2911 infernarum
1813 2886 1828 2912 ,

231 2931 276 2975 et
298 2924 464 2977 omnis
493 2924 669 2995 lingua
690 2928 1012 2995 conﬁteatur,
1046 2933 1290 2998 quoniam
1321 2933 1572 2990 Dominus
1592 2936 1747 2993 Iesus
1777 2941 1831 2995 in

230 3015 399 3085 gloria
416 3027 488 3071 est
502 3017 601 3073 Dei
618 3019 789 3076 Patris
815 3020 1041 3095 (Philip.
1063 3042 1124 3093 ιι,
1142 3026 1261 3082 6-1!
1278 3025 1321 3099 ).
1344 3027 1446 3094 Qui
1461 3047 1575 3083 cum
1594 3033 1646 3085 in
1665 3034 1832 3106 forma

227 3107 326 3163 Dei
351 3121 513 3177 esset,
545 3112 735 3183 inquit.
769 3114 823 3171 Si
854 3118 1017 3172 homo
1049 3121 1422 3175 tantummodo
1444 3123 1688 3179 Christus
1711 3167 1725 3191 ,
1776 3127 1827 3182 in

1942 498 2194 567 exemplo
2244 499 2416 555 Patris
2449 517 2461 553 :
2498 500 2600 556 hoc
2629 503 2802 573 ipsum
2848 515 3025 563 tamen
3070 523 3100 563 a
3132 509 3293 567 Patre
3325 515 3543 583 proprio

1942 603 2294 661 consecutus,
2343 603 2399 651 ut
2439 598 2676 652 omnium
2709 611 2763 655 et
2793 602 2933 658 Deus
2963 615 3138 675 esset,
3185 617 3241 663 et
3284 609 3543 667 Dominus

1942 696 2117 750 eSSet,
2170 696 2224 741 et
2268 688 2409 744 Deus
2439 690 2503 745 ad
2535 691 2755 761 formam
2809 696 2905 752 Dei
2956 698 3127 755 Patris
3182 717 3248 757 ex
3289 701 3408 773 ipso
3445 720 3541 775 ge-

1943 780 2087 859 nitus
2136 794 2299 852 atque
2352 789 2617 857 prolatus.
2672 790 2769 847 llic
2820 808 2949 865 ergo
2996 797 3245 866 quamvis
3291 808 3440 856 esset
3488 800 3542 856 in

1942 879 2111 945 forma
2140 877 2269 947 Dei,
2333 898 2434 936 non
2465 894 2538 938 est
2581 888 2817 957 rapinam
2867 890 3144 947 arbitratus
3188 895 3438 966 aqualem
3488 911 3544 951 se

1942 968 2051 1024 Deo
2095 990 2219 1027 esse.
2274 974 2527 1043 Quamvis
2557 981 2698 1035 enim
2730 997 2789 1037 se
2814 998 2880 1038 ex
2910 983 3018 1038 Deo
3041 985 3199 1043 Patre
3223 987 3387 1043 Deum
3419 1003 3542 1046 esse

1944 1066 2313 1133 meminisset,
2383 1087 2673 1143 numquam
2722 1090 2783 1131 se
2833 1076 2944 1132 Deo
2991 1076 3135 1134 Patri
3181 1090 3275 1141 aut
3317 1097 3539 1153 compa-

1945 1160 2083 1213 ravit
2107 1170 2198 1215 aut
2227 1164 2487 1232 contulit,
2533 1182 2742 1223 memor
2768 1184 2828 1224 se
2858 1184 2979 1227 esse
3024 1187 3089 1228 ex
3132 1188 3230 1229 suo
3255 1174 3441 1242 Patre,
3487 1184 3543 1232 et

1950 1251 2052 1307 hoc
2085 1255 2258 1323 ipsum
2288 1257 2430 1327 quod
2462 1272 2541 1313 est
2579 1260 2777 1317 habere
2805 1278 2894 1331 se,
2936 1266 3058 1335 quia
3089 1267 3250 1323 Pater
3275 1267 3537 1326 dedisset.

1946 1344 2075 1401 Inde
2123 1348 2356 1420 denique
2396 1360 2450 1406 et
2501 1362 2629 1407 ante
2693 1358 2870 1411 carnis
2921 1360 3387 1430 assumptiouem,
3444 1362 3539 1419 sed

1942 1447 1994 1492 et
2045 1450 2168 1510 post
2216 1444 2642 1513 assumptionem
2690 1450 2966 1519 corporis,
3022 1463 3140 1521 post
3186 1453 3354 1524 ipsam
3395 1470 3539 1525 pra:-

1944 1539 2090 1588 terea
2133 1538 2626 1604 resurrectionem,
2675 1556 2889 1597 omnem
2924 1543 3064 1599 Patri
3093 1544 3145 1600 in
3169 1546 3420 1602 omnibus
3449 1564 3538 1605 re-

1941 1628 2044 1683 bus
2095 1630 2456 1687 ohedientiam
2510 1635 2795 1703 praestitit,
2844 1636 3047 1706 pariter
3090 1654 3151 1694 ac
3192 1649 3428 1710 pra-stat.
3463 1642 3539 1698 Ex

1942 1736 2049 1790 quo
2080 1722 2340 1792 probatur
2371 1741 2664 1796 numquam
2694 1728 3009 1783 arbitratum
3065 1730 3210 1786 illum
3252 1746 3372 1789 esse
3400 1734 3542 1805 rapi-

1866 1805 1914 1866 B
1944 1828 2065 1868 nam
2116 1817 2404 1885 quamdam
2452 1818 2822 1888 divinitatem,
2878 1831 2937 1876 nt
2986 1831 3231 1893 aequaret
3283 1839 3343 1880 se
3390 1826 3539 1882 Patri

1944 1908 2101 1964 Deo:
2135 1912 2263 1980 quin
2322 1913 2487 1967 immo
2536 1926 2759 1981 contra,
2809 1916 2954 1970 omni
3010 1916 3178 1988 ipsius
3230 1918 3457 1989 imperio
3484 1930 3542 1977 et

1939 2001 2201 2057 voluntati
2250 2004 2510 2061 obediens
2559 2018 2719 2078 atque
2761 2009 3068 2078 subjectus,
3112 2011 3319 2068 7etiam
3352 2023 3409 2068 ut
3430 2012 3542 2069 for-

1940 2107 2082 2148 mam
2130 2097 2271 2150 servi
2320 2098 2618 2169 susciperet
2650 2111 2940 2156 contentus
2981 2102 3081 2158 fuit
3107 2103 3127 2176 (
3151 2106 3256 2161 hoc
3286 2117 3406 2169 est,
3439 2106 3540 2163 ho-

1940 2188 2137 2243 minem
2168 2189 2315 2244 illum
2362 2190 2516 2264 fieri)
2549 2203 2603 2247 et
2647 2193 3003 2251 substantiam
3057 2198 3236 2260 carnis
3267 2212 3322 2255 et
3350 2217 3542 2272 corpo-

1940 2280 2014 2334 ris
2034 2322 2049 2347 ,
2103 2298 2262 2351 quam
2292 2298 2356 2337 ex
2384 2294 2733 2354 paternorum
2762 2287 2784 2319 ⁸
2814 2296 2866 2342 et
2913 2288 3210 2343 secundum
3257 2289 3535 2350 hominem

1937 2374 2254 2429 delictorum
2300 2377 2561 2441 servitute
2605 2380 2910 2435 venientem
2945 2383 3221 2439 nascendo
3253 2386 3494 2456 suscepit
3523 2404 3537 2443 :

1937 2486 2045 2541 quo
2090 2479 2333 2537 tempore
2382 2487 2441 2528 se
2472 2474 2633 2528 etiam
2682 2476 3009 2544 exinanivit,
3043 2477 3170 2533 dum
3200 2480 3221 2513 ⁸
3247 2479 3538 2536 humanam

1936 2563 2259 2617 conditionis
2313 2563 2652 2635 fragilitatem
2721 2568 2997 2639 suscipere
3061 2587 3169 2627 non
3231 2574 3528 2629 recusavit.

1935 2654 2197 2722 Quoniam
2251 2657 2293 2710 si
2325 2658 2485 2712 homo
2536 2661 2905 2716 tantummodo
2954 2672 3110 2719 natus
3154 2664 3379 2734 fuisset,
3438 2683 3537 2738 per

1937 2748 2041 2803 hoc
2072 2749 2379 2805 cxiuanitus
2408 2767 2512 2807 non
2546 2763 2689 2810 esset
2719 2772 2733 2808 :
2769 2760 2931 2811 homo
2974 2759 3117 2813 enim
3165 2776 3395 2819 nascens
3439 2780 3539 2818 au-

1934 2853 2108 2915 getur,
2143 2860 2247 2899 non
2278 2846 2583 2902 exinanitnr
2611 2866 2624 2902 :
2656 2864 2778 2903 nam
2825 2848 2953 2905 dum
3001 2852 3184 2923 incipit
3234 2869 3358 2911 esse
3394 2857 3538 2927 quod

1935 2955 2055 2995 cum
2086 2955 2190 2994 non
2219 2951 2365 2996 esset
2391 2941 2592 2998 habere
2628 2959 2733 2998 non
2764 2946 2967 3014 potuit,
3015 2957 3074 3003 ut
3113 2948 3377 3018 diximus,
3429 2968 3537 3009 non

1935 3034 2261 3099 exinaniutr,
2310 3034 2407 3089 sed
2463 3036 2640 3105 potius
2690 3046 2917 3108 augetur
2944 3049 3105 3110 atque
3135 3041 3340 3099 ditatur
3372 3044 3432 3099 ιθ.
3466 3046 3535 3102 At

1935 3127 1979 3181 si
2008 3126 2250 3181 Christus
2276 3129 2580 3183 exinanitur
2626 3130 2676 3185 in
2723 3146 2789 3186 eo
2818 3128 2957 3202 qu’od
3006 3136 3264 3201 nascitur,
3306 3137 3537 3196 formam

230 3204 451 3275 imagine
468 3207 766 3276 Dei,noniu
792 3215 958 3282 [arma
978 3211 1073 3267 Dei
1094 3215 1296 3269 relatus
1321 3216 1828 3276 fuisset.Homiuem
1856 3205 1901 3268 C
1937 3221 2078 3275 servi
2111 3222 2451 3289 accipiendo,
2480 3223 2752 3293 quomodo
2802 3224 2966 3281 homo
3013 3231 3383 3289 tantummodo
3414 3234 3540 3288 est?

231 3302 373 3356 enim
392 3303 590 3357 scimus
608 3305 677 3357 ad
717 3305 990 3377 imaginem
1017 3306 1175 3379 (Gen.
1194 3326 1230 3377 ι,
1251 3309 1369 3382 27),
1397 3329 1503 3367 non
1523 3314 1592 3367 ad
1613 3316 1834 3384 formam

230 3396 325 3451 Dei
359 3396 574 3452 factum.
606 3398 736 3467 Quis
782 3416 911 3472 ergo
968 3410 1054 3457 est
1100 3404 1233 3471 iste,
1276 3407 1444 3477 quiin
1491 3412 1659 3479 farina
1706 3409 1831 3477 Dei,

229 3494 554 3563 utdiximus,
581 3499 749 3553 factus
772 3509 855 3555 est
870 3499 1145 3573 Angelus?
1169 3503 1272 3559 Sed
1300 3521 1397 3561 nec
1424 3508 1475 3561 in
1496 3508 1713 3580 Angelis
1732 3510 1834 3567 for-

232 3605 376 3644 tnam
407 3591 501 3647 Dei
534 3593 755 3663 legimus
775 3637 789 3660 ,
822 3596 920 3650 nisi
947 3598 1199 3668 quoniam
1226 3599 1311 3653 hic
1344 3603 1646 3672 prmcipuus
1671 3614 1832 3675 atque

230 3700 528 3756 generosus
545 3703 653 3757 pra:
675 3690 941 3758 omnibus,
962 3692 1053 3746 Dei
1068 3692 1498 3761 Filius,Verbutn
1519 3698 1632 3762 Dei,
1653 3698 1829 3754 imita-

232 3789 319 3834 tor
340 3780 579 3835 omnium
599 3794 945 3853 paternorum
964 3788 1343 3856 operum,dum
1367 3801 1420 3845 et
1441 3792 1556 3861 ipse
1573 3803 1832 3863 operatur

230 3873 370 3929 sicut
392 3884 447 3929 et
474 3873 635 3930 Pater
652 3875 765 3947 ejus
788 3876 971 3948 (Joan.
990 3895 1046 3945 ν,
1072 3881 1181 3952 19).
1205 3883 1253 3935 in
1280 3882 1299 3912 ⁵
1322 3883 1487 3951 forma
1509 3885 1587 3958 (ut
1607 3901 1831 3955 expres-

231 3966 404 4022 simus
430 3968 448 4037 )
479 3980 562 4025 est
589 3970 681 4024 Dei
713 3971 907 4027 Patris.
939 3973 1004 4028 Et
1036 3977 1230 4030 merito
1260 3976 1311 4030 iu
1368 3981 1537 4048 forma
1592 3997 1831 4050 promnt-

232 4060 396 4117 tiatus
420 4070 504 4117 est
541 4063 631 4117 Dei
654 4105 669 4131 ,
703 4064 829 4120 dum
875 4076 929 4121 et
976 4068 1093 4137 ipse
1141 4083 1303 4141 super
1330 4072 1547 4139 omnia,
1578 4082 1630 4128 ct
1657 4075 1835 4131 omnis

1938 3314 2004 3369 de
2030 3328 2138 3385 quo
2164 3315 2347 3369 verius
2406 3314 2610 3371 dictum
2669 3315 2889 3385 fuisset,
2946 3319 3331 3391 locupletatum
3383 3325 3537 3382 illum

1936 3422 2057 3462 esse
2114 3416 2241 3462 tunc
2291 3423 2411 3463 cum
2459 3418 2794 3473 nasceretur,
2844 3426 2949 3466 non
2998 3414 3379 3483 exinanitum;
3436 3420 3539 3475 nisi

1935 3501 2186 3571 quoniam
2226 3500 2515 3555 auctoritas
2564 3500 2729 3555 divini
2772 3501 2975 3573 Verbi,
3022 3505 3087 3559 ad
3132 3509 3536 3579 suscipiendum

1936 3596 2208 3649 hominem
2250 3594 2464 3650 interim
2506 3596 2932 3667 conquiesccns,
2970 3615 3069 3654 nec
3107 3615 3167 3656 se
3196 3602 3306 3655 suis
3337 3602 3542 3661 viribus

1938 3690 1977 3719 ¹¹
2008 3702 2288 3747 exercens.
2312 3688 2494 3757 dejicit
2527 3704 2585 3743 se
2617 3688 2682 3743 ad
2715 3697 2930 3760 tempus
2958 3702 3117 3773 atque
3149 3693 3390 3764 deponit,
3411 3696 3540 3752 dum

1936 3782 2205 3836 hominem
2237 3782 2337 3835 fert
2367 3797 2529 3851 quem
2554 3784 2812 3851 suscepit.
2843 3785 2885 3815 ¹²
2920 3782 3174 3841 Exinanit
3202 3802 3281 3855 se,
3314 3788 3440 3844 dum
3473 3790 3543 3845 ad

1938 3875 2165 3943 injurias
2211 3875 2674 3945 contumeliasque
2715 3876 3033 3943 descendit,
3086 3879 3214 3935 dum
3260 3882 3407 3937 audit
3458 3884 3541 3939 itt-

1940 3971 2098 4027 ianda
2123 4012 2138 4037 ,
2191 3971 2472 4040 experitur
2504 3969 2723 4040 indigna
2761 3988 2773 4023 :
2805 3971 2958 4042 cujus
3005 3981 3183 4030 tamen
3219 3975 3539 4035 humilitatis

1940 4069 2094 4123 adest
2120 4065 2299 4120 statim
2340 4064 2588 4136 egregius
2621 4062 2846 4120 fructus.
2880 4068 3104 4138 Accepit
3130 4070 3276 4126 enim
3324 4087 3539 4142 nomen,

1413 4188 1789 4246 GALLANDII
1827 4182 2402 4247 COMMENTARIUS.

310 4295 324 4325 ¹
351 4294 605 4375 Amictum
628 4285 821 4375 ipsum.
850 4298 1145 4375 Frobenius
1175 4316 1297 4356 cum
1334 4303 1569 4375 Gagmro
1609 4308 1838 4362 Amictus
1868 4340 1871 4344 ›

231 4382 343 4420 ωδε
385 4382 405 4420 .‘

233 4382 343 4437 ipse
385 4382 405 4420 :
457 4382 511 4423 et
561 4383 638 4423 εις
683 4382 850 4424 edunt
904 4382 1301 4429 Welclunauus.
1357 4382 1462 4431 Sed
1512 4395 1675 4448 quum
1731 4382 1832 4435 alia

233 4438 486 4512 inusitata
557 4440 718 4495 verba
791 4445 1124 4511 usurpaverit
1175 4446 1535 4512 Novatianus,
1594 4452 1832 4505 illSUlCnS

233 4510 459 4587 verbum
481 4512 737 4587 antictum
760 4510 1001 4569 neutrius
1027 4519 1240 4587 generis
1284 4521 1336 4573 in
1390 4510 1532 4576 illius
1574 4533 1830 4577 contextu

231 4580 447 4661 reliqui.
477 4582 648 4661 liabet
670 4586 832 4639 etiam
883 4580 1070 4643 aucto'r
1114 4594 1272 4658 paulo
1324 4602 1444 4661 post
1496 4595 1735 4648 amictum
1780 4605 1834 4649 et

234 4653 431 4708 amicti.
465 4654 720 4710 Jscason.

310 4725 330 4754 ²
363 4725 620 4808 Quisquis.
676 4726 1061 4808 VVelclimanus
1098 4735 1297 4808 mallet
1326 4737 1477 4808 quis;
1503 4747 1663 4808 atque
1695 4737 1833 4795 hanc

234 4808 363 4851 esse
384 4812 566 4852 veram
590 4799 877 4854 lectionem
911 4806 1000 4856 vix
1022 4803 1226 4860 dubitat
1257 4799 1578 4863 JackSonus.

312 4868 335 4900 ³
357 4869 561 4944 Quique
572 4873 861 4944 sanguine,
891 4881 996 4927 cte.
1042 4873 1238 4943 Locus
1266 4880 1351 4932 hic
1393 4880 1677 4944 obscurus,
1720 4882 1834 4937 sive

236 4943 401 5013 etiam
433 4940 651 5013 mutilus
678 4940 733 4996 et
758 4955 1046 5013 corruptus
1068 4940 1278 5002 videtur
1296 4951 1552 5005 ['amelio.
1571 4940 1832 5008 Medehm

239 5011 462 5095 exhibet
486 5010 871 5095 VVelchmanus
900 5010 970 5095 ita
996 5016 1209 5088 legens:
1233 5020 1333 5095 Qui
1352 5037 1461 5077 utne
1486 5028 1755 5095 sanguine,
1780 5026 1834 5077 id

238 5096 313 5141 est
341 5083 643 5158 vino._lovit
682 5086 1016 5140 substantiam
1050 5083 1319 5158 corporis,
1353 5083 1618 5148 materiam
1667 5083 1836 5150 cm'nis

240 5157 455 5212 abluens
490 5155 673 5281 asive,
727 5168 772 5211 et
813 5160 1077 5214 materiam
1140 5155 1314 5217 carnis
1345 5166 1504 5218 abluit
1537 5172 1551 5233 )
1585 5185 1648 5222 ex.
1693 5177 1838 5238 parte

242 5227 467 5281 suscepti
527 5229 709 5281 ominis
746 5231 999 5281 passione.
1059 5234 1226 5281 Paulo
1272 5236 1429 5281 nlimr
1476 5239 1596 5281 Ιρσίι
1649 5241 1837 5281 diui..-

242 5227 467 5307 suscepti
490 5227 709 5307 hominis
746 5231 1000 5307 passione.
1059 5234 1226 5307 Paulo
1272 5236 1429 5289 aliter
1475 5227 1599 5307 legit
1649 5227 1837 5294 distiu-

242 5301 627 5381 guitque'cum
658 5299 750 5381 _Fr:
780 5300 941 5381 Junio
975 5303 1273 5381 Jacksonus
1299 5325 1310 5360 :
1344 5307 1443 5375 Qui
1464 5299 1794 5381 in'sanguine
1818 5352 1833 5376 ,

245 5371 396 5445 idest
440 5371 592 5445 vino,
650 5373 772 5427 lavit
813 5377 1147 5430 substantiam
1191 5371 1419 5445 corporis
1479 5392 1525 5435 et
1573 5371 1839 5436 mdtcriam

246 5444 451 5523 carnis,
485 5443 698 5499 abluens
723 5462 785 5499 ea:
815 5458 959 5515 parte
987 5452 1209 5523 suscepti
1254 5443 1474 5505 hominis
1504 5455 1762 5523 passione.

320 5514 343 5545 ‘
373 5514 635 5570 Sicut.....
684 5514 1016 5571 monstratur.
1061 5514 1148 5575 Al.
1193 5523 1265 5576 sic
1315 5532 1456 5577 ut...
1504 5514 1835 5581 monstretur.

244 5587 424 5644 Minus
453 5597 595 5642 recte
619 5630 634 5653 ,
669 5598 724 5642 ut
753 5589 980 5643 videtur.

324 5660 344 5691 ⁵
371 5655 449 5739 Iit
461 5658 817 5739 similitudine.
848 5660 1049 5716 Graecis
1078 5666 1127 5719 ἐν
1158 5664 1443 5739 ὁμοιώματι
1464 5666 1689 5723 ἰηιὶςῐξΐοι
1715 5685 1839 5724 auc-

249 5740 357 5813 tor.
417 5728 507 5785 Sic
556 5742 608 5785 et
652 5747 774 5788 mox
835 5740 1104 5804 expressit
1164 5728 1480 5814 ὗπερῦψωσε
1541 5744 1838 5811 superexal-

248 5804 393 5871 tavit.

2019 4302 2123 4372 θιιη
2139 4304 2324 4379 (arma.
2503 4298 2759 4379 omittunt
2780 4300 2831 4354 in
2848 4316 3007 4372 quam
3027 4314 3170 4362 recte
3191 4316 3313 4379 post
3328 4308 3544 4368 Wclch-

457 4377 511 4423 et
561 4369 850 4448 sic.edidit
898 4371 1301 4448 Welclunauus.
1357 4369 1462 4431 Se'd
1512 4395 1675 4448 quum
1731 4379 1913 4442 aliaD
1943 4369 2158 4448 manum
2194 4369 2773 4448 restituilJackwllus.

2011 4449 2031 4479 ⁷
2058 4447 2252 4501 Etiam.
2285 4443 2435 4499 Hanc
2468 4458 2656 4498 vocem
2679 4443 2878 4500 omittit
2909 4444 3208 4517 Pamclius,
3242 4467 3403 4523 quam
3450 4458 3542 4514 alii

1938 4521 2193 4577 retinent.

2009 4594 2031 4625 ε
2064 4591 2149 4646 by,
2191 4586 2641 4666 coniunctionem
2694 4585 2958 4657 ejusmodi
2991 4591 3136 4648 velut
3182 4594 3542 4666 importunam

1937 4663 2220 4720 delendam
2253 4669 2436 4715 censet
2464 4657 2872 4713 Welclunanus.

2009 4739 2029 4770 θ
2060 4734 2353 4788 Humanam
2408 4730 2715 4801 conditionis
2754 4730 3111 4801 fragilitatem.
3167 4735 3388 4795 Frustra
3419 4753 3546 4799 sunt

1938 4806 2331 4862 Welehmanus
2361 4812 2417 4877 et
2457 4800 2792 4877 Jacksonus,
2825 4800 2912 4873 qui
2944 4804 3084 4860 hanc
3123 4812 3542 4877 przccedentium

1939 4879 2234 4934 editionum
2265 4876 2550 4929 lectionem
2581 4875 2877 4929 sollicitare
2908 4875 3149 4943 tentant,
3181 4887 3545 4943 l'eSCI'lllenleS

1941 4952 2180 5004 humanm
2206 4946 2512 5001 conditionis
2553 4945 2908 5013 fragilitatem.
2962 4947 3224 5005 Minucius
3253 4953 3305 5007 in
3362 4955 3540 5014 θείαν.

1939 5038 2058 5091 ειη),
2092 5035 2277 5096 “xei,
2313 5018 2509 5096 eadem
2526 5016 2779 5096 loquendi
2804 5018 3012 5096 ratione
3037 5036 3165 5096 usus
3191 5028 3541 5096 comperitur,

1939 5089 2181 5165 Corporis
2212 5092 2435 5144 humana
2462 5089 2583 5165 vitia
2625 5105 2721 5154 pro
2769 5091 3002 5165 corporis
3043 5092 3258 5165 humani
3294 5089 3434 5152 uitia.
3462 5089 3545 5158 Ad

1941 5161 2099 5235 quem
2134 5164 2308 5218 locum
2351 5161 2631 5235 complura
2662 5163 2861 5235 profert
2894 5163 3158 5231 ejusmodi
3211 5166 3547 5231 locutionum

1941 5233 2191 5303 exempla
2241 5235 2485 5316 eruditus
2521 5233 2766 5316 Davisins
2788 5274 2803 5296 ,
2840 5233 2980 5316 inter
3005 5237 3298 5316 qtuﬁistud
3328 5258 3547 5316 quoque

1941 5308 2223 5362 Novatiani
2253 5305 2491 5360 occurrit
2532 5319 2639 5371 quo
2683 5305 2751 5358 de
2806 5305 3031 5369 agimus.
3086 5305 3298 5367 Videsis
3343 5305 3546 5374 tom-.11

1944 5392 2140 5434 nostra:
2173 5378 2309 5431 Bibl.
2344 5377 2445 5431 l’P.
2470 5417 2482 5437 ,
2518 5391 2637 5445 pag.
2671 5376 2796 5432 40‘2.
2832 5386 2942 5430 not.
2978 5378 3064 5433 12.

2018 5454 2060 5482 ¹⁰
2094 5454 2156 5503 At
2183 5450 2245 5503 si.
2297 5449 2369 5524 Ita
2419 5447 2655 5524 editores
2686 5447 2966 5518 Anglicani
3013 5466 3077 5505 ex
3111 5450 3367 5524 Gaguteo,
3412 5457 3546 5514 Fro-

1943 5524 2126 5584 henio,
2158 5532 2265 5574 etc.
2296 5520 2380 5574 Al.
2412 5520 2486 5573 Ac
2526 5524 2590 5573 si.

2019 5596 2058 5625 “
2089 5594 2362 5648 Exercens.
2393 5589 2648 5644 Exserens
2672 5589 2930 5645 Latinius.

2021 5669 2061 5698 ¹²
2084 5665 2349 5721 Exinanit.
2379 5662 2603 5733 Siclego
2625 5677 2746 5716 cum
2776 5661 3032 5732 Gagnzco,
3058 5664 3307 5727 Barrensi
3333 5682 3385 5727 et
3411 5674 3542 5730 edit.

1946 5740 2116 5809 prima
2149 5736 2424 5809 Frobenii.
2476 5734 2795 5809 μθωιιυιιριη
2822 5736 3141 5809 conﬁrmant
3188 5745 3545 5809 pra-cedentia

1954 5806 2157 5883 dejicit,
2188 5808 2429 5880 deponit,
2461 5806 2597 5877 fert,
2626 5816 2676 5861 et
2707 5809 2984 5877 sequentia
3009 5806 3271 5869 descendit"
3291 5856 3306 5881 ,
3360 5817 3541 5893 audit,
