4026 6328
571 218 666 283 951
2006 226 2380 293 NOVATIANI
3730 246 3808 315 9'32

562 341 703 412 quod
722 347 796 398 est
822 356 982 415 super
1013 358 1163 401 omne
1191 360 1410 410 nomen,
1443 344 1583 416 quod
1631 347 1817 415 utique
1864 363 1971 404 non
2015 349 2158 404 aliud
2185 347 2243 409 Α
2272 350 2471 417 Dauni;
2503 353 2814 413 effrenatius
2843 366 2900 415 et
2945 358 3165 418 eli‘usius
3196 362 3249 418 in
3277 362 3490 423 Christo
3518 367 3801 431 divinitatem

564 435 911 508 intelligimus
955 452 1075 493 esse
1122 455 1280 510 quam
1329 454 1525 494 nomen
1574 441 1687 495 Dei.
1742 440 1874 497 Nam
1905 457 2025 496 cum
2066 442 2161 498 Dei
2267 444 2511 501 confiteri
2539 492 2550 515 ,
2583 448 2791 520 adlhoc
2840 451 2963 507 illos
3006 456 3288 513 manifesta
3337 458 3531 515 Christi
3578 463 3806 524 divinitate

569 530 641 583 sit
692 531 860 587 solius
910 546 1032 585 esse
1075 546 1238 606 super
1286 532 1498 599 omnia,
1555 548 1891 603 consequens
1946 543 2059 600 est.
2107 545 2164 593 ut
2266 550 2530 606 cogente,
2582 549 2640 594 ut
2683 558 2842 613 quem
2877 545 3069 601 Filium
3101 547 3345 619 legerent
3374 552 3498 621 quia
3543 553 3693 613 Deum
3719 562 3806 615 ani-

561 637 758 678 nomen
793 623 920 679 illud
974 623 1044 679 sit
1076 624 1091 655 ί
1120 640 1282 693 super
1336 642 1528 690 ontne,
1561 626 1702 697 quod
1731 637 1811 684 est
1844 626 1983 698 ejus.
2015 629 2036 659 ¹
2068 629 2159 701 qui
2264 629 2700 698 madvertercnt,
2731 634 2946 691 Patrem
2989 648 3257 706 putarent.
3311 642 3415 700 Alii
3440 659 3649 716 quoque
3676 651 3810 707 hare-

559 730 725 786 supcr
748 717 926 772 "mnia
956 726 1069 784 ρει,
1116 719 1232 775 Dei.
1277 719 1372 774 E5;
1417 736 1547 791 ergo
1596 737 1793 777 nomen
1846 722 1971 776 illud
2018 724 2159 795 quod
2266 722 2354 776 tici
2406 739 2574 796 usque
2617 726 2753 781 adeo
2800 726 2999 786 Christi
3048 732 3383 790 manifestam
3414 738 3694 808 amplexati
3719 754 3812 800 sunt

560 823 724 877 super
746 824 907 863 omne
938 825 1133 864 nomen
1166 820 1251 866 est
1284 829 1296 864 :
1332 812 1473 885 quod
1506 828 1701 869 nomen
1729 824 1810 868 est
1834 815 1950 885 ejus
1978 817 2159 887 utique
2263 816 2590 877 divinitatem
2618 864 2633 890 ,
2668 832 2724 877 ut
2750 823 2985 883 dixerint
3016 827 3163 883 illum
3207 828 3372 886 fuisse
3402 832 3522 888 sine
3548 848 3729 903 curre,
3767 849 3806 895 et

558 913 980 974 consequenter,
1027 904 1118 975 qui
1162 921 1285 960 cum
1338 906 1389 960 in
1445 906 1618 962 forma
1671 907 1762 963 Dei
1797 908 2019 975 fuisset,
2053 926 2157 969 non
2265 918 2434 971 totum
2471 913 2544 969 illi
2581 927 2884 990 stncoptum
2913 918 3246 981 detraxerint
3284 922 3581 994 hominem,
3610 943 3671 984 ne
3688 929 3811 988 deco-

557 995 803 1064 rapinam
836 994 1132 1054 arbitratus
1178 1004 1260 1052 est
1289 1000 1551 1068 atqttalem
1581 1014 1640 1054 se
1692 1000 1804 1055 Deo
1858 1015 1998 1057 esse.
2051 1001 2159 1057 Ne-
2262 1016 2489 1073 querent
2518 1008 2571 1063 in
2602 1009 2693 1064 illo
2719 1012 2884 1067 divini
2917 1015 3150 1070 nonninis
3195 1026 3516 1086 potestatem
3537 1062 3554 1086 ,
3584 1022 3627 1077 si
3668 1022 3811 1080 buma-

558 1100 662 1157 que
710 1087 858 1143 enim
906 1088 952 1141 si
1003 1101 1107 1142 non
1150 1100 1232 1144 est
1281 1091 1418 1145 Deus
1460 1102 1608 1147 esset
1665 1092 1948 1164 Christus,
1994 1110 2158 1152 omne
2261 1113 2385 1154 nam
2441 1100 2513 1157 illi
2546 1103 2879 1172 sociassent,
2912 1115 2970 1162 ιιι
3008 1107 3429 1177 arbitrabantur,
3480 1113 3809 1173 nativitatem:

554 1194 615 1236 se
666 1182 718 1236 in
766 1184 983 1238 nomine
1029 1183 1146 1255 ejus
1204 1200 1343 1255 genu
1406 1186 1688 1255 lleCteret,
1742 1187 2047 1244 etele~tium
2094 1199 2160 1245 et
2261 1192 2401 1263 quod
2426 1203 2603 1251 tamen
2630 1212 2728 1251 nos
2754 1213 2859 1253 non
2891 1200 3217 1277 probamus;
3250 1204 3347 1259 sed
3375 1217 3730 1276 argumentum
3755 1210 3811 1264 ιι.

556 1277 893 1332 terrestrium
943 1287 997 1332 et
1043 1279 1409 1337 inl'ernorum;
1442 1295 1542 1335 nec
1593 1280 1823 1336 visibilia
1873 1294 1966 1338 aut
2018 1283 2158 1340 invi-
2261 1282 2487 1343 ferimus
2517 1303 2685 1359 usque
2714 1290 2850 1349 adeo
2876 1290 3152 1349 Christum
3180 1311 3302 1353 esse
3325 1297 3494 1357 Deum
3515 1338 3531 1364 ,
3562 1312 3610 1357 ut
3640 1301 3811 1371 quidam

554 1366 767 1435 sibilia,
828 1378 920 1425 aut
987 1386 1168 1425 rerum
1223 1373 1465 1426 omnium
1517 1375 1697 1429 omnis
1752 1384 1999 1431 creatura
2062 1376 2159 1431 ho-
2262 1375 2448 1444 illum,
2504 1382 2784 1438 subtracto
2848 1382 3100 1457 homine,
3180 1391 3557 1448 tantummodo
3624 1401 3811 1464 putarint

553 1460 688 1515 mini
740 1472 886 1518 esset
936 1464 1180 1534 subjecta
1231 1465 1344 1521 sive
1394 1468 1699 1539 substrata,
1754 1484 1874 1540 qua:
1923 1485 1982 1526 se
2030 1481 2158 1527 ante
2261 1467 2464 1535 Deum;
2530 1472 2746 1542 quidam
2801 1487 2981 1532 autem
3038 1479 3210 1550 ipsum
3261 1483 3597 1541 crediderint
3625 1460 3809 1545 Patrem

551 1551 825 1609 hominem
874 1572 998 1612 esse
1050 1557 1406 1615 meminisset.
1443 1560 1519 1615 Ex
1563 1576 1670 1635 quo
1715 1562 1841 1616 dum
1886 1563 1938 1618 in
1988 1566 2158 1633 [arma
2262 1559 2431 1616 Deum
2463 1579 2475 1615 :
2508 1578 2629 1619 cum
2661 1567 2798 1623 ratio
2821 1577 2876 1624 et
2922 1579 3409 1640 temperamentum
3456 1579 3810 1651 Scripturarutn

553 1645 646 1702 Dei
678 1663 799 1703 e~se
826 1651 1075 1706 Christus
1101 1653 1318 1718 dicitur,
1351 1663 1406 1709 et
1428 1654 1556 1708 dum
1606 1655 1656 1708 in
1702 1657 2037 1713 nativitatem
2069 1673 2155 1713 se-
2259 1654 2585 1724 CCBIeSlium,
2633 1657 2911 1716 Christum
2943 1666 3233 1721 ostendant
3265 1667 3432 1725 Deum
3456 1715 3471 1739 ,
3507 1645 3601 1727 sed
3629 1688 3717 1743 qua
3742 1672 3808 1729 Fi-

549 1741 785 1798 cundutn
810 1758 1032 1797 carnem
1062 1759 1120 1800 se
1146 1748 1455 1803 exinanisse
1483 1760 1838 1817 monstratur,
1864 1764 1918 1806 et
1950 1752 2077 1807 dum
2104 1753 2153 1807 id
2185 1751 2231 1813 Β
2262 1745 2389 1800 “mn
2417 1749 2511 1804 Uri
2536 1794 2549 1815 ,
2584 1761 2639 1806 et
2666 1765 2952 1823 assumpto
2976 1771 3005 1810 a
3042 1757 3150 1814 Deo
3199 1761 3363 1816 etiam
3406 1762 3549 1819 Filio
3588 1741 3806 1833 hominis,

549 1837 827 1905 accepisse
858 1854 1056 1895 nomen
1088 1855 1117 1895 a
1147 1839 1308 1897 Patre
1336 1843 1482 1913 quod
1533 1845 1598 1898 sit
1647 1860 1812 1915 super
1860 1863 2020 1903 onme
2052 1865 2151 1904 no-
2257 1842 2585 1900 credendum
2637 1856 2691 1902 et
2733 1851 3026 1907 hominem.
3070 1853 3334 1922 Quoniam
3385 1860 3431 1913 si
3479 1860 3544 1913 ad
3586 1860 3806 1917 hominem

550 1946 673 1993 tuen
703 1931 1113 2000 eXpritnitur,et
1142 1935 1270 1992 dum
1304 1937 1355 1991 in
1384 1937 1404 1968 ³
1433 1939 1648 1993 nomine
1676 1940 1794 2010 ejus
1821 1956 1981 1996 omne
2010 1958 2151 2014 genu
2255 1937 2505 1993 Veniebat
2532 1949 2588 1995 ιιι
2634 1942 2897 1999 mediator
2927 1945 3018 2001 Dei
3043 1959 3096 2002 et
3130 1946 3411 2006 hominum
3441 1967 3563 2009 esse
3593 1953 3799 2020 deberet.

548 2025 884 2095 caelestium,
923 2038 1260 2083 terrenarum
1308 2040 1361 2085 et
1401 2030 1735 2086 infernarum
1765 2048 1824 2088 se
1851 2034 2070 2093 ﬂectere
2098 2044 2153 2091 et
2254 2040 2492 2101 οιιοτιυιι
2520 2032 2665 2089 illum
2690 2051 2811 2089 cum
2843 2054 2909 2091 00
2935 2054 3089 2111 65*8,
3115 2051 3169 2097 ei
3196 2043 3435 2101 Verbum
3458 2062 3671 2105 carnem
3699 2047 3800 2115 ﬁeri.

548 2134 773 2173 curvare
815 2130 1166 2188 monstratur,
1213 2132 1269 2178 et
1318 2125 1419 2179 hoc
1470 2125 1646 2194 ipsum
1701 2127 1753 2180 in
1800 2127 2023 2196 gloriam
2057 2129 2149 2185 Dei
2255 2123 2387 2177 υιίη
2410 2128 2724 2197 εθιηθιὶνεο
2744 2131 3090 2189 οιιηεοτάὶίὶιιι
3132 2137 3490 2194 conlibularet
3516 2147 3805 2196 terrenarum

551 2211 747 2283 Patris,
778 2213 799 2245 ‘
822 2231 1139 2272 succurrere
1157 2220 1419 2275 asseritnr
1450 2237 1463 2272 :
1498 2232 1896 2295 consequenter
1940 2239 2045 2278 non
2083 2240 2134 2280 e1

2254 2217 2455 2287 pariter
2481 2228 2639 2292 atque
2668 2223 2969 2280 cmleslium
2988 2267 3002 2292 ,
3037 2227 3163 2283 dum
3192 2231 3478 2303 utriusque
3519 2234 3680 2304 partis
3704 2234 3745 2288 in
3766 2247 3807 2288 se

549 2307 641 2364 illo
691 2318 898 2365 ιςιιιιυιη
949 2309 1112 2373 homo
1159 2323 1279 2379 est,
1329 2316 1455 2386 quia
1486 2314 1745 2370 obediens
1792 2317 1930 2372 Patri
1976 2317 2150 2375 factus
2252 2323 2580 2368 councctens
2610 2316 2864 2387 pignora,
2896 2331 2950 2375 et
2980 2320 3144 2379 DCIIII)
3194 2322 3432 2393 homini,
3483 2337 3539 2385 et
3580 2326 3806 2383 hominem

547 2413 630 2456 est
659 2419 827 2475 usque
853 2405 916 2463 ad
948 2418 1177 2469 mortem
1198 2450 1210 2471 ,
1245 2420 1473 2464 mortem
1505 2407 1686 2467 autem
1710 2411 1920 2477 crucis;
1957 2411 2051 2467 Sed
2082 2429 2134 2472 el

2253 2402 2365 2459 Deo
2392 2406 2705 2478 eopularet;
2739 2421 2796 2465 ut
2822 2412 3016 2467 merito
3047 2412 3218 2469 Filius
3261 2416 3354 2473 Dei
3386 2434 3483 2486 per
3529 2418 3807 2489 assumptio-

545 2494 630 2550 his
662 2499 824 2552 etiam
857 2499 1021 2554 rebus
1050 2500 1421 2573 superioribus
1461 2502 1793 2561 divinitatem
1823 2504 2023 2560 Christi
2054 2522 2134 2559 so-

2251 2512 2372 2553 nent
2418 2502 2595 2555 carnis
2626 2500 2794 2557 Filius
2848 2505 3125 2572 hominis,
3176 2518 3233 2564 et
3276 2510 3449 2566 Filius
3497 2512 3806 2582 hontiuispﬂ‘

546 2592 824 2660 nantibus,
875 2593 1134 2651 Dominus
1177 2594 1426 2651 Christus
1465 2594 1624 2652 Jesus
1670 2607 1725 2653 et
1774 2598 1953 2667 Deus,
2000 2598 2143 2669 quod
2250 2595 2616 2664 receptionem
2669 2597 2764 2653 Dei
2800 2597 2958 2654 Verbi
2988 2599 3159 2656 Filios
3191 2603 3281 2659 Dei
3314 2603 3463 2661 eftiei
3514 2613 3696 2678 possit.
3724 2604 3805 2665 Huc

548 2684 785 2741 limi-orici
815 2686 1032 2756 ηοιυιιι³
1063 2703 1183 2743 esse
1211 2700 1562 2746 monstratur.
2249 2684 2574 2743 altissimum
2605 2700 2766 2760 atque
2810 2693 3148 2748 reconditum
3179 2710 3579 2755 sacramentum
3607 2699 3667 2757 ad
3691 2699 3803 2754 salu-

959 2822 1189 2879 CAPUT
1228 2822 1419 2892 XXI",
1454 2826 1523 2880 al.
1562 2825 1748 2882 xw".
2248 2784 2354 2879 teni
2385 2781 3000 2892 goinerii'ltumatt'i‘attte
3033 2789 3232 2892 saecula
3262 2790 3634 2892 destinatum,
3655 2790 3806 2892 inibo-

2247 2870 2395 2923 mino
2423 2870 2550 2927 Jesu
2579 2873 2795 2930 Christo
2826 2877 2935 2931 Deo
2965 2888 3022 2934 et
3054 2880 3272 2937 homine
3304 2882 3581 2941 invenitur
3608 2883 3802 2956 impleri,

547 2934 699 3002 Quod
724 2936 853 2990 adeo
883 2937 1210 3008 manifestum
1265 2950 1358 3006 est,
1392 2948 1445 2994 ut
1497 2940 1711 3012 quidam
1764 2941 1986 2996 ha’retici
2030 2957 2134 2996 eunt

2246 2975 2355 3030 quo
2383 2964 2619 3018 conditio
2644 2967 2859 3037 generis
2892 2969 3109 3027 humani
3139 2973 3208 3028 ad
3246 2972 3486 3035 fructum
3511 2934 3715 3041 attentis
3739 2989 3806 3030 sa-

613 3028 781 3084 Deum
810 3029 1022 3087 Patrem
1054 3034 1305 3104 putarint,
1324 3035 1415 3089 alii
1451 3035 1612 3091 Deum
1640 3047 1839 3091 tantum
1858 3038 1968 3092 sine
1993 3053 2147 3092 carne

2247 3050 2374 3109 Iutis
2415 3066 2596 3126 posset
2616 3058 2829 3117 adduci.
2912 3124 2916 3128 θ

614 3123 790 3193 fuisse.
2173 3150 2219 3215 ρ

612 3254 727 3312 Hoc
754 3257 804 3313 in
837 3259 956 3321 loco
996 3259 1183 3316 licebit
1214 3262 1341 3319 mihi
1373 3275 1690 3335 argumenta
1719 3266 1885 3322 etiam
1909 3281 1974 3327 ex
2006 3266 2140 3323 alio-

542 3364 664 3405 rum
688 3351 1064 3413 hzereticorutn
1087 3366 1237 3426 parte
1249 3359 1590 3430 conquirere.
1612 3359 1851 3417 Firmum
1871 3371 1950 3416 est
1968 3376 2140 3432 genus

539 3442 901 3512 probationis,
924 3446 1065 3517 quod
1091 3448 1253 3507 etiam
1276 3451 1343 3507 ab
1363 3451 1675 3519 adversario
1691 3458 1936 3523 sumitur,
1973 3465 2029 3511 ut
2057 3472 2141 3513 ve-

538 3536 673 3593 ritas
701 3539 861 3595 etiam
887 3538 956 3597 ab
986 3540 1116 3610 ipsis
1156 3541 1387 3599 inimicis
1416 3545 1658 3602 veritatis
1683 3547 1957 3617 probetur.
2002 3547 2139 3607 Nam

540 3647 710 3704 usque
735 3633 870 3689 adeo
903 3636 1044 3691 hunc
1071 3636 1417 3695 manifestum
1464 3640 1629 3697 estin
1650 3640 1944 3711 Scripturis
1966 3643 1987 3673 ⁸
2016 3658 2140 3700 esse

538 3724 705 3781 Deum
723 3726 879 3796 tradi,
905 3740 961 3782 ut
984 3728 1224 3803 plerique
1243 3731 1638 3800 haereticorum,
1655 3734 1949 3795 divinitatis
1970 3737 2139 3809 ipsius

536 3822 907 3892 magnitudine
932 3834 987 3883 et
1016 3825 1244 3885 veritate
1283 3828 1577 3894 commoti,
1617 3829 1755 3885 ultra
1788 3831 2005 3889 modum
2033 3848 2137 3888 ex-

538 3916 820 3973 tendentes
848 3919 1084 3977 honores
1115 3920 1254 3992 ejus,
1284 3922 1399 3979 ausi
1444 3923 1553 3979 sint
1579 3923 1599 3954 θ
1627 3940 1732 3979 non
1762 3923 1996 3994 Filium,
2038 3925 2137 3982 sed

535 4009 715 4080 ipsum
752 4012 918 4069 Deum
951 4014 1165 4071 Patrem
1197 4032 1445 4087 promere
1474 4018 1558 4073 vel
1593 4028 1800 4090 putare.
1831 4019 2004 4088 Quod,
2035 4022 2138 4078 etsi

536 4114 728 4158 contra
770 4105 1168 4176 Scripturarum
1198 4111 1477 4165 veritatem
1521 4120 1645 4177 est,
1707 4120 1884 4167 tamen
1935 4110 2135 4169 divini-

539 4195 665 4251 tatis
687 4197 886 4254 Christi
933 4212 1307 4272 argumentum
1356 4203 1561 4273 grande
1599 4214 1761 4275 atqne
1805 4206 2135 4277 pr:rcipuum

534 4302 648 4357 est;
682 4292 772 4361 qui
806 4310 974 4365 usque
999 4297 1137 4352 adeo
1163 4298 1183 4328 '
1214 4298 1374 4365 Deus,
1404 4298 1498 4353 sed
1523 4316 1623 4370 qua
1658 4299 1827 4355 Filius
1855 4301 1946 4357 Dei
1981 4312 2137 4357 natus

533 4400 597 4443 ex
632 4386 762 4456 Deo,
790 4398 852 4445 ut
884 4388 1128 4463 plerique
1155 4391 1301 4447 illum
1334 4391 1434 4465 (ut
1464 4392 1743 4465 diximus)
1770 4393 2014 4457 Ila-retici
2064 4396 2136 4451 ita
2239 4401 2397 4463 atque
2426 4392 2537 4460 ipsa
2565 4393 2727 4447 Filius
2758 4394 2849 4450 Dei
2875 4409 2994 4451 esse
3025 4395 3255 4451 dicatur.
3287 4398 3363 4453 Ex
3395 4415 3526 4470 quo,
3558 4398 3672 4453 dum
3700 4393 3788 4447 dis-

534 4478 701 4535 Deum
730 4485 1076 4552 acceperint,
1111 4494 1203 4551 nt,
1234 4502 1341 4540 non
1370 4485 1594 4552 Filimn,
1631 4488 1724 4543 sed
1756 4488 1969 4546 Patrem
2006 4506 2133 4560 [ιι-ο·
2160 4558 2180 4560 Α
2239 4486 2428 4541 tinetio
2476 4486 2569 4541 lilii
2617 4488 2850 4543 hominis
2896 4498 2953 4545 et
3006 4490 3126 4545 Filii
3178 4491 3270 4548 Dei
3315 4494 3461 4549 nulla
3507 4490 3786 4549 secernitur.

531 4575 884 4630 mmtiandum
918 4579 1176 4647 putarint.
1209 4578 1496 4637 Estiment
1526 4595 1655 4653 ergo
1676 4599 1740 4635 an
1769 4582 1853 4637 hic
1879 4583 1945 4638 sit
1970 4558 2126 4655 Deus,
2156 4558 2211 4620 D
2238 4583 2330 4638 sed
2360 4583 2473 4653 ipse
2502 4582 2640 4636 ﬁlius
2672 4582 2907 4637 hominis
2942 4585 3031 4639 Dei
3071 4584 3239 4640 Filius
3280 4587 3612 4651 vindicatur;
3661 4583 3787 4638 Immo

529 4666 682 4739 Cujus
722 4674 1014 4727 auctoritas
1066 4682 1271 4730 tantum
1324 4676 1491 4732 movit
1535 4675 1827 4745 quosdam,
1877 4686 1934 4733 ut
1984 4688 2137 4751 puta-
2241 4676 2612 4732 tantummodo
2641 4676 2895 4732 Christus
2924 4678 3063 4734 idem
3092 4689 3253 4750 atque
3277 4680 3443 4737 Filius
3482 4682 3570 4737 Dei
3618 4686 3787 4733 asseN'

527 4772 650 4818 rent
699 4761 849 4821 illum
882 4773 940 4821 ut
966 4764 1204 4823 diximus
1232 4769 1503 4841 superius,
1530 4769 1686 4841 “jam
1714 4771 1887 4841 ipsum
1919 4771 2133 4831 Patrem
2240 4782 2346 4829 tur.
2397 4771 2501 4826 Per
2547 4768 2692 4841 quod
2745 4770 2986 4828 nituntur
3043 4774 3334 4832 excludere
3374 4794 3387 4831 :
3446 4773 3651 4832 Verbum
3693 4777 3785 4822 ίαΐο

1728 4907 2103 4970 GALLANDII
2131 4908 2693 4970 COMMENTARIUS.

2224 5027 2590 5101 expressimus
2615 5069 2630 5092 ,
2656 5025 3220 5101 reScribentes_nattlo
3260 5038 3386 5085 ante
3433 5029 3518 5085 Ea:
3543 5040 3635 5101 quo
3670 5022 3779 5083 dum»

2224 5100 2312 5173 ubi
2343 5099 2496 5173 editt.
2535 5099 2745 5173 Anglia.
2778 5101 2971 5173 habent
3012 5097 3094 5153 Ea:
3120 5119 3218 5170 quo
3246 5112 3291 5155 et
3318 5102 3469 5173 dum.

2296 5170 2318 5202 ⁸
2349 5170 2663 5226 Succurrrre
2710 5171 2807 5225 Sui
2836 5189 3042 5226 rurrere
3067 5170 3329 5229 Latinius.

2298 5245 2318 5276 ⁵
2355 5242 2500 5298 Esse.
2538 5242 2749 5297 Mallem
2777 5254 2821 5295 et
2843 5284 2860 5311 ,
2891 5260 3014 5300 cum
3040 5244 3287 5300 Goleuio.
3712 5301 3757 5313 η,

2297 5317 2317 5346 ⁸
2344 5314 2464 5369 Νοιι
2498 5313 2712 5369 Filium.
2748 5301 2903 5387 Legit
2946 5314 3356 5385 Welchmanus,
3415 5334 3529 5373 eum
3575 5327 3664 5370 non
3705 5301 3775 5359 Fi'

2225 5388 2371 5443 lium.

2296 5462 2314 5491 ⁷
2336 5459 2490 5513 Deus.
2516 5458 2835 5530 Legendum
2891 5468 3043 5530 putat
3086 5460 3231 5517 idem
3262 5459 3529 5517 “'elchm.
3561 5456 3679 5512 Deus
3699 5452 3769 5507 etl-

2225 5530 2501 5588 Consentil
2536 5529 2858 5587 Jack<0ntts.
2893 5529 2896 5530 ⁷
3604 5598 3607 5599 ,
3740 5586 3750 5599 .

2296 5606 2318 5637 ⁸
2343 5602 2487 5679 Jatn.
2516 5602 2640 5679 _Non
2668 5603 2877 5679 dubitat
2904 5602 3234 5679 Jacksonus,
3263 5605 3391 5679 quin
3437 5598 3694 5679 legendum
3714 5593 3770 5679 ξπ

2222 5676 2396 5731 etiam.
2428 5676 2528 5748 Qui
2559 5683 2817 5746 praeterea
2849 5678 3115 5748 integrum
3148 5674 3325 5732 locum
3360 5674 3589 5733 quatum
3613 5674 3764 5748 existi:

2221 5763 2414 5815 mans,
2470 5746 2548 5803 sic
2627 5745 3010 5804 rescriberet}
3056 5747 3217 5821 Cujus
3268 5752 3543 5806 auctoritas
3608 5745 3763 5798 tantum

2675 3215 2904 3273 CAPUT
2944 3217 3135 3288 XXIV,
3160 3221 3235 3278 al.
3268 3220 3415 3278 XIX.

2243 3328 2376 3385 Illos
2420 3342 2590 3389 autent
2632 3346 2902 3410 propterea
2941 3356 3156 3406 errasse,
3209 3342 3343 3415 quod
3369 3343 3503 3399 nihil
3542 3343 3804 3399 arbitraren-

2314 3435 2397 3480 tur
2423 3427 2660 3484 interesse
2680 3431 2811 3484 inter
2845 3432 3043 3487 Filium
3089 3432 3187 3491 Dei
3228 3445 3275 3491 et
3321 3437 3492 3506 ﬁlium
3524 3434 3803 3506 hominis,“

2314 3520 2637 3594 Scripturam
2660 3527 2792 3583 male
2815 3527 3141 3584 intellectam.

2313 3731 2419 3789 Sed
2465 3735 2667 3791 erroris
2716 3735 2868 3794 istius
2918 3738 3294 3799 hmteticorum
3340 3742 3504 3813 inde,
3534 3752 3589 3799 ut
3615 3739 3791 3812 Opinor.

2242 3836 2365 3883 nata
2416 3832 2636 3885 materia
2667 3842 2782 3900 est,
2835 3833 2959 3903 quia
3005 3835 3144 3890 inter
3175 3834 3370 3893 Filium
3424 3839 3520 3893 Dei
3556 3847 3608 3893 et
3633 3835 3792 3891 Filium

2242 3919 2473 3976 lmminis
2501 3924 2634 3977 nihil
2674 3923 3006 3981 arbitrantur
3038 3928 3333 3994 interesse;
3360 3944 3426 3985 ne
3449 3930 3587 3987 facta
3612 3928 3795 3983 distinc-

2242 4014 2386 4070 tione
2410 4056 2425 4080 ,
2457 4026 2510 4072 et
2539 4017 2710 4072 llomo
2736 4028 2789 4073 et
2843 4019 2984 4074 Deus
3030 4019 3190 4076 .lesus
3219 4022 3470 4079 Christus
3501 4024 3647 4080 facile
3671 4034 3792 4076 com-

2239 4108 2521 4180 probetur.
2556 4109 2818 4166 Eumdem
2844 4114 2987 4167 enim
3015 4116 3404 4184 atqtte'ipsum.
3433 4118 3487 4172 id
3528 4128 3607 4173 est
3653 4110 3793 4168 homi-

2241 4219 2363 4259 nem
2389 4204 2554 4259 lilittm
2584 4206 2843 4274 hominis,
2877 4208 3038 4261 etiam
3067 4208 3262 4264 Filium
3292 4211 3381 4266 llei
3412 4213 3595 4267 volunt
3624 4204 3789 4267 videri;

2241 4306 2296 4349 ut
2327 4295 2487 4350 homo
2515 4306 2569 4352 et
2604 4314 2761 4366 caro,
2812 4309 2868 4355 et
2914 4300 3114 4369 fragilis
3161 4302 3248 4356 illa
3295 4304 3591 4359 substantia
3637 4299 3790 4357 eadem

526 5022 806 5090 experitur.
836 5022 1110 5079 Pamelins
1144 5025 1325 5080 minus
1353 5031 1501 5080 recte
1529 5025 1829 5081 exinaniuit.
1858 5024 2118 5083 Jscesou.

600 5095 616 5126 ¹
647 5094 815 5167 Super
857 5112 1023 5151 omne.
1077 5097 1147 5161 lla
1189 5096 1350 5152 edidit
1383 5097 1652 5163 Pantelius
1684 5118 1696 5152 :
1723 5108 1884 5167 allIUt!
1936 5100 2124 5155 isthmc

524 5163 954 5243 Icelio‘congruit
990 5170 1311 5243 pri-cedenti
1341 5185 1493 5243 super
1519 5186 1667 5243 autne
1693 5186 1756 5224 ex
1801 5163 1957 5243 textu
1980 5172 2123 5243 Pau-

524 5235 916 5315 lino_(
944 5235 1000 5303 ut,
1023 5239 1079 5315 9)
1110 5253 1159 5296 et
1187 5235 1535 5315 subseqt'teuti
1575 5258 1730 5315 super
1753 5259 1902 5298 omne
1947 5242 2122 5298 Nova-

525 5309 675 5385 “alii:
710 5310 846 5365 Ε(ίίιὶ
871 5309 1145 5383 Anglicani
1167 5330 1317 5385 super
1342 5309 1533 5385 omnia.

596 5381 737 5455 {Qui
778 5400 930 5455 super
961 5381 1131 5440 omnia
1176 5381 1282 5453 est,
1343 5383 1461 5439 Dei.
1499 5385 1778 5441 Existimat
1822 5385 2121 5443 Jat'ksonns

524 5452 596 5505 ita
624 5452 906 5533 legentium
928 5471 1080 5513 esse:
1108 5458 1208 5525 Qui
1235 5474 1387 5530 super
1408 5457 1581 5512 omnia
1617 5469 1711 5515 est.
1742 5458 1877 5512 Deus
1897 5469 1969 5514 est
1999 5476 2119 5533 ergo

523 5539 705 5578 nomen
748 5526 875 5579 illud
895 5569 910 5593 ,
938 5540 1041 5582 etc.

596 5594 982 5674 ‘Natjvitotem.
1002 5600 1387 5674 \Velchmanus
1416 5601 1598 5661 mallet
1633 5601 1912 5662 nativitate.
1938 5600 2120 5674 Neque

523 5668 707 5746 abnuit
728 5668 1047 5746 Jacksoutts.
1073 5673 1192 5731 Mox
1215 5684 1438 5746 uterque
1460 5691 1574 5746 sese
1605 5678 1811 5731 eainau.
1837 5716 1850 5745 ,
1880 5690 2000 5730 cum
2024 5668 2114 5731 ve-

525 5740 726 5799 toribus
752 5742 928 5803 editis.
962 5748 1029 5811 At
1053 5762 1108 5803 se
1138 5740 1377 5818 praebent
1407 5745 1557 5804 editt.
1589 5747 1793 5807 Pamel.
1824 5740 1957 5820 quas
1983 5747 2113 5804 item
