4008 6320
223 263 332 323 935

1446 260 1535 320 DE
1576 252 1951 331 TRlNlTA'l‘E
1990 252 2215 325 LIBER.

3422 258 3531 323 93ιὶ

221 362 417 428 factum
464 363 538 411 est
587 363 635 411 et
690 354 934 411 habitavit
972 356 1024 411 in
1077 356 1221 411 nobis
1259 355 1460 431 (Joan.
1506 374 1544 423 ι,
1582 359 1669 429 14)
1700 375 1714 424 ;
1753 358 1816 411 Et
1843 362 1893 421 Α
1924 375 2026 413 non
2061 359 2198 422 fuit;
2231 367 2286 412 ut
2314 357 2683 429 principalitas
2739 358 2975 415 nominis
3022 353 3202 415 istius‘
3228 357 3398 414 Filius
3427 357 3525 414 Dei

222 451 467 505 vorabitis
499 467 678 504 nomen
706 451 818 520 ejus
846 448 1183 517 Emmanuel,
1217 452 1354 520 quod
1392 460 1465 505 est
1515 452 1822 523 interpreta-

226 554 335 597 tum
366 542 644 599 Nobiscum
678 541 815 597 Deus
846 543 1069 617 (Matth.
1107 560 1144 610 l,
1173 544 1304 615 25).
1339 545 1653 615 Proponnnt
1683 548 1826 601 enim

224 649 385 710 atque
417 639 506 693 illa
543 637 915 709 pra-tendunt,
967 654 1086 709 qua:
1133 639 1184 693 in
1218 640 1505 709 Evangelia
1547 640 1707 695 Lucae
1737 656 1825 694 re-

223 731 333 786 lata
362 740 522 799 sunt,
553 746 620 785 ex
650 731 845 805 quibus
873 746 1120 785 asserere
1172 744 1440 786 conantur
1466 773 1481 798 ,
1528 746 1634 785 non
1680 730 1827 800 quod

224 835 344 891 est,
398 823 492 879 sed
547 833 751 878 unitum
803 823 932 878 illud
975 823 1117 894 quod
1173 825 1359 877 volunt
1403 838 1525 880 esse
1554 841 1567 877 :
1599 823 1828 894 Spiritus

223 917 452 974 Sanctus
481 919 642 972 veniet
668 918 720 972 in
772 928 847 983 te,
905 927 950 971 et
1000 918 1459 972 virtus~Altissinti
1511 916 1829 972 obumbrobit

222 1011 349 1076 tibi;
368 1021 638 1081 propterea
663 1020 708 1065 et
732 1010 868 1081 quod
898 1027 960 1064 ex
983 1020 1030 1065 te
1059 1023 1293 1065 nascetur
1321 1019 1573 1078 sanctum,
1616 1012 1826 1065 vocabi-

222 1116 306 1160 tur
338 1104 511 1161 Filius
548 1105 641 1159 Dei
673 1104 822 1179 (Luc.
860 1123 897 1171 ι,
942 1104 1059 1177 55).
1091 1105 1145 1161 Si
1173 1122 1338 1178 ergo,
1388 1107 1672 1175 inquiunt,
1706 1109 1822 1162 An-

219 1204 374 1275 gelus
402 1204 495 1257 Dei
527 1204 656 1263 dicit
702 1204 768 1258 ad
804 1203 1023 1259 Mariam
1047 1248 1060 1268 ,
1090 1209 1227 1276 quod
1253 1222 1314 1261 ex
1343 1216 1389 1260 te
1417 1216 1655 1263 nascetur
1681 1224 1830 1269 sanc-

221 1306 374 1362 tum,
423 1312 487 1351 ex
518 1295 683 1351 Maria
736 1305 820 1353 est
872 1300 1169 1354 substantia
1213 1301 1392 1356 carnis
1436 1309 1490 1355 et
1539 1302 1821 1372 c0rporis;

221 1388 364 1444 hanc
392 1400 573 1444 autem
619 1391 974 1447 substantiam
997 1434 1013 1461 ,
1061 1393 1112 1448 id
1154 1402 1235 1448 est
1264 1403 1509 1448 sanctum
1542 1394 1643 1449 hoc
1683 1395 1828 1467 quod

220 1497 289 1538 ex
342 1482 431 1537 illa
484 1482 727 1553 genitum
783 1493 903 1551 est,
956 1483 1148 1543 Filium
1206 1488 1294 1543 Dei
1348 1502 1471 1543 esse
1498 1490 1825 1558 proposuit:

220 1575 408 1641 homo,
444 1577 728 1646 inquiunt,
776 1579 928 1647 ipse,
980 1589 1036 1635 et
1066 1582 1152 1634 illa
1183 1597 1309 1638 caro
1362 1582 1644 1650 corporis,
1698 1582 1829 1639 illud

220 1667 365 1739 quod
394 1682 637 1723 sanctum
670 1679 748 1723 est
791 1670 1027 1737 dictum,
1079 1672 1253 1744 ipsum
1306 1683 1388 1727 est
1417 1673 1582 1727 Filius
1616 1675 1728 1729 Dei.
1759 1673 1830 1730 Ut

1933 452 1984 506 in
2012 452 2213 522 Spiritu
2259 453 2327 506 sit
2378 452 2624 515 Domini,
2677 454 2767 524 qui
2814 453 3094 509 descendit
3144 464 3198 509 et
3239 456 3418 531 venit;
3473 464 3531 508 ut

1931 548 2148 614 scquela
2182 545 2416 599 nominis
2444 547 2463 577 '
2492 546 2543 599 in
2578 544 2712 600 Filio
2744 547 2834 601 Dei
2869 556 2922 602 et
2951 546 3185 601 hominis
3213 548 3311 607 sit.
3338 556 3391 602 et
3414 564 3527 601 me-

1931 639 2033 692 rito
2061 651 2458 709 consequenter
2488 639 2575 694 hic
2602 640 2769 695 Filius
2800 642 2891 697 Dei
2924 642 3095 697 factus
3121 644 3193 699 sit
3216 686 3232 708 ,
3270 643 3394 699 dum
3423 659 3530 699 non

1934 731 2301 802 principaliter
2324 732 2491 787 FlllllS
2517 734 2609 791 Dei
2638 744 2740 790 est.
2772 740 2948 805 Atque
2978 736 3099 792 ideo
3120 737 3529 807 dispositionem

1932 823 2088 879 istam
2120 824 2358 895 Angelus
2383 826 2570 882 videns
2592 870 2607 896 ,
2636 836 2692 882 et
2716 828 2962 883 ordinem
3016 835 3175 886 istum
3207 831 3530 886 sacramenti

1935 919 2257 989 expediens,
2310 937 2416 975 non
2468 922 2548 977 sic
2595 933 2786 977 cuncta
2837 923 3174 979 confundens
3222 932 3280 980 ut
3328 925 3529 980 nullum

1933 1014 2218 1082 vestigium
2248 1012 2611 1071 distinctionis
2641 1016 2957 1084 collocarit,
3003 1019 3404 1075 distinetioiiem
3434 1035 3532 1091 po-

1932 1104 2041 1160 suit
2067 1145 2082 1172 ,
2109 1106 2371 1162 dicendo:
2404 1106 2689 1180 Propterea
2718 1119 2765 1164 et
2792 1111 2928 1180 quod
2958 1123 3197 1167 nascetur
3226 1128 3290 1168 ea:
3311 1123 3358 1169 te
3380 1130 3531 1169 sanc-

1931 1207 2075 1261 tum,
2134 1202 2397 1255 vocabitur
2447 1201 2617 1257 Filius
2670 1202 2822 1257 Dei:
2869 1219 2936 1260 ne
2990 1206 3034 1261 si
3089 1205 3528 1262 distributionem

1932 1292 2089 1347 istam
2117 1309 2237 1351 eum
2269 1293 2606 1351 libramentis
2634 1296 2747 1351 suis
2777 1312 2883 1351 non
2906 1296 3273 1373 dispenSasset
3292 1341 3307 1366 ,
3338 1299 3431 1355 sed
3477 1300 3531 1356 in

1932 1388 2160 1443 ciuilnso
2213 1392 2532 1460 permixtam
2600 1390 2937 1462 reliquisset,
3010 1408 3136 1449 vere
3187 1394 3530 1450 occasionem

1934 1481 2202 1537 haereticis
2232 1482 2545 1538 contulisset
2566 1526 2581 1549 ,
2612 1495 2671 1539 ut
2700 1483 2934 1539 hominis
2967 1484 3194 1552 Filium,
3239 1502 3344 1558 qua
3370 1487 3533 1543 homo

1931 1584 2045 1651 est,
2079 1575 2327 1630 eumdem
2360 1586 2413 1631 et
2440 1576 2460 1607 ³
2487 1576 2582 1630 Dei
2616 1575 2920 1632 ethominis
2948 1576 3144 1633 Filium
3187 1582 3534 1649 pronuntiare

1932 1665 2211 1722 deberent.
2266 1667 2417 1722 Nunc
2465 1679 2642 1725 autem
2690 1670 3050 1741 particulatim
3097 1687 3372 1742 exponens
3423 1683 3531 1729 tam

222 1772 279 1817 et
307 1778 428 1816 cum
459 1763 585 1816 dicit
614 1761 889 1832 Scriptura
920 1777 1155 1819 sanciunt
1177 1808 1190 1829 ,
1221 1764 1494 1821 Chrismm
1527 1768 1692 1822 lilium
1725 1768 1825 1821 ho—
1857 1766 1904 1827 B
1934 1762 2110 1830 magni
2141 1761 2463 1815 sacramenti
2488 1760 2731 1816 ordinem
2761 1772 2921 1832 atque
2942 1765 3227 1832 rationem,
3256 1764 3533 1821 evidenter

222 1854 384 1909 minis
405 1855 678 1911 hominem
714 1855 1113 1927 intelligamus;
1144 1868 1336 1913 etcum
1365 1858 1560 1913 Filium
1585 1859 1683 1914 Dei
1701 1876 1825 1931 pro-

225 1951 398 2020 ponit,
430 1950 572 2004 ’non
598 1949 894 2013 hominem,
915 1950 1008 2005 sed
1031 1952 1198 2006 Deum
1218 1967 1493 2023 permpere
1508 1955 1822 2008 debeamus.

222 2041 331 2097 Sed
351 2043 494 2096 enim
521 2041 795 2114 Scriptura
815 2042 1019 2105 divina,
1043 2043 1420 2099 haereticorum
1449 2056 1501 2100 et
1531 2044 1748 2099 fraudes
1773 2054 1828 2100 et

224 2136 362 2192 furta
398 2137 553 2190 facile
582 2139 856 2192 convincit
886 2146 941 2192 ct
984 2137 1211 2207 delegit.
1259 2138 1315 2194 Si
1363 2141 1505 2193 enim
1557 2141 1635 2194 sic
1682 2148 1828 2195 esset

227 2231 596 2284 tantummodo
617 2273 632 2295 ,
668 2230 898 2298 Spiritus
932 2232 1096 2285 ueniet
1126 2232 1179 2284 in
1212 2240 1288 2297 te,
1316 2242 1363 2286 et
1393 2235 1549 2285 virtus
1576 2233 1828 2287 Altissimi

225 2325 541 2379 obumbrabit
564 2325 683 2389 tibi,
716 2335 986 2394 propterea
1005 2324 1145 2407 quo}!
1166 2338 1403 2381 nascetur
1424 2342 1488 2381 ex
1507 2336 1554 2381 te
1572 2337 1823 2390 sanctum,

224 2417 482 2471 vocabitur
510 2415 679 2471 Filius
708 2416 800 2470 Dei
816 2432 835 2481 ;
862 2418 1091 2475 fortasse
1121 2419 1227 2473 alio
1257 2426 1405 2475 esset
1442 2417 1597 2475 nobis
1628 2434 1827 2487 genere

226 2511 485 2575 adversus
513 2511 633 2569 illos
660 2512 1064 2581 reluctandum,
1097 2522 1152 2568 et
1179 2512 1285 2567 alia
1315 2512 1467 2569 nobis
1513 2524 1696 2568 essent
1734 2529 1826 2567 ar-

226 2615 472 2677 gumenta
501 2608 787 2677 quarremla
816 2617 870 2662 et
914 2623 1060 2665 arma
1111 2607 1409 2671 sumenda,
1466 2606 1661 2683 quibus
1704 2607 1825 2665 illo-

225 2712 346 2755 rum
377 2708 429 2752 et
461 2699 681 2757 insidias
725 2708 779 2757 et
824 2700 1120 2769 prtestigias
1149 2701 1489 2759 vinceremus
1519 2718 1532 2755 :
1566 2717 1688 2757 cmn
1731 2715 1829 2756 au-

230 2797 336 2845 tcm
364 2789 477 2862 ipsa
500 2790 781 2862 Scriptura
805 2793 1012 2848 cmlesti
1036 2793 1316 2849 abundans
1345 2792 1678 2865 plenitudine
1706 2809 1829 2851 sese

224 2882 601 2943 haereticorum
622 2887 841 2941 ismrnm
859 2885 1142 2941 calumniis
1156 2896 1348 2951 exuat;
1376 2884 1530 2942 facile
1549 2888 1666 2956 ipso
1683 2888 1827 2957 quod

224 2980 483 3050 scriptum
514 2992 597 3036 est
644 2981 883 3047 nitimur,
916 2992 965 3037 et
996 2998 1213 3039 errores
1240 2982 1374 3038 istos
1405 2983 1524 3038 sine
1566 2984 1672 3047 ulla
1728 2984 1829 3039 du-

223 3071 483 3129 bitatione
536 3089 871 3147 superamus.
924 3074 1041 3130 Non
1088 3076 1232 3129 enim
1282 3075 1455 3143 dixit,
1508 3086 1566 3131 ut
1590 3076 1701 3151 jam
1733 3092 1829 3133 ex-

1927 1856 2225 1921 expressit,
2262 1865 2316 1908 ut
2345 1856 2579 1924 diceret,
2612 1865 2658 1909 et
2683 1857 2819 1929 quod
2847 1872 2911 1910 ea:
2937 1866 2984 1911 te
3007 1870 3246 1912 nascetur
3267 1868 3523 1926 sanctunt,

1926 1945 2183 1999 vocabitur
2214 1945 2383 2000 Filius
2433 1946 2569 2012 Dei;
2628 1951 2860 2015 probans
2910 1951 3163 2019 quoniam
3221 1950 3391 2006 Filius
3437 1951 3533 2007 Dei

1928 2036 2207 2093 descendit
2240 2058 2253 2094 :
2287 2042 2371 2108 qni
2404 2039 2529 2094 dum
2567 2040 2757 2096 Filium
2809 2041 3044 2097 hominis
3088 2044 3141 2098 in
3172 2057 3231 2098 se
3255 2045 3528 2112 suscepit,

1929 2141 2323 2201 consequi-nter
2350 2133 2496 2187 illum
2530 2131 2723 2188 Filium
2761 2135 2851 2189 Del
2882 2133 3044 2201 fecit;
3073 2139 3327 2205 quoniam
3382 2136 3535 2192 illum

1928 2224 1951 2255 ’⁵
1976 2223 2144 2279 Filius
2182 2226 2284 2280 sibi
2316 2226 2405 2280 Dei
2429 2227 2652 2281 siiciavu
2680 2240 2727 2280 et
2757 2227 2958 2297 junxit.
2992 2227 3061 2284 Ut
3086 2229 3211 2283 dum
3240 2229 3408 2285 Filius
3437 2231 3534 2285 ho-

1929 2316 2090 2371 minis
2135 2316 2377 2372 adhzeret
2403 2319 2457 2373 in
2485 2319 2506 2349 "
2531 2321 2863 2373 nativitatem
2892 2319 3030 2375 Filio
3064 2321 3191 2386 Dei;
3244 2324 3358 2391 ipsa
3406 2338 3532 2392 per-

1931 2410 2192 2466 mixtione
2223 2412 2522 2467 leneratum
2570 2422 2625 2468 et
2672 2423 2973 2468 mutuatum
3002 2422 3245 2481 teneret,
3282 2416 3424 2485 quod
3467 2433 3535 2474 ex

1930 2516 2119 2559 natura
2151 2506 2375 2579 propria
2396 2506 2671 2576 possidere
2699 2525 2804 2562 non
2838 2518 3040 2579 posset.
3072 2511 3150 2564 Ac
3178 2510 3255 2564 sic
3284 2508 3421 2566 facta
3449 2521 3537 2568 est

1934 2596 2125 2668 Angeli
2158 2615 2287 2653 vnce
2312 2642 2326 2666 ,
2352 2602 2493 2671 quod
2526 2602 2713 2656 nolunt
2737 2601 2975 2659 ha-relici
2999 2646 3012 2666 ,
3045 2603 3186 2659 inter
3214 2603 3407 2658 Filium
3441 2605 3533 2661 Dei

1932 2692 2304 2764 hominisque,
2336 2711 2457 2749 cum
2491 2710 2584 2749 sua
2618 2707 2795 2751 tamen
2827 2696 3124 2752 sociatione
3149 2740 3164 2765 ,
3212 2697 3530 2764 distinctio;

1933 2785 2175 2857 urgendo
2216 2788 2336 2842 illos
2368 2789 2440 2842 liti
2470 2787 2744 2843 Christum
2774 2831 2788 2854 ,
2823 2790 2844 2820 ⁶
2869 2788 3103 2843 hominis
3155 2789 3384 2857 Filium,
3436 2790 3537 2846 ho-

1933 2883 2133 2938 minem
2166 2884 2469 2953 intelligant
2499 2898 2713 2957 quoque
2746 2884 2841 2951 Dei
2879 2884 3072 2939 Filznm
3096 2925 3111 2942 .
3163 2895 3215 2939 et
3261 2885 3533 2941 hominem

1934 2976 2031 3031 Dei
2064 2976 2257 3031 Filium
2278 3019 2293 3040 ,
2325 2976 2375 3030 id
2404 2988 2485 3031 est
2518 2977 2609 3032 Dei
2648 2976 2880 3031 Verbum
2912 2975 3090 3050 (sicut
3118 2977 3379 3047 scriptum
3407 2976 3534 3050 est)

1933 3069 2100 3123 Deum
2147 3069 2418 3139 accipiant
2460 3088 2473 3124 :
2515 3077 2674 3142 atque
2717 3069 2839 3124 ideo
2878 3069 3154 3125 Christum
3198 3068 3382 3125 Jesnm
3425 3070 3533 3126 Do-

225 3167 560 3237 pressiIImS,
603 3180 873 3239 propterea
903 3168 1039 3239 quod
1074 3184 1138 3227 ex
1184 3178 1231 3227 te
1270 3181 1506 3229 nascetur
1554 3182 1819 3240 sanctum,-
1847 3164 1893 3235 ς.
1928 3164 2171 3231 minnm,
2203 3163 2223 3193 "
2248 3179 2313 3217 ex
2354 3174 2584 3234 utroque
2633 3178 2936 3218 connexum
2972 3162 3074 3236 (ut
3119 3162 3191 3217 ita
3236 3160 3533 3234 dixerim),

225 3256 320 3313 sed
370 3258 567 3329 adjecit
617 3259 1053 3330 conjunctioiiem
1086 3279 1097 3313 :
1132 3262 1207 3316 ait
1245 3264 1422 3330 enim,
1479 3274 1748 3334 propterea
1781 3272 1827 3321 et

225 3352 362 3424 quod
393 3370 456 3408 ex
497 3363 546 3409 te
590 3364 824 3411 nascetur
868 3366 1139 3421 sanctum;
1191 3364 1248 3419 ut
1298 3356 1424 3413 illud
1478 3358 1821 3428 ostenderet,

226 3463 334 3505 non
374 3449 741 3519 principaliter
773 3450 873 3505 hoc
895 3462 1139 3507 sanctum
1168 3451 1311 3524 quod
1338 3468 1402 3507 ex
1432 3451 1522 3507 illa
1557 3453 1822 3523 nascitur,

224 3541 279 3597 id
307 3550 391 3596 est
418 3543 574 3601 istam
606 3543 784 3601 carnis
828 3545 1178 3619 corporisque
1223 3544 1579 3605 substantiam
1626 3546 1819 3605 Filium

224 3635 321 3695 Dei
356 3652 517 3707 esse,
583 3637 678 3695 sed
733 3650 1129 3711 consequenter
1165 3649 1219 3701 et
1265 3641 1317 3697 in
1366 3642 1606 3701 secundo
1652 3644 1819 3700 loco:

223 3729 593 3807 principaliter
629 3738 806 3789 autem
838 3730 1029 3787 Filium
1055 3731 1156 3792 Dei
1198 3747 1317 3787 esse
1346 3732 1583 3795 Verbum
1617 3734 1707 3789 Dei
1740 3736 1823 3793 in-

223 3832 500 3879 carnatum
528 3838 621 3893 per
650 3824 798 3881 illum
829 3822 1108 3895 Spiritum,
1137 3824 1205 3879 de
1225 3841 1331 3903 quo
1355 3825 1593 3897 Angelus
1617 3827 1781 3885 refert
1806 3848 1819 3883 :

225 3916 456 3987 Spiritus
482 3918 641 3975 veniet
664 3919 714 3971 in
743 3926 807 3982 te,
841 3927 886 3971 et
917 3918 1076 3975 virtus
1102 3918 1351 3977 Altissimi
1373 3920 1687 3979 obumbrabit
1711 3921 1821 3987 tibi.

222 4009 327 4071 llic
371 4020 452 4067 est
496 4013 640 4066 enim
690 4012 962 4082 legitimus
1006 4012 1097 4066 Dei
1150 4012 1320 4069 Filius
1345 4015 1432 4087 qui
1463 4029 1529 4068 ex
1567 4015 1681 4084 ipso
1714 4014 1823 4071 Deo

223 4113 339 4170 est,
371 4105 459 4175 qui
492 4106 617 4160 dum
648 4120 879 4159 sanctum
928 4104 1069 4159 istud
1113 4108 1371 4175 assumit,
1416 4114 1469 4160 ct
1497 4106 1595 4161 sibi
1624 4105 1819 4163 Filium

222 4195 461 4257 hominis
486 4202 722 4261 annecnt
745 4241 758 4265 ,
789 4209 842 4252 et
876 4198 1021 4265 illum
1069 4199 1135 4255 ad
1174 4215 1233 4256 se
1270 4201 1408 4269 rapit
1456 4211 1618 4273 atque
1646 4212 1824 4269 trans—

223 4290 373 4347 dueit
397 4331 412 4356 ,
440 4290 773 4346 connexioue
802 4308 895 4346 sua
924 4301 978 4346 et
1022 4293 1379 4369 permixtione
1426 4293 1629 4355 sociata
1677 4311 1815 4366 prie-

224 4392 365 4452 stat,
395 4393 450 4439 et
475 4383 666 4441 Filium
690 4386 838 4445 illum
869 4386 965 4441 Dei
994 4385 1142 4457 facit,
1174 4388 1315 4465 quod
1358 4387 1451 4453 ille
1499 4388 1818 4451 naturaliter

1932 3274 1998 3315 ex
2030 3267 2255 3327 utroque
2286 3266 2596 3312 contextum
2641 3265 2800 3327 atque
2848 3267 3198 3323 concretum,
3254 3266 3308 3311 et
3351 3256 3403 3311 in
3448 3271 3531 3312 ea-

1930 3353 2051 3408 dem
2100 3355 2381 3425 uti-iusque
2440 3351 2758 3407 substantia:
2807 3350 3100 3407 concordia
3142 3350 3313 3406 mutui
3343 3350 3408 3407 ad
3448 3351 3533 3407 iu-

1931 3449 2104 3504 vicem
2140 3446 2360 3504 hederis
2387 3445 2809 3502 conﬂbnlatione
2838 3447 3100 3501 sociatum
3128 3487 3143 3512 ,
3180 3445 3454 3503 hominem
3477 3455 3533 3503 et

1930 3540 2098 3596 Deum
2120 3583 2135 3609 ,
2164 3541 2457 3613 Scriptura:
2486 3535 2587 3595 Iioc
2619 3540 2792 3609 ipsum
2835 3537 3073 3595 dicentis
3120 3539 3385 3609 veritate,
3435 3553 3533 3596 co-

1928 3645 2212 3707 gnoscant.

2380 3703 2611 3762 CAPUT
2653 3702 2818 3773 XXV,
2854 3706 2927 3760 at.
2961 3704 3083 3760 XX.

1930 3800 2112 3872 Neque
2136 3800 2255 3853 inde
2274 3800 2434 3869 sequi,
2463 3800 2582 3870 quia
2609 3796 2841 3853 Christus
2869 3810 3121 3865 mortuus,
3167 3798 3321 3853 etiam
3371 3798 3533 3853 Deum

1999 3903 2253 3947 mortuum
2282 3894 2446 3963 accipi
2475 3908 2495 3947 :
2526 3908 2627 3947 non
2665 3893 2822 3974 enim
2846 3890 3197 3946 tantummodo
3219 3889 3412 3958 Deum,
3445 3891 3535 3947 sed

1999 3996 2045 4041 et
2073 3986 2325 4040 hominem
2372 3984 2631 4040 Christum
2666 3984 2938 4055 Scriptura
2987 3984 3247 4055 proponit.

2002 4102 2164 4172 Ergo,
2199 4100 2469 4171 lnqniunt,
2500 4102 2543 4152 si
2571 4090 2819 4155 Christus
2863 4114 2969 4154 non
2996 4097 3162 4154 homo
3193 4109 3277 4155 est
3299 4108 3531 4167 tantum,

1927 4196 2021 4252 sed
2054 4204 2108 4251 et
2136 4196 2298 4262 Deus,
2345 4194 2624 4250 Christum
2666 4203 2844 4247 autem
2877 4191 3043 4247 refert
3086 4193 3360 4269 scriptura
3393 4209 3536 4249 mor-

1929 4300 2076 4346 tuum
2127 4305 2226 4361 pro
2272 4289 2428 4343 nobis
2473 4298 2527 4345 et
2582 4287 3028 4354 ressuscitatum;
3069 4286 3180 4357 jam
3228 4287 3385 4359 docet
3434 4303 3534 4343 nos

1926 4384 2205 4457 Scriptura
2231 4383 2459 4440 credere
2490 4384 2658 4440 Deum
2687 4391 2958 4438 mortuum
2990 4398 3004 4437 :
3034 4391 3128 4437 aut
3170 4382 3214 4437 si
3257 4384 3399 4438 Deus
3426 4397 3535 4438 non

1379 4526 1751 4584 GALLANDII
1775 4524 2336 4585 COMMENTARIUS.

226 4660 383 4717 movit
412 4660 657 4731 quosdam
687 4658 982 4727 eﬂrenntius
1013 4669 1058 4715 et
1086 4660 1298 4729 effusius
1337 4666 1389 4716 in
1435 4659 1639 4717 Christo
1670 4663 1809 4717 divi-
1841 4664 1894 4726 D
1920 4662 2037 4725 sibi,
2068 4660 2487 4718 ethaccsson.

225 4733 440 4786 nitatem
493 4734 751 4793 confiteri,
786 4743 841 4786 ut
882 4744 1137 4802 putarent.
1172 4746 1301 4801 etc.;
1334 4736 1435 4790 nisi
1483 4737 1603 4806 quis
1649 4737 1814 4805 conﬁ-

225 4814 389 4861 tcntes
410 4820 506 4875 pro
528 4806 759 4869 conﬁteri
785 4806 963 4873 legere
983 4819 1221 4862 censeat.

307 4878 323 4907 ¹
352 4876 471 4929 Non
499 4878 785 4941 homini-vn,
810 4879 898 4930 sed
930 4875 1113 4932 Deum.
1163 4879 1234 4932 lla
1286 4878 1551 4950 Patnelius
1600 4879 1817 4950 aliique.

226 4947 615 5004 Welehmanus
635 4962 807 5003 tamen
821 4965 1050 5019 eumque
1068 4961 1281 5006 secutus
1296 4949 1610 5015 .laclssonus,
1628 4947 1819 5011 ordine

228 5022 449 5077 inverso
493 5021 810 5083 ediderunt,
865 5037 970 5094 non
1016 5022 1175 5075 Deum
1203 5022 1293 5076 sed
1332 5023 1585 5091 hominem
1620 5040 1820 5094 ειη-ευ·
1860 5039 1866 5045 “

228 5094 396 5149 menti
428 5094 674 5147 nimirum
702 5094 928 5166 ratione,
959 5092 1131 5165 inqmt
1158 5098 1442 5166 posterior,
1475 5096 1611 5150 hanc
1644 5092 1816 5152 trans—

228 5167 550 5238 posttionom
585 5164 902 5238 postulante.

304 5240 324 5269 ³
357 5236 423 5291 1η
458 5236 591 5291 Filio
616 5236 706 5290 Dei
749 5245 795 5294 et
846 5235 1084 5293 hominis.
1116 5237 1478 5295 Pamelianam
1529 5240 1818 5297 editionem

228 5313 622 5379 expressimus,
650 5312 1070 5378 prteceilentibus
1089 5321 1495 5381 congruentem.
1515 5313 1619 5368 llas
1642 5325 1816 5367 autem

228 5398 393 5437 voces
437 5383 527 5435 Dei
572 5393 618 5454 et
656 5385 836 5454 omisit
876 5382 1259 5438 Welclimanus
1314 5398 1328 5440 :
1384 5385 1541 5452 eique
1589 5401 1817 5454 primum

228 5463 534 5509 acceSserat
569 5452 902 5510 Jacksoinis:
947 5455 1040 5510 sed
1071 5468 1249 5523 postea
1284 5464 1481 5509 mutata
1527 5452 1815 5523 seiuemia,

228 5527 641 5582 reseribendutn
670 5528 1030 5591 existimabat,
1060 5526 1226 5580 Filius
1262 5526 1354 5581 Dei
1386 5528 1435 5579 in
1464 5528 1666 5582 homine
1692 5529 1774 5581 sit.

307 5598 448 5655 ilDei
490 5607 533 5652 et
581 5598 802 5653 hominis
836 5597 1048 5656 Filium.
1098 5599 1227 5659 Heio
1278 5599 1485 5657 Pariter
1515 5599 1813 5658 Pameliutn

226 5672 526 5773 “T2325:
554 5668 1511 5773 21’!eVM“:l‘iﬁ‘l‘ti‘iﬁfl..’f£"‘£i’.€f;

350 5740 520 5797 Filius
550 5742 644 5797 sibi
695 5742 813 5796 Dei.
867 5742 1015 5798 Ordo
1050 5745 1335 5799 verborum
1388 5741 1594 5798 facilior
1639 5743 1817 5803 eritsi

227 5814 540 5893 legerimus,
573 5814 719 5871 illum
744 5814 839 5871 sibi
872 5812 1039 5873 Filius
1068 5813 1185 5885 Dei,
1230 5816 1316 5871 vel
1346 5812 1495 5875 illum
1524 5813 1696 5875 Filius
1723 5814 1818 5875 Dei

1997 4734 2019 4767 ⁵
2054 4733 2117 4787 In
2169 4736 2502 4788 nativitatem.
2549 4732 2619 4788 In
2660 4734 2927 4791 nativitate
2974 4734 3198 4788 omnino
3244 4732 3532 4799 legendum

1922 4816 2071 4877 putat
2100 4805 2401 4863 Jaoksonus
2432 4823 2445 4860 :
2480 4822 2654 4876 neque
2681 4807 2842 4867 aliter
2867 4805 3192 4877 conjiciebat
3216 4804 3532 4867 Welchina-

1923 4894 2047 4934 nus.

1996 4950 2018 4991 θ
2050 4948 2116 5009 Et
2144 4951 2399 5011 hoiitinent
2452 4948 2545 5003 Dei
2611 4947 2803 5003 Filium
2831 4980 2904 4990 —
2930 4949 3092 5005 Deum
3138 4949 3411 5013 accipiant.
3444 4948 3534 5005 Sic

1924 5021 2213 5077 Pamelins.
2240 5020 2416 5076 Ειιίιίυ
2437 5021 2770 5076 Frobeniana
2794 5040 2807 5076 :
2832 5021 2893 5075 Et
2913 5022 3169 5075 hominem
3190 5020 3282 5075 Dei
3315 5019 3528 5089 Filium,

1921 5094 1976 5147 id
2019 5105 2092 5148 est
2151 5094 2383 5159 Verbum,
2442 5095 2569 5147 sicut
2610 5095 2859 5161 scriptum
2895 5105 2988 5151 est.
3039 5092 3204 5146 Deum
3253 5095 3529 5160 accipiunt.

1926 5165 2097 5233 Quam
2148 5166 2364 5234 quidem
2412 5166 2701 5219 lectionem
2732 5179 2948 5220 secutus
2988 5175 3071 5219 est
3116 5163 3527 5221 Welchnmnus.

1925 5236 2165 5319 [irritatus
2213 5238 2363 5319 locus
2388 5240 2599 5319 videtur
2632 5236 3365 5319 _.lac-ksimo,__lrgendunique
3390 5254 3414 5319 A:
3464 5236 3530 5319 fit

1924 5308 2023 5362 Dei
2054 5307 2274 5374 Filium,
2307 5307 2363 5361 id
2391 5319 2461 5363 est
2496 5307 2590 5380 Dei
2632 5306 3086 5380 Verbum—Desint
3136 5306 3417 5380 accipiant.
3467 5307 3527 5363 In

1923 5381 2510 5505 agiaggiesenteutiam
2549 5379 2918 5452 Vesselingius
2955 5379 3222 5437 Probabil.
3253 5379 3388 5454 cap.
3433 5381 3527 5452 56,

2122 5454 2154 5491 ς

1923 5454 2371 5594 ΡῧὲιΕῗτ-’Ξινοιιυθ
2428 5533 2737 5585 contextum.
2788 5524 2896 5580 Has
2935 5538 3099 5580 voces
3137 5540 3270 5596 quas
3312 5540 3424 5596 prta
3466 5540 3528 5581 se

1921 5596 2103 5657 ferunt
2146 5611 2336 5651 omnes
2366 5596 2518 5660 editi,
2559 5598 2743 5655 omisit
2785 5596 3118 5664 Jacksonos;
3161 5598 3360 5668 quippe
3405 5613 3526 5668 qua:

1922 5670 2175 5726 nimirum
2230 5680 2361 5721 orta:
2412 5669 2697 5725 videantur
2747 5685 2809 5723 ex
2857 5669 3148 5740 negligenti
3198 5670 3524 5740 repetitione

1923 5744 2162 5815 priorum
2187 5755 2250 5793 ea:
2288 5750 2501 5815 utroque
2518 5756 2821 5797 connexum.
2859 5741 3070 5814 Easque
3101 5742 3303 5815 pariter
3331 5740 3524 5799 delen-

1926 5810 2022 5872 das
2050 5810 2718 5885 jusseratWelchmanus.
