4026 6328
499 258 604 315 955

1947 256 2325 316 ΝονΑΤιΑΝι

3701 260 3815 317 936

497 375 745 442 moritur,
783 373 1028 432 Christus
1070 384 1249 432 autem
1277 383 1523 431 mortuus
1555 376 1819 445 refertur;
1852 395 1959 436 non
1994 379 2097 434 erit
2122 383 2176 445 Α
2202 387 2421 434 cruenta
2453 380 2655 435 saevitia
2686 380 2946 437 adversus
2975 379 3244 447 homines,
3287 395 3446 452 quam
3477 389 3532 436 ut
3564 387 3815 435 tantum-

497 468 746 526 Christus
775 471 939 532 Deus,
969 471 1222 541 quoniam
1254 471 1392 524 Deus
1416 487 1522 526 non
1549 481 1727 542 potest
1754 473 1924 544 accipi
1955 489 2099 528 mor-

499 566 712 622 tuus.Si
736 581 987 635 umquam
1006 565 1376 636 intelligerint,
1406 577 1498 621 aut
1529 567 1924 623 intellexissent
1952 568 2096 638 quod

497 661 716 731 legunt,
750 675 1040 730 numquam
1069 668 1174 713 tam
1220 660 1527 729 periculose
1557 661 1775 714 omnino
1809 661 2098 731 loqueren-

497 759 602 805 tur.
623 751 729 807 Sed
745 755 946 808 erroris
974 769 1189 824 semper
1218 763 1301 808 est
1329 753 1552 824 abrupta
1580 752 1886 819 dementia;
1912 763 1964 809 et
1990 770 2096 809 non

494 855 578 898 est
605 861 802 899 novum
854 847 902 899 si
950 860 1118 916 usque
1149 845 1214 900 ad
1251 847 1552 916 periculosa
1596 846 1953 914 descendunt,
2006 845 2098 916 qui

500 939 658 994 fidem
687 940 981 1010 legitimam
1011 942 1364 1011 reliquerunt.
1399 941 1454 997 Si
1487 943 1632 996 enim
1667 941 1942 1010 Scriptura
1974 956 2098 1011 pro-

493 1046 717 1103 poneret
746 1035 1021 1090 Christum
1056 1036 1428 1090 tantummodo
1455 1037 1643 1100 Deum,
1674 1046 1728 1091 et
1754 1035 1896 1090 nulla
1925 1037 1977 1090 in
2006 1035 2098 1090 illo

489 1128 796 1199 fragilitatis
848 1129 1101 1184 humanze
1133 1130 1357 1184 sociatio
1387 1140 1530 1184 esset
1580 1132 1865 1198 permixta,
1901 1128 2096 1182 merito

487 1223 705 1279 illorutn
751 1222 872 1277 heic
917 1222 1123 1294 aliquid
1172 1223 1430 1278 valuisset
1461 1238 1643 1278 sermo
1685 1233 1985 1277 contortus.
2039 1223 2094 1278 Si

487 1316 734 1372 Christus
768 1317 932 1384 Deus,
966 1315 1214 1373 Christus
1239 1328 1420 1373 autem
1455 1327 1723 1382 mortuus,
1773 1333 1901 1387 ergo
1946 1332 2095 1371 mor-

489 1419 612 1464 tuus
642 1419 724 1465 est
759 1410 918 1465 Deus.
965 1409 1072 1466 Sed
1101 1424 1223 1465 cum
1257 1426 1362 1464 non
1394 1409 1770 1464 tantummodo
1798 1410 1991 1471 illum,
2041 1416 2099 1464 ut

485 1503 822 1558 ostendimus
865 1503 976 1574 jam
1008 1503 1340 1574 frequenter,
1380 1504 1568 1571 Deum,
1611 1503 1708 1558 sed
1739 1512 1792 1557 et
1823 1503 2095 1558 hominem

482 1597 1459 1668 Scripturaconstituat;consequens
1485 1608 1589 1663 est,
1629 1597 1771 1667 quod
1817 1599 1832 1628 ί
1883 1597 2096 1651 immor-

483 1692 588 1746 tale
623 1699 726 1758 est,
769 1692 1136 1762 incorruptum
1173 1692 1436 1746 mansisse
1474 1701 1741 1746 teneatur.
1783 1690 1915 1759 Quis
1947 1691 2091 1745 enim

2205 472 2366 527 modo
2386 488 2583 542 corpus
2611 474 2854 540 occidat;
2882 485 3082 546 quanto
3107 476 3277 546 magis
3302 479 3487 545 utique
3514 476 3568 529 in
3589 475 3819 531 Christo

2204 581 2311 621 non
2364 568 2606 633 valebit,
2659 584 2818 639 quam
2866 578 2924 622 ut
2975 571 3116 624 idem
3147 569 3167 600 ³
3197 568 3571 624 tantummodo
3612 583 3821 637 corpus

2201 661 2413 715 occidat
2444 680 2457 714 :
2489 670 2546 716 ut
2571 661 2698 716 dum
2730 663 2954 732 perhzec
2974 663 3244 734 colligitur
3267 679 3372 719 non
3402 661 3505 718 nisi
3527 662 3817 718 hominem

2200 752 2254 807 in
2302 753 2519 808 Christo
2575 753 2934 821 interfectum,
2995 766 3254 826 appareat
3302 756 3369 810 ad
3421 757 3818 811 mortalitatem

2200 848 2516 903 Sermonem
2565 847 2584 878 '*
2636 849 2690 903 in
2742 849 2860 905 loco
2918 866 3023 904 non
3079 865 3201 906 esse
3254 850 3566 906 deductum.
3598 850 3742 906 Nam
3773 851 3816 906 si

2201 941 2492 1010 Abraham,
2522 953 2576 996 et
2607 943 2770 1010 Isaac,
2821 956 2876 998 et
2919 945 3087 1001 Jacob
3112 960 3250 1016 quos
3279 945 3526 1000 homines
3569 956 3817 1000 tantum-

2201 1036 2364 1092 modo
2394 1045 2606 1092 constat
2636 1037 2820 1100 fuisse,
2852 1037 3196 1093 manifestum
3223 1049 3306 1094 est
3358 1041 3542 1093 vivere
3576 1035 3821 1108 (omnes

2200 1134 2368 1196 enim,
2414 1131 2605 1202 inquit,
2636 1130 2708 1184 illi
2739 1131 2930 1186 vivunt
2957 1133 3066 1187 Deo
3092 1130 3242 1204 (Luc.
3279 1148 3369 1198 xx,
3396 1131 3509 1200 58),
3541 1145 3646 1186 nec
3668 1145 3820 1188 mors

2201 1227 2254 1280 in
2285 1225 2388 1279 illis
2421 1225 2654 1278 animam
2691 1224 2923 1293 perimit,
2956 1240 3076 1296 qua:
3103 1241 3329 1296 corpora
3368 1224 3485 1296 ipsa
3515 1224 3820 1289 diSSolvit;

2195 1318 2284 1389 jus
2306 1319 2452 1374 enim
2481 1333 2640 1372 suum
2667 1333 2926 1373 exercere
2955 1318 3126 1387 potuit
3157 1320 3209 1373 in
3231 1334 3485 1388 corpora,
3515 1320 3570 1372 in
3597 1319 3823 1373 animas

2200 1401 2458 1469 exercere
2501 1429 2606 1468 non
2639 1412 2810 1466 valuit
2840 1430 2853 1465 :
2885 1412 3028 1466 aliud
3064 1414 3208 1468 enim
3238 1414 3292 1468 in
3323 1413 3428 1468 illis
3456 1414 3721 1478 mortale,
3767 1421 3825 1470 et

2198 1505 2321 1561 ideo
2351 1520 2661 1570 mortuum;
2695 1505 2840 1560 aliud
2869 1505 2925 1561 in
2954 1506 3062 1562 illis
3093 1507 3423 1574 immortale,
3474 1519 3531 1562 et
3571 1507 3704 1563 ideo
3735 1508 3822 1563 in-

2202 1600 2456 1670 telligitur
2509 1617 2614 1666 non
2662 1601 2989 1656 extinctum!
3037 1601 3108 1657 ob
3153 1617 3314 1674 quam
3359 1617 3579 1658 causam
3624 1605 3824 1660 vivere

2205 1693 2312 1749 Deo
2342 1694 2694 1763 pronuntiati,
2727 1703 2782 1749 et
2809 1694 2938 1749 dicti
2966 1694 3125 1767 sunt)
3155 1713 3170 1762 ;
3224 1697 3393 1750 multo
3425 1696 3599 1766 magis
3627 1697 3824 1767 utique

484 1802 592 1840 non
622 1787 908 1857 intelligat,
953 1786 1095 1856 quod
1126 1785 1474 1855 impassibilis
1503 1784 1570 1838 sit
1599 1784 1872 1847 divinitas,
1919 1785 2090 1854 passi-
2121 1786 2169 1846 B
2200 1803 2346 1843 mors
2375 1787 2429 1843 in
2461 1788 2673 1843 Christo
2700 1788 2986 1844 adversum
3019 1790 3190 1844 solam
3235 1789 3517 1846 materiam
3562 1791 3823 1863 corporis

486 1877 608 1933 bilis
637 1895 766 1933 vero
797 1881 867 1934 sit
898 1879 1126 1934 humana
1157 1878 1452 1949 fragilitas?
1481 1879 1614 1932 Cum
1638 1893 1767 1947 ergo
1795 1888 1900 1932 tam
1933 1894 2000 1933 ex
2023 1893 2088 1932 eo

483 1971 626 2041 quod
661 1972 801 2026 Deus
827 1982 930 2036 est,
964 1987 1122 2041 quam
1153 1970 1314 2025 etiam
1361 1987 1426 2024 ex
1460 1970 1554 2024 illo
1584 1970 1725 2040 quod
1776 1969 1939 2024 homo
1980 1980 2085 2031 est.

483 2065 734 2121 Christus
763 2066 1093 2136 intelligatur
1119 2079 1242 2121 esse
1289 2064 1591 2134 permixtus
1641 2074 1696 2120 et
1745 2081 1864 2120 esse
1912 2065 2087 2119 socia-

484 2167 568 2214 ttts
602 2176 613 2212 :
656 2158 872 2213 Verbum
897 2159 1040 2214 enim
1070 2175 1188 2212 caro
1214 2162 1408 2229 factum
1430 2167 1522 2224 est,
1556 2168 1601 2212 et
1624 2158 1868 2212 habitavit
1900 2158 1953 2211 in
1994 2175 2086 2211 no-

484 2251 559 2306 bis
589 2250 770 2323 (Joan.
809 2251 845 2318 l,
880 2251 982 2322 14)
1004 2293 1019 2318 ,
1051 2251 1170 2321 quis
1203 2265 1308 2304 non
1333 2251 1452 2304 sine
1482 2250 1591 2304 ullo
1623 2252 1880 2317 magistro
1926 2259 2087 2319 atque

483 2345 780 2416 interprete
806 2360 872 2398 ex
895 2358 1015 2399 sese
1040 2345 1194 2398 facile
1216 2353 1527 2414 cognoscat,
1559 2360 1664 2399 non
1693 2343 1822 2398 illud
1848 2344 1898 2398 in
1925 2343 2086 2401 Chri-

485 2446 568 2492 sto
612 2448 882 2494 mortuum
913 2453 1033 2492 esse
1080 2437 1221 2507 quod
1267 2438 1406 2492 Deus
1451 2447 1554 2503 est,
1611 2437 1703 2514 sed
1751 2437 1877 2491 illud
1906 2437 1959 2491 in
1992 2437 2086 2491 illo

480 2539 754 2587 mortuum
778 2545 898 2586 esse
926 2531 1067 2602 quod
1093 2530 1257 2586 homo
1279 2531 1396 2586 est?
1424 2531 1559 2597 Quid
1586 2531 1729 2585 enim
1757 2533 1801 2586 si
1831 2530 2084 2585 divinitas

483 2622 536 2676 in
567 2621 784 2678 Christo
813 2639 918 2678 non
952 2623 1200 2686 moritur,
1234 2622 1330 2678 sed
1363 2622 1546 2678 carnis
1584 2623 1751 2677 solius
1781 2623 2082 2678 substantia

480 2714 843 2783 extinguitur;
897 2713 1112 2784 quando
1160 2724 1213 2769 et
1260 2715 1312 2768 in
1356 2715 1567 2768 caeteris
1610 2714 1940 2781 hominibus,
1991 2715 2082 2784 qui

479 2822 586 2861 non
620 2816 747 2862 sunt
773 2822 900 2862 caro
929 2807 1323 2871 tantummodo,
1356 2806 1449 2862 sed
1478 2821 1605 2863 caro
1639 2818 1693 2862 et
1721 2809 1924 2876 anima,
1954 2823 2081 2864 caro

474 2901 689 2972 quidem
729 2903 845 2955 sola
906 2904 1181 2957 incursum
1226 2902 1477 2958 interitus
1519 2902 1814 2972 mortisque
1861 2903 2076 2972 patitur,

474 3005 626 3051 extra
660 2996 806 3066 leges
835 3005 1016 3050 autem
1060 2997 1309 3050 interitus
1356 3006 1410 3052 et
1461 2997 1650 3050 mortis
1681 2996 1857 3050 anima
1901 2997 2080 3052 incor-

473 3098 632 3159 rupta
663 3088 955 3143 cernatur?
987 3088 1100 3142 lloc
1127 3089 1270 3142 enim
1307 3098 1361 3143 et
1409 3088 1524 3158 ipse
1558 3089 1812 3144 Dominus
1855 3087 2078 3144 hortans

2195 1884 2368 1953 potuit
2411 1884 2614 1951 valere,
2669 1882 2932 1938 adversus
2991 1882 3334 1941 divinitatem
3384 1887 3657 1942 sermonis
3709 1902 3823 1944 non

2195 1979 2365 2047 potuit
2428 1993 2488 2034 se
2549 1993 2806 2034 exercere
2865 1979 2907 2031 ⁸.
2972 1977 3261 2050 Frangitur
3341 1980 3485 2036 enim
3568 1992 3823 2051 potestas

2193 2073 2410 2141 mortis,
2447 2074 2531 2128 ubi
2573 2072 2853 2129 intercedit
2894 2075 3189 2130 auctoritas
3218 2075 3662 2134 immortalitatis.

2621 2184 2853 2243 CAPUT
2881 2186 3075 2256 xxvr,
3119 2188 3192 2242 al.
3223 2188 3368 2244 xxx.

2191 2301 2456 2357 Adversus
2497 2311 2666 2356 autem
2719 2302 3041 2358 Sabellianos
3073 2303 3362 2373 Scripturis
3402 2306 3591 2375 probat
3639 2307 3816 2362 alium

2561 2412 2667 2450 esse
2696 2393 2914 2465 Filium,
2941 2397 3102 2450 alium
3135 2395 3364 2452 Patrem.

2267 2508 2372 2564 Sed
2409 2525 2473 2564 ex
2497 2509 2598 2564 hac
2624 2510 2907 2565 occasione
2927 2510 3050 2580 quia
3074 2511 3325 2568 Christus
3356 2528 3460 2568 non
3483 2511 3650 2568 homo
3682 2523 3809 2569 tan-

2190 2614 2324 2671 tum,
2354 2605 2446 2660 sed
2479 2613 2535 2660 et
2585 2605 2749 2670 Deus,
2781 2605 3090 2662 Divinarum
3123 2606 3445 2663 Litterarum
3477 2610 3652 2665 sacris
3698 2625 3807 2664 an-

2185 2697 2525 2754 ctoritatibus
2583 2698 2943 2769 approbatur,
3000 2699 3092 2753 alii
3143 2699 3386 2756 hmretici
3441 2710 3805 2770 erumpentes

2186 2801 2388 2846 Slatllm
2430 2792 2481 2845 in
2514 2791 2731 2846 Christo
2757 2792 3035 2864 religionis
3062 2803 3356 2851 concutere
3386 2793 3800 2858 machinantur,

2186 2887 2289 2943 hoc
2335 2889 2451 2957 ipso
2480 2887 2694 2944 Patrem
2729 2889 2898 2943 Deum
2935 2888 3178 2945 volentes
3200 2890 3488 2946 ostendere
3514 2889 3801 2946 Christum

2183 2996 2325 3048 esse,
2355 2982 2482 3036 dum
2512 2997 2619 3036 non
2656 2981 2819 3037 homo
2867 2991 3072 3038 tantum
3113 2985 3392 3048 asseritur,
3438 2983 3535 3039 sed
3565 2995 3619 3039 et
3655 2983 3803 3038 Deus

2185 3076 2470 3146 promitur.
2525 3075 2614 3132 Sic
2665 3075 2832 3143 enim,
2884 3076 3176 3148 inquiunt:
3207 3076 3251 3132 si
3298 3093 3441 3133 unus
3484 3093 3608 3134 esse
3654 3078 3803 3135 Deus

476 3197 577 3238 ηοε
609 3182 676 3236 ad
705 3183 1023 3254 martyrium
1051 3191 1104 3236 ει
1129 3181 1196 3236 ad
1223 3191 1592 3253 contemptum
1625 3184 1798 3238 omnis
1828 3184 2078 3238 humanm
2105 3185 2149 3250 ρ
2185 3169 2470 3238 promitur,
2500 3168 2746 3223 Christus
2787 3178 2970 3225 autem
3008 3169 3187 3235 Deus;
3235 3184 3386 3238 ergo,
3440 3169 3718 3240 inquiunt,
3754 3173 3800 3227 si

475 3279 755 3348 potestatis
794 3278 971 3333 aiebat
1011 3295 1024 3336 :
1072 3278 1155 3333 Ne
1183 3281 1452 3334 timueritis
1483 3296 1567 3334 eos
1603 3281 1690 3349 qui
1714 3297 1902 3350 corpus
1946 3286 2078 3334 occi-

472 3375 620 3440 dunt,
671 3377 899 3428 animam
927 3386 1096 3429 autem
1126 3375 1357 3430 occidere
1386 3392 1487 3428 non
1517 3387 1729 3442 possunt
1775 3375 1990 3447 (Matth.
2020 3393 2074 3441 x,

469 3471 594 3541 28).
630 3470 783 3538 Quod
811 3471 855 3525 si
887 3471 1066 3525 anima
1118 3471 1441 3526 immortalis
1488 3472 1662 3526 occidi
1709 3483 1801 3527 aut
1846 3473 2074 3530 interﬁci

469 3580 578 3618 non
610 3572 788 3633 potest
811 3565 861 3617 in
886 3563 1076 3633 quovis
1106 3563 1234 3627 alio,
1268 3563 1394 3618 licet
1433 3565 1453 3596 ³
1481 3578 1677 3633 corpus
1708 3573 1760 3619 et
1807 3580 1935 3619 caro
1962 3565 2074 3621 sola

468 3655 640 3726 possit
668 3654 921 3721 interfici,
972 3665 1174 3726 quanto
1205 3657 1374 3727 magis
1400 3666 1584 3726 utique
1616 3656 1849 3713 Verbum
1902 3658 1994 3713 Dei
2021 3669 2076 3714 et

466 3748 611 3804 Deus
661 3747 714 3803 in
763 3747 982 3804 Christo
1030 3748 1262 3802 interfici
1307 3747 1532 3803 omnino
1581 3765 1686 3804 non
1723 3751 1914 3819 potuit,
1949 3766 2070 3804 cum

463 3857 594 3897 caro
625 3842 737 3896 sola
770 3850 826 3897 et
851 3857 1050 3912 corpus
1073 3843 1311 3897 occisum
1341 3841 1452 3897 sit?
1485 3841 1542 3897 Si
1571 3843 1716 3898 enim
1747 3843 1884 3897 hanc
1911 3843 2072 3899 habet

467 3936 884 4006 generositatem
908 3934 1328 3989 immortalitatis
1347 3936 1523 3988 anima
1540 3935 1592 3989 in
1616 3935 1807 4006 quovis
1829 3935 2070 4004 homine,

465 4037 522 4083 ut
556 4044 662 4082 non
687 4029 859 4098 possit
890 4027 1145 4092 interfici,
1181 4028 1354 4082 multo
1391 4027 1562 4097 magis
1593 4026 1732 4082 hanc
1776 4026 1937 4082 habet
1979 4043 2073 4096 po-

466 4129 716 4176 testatem
746 4119 1082 4190 generositas
1113 4119 1274 4175 Verbi
1310 4119 1422 4185 Dei,
1458 4128 1513 4172 ut
1542 4135 1646 4172 non
1674 4119 1839 4188 possit
1867 4116 2064 4173 occidi.

461 4213 596 4269 Nam
641 4214 686 4268 si
719 4223 959 4284 potestas
988 4213 1266 4268 hominum
1299 4211 1365 4266 ad
1398 4209 1822 4266 interficiendum
1856 4225 2066 4266 sacram

459 4309 553 4365 Dei
587 4317 932 4379 potestatem,
965 4319 1018 4364 et
1058 4308 1104 4362 si
1145 4308 1436 4363 crudelitas
1475 4306 1710 4361 humana
1742 4307 1807 4361 ad
1858 4306 2067 4361 interfi-

457 4402 704 4459 ciendum
728 4402 961 4456 animam
989 4400 1202 4463 deﬁcit;
1233 4400 1402 4454 multo
1430 4400 1600 4469 magis
1621 4399 1688 4452 ad
1713 4399 1807 4453 Dei
1835 4398 2065 4455 Verbum

457 4494 891 4552 interficiendum
915 4493 1148 4549 deficere
1166 4493 1402 4548 debebit.
1429 4492 1561 4547 Nam
1581 4507 1702 4546 cum
1728 4493 1839 4562 ipsa
1859 4494 2060 4559 anima,

2184 3259 2343 3314 Pater
2372 3269 2427 3314 et
2455 3259 2704 3316 Christus
2729 3271 2813 3318 est
2840 3276 2977 3316 unus
3007 3262 3164 3325 Deus,
3218 3259 3468 3317 Christus
3513 3262 3678 3318 Pater
3707 3263 3801 3318 di-

2182 3366 2354 3412 cetur.
2376 3356 2432 3411 In
2461 3373 2567 3428 quo
2591 3373 2776 3414 errare
2796 3357 3096 3430 probantur
3123 3354 3399 3413 Christum
3426 3374 3533 3414 non
3560 3372 3799 3414 noscen-

2180 3459 2282 3515 tes,
2335 3449 2428 3504 sed
2461 3464 2650 3504 sonum
2696 3450 2932 3505 numinis
2964 3451 3329 3522 approbantes
3360 3471 3372 3507 :
3405 3451 3600 3508 nolunt
3644 3454 3796 3509 enim

2180 3543 2327 3598 illum
2379 3543 2670 3599 seeimdam
2715 3558 2839 3601 esse
2880 3559 3169 3616 personam
3222 3553 3348 3618 post
3395 3545 3637 3611 Patrem,
3693 3547 3797 3604 sed

2178 3638 2353 3708 ipsum
2381 3637 2617 3692 Patrem.
2646 3637 2852 3705 Quibus
2875 3641 3000 3710 quia
3027 3638 3184 3695 facile
3208 3638 3592 3709 reSpondetur,
3620 3657 3794 3712 pauca

2175 3731 2443 3786 dicentur.
2475 3730 2607 3799 Quis
2631 3733 2777 3788 enim
2804 3749 2912 3788 non
2940 3735 3234 3789 secundam
3263 3733 3384 3789 Filii
3418 3745 3540 3804 post
3570 3735 3793 3791 Patrem

2175 3833 2435 3895 agnoscat
2460 3839 2580 3880 esse
2623 3840 2930 3894 personam,
2960 3843 3083 3882 cum
3127 3828 3268 3899 legat
3299 3826 3502 3883 dictum
3549 3844 3578 3882 a
3627 3827 3794 3885 Patre

2174 3925 2566 3986 consequenter
2594 3916 2660 3972 ad
2691 3916 2885 3973 Filium
2916 3936 2930 3973 :
2955 3918 3236 3975 Faciamus
3266 3922 3527 3977 hominem
3555 3923 3629 3976 ad
3653 3923 3790 3977 ima-

2173 4015 2342 4084 ginem
2359 4023 2404 4068 et
2431 4014 2816 4069 similitudinem
2837 4027 3066 4071 nostram
3093 4017 3248 4089 (Gen.
3273 4034 3314 4084 ι,
3335 4018 3425 4083 26,
3449 4018 3569 4085 27);
3588 4029 3643 4075 et
3667 4029 3790 4092 post

2174 4107 2291 4163 haec
2331 4108 2581 4175 relatum,
2602 4120 2652 4163 et
2673 4109 2792 4180 fecit
2816 4107 2955 4165 Deus
2982 4113 3262 4179 hominem,
3287 4112 3358 4166 ad
3383 4113 3663 4184 imaginem
3687 4113 3788 4170 Dei

2173 4202 2289 4272 fecit
2321 4203 2504 4257 illum?
2545 4203 2652 4258 Aut
2685 4217 2805 4258 cum
2834 4205 2972 4260 inter
2998 4221 3190 4262 manus
3221 4217 3402 4264 teneat
3432 4226 3447 4262 :
3479 4206 3630 4262 Pluit
3665 4209 3776 4265 Do-

2172 4303 2341 4353 minus
2361 4315 2512 4370 super
2540 4299 2820 4354 Sodomam
2842 4310 2889 4354 et
2917 4299 3261 4357 Gomorrham
3286 4304 3455 4375 ignem
3487 4313 3536 4358 et
3559 4307 3781 4375 sulphur

2169 4411 2201 4447 a
2236 4392 2458 4447 Domino
2487 4393 2549 4449 de
2584 4395 2752 4450 caelo?
2775 4394 2930 4469 (Gen.
2954 4413 3074 4464 xix,
3101 4395 3224 4470 24.)
3243 4402 3348 4457 Aut
3372 4417 3495 4456 cum
3527 4403 3598 4457 ad
3629 4402 3779 4459 Chri-

2169 4499 2310 4544 stum
2348 4489 2368 4519 °
2398 4505 2410 4541 :
2442 4487 2492 4542 F
2495 4488 2614 4542 ilius
2651 4505 2790 4544 meus
2839 4507 2891 4545 es
2929 4501 3018 4558 tu,
3070 4509 3160 4563 ego
3199 4493 3352 4548 hodie
3389 4495 3546 4566 genui
3576 4506 3664 4562 te;
3689 4513 3780 4568 po-

454 4607 576 4662 qua:
623 4605 719 4660 per
768 4588 863 4643 Dei
912 4587 1146 4643 Verbum
1188 4587 1326 4642 facta
1357 4596 1461 4651 est,
1507 4586 1574 4641 ab
1605 4587 1912 4643 hominibus
1954 4604 2060 4644 non
2087 4587 2140 4649 D
2165 4584 2344 4638 stulaa
2370 4598 2470 4647 me,
2499 4590 2543 4635 et
2570 4582 2702 4638 dabo
2722 4584 2812 4637 tibi
2838 4594 3010 4654 gentes
3027 4585 3375 4641 hwreditatem
3404 4597 3572 4656 luant,
3597 4602 3646 4645 et
3663 4608 3778 4658 pos—

452 4681 751 4750 occiditur;
793 4680 963 4735 multo
994 4681 1164 4751 magis
1209 4681 1394 4750 utique
1444 4679 1676 4734 Verbum
1730 4679 1823 4735 Dei
1870 4680 2062 4750 perimi

452 4794 563 4836 non
592 4791 752 4850 posse
779 4773 1052 4832 credetur.
1103 4772 1172 4828 Et
1200 4773 1244 4828 si
1275 4773 1392 4843 plus
1420 4787 1528 4828 non
1571 4781 1748 4844 potest
1779 4773 2058 4829 hominum

2168 4680 2444 4736 sessionem
2471 4687 2609 4731 tuam
2641 4680 2880 4734 terminos
2909 4679 3102 4734 teme?
3127 4679 3303 4750 (Psal.
3336 4697 3398 4745 ιι,
3445 4683 3501 4747 7,
3557 4683 3647 4753 8.)
3675 4685 3777 4740 Aut

2166 4789 2287 4830 cum
2317 4773 2480 4829 etiam
2503 4771 2594 4828 ille
2615 4771 2954 4829 desideratus
2985 4772 3165 4829 scriba
3191 4774 3268 4829 ait
3300 4791 3314 4828 :
3345 4771 3498 4830 Dixit
3519 4775 3775 4834 Dominus

1632 4927 2009 4987 GALLANDH
2050 4927 2606 5007 CQMMENTABIUS.

529 5108 544 5138 ί
575 5106 746 5176 Quod.
778 5105 920 5163 Nihil
967 5119 1065 5160 nos
1118 5102 1264 5174 cogit
1295 5112 1352 5158 ut
1384 5116 1506 5156 cum
1535 5099 1832 5156 editoribus
1865 5099 2054 5171 Angli-

451 5180 603 5250 canis
645 5181 881 5250 legamus
917 5177 1151 5247 utquod.

526 5253 544 5281 ²
571 5243 728 5303 Licet.
760 5251 907 5305 Hanc
944 5243 1139 5304 Vocem
1171 5253 1480 5314 corruptam
1530 5244 1800 5299 existimat
1830 5243 2055 5314 ,Welch-

454 5337 667 5386 manus,
697 5323 929 5392 legitque
956 5337 1113 5392 quam
1157 5313 1369 5392 scilicet.
1421 5315 1703 5392 consentit
1728 5313 2050 5392 Jacltsonus,

453 5394 697 5462 quamvis
743 5387 811 5447 de
847 5387 978 5447 'loci'
1017 5391 1357 5447 restitutione
1406 5387 1784 5462 subdulritehn
1815 5388 2052 5462 Uterque

454 5458 633 5518 tamen
659 5463 861 5533 abs-que
890 5464 1095 5518 sontica
1123 5477 1335 5533 causa,_
1361 5471 1417 5513 ut
1457 5459 1686 5533 videtur.
1720 5458 1892 5533 Minus
1924 5459 2051 5533 item

453 5535 585 5589 mihi
640 5529 896 5602 probatur
935 5535 1175 5600 ejusdem
1226 5530 1482 5587 Jacksoni
1507 5531 1795 5594 sententia,
1831 5529 2057 5602 legentis

454 5604 613 5676 paulo
642 5601 788 5673 post,
816 5606 1118 5659 immortalis
1141 5621 1332 5658 annua.
1359 5603 1479 5659 Vox
1495 5604 1637 5676 enim
1657 5601 2058 5676 iitttttortalitatis

453 5671 518 5732 ad
547 5671 934 5748 generositatem
961 5685 1207 5745 spectare
1236 5690 1394 5730 nemo
1423 5689 1527 5729 non
1554 5673 1700 5728 videt
1732 5692 1744 5726 :
1777 5671 2060 5748 omnisque

453 5743 728 5804 evanescit
775 5743 1123 5818 ambiguitas,
1176 5749 1219 5800 si
1252 5762 1356 5817 qua
1391 5757 1584 5818 tamen
1615 5753 1716 5818 est,
1759 5743 1844 5798 ubi
1881 5744 2056 5818 Nova:

452 5820 580 5884 tiani
623 5819 795 5878 oratio
830 5815 944 5876 hac
958 5828 1052 5876 aut
1093 5815 1509 5875 simili‘ratioue
1546 5816 1917 5874 conformetur
1951 5833 1962 5870 :
1998 5815 2060 5872 Si

2159 5099 2292 5154 enim
2334 5097 2509 5151 anima
2531 5096 2582 5148 in
2608 5095 2783 5165 quouis
2811 5093 3014 5148 homine
3036 5094 3169 5149 hanc
3192 5095 3340 5150 habet
3367 5098 3774 5162 immortalitatis

2158 5171 2567 5242 generositatem,
2594 5177 2648 5242 ut
2670 5183 2771 5220 non
2796 5167 3231 5242 possitinterﬁci,
3264 5177 3370 5225 etc.

2231 5240 2444 5294 3Idem.
2498 5237 2694 5292 Eadem
2744 5237 2915 5292 edidit
2944 5236 3356 5309 Welchmanus,
3404 5255 3631 5303 secutus
3662 5249 3770 5306 Ga-

2155 5328 2396 5386 gnaeutn.
2413 5311 2454 5366 C
2475 5311 2609 5386 t-teri
2633 5324 2754 5386 cum
2785 5309 3034 5386 Pamelio
3051 5310 3209 5386 idem.

2231 5386 2252 5416 ι
2283 5383 2349 5438 ιη
2379 5384 2509 5437 loco.
2569 5381 2812 5436 Latinius
2857 5381 2969 5434 vult
3021 5382 3142 5455 legi
3165 5383 3217 5437 in
3265 5385 3356 5439 illo
3392 5402 3404 5438 :
3440 5397 3568 5455 apte
3616 5394 3766 5448 satis.

2157 5456 2295 5525 Quid
2329 5456 2375 5510 si
2405 5455 2682 5524 scripserit
2709 5455 2823 5522 ipse
2852 5462 3041 5508 auctor
3067 5453 3222 5509 inlico
3256 5471 3351 5526 pro
3382 5453 3565 5514 illico?
3607 5463 3767 5520 lacn.

2155 5545 2253 5585 SON
2262 5570 2274 5582 .

2230 5600 2250 5630 ⁸
2281 5597 2549 5652 Exercere.
2600 5597 2731 5669 Cum
2764 5596 3172 5669 Latinioiuforte
3200 5597 3492 5669 legendum
3523 5620 3761 5661 exerere:

2156 5687 2316 5742 quam
2334 5669 2553 5742 quidem
2576 5668 2943 5740 conjecturam
2967 5666 3356 5728 Welchmanus
3374 5673 3633 5742 admittit,
3659 5692 3761 5734 non

2158 5741 2288 5800 item
2320 5741 2642 5797 Jacksonus.

2232 5816 2253 5848 θ
2284 5814 2364 5871 Ad
2409 5811 2686 5871 Christum.
2758 5812 2813 5870 Si
2856 5811 3184 5872 Jacksouum
3244 5816 3470 5888 audias,
3518 5819 3759 5880 addenda
