4008 6320
408 288 511 348 959

1866 246 2241 327 ΝΟἺΑΤΙᾼΝῙ

407 410 545 479 quit,
578 404 827 476 plantavi,
869 400 1054 471 Apollo
1102 395 1319 466 rigavit;
1358 390 1447 447 sed
1482 387 1616 444 Deus
1642 384 2008 440 incrementmn
2037 377 2086 440 Α
2115 382 2222 479 ιιιν1
2249 369 2315 473 Et
2339 375 2524 479 tamen
2552 370 2676 479 plost
2698 360 2816 479 ipse
2833 356 3039 479 adjicit,
3236 349 3709 479 omanem

412 476 568 556 dedit.
594 498 777 567 Itaque
803 510 960 564 neque
981 493 1067 560 qui
1086 490 1285 563 plantat
1313 494 1386 541 est
1410 482 1709 555 quidquam,
1738 494 1896 545 neque
1922 476 2009 547 qui

410 596 545 665 rigat
572 590 699 647 :sed
727 589 814 661 qui
844 588 1207 655 incrementum
1227 581 1316 633 dat
1342 576 1502 635 Deus.
1532 573 1635 639 Qui
1654 581 1825 626 autem
1854 569 2007 637 plan—

414 663 510 752 tat,
552 695 597 738 et
641 683 726 753 qui
752 682 885 752 rigat
916 694 1074 732 unum
1107 684 1222 730 sunt
1249 672 1303 743 (ι
1325 672 1447 726 Cor.
1479 685 1554 731 tu.
1586 666 1642 733 6.
1675 666 1730 730 7,
1761 663 1852 736 8).
1879 663 2010 731 Quis

412 789 727 837 autemnon
759 774 1023 843 intelligat
1062 772 1290 827 alterum
1336 781 1459 825 esse
1510 763 1728 834 Apollo,
1777 761 2011 816 alterum

414 871 662 935 Paulum,
689 883 795 923 non
822 865 1072 921 eumdem
1099 874 1260 932 atque
1306 861 1481 932 ipsum
1510 856 1704 927 Apollo
1735 853 1935 926 pariter
1958 859 2015 906 et

413 961 680 1020 Paulum?
722 957 960 1028 Denique
982 967 1037 1012 ct
1062 956 1274 1012 diversa
1304 954 1722 1024 uniuscujuSque
1742 958 1866 1004 sunt
1887 942 2011 999 oili-

412 1057 497 1114 cia
528 1053 732 1126 prolata
759 1050 930 1105 :alter
956 1050 1101 1106 enim
1130 1049 1218 1119 qui
1252 1048 1471 1116 plantat,
1496 1059 1551 1102 et
1574 1045 1711 1123 alter
1736 1042 1821 1111 qui
1847 1040 2014 1109 rigat;

412 1150 515 1205 hos
547 1157 728 1202 tamen
771 1144 929 1210 duos,
977 1158 1080 1198 non
1113 1130 1254 1213 quod
1286 1160 1416 1197 unus
1446 1142 1532 1206 sit,
1565 1139 1657 1194 sed
1686 1135 1824 1208 quod
1856 1148 2014 1188 unum

414 1243 525 1299 sint
553 1237 834 1311 preposuit
861 1235 1152 1306 Apostolus
1177 1235 1405 1299 Paulus;
1436 1243 1495 1288 ut
1522 1232 1661 1287 alter
1688 1228 1903 1301 quidem
1947 1225 2018 1280 sit

415 1334 631 1406 Apollo,
663 1330 799 1385 alter
830 1343 963 1383 vero
996 1327 1211 1393 Paulus,
1242 1335 1503 1397 quantum
1548 1322 1617 1378 ad
1662 1332 2013 1393 personarum

416 1423 815 1485 distinctionem
846 1422 1083 1491 pertinet
1113 1418 1405 1493 (quantum
1430 1430 1561 1473 vero
1606 1420 1623 1446 ι
1671 1412 1737 1469 ad
1784 1425 2018 1467 concor-

417 1521 559 1577 diam
588 1512 893 1587 pertinet);
938 1530 1100 1569 unum
1130 1513 1290 1569 ambo
1317 1512 1444 1566 sint.
1476 1508 1608 1565 Nam
1637 1504 1852 1579 quando
1880 1503 2018 1559 duo-

417 1632 537 1671 rum
567 1632 672 1671 una
698 1609 968 1671 sententia
993 1616 1098 1672 est,
1128 1606 1325 1661 veritas
1355 1618 1460 1659 una
1485 1612 1587 1669 est,
1619 1600 1752 1656 lides
1776 1614 1879 1655 una
1908 1607 2015 1662 est,

419 1726 525 1767 una
558 1720 719 1782 atque
748 1706 938 1769 eadem
968 1700 1161 1770 religio
1198 1708 1304 1762 est,
1338 1711 1480 1752 unus
1523 1696 1684 1751 etiam
1728 1693 1820 1748 Dei
1857 1693 2020 1747 timor

418 1812 523 1870 est,
547 1818 710 1858 unum
737 1808 885 1863 sunt,
913 1798 1074 1853 etiam
1117 1794 1162 1849 si
1193 1793 1300 1849 duo
1329 1793 1472 1857 sint;
1506 1792 1679 1861 ipsum
1710 1797 1859 1855 sunt,
1886 1785 2016 1841 dum

2115 460 2521 531 ambiguitatem
2560 455 2908 521 diss'dveret,
2956 462 3012 507 et
3059 459 3226 506 totam
3278 442 3706 504 controversiam

2111 557 2313 615 erroris
2338 556 2689 622 extingueret.
2721 548 2813 607 Ait
2837 547 2982 617 enim
3013 546 3067 600 in
3097 542 3280 600 ultima
3308 552 3462 612 parte
3497 551 3718 593 sermo-

2120 652 2202 713 nis
2227 666 2239 702 :
2284 646 2385 702 Vos
2404 644 2574 701 dicitis
2596 643 2715 711 quia
2739 640 3085 710 blasphemas,
3110 637 3233 707 quia
3256 634 3389 701 dici,
3420 629 3595 686 Filius
3619 626 3723 684 Dei

2116 757 2250 798 sum.
2279 738 2421 819 Ergo
2440 736 2485 797 si
2514 733 2795 793 evidenter
2825 730 3024 791 Filium
3052 727 3325 819 Dominus
3359 739 3441 791 se,
3475 736 3585 819 non
3613 718 3723 819 Pa-

2117 843 2256 899 trem
2284 812 2425 889 esse
2476 837 2742 909 ωδιειξιῐζ
2782 838 2994 896 magna:
3042 818 3364 881 temeritatis
3392 825 3448 875 et
3486 812 3729 884 inuentis

2116 937 2202 1011 es;
2244 925 2446 982 luroris
2481 905 2818 992 exemplum,
2859 926 3047 977 contra
3078 914 3250 986 ipsius
3274 909 3487 971 Christi
3508 905 3731 977 Domini

2118 1002 2485 1093 testimonium
2533 1014 2959 1077 controversiam
3004 1008 3303 1068 divinitatis
3348 1017 3405 1063 et
3444 1002 3733 1075 religionis

2117 1116 2344 1186 agitare,
2371 1094 2426 1169 et
2452 1110 2728 1173 Christum
2758 1107 2945 1166 Jesum
2976 1106 3191 1164 Patrem
3210 1116 3333 1161 esse
3359 1100 3570 1165 dicere,
3602 1110 3736 1152 cum

2117 1206 2515 1263 animadvertat
2542 1203 2695 1263 illum
2733 1216 2843 1259 non
2868 1199 3087 1258 Patrem
3111 1213 3193 1267 se,
3220 1195 3318 1253 sed
3342 1192 3543 1252 Filium
3572 1204 3735 1247 mino

2119 1301 2402 1373 probasse.

2672 1385 2903 1449 CAPUT
2940 1383 3182 1447 XXVIII.

2123 1507 2231 1564 Pro
2258 1507 2572 1565 Sabeltianis
2596 1505 2748 1561 etiam
2777 1503 2911 1559 nihil
2939 1506 3111 1575 facere
3131 1498 3267 1556 illud
3285 1515 3306 1554 :
3322 1496 3431 1567 Qui
3452 1494 3604 1553 videt
3622 1502 3739 1560 De,

2584 1598 2731 1655 videt
2762 1605 2818 1653 et
2843 1596 3059 1653 Patrem
3080 1638 3094 1663 ,
3129 1593 3330 1667 probat.

2196 1714 2386 1770 Adhuc
2434 1712 2682 1784 adjiciam
2729 1712 2876 1767 illam
2905 1724 3121 1784 quoque
3159 1719 3366 1782 partem
3395 1709 3448 1764 in
3475 1722 3583 1781 qua
3609 1706 3747 1763 dum

2132 1810 2418 1864 haereticus
2461 1807 2483 1841 ⁸
2530 1806 2683 1878 quasi
2731 1807 2888 1863 oculo
2960 1804 3192 1878 quodam
3248 1804 3448 1889 gauth
3491 1802 3745 1886 propria:

421 1896 600 1965 ipsum
626 1894 864 1964 sapiunt.
912 1890 1124 1947 Etenim
1170 1902 1309 1959 quos
1338 1899 1584 1955 persona!
1614 1885 1753 1939 ratio
1784 1881 2016 1937 Ῐιινίεεῐη
2045 1894 2093 1954 Β
2121 1902 2363 1957 veritatis
2392 1910 2445 1957 et
2473 1899 2696 1956 luminis
2740 1900 2942 1955 amisso
2965 1940 2978 1965 ,
3014 1909 3180 1953 totam
3219 1881 3517 1953 mortem
3560 1894 3647 1951 sui
3677 1909 3744 1948 a-

416 1986 858 2054 dividit,e0sdem
883 1998 1070 2041 rursus
1093 1981 1324 2037 invicem
1349 1978 1631 2047 religionis
1651 1979 1789 2032 ratio
1805 1974 2016 2030 co‘sdu-

417 2086 512 2142 cit.
546 2084 613 2140 Et
639 2084 884 2154 quamvis
914 2079 1054 2135 idem
1085 2087 1244 2148 atque
1269 2077 1368 2146 ipsi
1401 2091 1505 2129 non
1547 2074 1687 2139 sint;
1718 2070 1847 2127 dum
1875 2069 2017 2125 idem

420 2179 705 2244 sentiunt,
776 2176 947 2245 ipsum
990 2185 1116 2228 sunt
1162 2173 1220 2236 ';
1266 2178 1323 2224 et
1360 2183 1483 2223 cum
1512 2166 1620 2221 duo
1667 2165 1794 2231 sint,
1853 2179 2017 2218 mnum

419 2282 565 2338 sunt,
609 2271 868 2326 habentes
914 2269 968 2324 in
998 2265 1108 2322 ﬁde
1136 2264 1474 2328 societatem,
1527 2260 1688 2317 etiam
1734 2261 1778 2315 si
1829 2265 2023 2330 gerant

423 2369 476 2424 in
501 2366 746 2437 personis
773 2362 1161 2419 diversitatem.
1199 2359 1440 2427 Denique
1482 2372 1607 2411 cum
1637 2354 1701 2409 ad
1730 2353 1827 2408 has
1857 2366 2020 2408 voces

420 2460 629 2517 Domini
657 2456 924 2529 imperitia
955 2454 1142 2509 fuisset
1172 2451 1395 2507 Judaica
1416 2457 1707 2509 commota,
1733 2456 1789 2502 et
1816 2457 2022 2501 temere

424 2553 493 2610 ad
538 2567 707 2624 usque
730 2565 862 2606 saxa
885 2564 1168 2615 succensa,
1196 2548 1265 2600 ita
1296 2555 1349 2600 ut
1374 2544 1762 2607 discurrerent,
1796 2552 1851 2597 et
1878 2542 2025 2596 dicc-

421 2656 547 2704 rent
577 2663 590 2700 :
625 2642 749 2700 Non
777 2652 826 2697 te
850 2642 1142 2711 lapidamus
1169 2648 1377 2709 propter
1395 2636 1750 2706 bonumopus,
1784 2634 1874 2690 sed
1900 2651 2025 2707 pro-

423 2755 531 2809 pter
561 2735 951 2805 blasphemiam,
991 2743 1038 2787 et
1077 2734 1199 2802 quia
1225 2743 1277 2787 tu
1310 2746 1422 2785 cum
1469 2730 1621 2783 homo
1665 2730 1755 2790 sis,
1803 2726 1932 2797 {ocis
1977 2737 2025 2781 te

426 2829 592 2886 Deam
625 2826 816 2899 (Joan.
849 2843 907 2893 χ,
950 2825 1081 2898 55);
1125 2823 1526 2878 distinctionem
1559 2821 1736 2891 posuit
1766 2821 2024 2875 Dominus

422 2925 478 2979 in
512 2928 720 2981 ratione
767 2917 1063 2984 reddenda,
1091 2916 1363 2985 quomodo
1393 2931 1455 2971 se
1488 2916 1651 2970 Deum
1682 2923 1773 2968 aut
1796 2909 2025 2970 dixisset

427 3024 521 3073 aut
551 3012 769 3084 intelligi
817 3011 1000 3066 velfet.
1045 3011 1207 3075 Quem
1234 3008 1395 3062 Pater
1431 3008 1790 3073 sanctiﬁcavit,
1828 3007 2019 3078 inquit,

427 3116 475 3161 et
514 3105 650 3159 misit
674 3105 725 3158 in
754 3104 890 3157 hunc
916 3102 1183 3162 mundum.
1211 3117 1299 3155 vos
1326 3101 1492 3155 dicitis
1518 3103 1638 3172 quia
1676 3099 2023 3172 blasphemas,

423 3198 546 3268 quia
588 3195 719 3261 dixi,
751 3193 919 3249 Filius
959 3190 1056 3246 Dei
1096 3192 1252 3246 sum?
1280 3190 1443 3264 (Ibid.
1466 3207 1515 3249 υ.
1533 3190 1663 3264 56.)
1707 3191 1883 3247 Etiam
1907 3192 2027 3247 lteic

2119 2005 2344 2067 gnoscat
2363 1996 2587 2051 erroris.
2614 1994 2911 2051 ldentidem
2954 1994 3096 2050 enim
3127 2001 3181 2047 et
3219 1990 3536 2063 frequenter
3573 2004 3751 2062 oppo-

2122 2091 2201 2146 nit
2234 2092 2356 2163 quia
2402 2090 2604 2146 dictum
2657 2091 2766 2146 sit:
2799 2088 2965 2144 Tanto
2995 2100 3221 2165 tempore
3273 2088 3531 2143 vobiscum
3583 2103 3701 2165 sunt
3726 2128 3748 2152 ,

2125 2196 2172 2239 et
2197 2202 2298 2240 non
2328 2185 2602 2258 agnoscitis
2630 2200 2708 2239 me
2736 2184 2762 2239 1’
2792 2164 3081 2255 Philippe,
3109 2185 3197 2255 qui
3234 2183 3360 2238 uidit
3386 2200 3466 2236 me
3495 2226 3510 2246 ,
3542 2164 3673 2257 uidit
3698 2189 3753 2237 et

2124 2264 2571 2347 Patremeoan.
2606 2293 2699 2333 xw
2723 2321 2737 2342 .
2769 2276 2848 2349 9).
2876 2278 2982 2333 Sed
3009 2277 3153 2349 quod
3180 2291 3286 2331 non
3311 2275 3562 2346 intelligit
3587 2315 3604 2339 ,
3634 2258 3750 2328 dis-

2122 2380 2230 2428 cat.
2263 2372 2522 2441 Culpatur
2552 2371 2834 2441 Philippus
2859 2412 2873 2435 ,
2913 2378 2969 2425 et
2993 2369 3116 2441 jure
3142 2368 3358 2440 quidem
3390 2367 3696 2438 meritoque
3726 2406 3747 2433 ,

2123 2467 2248 2538 quia
2277 2463 2473 2520 dixerit
2499 2482 2512 2520 :
2538 2463 2756 2518 Domine
2784 2504 2803 2531 ,
2829 2463 3038 2518 ostende
3068 2462 3210 2518 nobis
3239 2459 3451 2516 Patrem
3476 2502 3492 2525 ,
3522 2468 3572 2514 et
3595 2457 3752 2530 sufﬂ-

2129 2560 2197 2613 rit
2224 2558 2385 2614 nobis.
2415 2556 2598 2631 (Ibid.
2640 2573 2687 2612 υ.
2720 2556 2807 2615 8).
2858 2553 3085 2625 Quando
3121 2553 3265 2610 enim
3309 2568 3374 2609 ex
3408 2551 3631 2607 Christo
3654 2558 3751 2604 aut

2127 2650 2375 2705 audierat
2411 2649 2591 2719 istud,
2620 2658 2711 2703 aut
2730 2647 2995 2704 didicerat
3019 2648 3172 2718 quasi
3207 2654 3348 2702 esset
3377 2640 3535 2700 Pater
3556 2640 3748 2699 Chris—

2129 2745 2253 2798 tus?
2278 2759 2399 2797 cum
2441 2751 2628 2798 contra
2674 2742 2846 2813 magis
2876 2739 3018 2810 quod
3058 2737 3226 2795 Filius
3260 2745 3407 2795 esset
3433 2779 3451 2806 ,
3484 2750 3592 2791 non
3620 2734 3749 2806 quia

2127 2842 2287 2899 Pater
2313 2884 2326 2906 ,
2363 2841 2675 2910 frequenter
2704 2839 2945 2895 audisset
2969 2881 2985 2906 ,
3017 2847 3070 2893 et
3093 2851 3237 2908 smpe
3261 2834 3561 2891 didicisset.
3592 2829 3749 2901 Quod

2127 2934 2269 2991 enim
2292 2934 2429 2989 dixit
2448 2934 2734 3001 Dominus,
2764 2934 2899 2988 sime
2919 2930 3249 3005 cognovistis,
3277 2939 3325 2984 et
3343 2926 3555 2984 Patrem
3580 2934 3750 2981 meum

2127 3027 2464 3100 cognovistis,
2497 3037 2543 3081 et
2588 3026 2775 3080 amodo
2824 3026 2983 3080 nostis
3031 3023 3177 3078 illam
3210 3064 3225 3089 ,
3254 3031 3301 3077 et
3327 3021 3526 3095 vidistis
3550 3017 3698 3074 illam
3725 3056 3746 3084 ,

2129 3120 2313 3196 (Joan.
2341 3137 2454 3186 xiv,
2485 3119 2566 3194 7),
2587 3138 2694 3177 non
2726 3121 2805 3176 sic
2824 3120 3037 3176 dixerat
3065 3128 3121 3174 ut
3147 3132 3206 3174 se
3230 3116 3444 3174 Patrem
3473 3114 3641 3196 vellet
3668 3115 3752 3170 in—

2131 3190 2295 3286 telligi
2322 3231 2335 3279 ;
2367 3215 2461 3269 sed
2490 3190 2741 3285 quoidam
2764 3213 2853 3285 qui
2882 3214 3094 3285 penitus
3126 3222 3180 3265 et
3215 3211 3374 3283 plene
3402 3218 3456 3266 et
3483 3190 3605 3265 cum
3633 3215 3745 3263 tota

431 3290 645 3345 Patrem
678 3288 879 3343 habere
906 3302 966 3341 se
993 3284 1148 3339 dixit.
1191 3284 1359 3378 Filius
1385 3295 1469 3340 est
1506 3301 1658 3357 ergo,
1690 3301 1797 3341 non
1828 3286 2024 3351 Pater;
2054 3298 2099 3361 ρ
2136 3284 2322 3364 [mea
2351 3317 2463 3363 to“,
2493 3307 2760 3378 religione
2782 3284 3017 3361 ποώδη
3066 3304 3135 3360 ad
3168 3303 3263 3359 Dei
3303 3301 3501 3358 Filium
3527 3343 3545 3370 ,
3571 3301 3749 3375 ωηε-

432 3383 647 3438 Patrem
680 3381 824 3435 enim
852 3378 1134 3435 confessus
1158 3393 1218 3434 se
1250 3376 1458 3446 fuisset,
1485 3381 1529 3433 si
1552 3379 1774 3436 Patrem
1803 3393 1863 3433 se
1906 3393 2033 3434 esse

429 3475 770 3533 meminisset
800 3489 814 3527 :
844 3483 899 3529 et
943 3472 1332 3527 sanctiﬁcatum
1378 3488 1436 3528 se
1478 3488 1509 3527 a
1559 3487 1657 3526 suo
1704 3472 1862 3527 Patre
1908 3486 2032 3528 esse

431 3571 709 3644 proponit.
736 3568 869 3622 Dum
897 3582 1029 3638 ergo
1054 3567 1249 3637 accipit
1270 3567 1752 3622 sanctilicationem
1783 3584 1813 3620 a
1846 3566 2029 3633 Patre,

431 3665 613 3721 minor
650 3662 809 3717 Patre
838 3670 923 3715 est
970 3678 984 3714 :
1037 3662 1214 3716 minor
1239 3667 1420 3715 autem
1451 3658 1611 3714 Patre
1637 3669 2036 3731 consequenter

431 3771 515 3815 eet
545 3756 599 3824 ³,
659 3754 753 3810 sed
814 3754 999 3810 Filius.
1032 3753 1193 3809 Pater
1220 3754 1366 3809 enim
1393 3753 1437 3807 si
1481 3752 1689 3818 fuisset,
1729 3756 2033 3810 sanctiﬁca-

436 3851 638 3906 tionem
666 3848 928 3914 dedisset,
955 3864 1062 3902 non
1091 3846 1410 3918 accepisset.
1439 3846 1506 3901 Et
1537 3862 1680 3902 nunc
1703 3859 1888 3904 autem
1911 3864 2036 3919 pro-

433 3943 638 4013 ﬁtendo
677 3959 739 3999 se
788 3943 1064 4012 accepisse
1088 3941 1574 3997 sanetilicationem
1620 3957 1649 3994 a
1694 3941 1884 4010 Patre;
1933 3941 2039 3999 hoc

433 4035 556 4107 ipso
607 4034 629 4067 ⁸
661 4076 679 4102 ,
725 4051 833 4107 quo
871 4034 1030 4091 Patre
1068 4048 1131 4088 se
1172 4034 1434 4087 minorem
1466 4034 1781 4104 accipiendo
1825 4034 1894 4089 ab
1920 4036 2039 4105 ipso

437 4130 921 4190 sant-tilicationem
950 4128 1162 4200 probat,
1200 4126 1392 4181 Filium
1433 4142 1493 4181 se
1512 4143 1654 4196 esse,
1688 4120 1793 4184 non
1824 4130 2034 4185 Patrem

436 4222 779 4282 monstravit.
814 4220 1035 4276 MiSsum
1070 4228 1329 4290 praeterea
1364 4233 1423 4273 se
1469 4236 1591 4275 esse
1632 4221 1783 4289 dicit,
1835 4233 1891 4277 ut
1943 4238 2040 4293 per

436 4319 580 4374 hanc
605 4315 970 4372 obedientiam
998 4329 1101 4385 qua
1132 4315 1279 4368 venit
1323 4314 1582 4369 Dominus
1610 4316 1877 4385 Cbri~tus,
1903 4319 2040 4375 mis-

438 4427 552 4478 sus,
583 4426 689 4467 non
711 4408 887 4474 Pater,
920 4407 1015 4463 sed
1047 4405 1212 4462 Filius
1241 4407 1524 4478 probetur;
1560 4409 1650 4480 qui
1683 4408 1919 4467 misisset
1943 4413 2043 4467 uti-

437 4523 564 4579 que,
606 4507 651 4559 si
692 4501 851 4557 Pater
876 4500 1070 4556 fuisset
1100 4516 1113 4553 :
1148 4499 1345 4554 missus
1373 4509 1554 4555 autem
1595 4518 1700 4556 non
1731 4503 1829 4558 fuit
1858 4505 2039 4574 Pater,

438 4617 508 4659 ne
533 4600 695 4657 Pater
720 4596 971 4654 subditus
994 4595 1151 4651 alteri
1182 4596 1312 4662 Deo,
1342 4594 1466 4651 dum
1497 4596 1749 4667 mittitur,
1786 4600 2041 4670 probare-

2132 3404 2234 3459 bus
2280 3402 2453 3458 modis
2482 3417 2578 3473 per
2603 3401 2776 3472 ipsum
2805 3399 2998 3457 Filium
3050 3399 3103 3454 in
3149 3413 3308 3470 quem
3336 3394 3418 3453 sic
3442 3395 3618 3475 credit
3639 3437 3659 3463 ,
3680 3391 3749 3449 ad

2136 3480 2369 3550 Patrem'
2402 3502 2759 3565 perventurus
2788 3494 2858 3549 sit
2880 3535 2895 3559 ,
2928 3491 3286 3562 eamdemque
3315 3480 3555 3565 visurus.

2137 3589 2272 3643 enim
2294 3629 2307 3653 ,
2348 3587 2521 3658 inquit
2550 3630 2563 3651 ,
2591 3597 2766 3660 potest
2816 3588 2985 3643 venire
3023 3587 3092 3641 ad
3121 3582 3333 3641 Patrem
3370 3584 3474 3663 nisi
3511 3596 3604 3662 per
3652 3597 3753 3638 nte.

2152 3680 2317 3751 (Ibid.
2359 3698 2406 3735 υ.
2440 3680 2521 3755 6).
2552 3681 2615 3736 Et
2636 3681 2758 3738 ideo
2811 3681 2878 3737 ad
2911 3680 3123 3737 Patrem
3167 3679 3333 3736 Deum
3385 3693 3496 3734 non
3538 3686 3752 3735 tantum

2142 3787 2398 3831 venturus
2425 3785 2528 3844 est,
2558 3789 2609 3832 et
2636 3777 2947 3853 cogniturus
2976 3777 3152 3847 ipsum
3182 3774 3398 3830 Patrem
3424 3791 3442 3839 ;
3464 3772 3562 3845 sed
3588 3772 3755 3829 etiam

2139 3871 2220 3925 sic
2254 3880 2438 3924 tenere
2466 3868 2667 3934 debet,
2694 3879 2851 3935 atque
2878 3869 2949 3924 ita
3005 3869 3186 3951 animo
3214 3883 3279 3923 ac
3317 3874 3501 3940 mente
3548 3878 3756 3943 praesu-

2141 3978 2289 4018 mere
2323 4005 2337 4030 ,
2382 3961 2535 4033 quasi
2560 3960 2669 4032 jam
2703 3964 2915 4018 noverit
2944 3962 3158 4018 Patrem
3209 3962 3409 4035 pariter
3452 3968 3509 4015 et
3535 3956 3754 4014 viderit.

2140 4052 2296 4124 Srpe
2321 4054 2466 4110 enim
2512 4053 2792 4125 Scriptura
2823 4054 3001 4110 divina
3032 4071 3151 4125 qua:
3193 4053 3433 4109 nondum
3463 4050 3603 4108 facta
3628 4060 3756 4108 sunt

2144 4164 2239 4219 pro
2269 4148 2424 4207 lactis
2470 4148 2774 4215 annuntiat,
2832 4150 2955 4220 quia
2988 4151 3065 4204 sic
3095 4147 3272 4203 futura
3324 4155 3451 4203 sunt
3480 4165 3495 4203 :
3554 4154 3610 4203 et
3637 4160 3755 4216 qua

2145 4242 2397 4297 ontnibus
2437 4243 2612 4298 modis
2643 4242 2757 4297 ﬁeri
2802 4242 3040 4309 habent,
3096 4258 3203 4297 non
3250 4242 3401 4312 quasi
3442 4240 3622 4296 futura
3648 4239 3753 4296 sint

2147 4335 2441 4408 praedicat,
2483 4336 2578 4401 sed
2625 4336 2777 4408 quasi
2806 4335 2943 4392 facta
2987 4336 3096 4405 sint
3124 4346 3327 4403 narrat.
3365 4334 3609 4402 Denique
3630 4348 3750 4399 cum

2150 4428 2388 4482 nondum
2433 4430 2769 4498 temporibus
2813 4428 2963 4484 Isaia:
3008 4428 3284 4500 proptrea
3304 4424 3559 4485 Christus
3600 4437 3751 4482 natus

2149 4521 2356 4587 luisset,
2385 4522 2504 4589 quia
2534 4540 2660 4594 puer
2681 4567 2697 4591 ,
2728 4524 2902 4593 aiebat
2931 4566 2946 4590 ,
2992 4535 3143 4579 natus
3184 4534 3255 4580 est
3319 4521 3342 4554 ⁸
3395 4500 3543 4597 nodis
3585 4520 3607 4594 (
3633 4518 3741 4593 Isa.

2143 4632 2198 4672 Ix
2223 4657 2240 4682 ,
2272 4615 2350 4686 6);
2382 4626 2438 4675 ct
2461 4617 2848 4691 enuntiandum
2903 4633 3181 4689 accessum
3212 4626 3361 4687 esset

1590 4713 1682 4769 ΟΔ
1691 4713 1969 4775 LLANDII
2007 4724 2564 4791 COMMENTARIUS.

436 4876 568 4918 vero
590 4861 731 4944 bene
760 4858 928 4944 multa
953 4856 1222 4928 coniectat
1243 4855 1565 4925 Jacksonus,
1597 4874 1719 4930 quae
1753 4863 1911 4919 nobis
1940 4868 2044 4924 mia
2065 4873 2119 4934 D
2148 4883 2230 4931 ter
2251 4886 2343 4934 est.
2377 4877 2466 4932 sed
2500 4874 2687 4934 Filius.
2720 4875 2854 4934 illud
2879 4887 2956 4932 ter
2999 4876 3247 4944 proxime
3286 4887 3576 4931 recurrens
3602 4872 3748 4929 festi-

439 4952 543 4991 nus
566 4935 880 5005 probantur.

518 5006 534 5037 ¹
565 5000 825 5070 Quantum
848 5018 963 5056 vero
989 5000 1056 5054 ad
1078 5000 1406 5081 rancordiam
1425 5001 1657 5081 pertinet.
1680 5006 1758 5061 Ad
1778 5012 2040 5081 supplen-

442 5078 572 5133 dutn
599 5081 772 5131 locum
799 5092 903 5127 uno
932 5075 1174 5127 membro
1198 5075 1439 5129 mutilum
1470 5075 1649 5130 addidi
1690 5075 1858 5135 verba
1884 5075 2042 5142 uncis

442 5150 672 5212 incluszt,
701 5159 967 5216 tamquam
994 5145 1635 5222 maximeaccommodata
1661 5150 1725 5203 ad
1748 5169 2040 5222 argumen-

444 5234 555 5275 tum
583 5229 637 5274 et
663 5234 966 5272 sermonem
996 5217 1392 5286 praecedentem
1446 5224 1679 5275 auctoris
1717 5238 1730 5276 :
1770 5217 1834 5277 et
1856 5230 2037 5284 nullus

442 5293 629 5348 dubito
654 5292 782 5368 quin
812 5291 924 5343 haec
951 5298 1041 5342 aut
1062 5289 1253 5368 similia
1274 5291 1465 5368 verba,
1484 5295 2042 5368 ντοριθιέὸμοιοτέλευ.

442 5385 530 5423 τον
568 5364 816 5439 yertiuct,
852 5361 1257 5439 prtl‘let’tllist‘ﬂ‘il
1287 5362 1556 5439 librarius.
1601 5361 1842 5422 Latinius
1885 5373 2040 5437 pluri.

442 5440 545 5491 bus
568 5432 788 5492 vocibus
818 5432 1087 5501 supplevit
1124 5434 1201 5486 sic
1234 5449 1247 5485 :
1283 5433 1542 5500 Quantum
1580 5451 1696 5490 vero
1723 5440 1790 5491 ad
1828 5432 2039 5498 concer-

445 5509 584 5563 diam
612 5510 661 5561 in
691 5523 792 5559 una
820 5504 921 5571 [ide
950 5514 994 5555 et
1026 5505 1269 5557 sententia
1296 5507 1531 5574 pertinet.
1562 5506 1813 5565 ,ΙΑοκ-ος.

518 5583 539 5612 ’
573 5580 751 5651 Ipsum
772 5586 907 5651 sunt.
941 5574 1012 5627 lla
1040 5578 1445 5651 exnus.Anglic_.
1462 5581 1745 5651 castigavit
1774 5584 2038 5640 Ρειιηριίιιε

444 5646 733 5779 leftio'nem
789 5646 890 5718 ipsi
937 5656 1085 5714 sunt,
1141 5662 1300 5716 quam
1358 5646 1623 5706 exhibent
1667 5655 2035 5722 praecedentes

446 5734 734 5779 ettltones.

446 5726 734 5780 editiones.

514 5796 534 5828 ι
552 5793 924 5866 ροηδεςμιεηιει·
950 5800 1044 5866 est,
1066 5788 1154 5844 sed
1177 5787 1362 5866 Filius.
1388 5791 1718 5866 sententiam
1742 5796 1901 5866 plane
1914 5814 2036 5856 mu-

442 5870 594 5925 tilam
624 5864 688 5921 ad
723 5862 865 5920 hunc
892 5860 1109 5919 modum
1131 5864 1387 5917 restituo:
1415 5860 1786 5935 Cousequeuter
1802 5885 1909 5929 non
1935 5871 2035 5931 Pa-

2149 4959 2367 5003 nantem
2418 4953 2554 5004 torte
2594 4950 2872 5005 librarium
2902 4941 3113 5005 fefellit.
3146 4941 3419 5007 Wstm.
3450 4974 3529 4990 --
3556 4944 3747 5003 Eadem

2146 5020 2420 5091 restitutio
2452 5021 2659 5077 arridet
2680 5037 2895 5091 quoque
2921 5018 3215 5078 Jacksono.

2217 5090 2241 5121 ‘
2273 5088 2384 5165 Hoc
2414 5093 2545 5165 ipso,
2577 5110 2676 5164 quo
2700 5088 2772 5134 l—
2792 5088 2996 5158 probat.
3030 5093 3130 5147 Ista
3161 5109 3225 5148 ex
3252 5090 3378 5165 cod.
3399 5104 3511 5165 ms.
3545 5090 3746 5165 Anglic.

2146 5164 2415 5241 supplevit
2433 5156 2443 5165 ’
2464 5156 2770 5241 Panaetius,
2793 5156 2955 5236 cujus
2980 5166 3274 5221 editionem
3290 5156 3446 5241 '_ln.-ic

2145 5232 2467 5360 ξῧθίξδῖδηυε-
2555 5236 2628 5292 Ea
2694 5253 2825 5293 vero
2866 5232 3012 5294 ’cum
3074 5246 3207 5309 vett.
3265 5235 3423 5292 editt.
3499 5232 3751 5317 primigenii

2221 5326 2247 5355 ι’
2271 5324 2299 5360 C
2322 5323 2555 5360 "nonus.
3106 5330 3111 5331 γ
3292 5322 3295 5325 -
3586 5318 3593 5323 .

2221 5318 2555 5363 t'lclnnmus.
3106 5330 3111 5331 κ
3292 5322 3295 5325 -
3586 5318 3593 5323 .

2214 5376 2345 5434 CAP.
2375 5377 2616 5435 XXV-Ill.
2667 5412 2739 5422 —
2768 5382 2790 5414 '
2843 5379 2980 5437 Dum
3053 5379 3318 5436 hereticus
3349 5420 3367 5446 ,
3416 5387 3526 5435 etc.
3575 5375 3749 5445 Mallet

2144 5448 2530 5524 Weletnnauus
2564 5453 2738 5509 locum
2794 5457 2862 5510 ita
2919 5455 3098 5523 legere
3125 5470 3187 5507 ac
3218 5453 3551 5524 distinguere
3576 5446 3749 5523 :1an

2143 5521 2678 5604 fit-ereticuagrtndet,
2719 5527 2865 5604 quqsi
2897 5521 3046 5604 oculo
3091 5523 3313 5604 quodam
3366 5521 3614 5604 ιξτοριςὶς,
3650 5521 3747 5579 etc.

2144 5592 2233 5648 Sic
2266 5609 2389 5649 t'cro
2415 5592 2756 5652 Jat-ksmttts':
2783 5595 2922 5651 Dum
2950 5592 3214 5652 lmrelicus
3254 5592 3406 5652 ἁπαέἰ
3443 5592 3603 5649 dedit!

2147 5610 2233 5648 mc
2266 5610 2389 5649 vero
2415 5610 2717 5651 sat-montis
2742 5614 2756 5652 ε
2783 5610 2922 5651 nam
2950 5610 3214 5652 Itwrettcus
3324 5610 3403 5649 ast
3443 5610 3603 5649 ocatur

2147 5664 2276 5749 dant
2305 5668 2513 5749 gaudet,
2565 5670 2777 5743 proprio
2830 5668 3005 5741 (oculo
3032 5610 3754 5749 subintelgcto)’oerltam

2148 5734 2357 5791 luminis
2388 5734 2597 5796 amissti.
2664 5734 2701 5743 ”
2842 5734 2852 5741 ’
3216 5760 3223 5765 ·
3362 5734 3371 5751 '

2146 5809 2282 5942 ﬁu'm
2265 5808 2319 5863 Ν
2310 5809 2552 5944 :dbiistIta
2575 5813 2812 5871 editores
2840 5813 3143 5891 Anglicani,
3159 5812 3278 5872 loco
3298 5806 3754 5884 vobiser
