4026 6328
174 444 180 448 _
239 355 373 431 σε)ιῶ

1558 356 1648 414 DE
1673 355 2049 416 TRINITA'I‘E
2087 355 2315 412 LIBER.

3465 356 3570 415 θιθ

265 490 359 541 ra;
380 473 711 551 inhabitator
733 475 1266 548 corporibnsnostris
1289 474 1541 542 datus,et
1556 476 1860 533 sanctitatis
1884 482 1934 539 Α
1962 473 2212 540 destruit,
2243 488 2527 544 perversos
2556 474 2798 547 corrigit,
2825 473 3071 531 inﬁdeles
3109 475 3323 547 arguit,
3345 475 3571 532 simula-

265 566 527 633 eﬂ‘ectorxz
550 570 638 639 qui
670 567 723 631 id
752 582 919 638 ageus
949 569 1001 625 in
1028 568 1183 631 nobis
1212 568 1278 625 ad
1302 569 1685 636 teter-nitatem.
1716 577 1773 624 et
1796 567 1864 623 ad

266 661 725 721 resurrectionem
751 662 1173 719 immortalitatis
1194 676 1422 733 corpora
1453 671 1633 718 nostra
1663 661 1864 734 produ-

265 766 375 822 cat,
406 755 659 821 dumilla
690 757 744 812 in
769 771 832 813 se
852 758 1139 815 assuelacit
1161 774 1282 814 cum
1308 759 1519 816 cmlesti
1541 758 1738 814 virtute
1768 757 1866 814 mi-

266 849 441 923 sceri,
468 860 525 906 et
563 865 686 913 cum
720 849 951 922 Spiritus
979 853 1155 911 sancti
1195 852 1375 909 divina
1431 853 1733 909 :etcrnitate
1772 867 1863 908 so.

267 943 421 999 ciari.
452 943 787 1001 Erudiuntur
813 947 954 1001 enim
981 946 1039 1001 in
1060 946 1189 1010 illo,
1215 957 1272 1002 et
1300 961 1396 1017 per
1441 947 1613 1017 ipsum
1639 960 1866 1018 corpora

266 1052 451 1097 nostra
477 1040 546 1099 ad
571 1041 1032 1098 immortalitatem
1068 1042 1331 1113 proiicere
1351 1084 1366 1106 ,
1395 1042 1522 1098 dum
1548 1044 1617 1098 ad
1647 1042 1865 1099 decreta

268 1132 437 1204 ipsius
464 1132 679 1190 discunt
699 1149 758 1190 se
782 1134 1127 1192 moderanter
1149 1144 1470 1207 temperare.
1494 1136 1593 1192 llic
1615 1147 1699 1193 est
1721 1137 1865 1192 enim

267 1227 357 1297 qui
384 1236 561 1307 contra
588 1244 794 1284 carnem
842 1228 1132 1297 desiderat,
1157 1230 1284 1301 quia
1327 1247 1447 1285 caro
1474 1242 1654 1287 contra
1697 1232 1866 1302 ipsum

266 1329 518 1393 repugnat
544 1320 688 1393 (Gal.
714 1337 769 1388 ν.
800 1320 913 1389 17).
943 1323 1039 1379 ilic
1064 1324 1266 1394 estqui
1293 1324 1644 1395 inexplebiles
1662 1324 1867 1397 cupidi-

269 1421 405 1468 tates
428 1423 663 1481 coercet,
693 1414 1073 1473 immoderatas
1100 1416 1348 1472 libidines
1388 1416 1585 1487 frangit
1606 1458 1623 1482 ,
1653 1417 1868 1474 illicitos

267 1505 490 1563 ardores
514 1509 807 1579 extinguit,
829 1507 1119 1580 ﬂagrantes
1145 1510 1377 1579 impetus
1402 1510 1601 1575 vincit,
1630 1511 1865 1567 ebrieta-

269 1606 352 1653 tes
390 1599 557 1671 rejicit
575 1640 591 1667 ,
620 1600 876 1657 avaritias
904 1601 1151 1672 repellit,
1182 1602 1486 1659 luxuriosas
1508 1604 1866 1659 comessatio-

269 1706 367 1748 nes
411 1695 425 1724 ³
470 1693 637 1765 fugat,
681 1693 973 1752 cbaritates
989 1698 1174 1763 nectit,
1197 1696 1508 1753 affectiones
1528 1699 1865 1769 constringit,

267 1795 445 1842 sectas
471 1788 721 1858 repellit,
750 1790 991 1860 regulam
1025 1790 1266 1847 veritatis
1295 1790 1510 1863 expedit
1532 1833 1548 1855 ,
1581 1791 1869 1849 luereticos

1970 576 2116 621 tores
2142 565 2398 631 ostendit,
2431 568 2708 638 improbos
2733 583 2946 640 quoque
2974 568 3235 640 corrigit,
3264 567 3564 626 Ecclesium

1968 659 2335 730 incorruptam
2378 670 2433 716 et
2474 660 2817 728 inviolatam,
2853 672 3127 734 perpetuae
3165 662 3487 735 virginitatis
3517 671 3572 719 et

1970 752 2211 808 veritatis
2238 753 2522 813 sanctitate
2549 754 2805 812 custodit.
3162 784 3183 793 ις
3329 768 3335 779 ο

2557 866 2785 926 CAPUT
2824 866 2995 924 XXX.

1971 1002 2199 1075 Denique
2246 1014 2491 1077 quantum
2539 1004 2666 1062 dicti
2708 1007 2933 1062 hwretici
2972 1011 3159 1063 erroris
3198 1009 3279 1064 sui
3320 1009 3569 1080 originem

2042 1097 2159 1151 inde
2178 1098 2462 1169 rapuerint,
2487 1099 2623 1170 quod
2649 1099 3104 1155 animadverterent
3130 1102 3375 1171 scriptum
3398 1118 3417 1157 :
3439 1116 3574 1157 unus

2047 1191 2188 1247 Deus
2212 1209 2225 1245 :
2251 1194 2340 1245 etsi
2369 1191 2625 1246 Christum
2656 1191 2819 1247 Deum
2848 1207 2892 1250 et
2917 1193 3122 1249 Patrem
3143 1184 3304 1250 Deum
3322 1194 3575 1269 dicamus,

2043 1295 2144 1333 non
2173 1278 2335 1351 magis
2360 1290 2528 1333 tamen
2552 1276 2680 1336 duos
2710 1278 2849 1335 Deos
2880 1279 3208 1353 Scripturam
3249 1276 3539 1356 proponere
3558 1324 3573 1348 ,

2042 1378 2193 1441 quam
2221 1371 2347 1427 duos
2378 1370 2623 1428 Domitios
2650 1383 2738 1427 aut
2764 1373 2893 1427 duos
2909 1371 3208 1446 Magistros.
3251 1354 3258 1356 ν
3350 1354 3355 1355 ν
3490 1354 3493 1361 ι

2043 1529 2110 1585 Et
2138 1531 2159 1562 ³
2185 1532 2299 1584 haec
2337 1530 2553 1601 quidem
2580 1530 2657 1585 de
2700 1531 2858 1587 Patre
2877 1531 3016 1588 etde
3038 1532 3175 1589 Filio
3200 1543 3250 1589 et
3280 1534 3346 1589 de
3375 1534 3573 1606 Spiritu

1971 1631 2158 1677 sancto
2187 1622 2423 1678 breviter
2448 1623 2555 1678 sint
2582 1624 2738 1679 nobis
2765 1623 2929 1690 dicta,
2962 1633 3016 1680 ct
3039 1626 3266 1681 strictim
3300 1626 3490 1697 posita,
3521 1637 3577 1682 et

1972 1729 2078 1769 non
2107 1714 2259 1785 longa
2288 1713 2653 1785 disputatione
2678 1726 2949 1786 porrecta.
2992 1716 3177 1771 Latius
3206 1718 3350 1773 enim
3382 1728 3573 1789 potuc-

1972 1817 2099 1862 rnut
2125 1808 2351 1879 porrigi,
2391 1818 2445 1864 et
2495 1810 2516 1840 ⁸
2560 1811 2915 1880 propensiore
2939 1809 3303 1882 disputatione
3326 1813 3569 1884 produci;

266 1880 520 1942 revincit,
554 1883 829 1953 improbos
860 1882 1004 1938 foras
1032 1885 1257 1954 expuit,
1290 1886 1577 1957 Evangelia
1604 1885 1862 1941 custodit.

1987 1898 2403 1970 tuandttquidem
2445 1900 2511 1956 ad
2556 1901 2956 1964 testimonium.
2995 1880 3138 1974 quod
3184 1907 3254 1959 ita
3286 1880 3344 1961 se
3385 1907 3580 1963 habent

268 1972 345 2029 De
398 1975 501 2029 hoc
526 1976 547 2006 ²
577 1975 716 2032 idem
740 1977 1035 2046 Apostolus
1061 1996 1074 2033 :
1109 1977 1230 2034 Non
1260 1981 1394 2034 enim
1417 1980 1650 2051 spiritum
1689 1982 1868 2035 mundi

264 2066 572 2138 accepimus,
600 2068 969 2145 sengpii-itum
994 2072 1083 2143 qui
1109 2084 1173 2127 ex
1212 2089 1269 2127 eo
1294 2083 1369 2129 est
1395 2074 1413 2141 (
1439 2073 1453 2127 I
1487 2073 1606 2129 Cor.
1651 2090 1708 2142 tt,
1739 2074 1865 2145 12).

266 2157 345 2214 De
372 2159 474 2215 hoc
499 2144 721 2224 exultat,
755 2170 810 2217 et
832 2162 965 2218 dicit
992 2181 1005 2217 :
1039 2162 1172 2217 Puto
1202 2174 1371 2219 autem
1398 2167 1520 2234 quin
1545 2175 1590 2220 et
1618 2182 1711 2237 ego
1743 2144 1867 2237 Spi-

265 2252 420 2307 ritum
454 2252 545 2308 Dei
575 2253 736 2309 habeo
766 2254 810 2327 (Ι
836 2253 959 2311 Cor.
990 2271 1084 2318 vti.
1117 2257 1228 2326 40).
1262 2256 1338 2312 De
1363 2257 1464 2312 hoc
1500 2257 1629 2313 dicit
1677 2274 1691 2310 :
1738 2256 1808 2311 Et
1843 2258 1864 2288 ³

268 2345 497 2415 Spiritus
530 2345 912 2418 Prophetarum
950 2349 1209 2420 prophetis
1247 2348 1501 2420 subjectus
1543 2359 1616 2405 est
1657 2350 1702 2414 (Ι
1741 2349 1862 2405 Cor.

267 2456 379 2509 xw,
409 2441 530 2514 52).
558 2443 635 2499 De
662 2442 764 2499 hoc
792 2443 955 2507 refert
981 2463 996 2500 ι
1024 2443 1253 2511 Spiritus
1290 2454 1460 2499 autem
1490 2446 1755 2514 manifeste
1782 2444 1866 2498 di-

267 2534 367 2601 cit,
396 2535 515 2605 quia
552 2536 605 2590 in
637 2537 920 2592 novissimis
968 2536 1277 2608 temporibus
1322 2537 1557 2593 recedent
1600 2538 1810 2608 quidam
1835 2553 1869 2591 a

267 2628 392 2698 ﬁde,
419 2629 730 2685 attendentes
757 2629 1021 2700 spiritibus
1067 2629 1420 2685 seductoribus
1442 2671 1458 2695 ,
1484 2628 1731 2685 doctrinis
1756 2630 1866 2686 dae-

268 2729 579 2796 moniorum,
606 2729 660 2783 in
686 2729 946 2800 hypocrisi
970 2728 1234 2784 mendacia
1259 2728 1591 2797 loquentium,
1621 2728 1870 2783 cauterio-

268 2831 375 2877 utnt
402 2818 693 2879 habentium
716 2821 1238 2897 conscientiantsuam
1253 2819 1297 2886 (Ι
1322 2819 1460 2874 Tim.
1488 2835 1565 2885 tv,
1586 2821 1659 2892 1).
1685 2820 1740 2875 ln
1764 2821 1868 2877 hoc

269 2915 705 2987 Spiritttpositus
735 2931 883 2970 nemo
913 2931 1154 2987 umquam
1181 2915 1302 2969 dicit
1341 2914 1614 2969 anathema
1642 2912 1768 2968 Iesu
1809 2912 1869 2987 (ι

270 3006 390 3063 Cor.
422 3024 516 3074 stt,
544 3010 599 3082 ’5)
626 3024 641 3063 :
666 3023 826 3067 nemo
873 3008 1088 3077 negavit
1119 3007 1389 3063 Christum
1414 3007 1505 3061 Dei
1537 3005 1750 3070 Filium.
1777 3016 1870 3063 aut

268 3102 562 3174 repudi-ivit
591 3114 892 3161 creatorem
926 3102 1092 3159 Deum
1117 3121 1131 3157 :
1159 3117 1318 3158 nemo
1346 3112 1535 3159 contra
1563 3103 1870 3172 Scripturas

269 3198 377 3255 ulla
407 3214 503 3254 sua
542 3197 706 3255 verba
744 3198 1014 3268 depromit
1043 3217 1057 3252 :
1082 3214 1240 3253 nemo
1266 3197 1372 3263 alia
1406 3208 1460 3253 et
1484 3198 1742 3269 sacrilega
1769 3197 1869 3253 de-

1975 1988 2109 2047 lldes
2140 2004 2296 2056 vera,
2326 1999 2498 2047 totum
2530 2004 2585 2049 et
2612 1993 2781 2050 Vetus
2828 2003 2881 2051 et
2928 1994 3137 2051 Novum
3167 1997 3574 2054 Testamentum

1975 2084 2145 2155 possit
2170 2084 2385 2140 adduci.
2416 2084 2524 2141 Sed
2548 2087 2670 2156 quia
2702 2087 3042 2143 obluctantes
3070 2089 3330 2145 adversus
3369 2091 3572 2146 verita-

1976 2189 2083 2236 tem
2108 2195 2323 2248 semper
2363 2181 2629 2248 haeretici,
2656 2184 2885 2239 sincerae
2924 2185 3225 2240 traditioms
3268 2197 3322 2241 et
3350 2185 3571 2243 Catho-

1976 2278 2094 2334 licae
2120 2277 2243 2334 tidei
2268 2281 2691 2336 controversiain
2735 2272 2912 2336 solent
2947 2280 3195 2347 trahere,
3230 2264 3574 2339 scandalizati

1977 2371 2031 2426 in
2055 2366 2328 2427 Christum
2355 2362 2692 2442 quodetiam
2721 2374 2862 2429 Deus
2887 2383 2941 2428 et
2971 2389 3067 2444 per
3092 2362 3400 2447 Scriptor-as
3426 2388 3579 2431 asses

1972 2474 2142 2531 ratur,
2172 2476 2227 2521 et
2260 2482 2289 2521 a
2320 2468 2477 2522 nobis
2490 2468 2621 2524 ’hoc
2658 2482 2780 2524 esse
2817 2468 3103 2533 credatur;
3138 2468 3388 2525 merito’a
3418 2469 3576 2526 nobis

1971 2561 2055 2631 (ut
2083 2561 2259 2615 omnis
2280 2576 2309 2615 a
2334 2561 2439 2616 tide
2465 2570 2644 2617 nostra
2672 2561 2871 2619 auferri
2898 2564 3065 2633 possit
3092 2548 3341 2618 lueretica
3368 2558 3577 2618 calum-

1971 2652 2084 2725 nia)
2110 2653 2177 2708 de
2200 2668 2271 2708 eo
2291 2652 2432 2724 quod
2460 2663 2514 2708 et
2544 2654 2683 2709 Deus
2707 2656 2780 2708 sit
2806 2640 3054 2710 Christus
3077 2655 3154 2710 sic
3180 2660 3261 2710 est
3290 2655 3573 2725 disputan-1

1968 2746 2122 2811 dum,
2154 2758 2211 2801 ut
2239 2760 2347 2803 non
2387 2746 2647 2818 impediet
2670 2740 2975 2817 Scriptura:
3005 2749 3315 2812 veritatem:
3349 2746 3445 2805 sed
3472 2756 3577 2804 nec

1973 2850 2223 2895 nosu'am
2254 2840 2413 2896 ﬁdem
2440 2881 2453 2904 ,
2506 2848 2611 2910 qua
2661 2854 2800 2896 unus
2854 2841 2996 2896 Dens
3042 2850 3099 2896 et
3140 2855 3236 2909 per
3272 2840 3578 2911 Scripturas

1974 2933 2290 3003 7promitur,
2323 2943 2376 2988 et
2402 2947 2432 2987 a
2478 2933 2633 2987 nobis
2659 2941 2873 2989 tenetur
2902 2943 2955 2989 et
2997 2933 3254 2989 creditur.
3280 2932 3412 2989 Tam
3430 2933 3574 2988 enim

1973 3024 2050 3080 illi
2078 3026 2166 3093 qui
2193 3023 2376 3081 Iesum
2401 3024 2671 3079 Christum
2711 3026 3081 3095 ipsum-Deum
3113 3026 3323 3080 Patrem
3350 3020 3536 3083 dicunt
3558 3068 3573 3088 .

1971 3132 2131 3188 quam
2160 3119 2320 3173 etiam
2351 3118 2421 3172 illi
2448 3120 2541 3188 qui
2569 3118 2840 3172 hominem
2869 3118 3016 3172 illum
3056 3118 3426 3172 tantummodo
3451 3132 3574 3173 esse

1972 3212 2281 3275 Voluerunt,
2309 3214 2510 3267 erroris
2532 3212 2614 3268 sui
2636 3220 2692 3267 et
2713 3211 3080 3282 perversitatis
3105 3204 3340 3283 origines
3366 3215 3421 3269 et
3448 3226 3577 3269 cau-

270 3302 417 3350 creta
434 3293 713 3351 COﬂSlilllil
732 3310 747 3349 ε
766 3307 925 3349 Item"
944 3292 1157 3349 diversa
1171 3295 1290 3364 iura
1312 3292 1624 3349 Cttﬂscrihil-
1651 3292 1706 3349 In
1731 3295 1872 3350 hunc
1898 3293 1943 3357 C
1977 3318 2066 3359 sas
2098 3304 2222 3360 inde
2262 3315 2559 3376 rapuerunt
2583 3325 2598 3362 :
2621 3298 2747 3376 quia
2773 3321 2897 3362 cum
2919 3305 3409 3361 animadverterent
3436 3304 3576 3360 scri-

271 3389 516 3460 quisquis
543 3388 1015 3459 blasphemaverit,
1043 3389 1393 3443 remissionem
1421 3404 1524 3442 non
1550 3387 1700 3442 habet
1722 3430 1738 3455 ,
1769 3405 1873 3444 non

270 3496 469 3543 tantum
487 3489 541 3544 in
562 3490 662 3544 isto
687 3490 896 3557 sternito,
912 3504 1085 3544 verum
1107 3491 1258 3544 etiam
1279 3505 1370 3543 nec
1389 3491 1442 3544 in
1463 3492 1634 3561 futuro
1657 3488 1869 3562 (Matth.

272 3599 369 3651 xu,
393 3581 509 3656 32).
545 3584 640 3640 llic
663 3583 718 3639 in
744 3584 1017 3654 Apostolis
1042 3582 1257 3638 Christo
1288 3583 1649 3638 testimonium
1676 3582 1871 3648 reddit,

271 3678 325 3734 in
356 3678 675 3751 Martyribus
694 3688 1032 3735 constantem
1056 3675 1213 3732 iidem
1239 3676 1512 3747 religionis
1533 3676 1793 3741 ostendit,
1819 3677 1872 3732 in

273 3770 582 3843 Virginibus
621 3770 991 3827 admirabilem
1033 3769 1418 3824 continentiam
1470 3769 1695 3839 signata:
1732 3768 1871 3824 ‘ca-

270 3866 470 3920 stitatis
498 3866 752 3933 includit,
789 3866 845 3920 in
879 3862 1090 3920 ueteris
1130 3863 1437 3932 incorrupta
1468 3872 1520 3917 et
1549 3863 1868 3917 incontami-

273 3969 395 4015 nata
437 3959 701 4016 doctrina:
744 3957 1036 4014 Dominicis
1088 3956 1208 4026 jura
1245 3952 1529 4019 custodit,
1584 3953 1867 4010 bmreticos

1976 3408 2123 3467 ptum
2154 3412 2275 3453 esse
2299 3397 2442 3468 quod
2472 3414 2605 3452 unus
2629 3400 2694 3453 sit
2726 3397 2895 3464 Deus,
2924 3412 3031 3452 non
3067 3397 3225 3452 aliter
3254 3406 3578 3468 putaverunt

1975 3487 2133 3544 istam
2162 3498 2346 3545 tenere
2374 3505 2434 3547 se
2465 3504 2622 3561 posse
2648 3490 2968 3547 sententiam
2988 3532 3000 3554 ,
3036 3489 3137 3544 nisi
3166 3497 3260 3543 aut
3299 3488 3573 3546 hominem

1976 3591 2181 3639 tantum
2208 3585 2481 3640 Christum
2507 3628 2523 3650 ,
2558 3595 2648 3639 aut
2692 3593 2840 3641 certe
2883 3584 3052 3640 Deum
3085 3584 3298 3640 Patrem
3328 3592 3578 3655 putarent

1975 3691 2098 3732 esse
2122 3677 2477 3733 credendum.
2506 3676 2596 3734 Sic
2643 3678 2786 3733 enim
2821 3677 3119 3733 calumnias
3156 3692 3282 3732 suas
3321 3677 3577 3747 colligere

1974 3782 2391 3840 eonstteverttut,
2424 3783 2739 3829 utcrrorcm
2769 3774 3043 3843 prOpriutn
3066 3772 3367 3842 approbare
3397 3770 3577 3825 nitan-

1973 3870 2079 3919 tur.
2104 3865 2167 3919 Et
2187 3865 2399 3936 quidem
2426 3865 2503 3921 illi
2523 3867 2613 3938 qui
2629 3865 2811 3922 Jesum
2837 3864 3108 3920 Christum
3132 3865 3341 3920 Patrem
3365 3854 3575 3928 dicunt,

1972 3959 2072 4014 ista
2115 3960 2458 4031 praetendunt
2506 3978 2520 4013 :
2566 3960 2621 4018 Si
2650 3961 2673 3994 ⁸
2700 3974 2839 4016 unus
2899 3959 3073 4024 Deus;
3102 3957 3348 4013 Christus
3395 3966 3575 4012 autem

1449 4067 1829 4126 GALLlNDII
1878 4073 2437 4135 COMMENTARIUS.

351 4171 365 4202 ¹
409 4166 621 4239 Fugat.
654 4166 743 4222 Sic
799 4175 947 4223 recte
1004 4161 1311 4220 emendavit
1350 4161 1504 4218 editt.
1543 4164 1674 4234 fugit
1722 4161 1875 4220 Wei-

273 4238 558 4299 chmantts.
599 4238 855 4296 Jscnson.

346 4317 366 4346 ²
407 4311 573 4367 Ιιιιιηι.
606 4312 681 4367 Ita
716 4309 1002 4365 Pamelius.
1036 4307 1120 4362 AI.
1152 4308 1292 4362 item.

349 4386 369 4416 ³
410 4386 638 4454 Spiritus
680 4382 874 4451 Proph.
922 4380 1201 4454 Consentit
1238 4387 1427 4454 auctor
1454 4394 1599 4454 _cum
1655 4378 1874 4454 vulgato

1980 4183 2101 4243 esse
2129 4172 2288 4240 Deos,
2313 4174 2408 4229 sed
2431 4188 2594 4228 ttnum
2623 4172 2855 4228 ostendit
2879 4188 2894 4237 ;
2923 4187 3026 4228 non
3051 4171 3268 4227 aliunde
3288 4171 3577 4243 qumrenda

1981 4242 2138 4312 hujus
2168 4246 2242 4299 rei
2264 4260 2447 4308 causa,
2473 4246 2574 4300 nisi
2598 4244 2738 4315 quod
2769 4246 2818 4313 in
2839 4244 3126 4300 evertenda
3150 4243 3270 4299 Filii
3298 4242 3580 4299 divinitate

1977 4316 2154 4369 omnis
2178 4315 2550 4373 inut-etieorum
2573 4329 2799 4372 conatus
2827 4317 3157 4372 versabatur.
3186 4315 3317 4370 Nam
3337 4316 3380 4369 si
3404 4316 3575 4370 semel

1976 4389 2301 4460 probassent
2328 4388 2519 4457 Filium
2554 4403 2658 4445 non
2691 4403 2812 4444 esse
2841 4403 3006 4443 unum
3030 4403 3153 4442 cum
3179 4387 3336 4443 Patre
3368 4387 3537 4443 Deum
3564 4404 3580 4452 ;

278 4440 469 4515 Latino
503 4440 839 4540 aug-pws,
869 4440 1213 4525 quantumvis
1257 4440 1416 4507 hodie
1445 4448 1634 4508 Graece
1665 4440 1874 4523 legatur
1900 4478 1953 4540 Β
1976 4440 2960 4540 sua;aparigsgaaiaqauna"'..
2994 4440 3583 4540 llivitiainaturaecon;

278 4552 548 4599 πνευματα.
590 4524 796 4583 Ριωει..
1312 4586 1317 4595 ι

352 4603 371 4633 ’⁵
395 4602 671 4657 Castitatis.
725 4598 799 4657 lla
839 4606 985 4654 recte
1027 4595 1545 4652 correxitrhm-itatis
1572 4593 1703 4650 edit.
1729 4592 1875 4651 Wei-

274 4675 559 4732 .cltmauus.
599 4670 851 4727 Jacnson.

356 4744 484 4801 Car.
509 4741 676 4801 XXX.
695 4773 766 4783 —
783 4743 802 4773 ⁵
819 4741 881 4797 Et
897 4742 1006 4797 haec
1022 4741 1358 4815 quidemetc.
1376 4737 1630 4815 Queritur
1644 4737 1765 4795 lteic
1780 4737 1881 4815 Pa-

282 4818 476 4875 melius
492 4815 750 4887 Spiritum
770 4809 1059 4887 sanctum
1088 4811 1382 4887 Novatiano
1399 4812 1560 4867 Deum
1579 4827 1682 4887 non
1700 4809 1883 4880 appel-

270 4891 402 4950 ,lari.
431 4883 718 4943 nec—ullam
746 4886 863 4953 ejus
893 4885 1218 4945 mentionem
1245 4884 1565 4955 lieri,quum
1586 4883 1796 4955 Patrem
1828 4890 1882 4936 et

280 4962 474 5019 Filiam
494 4976 655 5014 unum
675 4974 792 5014 esse
809 4959 972 5014 Deum
988 4956 1156 5013 hocce
1179 4958 1229 5010 iu
1246 4953 1430 5025 capite
1442 4965 1629 5010 auctor
1656 4953 1883 5009 demon-

282 5041 439 5089 strat.
473 5033 727 5088 Sanctum
755 5031 969 5100 quidem
999 5030 1258 5092 Spiritum
1282 5028 1614 5100 nominatim
1659 5044 1765 5081 non
1786 5040 1881 5097 ap-

282 5106 451 5175 prllal
478 5104 642 5158 Deum
669 5098 995 5175 Novatiantts
1016 5117 1029 5155 :
1054 5100 1149 5175 sed
1172 5100 1240 5154 de
1262 5099 1401 5175 illius
1420 5098 1589 5153 divina
1602 5100 1884 5175 a'terttitute

285 5168 336 5232 in
387 5194 503 5244 cap.
544 5174 879 5243 praeordente
908 5188 1014 5227 non
1050 5172 1185 5244 silet
1211 5213 1224 5236 ,
1254 5181 1320 5244 et
1341 5171 1505 5225 Deum
1549 5185 1672 5244 esse
1701 5168 1884 5224 multis

284 5241 619 5320 argumentis
666 5247 875 5320 probat.
924 5243 1060 5320 Quid
1102 5244 1244 5320 enim
1278 5241 1699 5320 cihpropositutn
1752 5250 1873 5320 est,

284 5312 449 5393 quvuru
482 5312 838 5393 divina'illius
866 5317 1119 5393 attributa
1152 5313 1391 5370 defendit
1415 5329 1429 5367 :
1457 5313 1557 5368 nisi
1586 5323 1639 5368 ut
1671 5312 1878 5381 probet,

285 5386 428 5461 quod
457 5406 518 5446 se
550 5390 892 5461 probaturum
916 5386 1262 5458 promiserat,
1284 5399 1478 5461 nempe
1500 5394 1753 5461 oportere
1777 5400 1886 5438 cre-

286 5456 407 5519 dere
432 5456 583 5517 etiam
606 5461 657 5516 in
688 5456 940 5529 Spiritum
966 5468 1217 5521 sanctum,
1240 5471 1303 5529 ac
1326 5456 1550 5526 proinde
1575 5473 1695 5511 eum
1721 5470 1882 5509 unum

287 5552 412 5594 esse
438 5550 557 5589 cum
586 5527 741 5589 Patre
772 5542 824 5587 ct
844 5531 978 5587 Filio
1003 5529 1212 5585 Deum?
1238 5527 1391 5584 Unde
1415 5529 1575 5583 etiam
1602 5539 1883 5597 pttStqnam

290 5623 352 5664 ea
382 5606 611 5662 absitlvit
651 5620 770 5674 qtnc
815 5603 881 5658 de
910 5602 1109 5673 Spiritu
1139 5610 1328 5655 sancto
1357 5599 1539 5654 dicere
1588 5609 1883 5674 statuerat_,

290 5681 368 5734 sic
402 5676 553 5733 initio
595 5668 753 5744 huius
792 5668 983 5741 capitis
1025 5684 1132 5728 tres
1159 5687 1433 5744 personas
1480 5669 1794 5744 conjnngit:
1824 5668 1887 5723 Et

292 5753 400 5805 tunc
430 5750 631 5819 quidem
657 5742 719 5802 de
750 5746 926 5812 Putre,
958 5756 1002 5800 et
1030 5745 1095 5819 de
1128 5743 1284 5819 (filio,
1315 5754 1360 5798 et
1389 5742 1450 5796 de
1480 5742 1678 5819 Spiritu
1702 5751 1885 5819 sancto

294 5812 674 5876 breviternobis
701 5821 799 5873 sint
830 5819 984 5872 dicta.
1016 5816 1167 5885 Quod
1195 5814 1241 5871 si
1275 5825 1450 5873 tacere
1478 5813 1546 5869 de
1573 5812 1773 5885 Spiritu
1803 5812 1883 5866 νίς

297 5895 453 5958 detur
479 5892 836 5958 Novatiauus,
865 5892 992 5949 dum
1017 5889 1229 5952 Patrem
1278 5895 1334 5949 et
1373 5885 1566 5947 Filium
1597 5900 1703 5944 non
1745 5884 1883 5945 duos

1984 4531 2154 4586 sortio
2180 4530 2583 4588 dissociassent.
2628 4532 2718 4588 Sic
2759 4533 2920 4586 etiam
2968 4530 3134 4585 semel
3176 4532 3580 4593 demonstrato,

1986 4601 2200 4673 Patrem
2233 4613 2289 4659 et.
2316 4603 2511 4659 Filium
2539 4620 2628 4673 per
2650 4603 2948 4659 substantia:
2968 4602 3405 4667 communionem,
3431 4608 3490 4654 ut
3507 4600 3587 4673 ait

1972 4671 2335 4743 Novatianus,
2362 4670 2674 4732 uuutn'esse
2695 4674 2902 4739 Deum;
2932 4689 3037 4728 non
3056 4673 3167 4743 jam
3195 4680 3477 4743 superaret
3494 4670 3589 4726 dna

1986 4744 2189 4801 bitandi
2227 4747 2405 4814 locus,
2440 4747 2569 4817 quin
2610 4746 2843 4817 Spiritus
2882 4746 3052 4817 sancti
3093 4744 3581 4817 divinjtagnequq—

1986 4833 2145 4889 quam
2174 4829 2280 4874 tres
2300 4810 2436 4874 Deos
2458 4810 2725 4889 efﬁceret.
2764 4817 2977 4872 MARAN.
3009 4815 3186 4871 Dicin.
3216 4814 3287 4870 ι).
3321 4812 3394 4868 Ν.
3425 4810 3485 4869 J.
3517 4810 3580 4869 C.

1988 4889 2085 4946 lib.
2112 4906 2183 4962 tv.
2214 4907 2332 4960 cap.
2373 4889 2455 4956 l9,
2487 4888 2515 4962 θ
2545 4889 2628 4954 ill,
2664 4904 2782 4960 pag.
2813 4889 2965 4962 5f“.
3018 4954 3023 4959 ν
3063 4957 3080 4962 _
3151 4957 3164 4962 _
3284 4910 3289 4949 τ

2060 4962 2080 4994 ⁶
2118 4957 2532 5032 Pr0pensiore.'t
2558 4978 2617 5016 ru
2647 4957 2796 5015 Certo
2849 4959 3021 5032 habet
3055 4957 3356 5027 Jacksouus
3391 4965 3582 5032 aucto-

1990 5050 2105 5089 rem
2131 5028 2415 5104 scripsisse
2438 5035 2791 5103 propansiore.
2824 5031 2929 5087 Sed
2960 5031 3161 5104 fallitur
3192 5032 3272 5083 vir
3292 5028 3539 5104 eruditus
3566 5069 3581 5093 ,

1990 5121 2148 5160 unam
2175 5101 2337 5175 hujus
2377 5101 2996 5176 vncis’signiticationcm
3041 5101 3459 5176 frequentiorem
3499 5112 3592 5165 at,-

1989 5172 2567 5248 tcndensfPropensus
2590 5172 2732 5231 cnim
2765 5175 3090 5248 quandoque
3118 5172 3351 5248 munitur
3366 5185 3591 5248 prope;

1988 5260 2129 5323 tenso
2152 5266 2169 5305 :
2192 5267 2298 5323 quo
2327 5244 2489 5305 sensu
2512 5248 2629 5304 heic
2651 5244 2880 5315 sumitur
2900 5262 2931 5301 a
2951 5245 3268 5323 Novatiaqo.
3296 5244 3455 5311 Pers.
3481 5244 3587 5311 sat.

1989 5321 2314 5389 l,vcrs.57.
2438 5354 2443 5359 -
2538 5358 2549 5369 ε
3184 5321 3207 5379 ξ
3262 5350 3268 5359 ι
3492 5346 3501 5359 ³

2581 5435 2700 5499 Cum
2727 5435 2834 5496 tibi,
2858 5433 2999 5486 calve
3034 5436 3089 5457 “"
3110 5414 3157 5499 Ῡη
3188 5438 3229 5499 "1‘
3390 5434 3401 5455 ί
3444 5436 3487 5499 ’δ’
3533 5440 3569 5460 "

2145 5500 2349 5564 Pinguis
2370 5498 2671 5577 aqualiculus
2692 5500 2939 5563 propenso
2952 5497 3254 5577 sesquipede
3276 5497 3463 5577 arietet:
3548 5508 3571 5577 κς

1990 5587 2046 5645 ld
2077 5597 2164 5672 est
2182 5607 2193 5642 :
2218 5560 2353 5672 Cum
2395 5560 2719 5672 abundantia
3025 5560 3234 5672 [iillgl‘l‘l‘is

1992 5642 2125 5717 trem
2152 5642 2353 5714 habeas
2376 5659 2514 5713 ultra
2539 5642 3203 5729 sex’peiliis‘cxte‘tisiihi'.‘|”

2062 5696 2125 5715 .III
2154 5696 2353 5714 ιιιιυιιιιῦ
2378 5696 2514 5713 usus!
2539 5696 2629 5733 διατι-
2660 5696 2824 5728 pws-Im
2851 5696 3183 5744 νηψ--Ξιμιιη,
3278 5720 3286 5729 ⁸
3311 5700 3320 5744 Ι
3522 5698 3527 5703 ι

2062 5733 2082 5764 ⁷
2124 5730 2414 5815 Pratum:
2459 5696 3593 5815 ,ιίῢξιιῖεςιέ.Ἒεέξξίξηιέξξξξιβφ«ξ’ξυΐέῐηὲὲἔὲὲξξ·

1992 5815 2086 5891 tut:
2108 5819 2173 5891 et.
2189 5779 3575 5891 ³ειςιίῖυμεῑιὲνζιῖτξξζξίξῖριιςέζ’ξὲῖιξγέίέξξξέξὶὶςὶΪὶλλίὲζξὲίἷῗέῗ

2064 5838 2086 5909 λι
2108 5838 2177 5965 ἕξ
2189 5838 2654 5981 Ῑὲξῖιὲἒζῗῖὶὲξίξέξῖέὗ
2663 5838 3599 5978 iiitititltiiéiiﬁiimitihtiu‘
