4008 6320
443 356 567 413 951.

1508 351 1881 410 ΝονΑτιΑΝι
1911 352 2001 413 DE
2043 351 2418 429 ᾙὶΙΝΙΤΑΤΕ
2451 352 2675 410 LIBER.

3644 356 3745 431 sse

437 481 538 537 est,
573 471 684 527 sive
710 468 837 525 (lllttl
865 468 1137 540 Sapientia
1176 477 1288 537 est,
1320 469 1435 524 sive
1466 468 1591 525 dum
1624 468 1743 526 Lux
1769 479 1887 539 est,
1917 471 2035 528 sive
2064 476 2117 537 Α
2142 480 2228 528 tus
2255 487 2320 528 ex
2361 471 2540 541 Patre,
2574 482 2633 529 ut
2658 482 2806 530 esset
2832 474 3113 531 Dominus.
3158 475 3257 533 Est
3301 485 3365 535 et
3416 474 3563 551 (Ira.
3593 494 3665 546 tx,
3686 479 3741 551 6)

439 554 569 617 dum
601 560 765 617 Filius
794 572 909 629 est,
949 573 1001 616 et
1041 560 1297 632 quidquid
1344 561 1535 617 borum
1582 574 1661 618 est
1688 603 1705 630 ,
1754 563 1881 619 dum
1929 579 2037 619 non

439 655 660 723 aliunde
687 666 799 721 est,
830 672 988 725 quam
1010 699 1024 721 ,
1058 656 1197 711 sicut
1225 655 1461 710 dixnnus
1504 657 1617 727 jam
1654 658 1902 726 superius
1924 703 1939 725 ,
1971 676 2038 716 ex

442 747 639 815 Patre;
675 748 818 803 Patri
843 763 942 805 suo
969 750 1231 819 originem
1262 763 1413 804 suam
1438 749 1675 819 debens,
1707 750 2036 808 discordiam

441 826 735 898 divinitatis
765 843 831 903 de
869 828 1096 899 nurnero
1141 843 1372 899 duorum
1423 844 1656 901 Deorum
1705 844 1885 901 facere
1929 860 2038 901 nou

440 935 648 1006 potuit,
679 939 766 1005 qui
793 951 858 993 ex
891 937 983 991 illo
1012 924 1101 1014 qui
1133 947 1218 992 est
1249 954 1386 994 unus
1421 938 1593 1007 Deos,
1622 939 1886 1010 originem
1915 955 2040 997 nas-

442 1031 616 1087 cendo
640 1033 927 1088 contraxit.
962 1032 1080 1102 Quo
1102 1048 1312 1105 genere
1345 1034 1474 1090 dum
1503 1045 1557 1091 et
1598 1037 1911 1108 unigenitus
1931 1047 2037 1106 est,

441 1133 498 1179 et
526 1123 912 1197 priumgenitus
938 1140 1006 1181 ex
1036 1125 1127 1180 illo
1153 1134 1236 1181 est
1282 1127 1371 1196 qui
1394 1128 1660 1198 originem
1694 1144 1800 1185 non
1832 1130 1993 1186 habet
2022 1173 2038 1197 ,

444 1218 620 1271 unus‘
646 1226 730 1273 est
772 1219 1011 1273 omnium
1066 1235 1244 1275 rerum
1290 1230 1344 1275 et
1396 1221 1721 1292 principium
1762 1230 1818 1279 et
1856 1233 2038 1295 caput.

441 1309 649 1368 Idcirco
675 1314 877 1367 'uuum
928 1313 1096 1369 Deum
1136 1315 1388 1381 asseruit,
1418 1332 1578 1386 quem
1622 1331 1730 1372 non
1778 1319 1880 1373 sub
1930 1318 2043 1373 ullo

438 1403 706 1475 principio
733 1414 823 1460 aut
850 1405 1036 1473 initio,
1068 1406 1162 1463 sed
1192 1407 1402 1464 initium
1436 1409 1612 1478 potius
1636 1420 1690 1465 et
1719 1410 2041 1482 principium

443 1513 625 1554 rerum
655 1500 892 1553 omnium
925 1500 1319 1570 comprobavit.
1357 1502 1377 1532 ³
1409 1501 1577 1557 Filius
1603 1513 1782 1560 autem
1813 1503 1947 1560 nihil
1975 1519 2041 1560 ex

444 1591 672 1648 arbilrio
700 1609 796 1648 suo
818 1594 976 1665 gerit,
1007 1608 1107 1649 nec
1135 1610 1207 1649 ex-
1230 1595 1459 1650 consilio
1489 1611 1591 1651 suo
1623 1596 1769 1665 facit,
1797 1612 1897 1654 nec
1925 1613 1956 1653 a
1983 1614 2044 1655 se

447 1687 627 1752 venit,
671 1686 765 1742 sed
808 1688 1049 1757 imperiis
1081 1691 1614 1765 paternisomnibus
1658 1703 1706 1748 et
1765 1695 2046 1765 praeceptis

445 1778 631 1835 obedit
670 1792 773 1835 :ut
819 1782 1066 1851 quamvis
1108 1783 1301 1852 probet
1352 1784 1501 1839 illum
1554 1787 1803 1842 nativitas
1849 1787 2043 1844 Filium

2141 565 2409 635 Angelus,
2443 565 2541 622 sed
2581 566 2649 621 ad
2673 568 3103 625 annuntiandum
3150 570 3542 641 magnumDei
3577 572 3741 627 oonsi-

2141 655 2271 711 lium
2292 698 2309 723 ,
2353 671 2419 711 ex
2473 656 2633 713 Patre
2680 672 2781 714 suo
2808 660 3049 731 Angelus
3077 658 3402 719 destitutus.
3438 661 3459 693 ⁷
3484 658 3650 732 Cujus
3671 662 3746 718 sic

2141 748 2389 804 divinitas
2431 750 2659 805 traditur
2690 792 2706 818 ,
2761 751 2783 783 ⁸
2857 762 2916 807 ut
2983 768 3089 807 non
3134 762 3226 809 aut
3279 751 3629 823 dissonantia
3661 762 3746 810 aut

2142 841 2499 913 inaequalitate
2529 843 2824 918 divinitatis
2858 844 3000 905 duos
3036 844 3175 902 Deos
3219 844 3530 901 reddidisse
3570 845 3741 903 videa-

2143 941 2246 989 tur.
2279 932 2548 1003 Subjectis
2576 934 2720 990 enim
2759 934 2808 990 ei
2848 936 3001 1006 quasi
3055 935 3193 992 Filio
3220 934 3682 1009 omnibusvrebus
3715 952 3745 993 a

2142 1023 2320 1086 Patre.
2352 1024 2477 1080 dum
2509 1024 2553 1099 (Ι
2583 1022 2704 1081 Cor.
2736 1040 2834 1093 xv,
2864 1026 2961 1098 28)
2985 1027 3101 1098 ipse
3128 1026 3361 1083 cumbis
3384 1042 3507 1100 qua:
3535 1026 3611 1084 illi
3630 1026 3747 1085 sub-

2137 1116 2278 1187 jecta
2309 1126 2464 1187 sunt,
2496 1116 2642 1174 Patri
2690 1134 2790 1176 suo
2832 1118 3148 1190 subjicitur,
3182 1119 3363 1177 Patris
3406 1120 3628 1193 quidem
3670 1122 3746 1177 sui

2145 1209 2185 1264 F
2190 1210 2313 1266 ilius
2356 1212 2644 1282 probatur;
2692 1222 3010 1270 c:eterorum
3062 1222 3244 1270 autem
3287 1224 3345 1271 et
3394 1196 3655 1287 Dominus
3698 1222 3748 1270 et

2148 1304 2289 1361 Deus
2320 1320 2442 1363 esse
2476 1308 2761 1377 reperitur.
2794 1307 2875 1365 Ex
2903 1323 3008 1380 quo
3035 1308 3162 1365 dum
3194 1309 3320 1367 huic
3362 1309 3458 1382 qui
3497 1320 3581 1366 est
3615 1310 3746 1368 Deus

2144 1401 2325 1455 omnia
2354 1402 2625 1457 substrata
2675 1403 2985 1469 traduntur,
3031 1412 3085 1460 et
3129 1414 3328 1460 cuncta
3374 1405 3482 1461 sibi
3510 1405 3742 1474 subjecta

2145 1492 2313 1549 Filius
2339 1506 2559 1565 accepta
2594 1494 2757 1552 refert
2781 1496 2963 1563 Patri;
2995 1507 3160 1553 totam
3186 1496 3499 1555 divinitatis
3527 1497 3749 1557 auctori-

2149 1594 2314 1645 tatem
2363 1605 2549 1645 rursus
2586 1593 2606 1623 θ
2635 1591 2783 1647 Patri
2810 1592 3076 1658 remittit;
3114 1607 3253 1649 unus
3280 1593 3430 1649 Deus
3454 1591 3748 1659 ostenditur

2149 1697 2311 1739 verus
2336 1691 2390 1738 et
2414 1690 2651 1747 aeternus
2681 1684 2877 1752 Pater;
2905 1701 2935 1741 a
2966 1700 3074 1757 quo
3108 1687 3226 1742 solo
3255 1686 3382 1743 haec
3409 1686 3491 1742 vis
3513 1686 3749 1742 divinita-

2148 1776 2215 1831 tis
2243 1777 2442 1839 etnissa
2464 1819 2488 1847 ,
2510 1779 2675 1847 etiam
2708 1778 2759 1837 in
2804 1777 2999 1834 Filium
3031 1778 3226 1835 tradita
3273 1788 3343 1835 et.
3371 1777 3621 1843 directa.
3644 1793 3751 1836 rur-

447 1870 636 1944 (Hebr.
682 1888 746 1939 v,
800 1872 1123 1947 8);°tamen
1173 1878 1439 1948 morigera
1484 1878 1787 1935 obedicntia
1841 1892 2049 1937 asserat

2162 1884 2267 1926 sum
2298 1884 2396 1940 per
2422 1869 2740 1947 substantiae
2770 1872 3213 1937 communionem
3238 1871 3309 1928 ad
3340 1871 3565 1955 Patrem
3591 1870 3751 1927 revol-

444 1963 597 2021 illutn
630 1975 868 2035 paternae
901 1968 1228 2045 volputatis,
1264 1986 1327 2024 cx
1374 1986 1481 2041 quo
1527 1982 1630 2038 est,
1681 1973 1988 2029 ministrum
2023 1993 2039 2030 :

445 2058 522 2112 ita
552 2057 682 2113 dum
707 2076 765 2137 se
788 2058 927 2113 Patri
962 2061 1013 2114 in
1050 2061 1805 2139 omnibusobtemperantem
1835 2066 2045 2135 reddit,

448 2154 696 2223 quamvis
721 2153 791 2207 sit
820 2164 879 2209 et
901 2153 1079 2217 Deus;
1111 2171 1278 2235 unum
1325 2164 1504 2213 tamen
1540 2158 1707 2214 Deum
1737 2159 1952 2217 Patrem
1981 2160 2052 2217 de

446 2244 752 2301 obedientia
780 2260 876 2301 sua
915 2247 1189 2314 ostendit,
1232 2264 1300 2304 ex
1340 2266 1447 2322 quo
1477 2261 1534 2306 et
1568 2253 1833 2324 originem
1863 2255 2048 2311 traxit.

458 2338 522 2395 Et
554 2337 674 2394 ideo
717 2337 852 2395 duos
882 2338 902 2370 "'
955 2340 1097 2397 Deos
1149 2342 1326 2398 facere
1374 2358 1481 2398 non
1532 2343 1744 2414 potuit,
1795 2346 1921 2415 quia
1954 2362 2053 2403 nec

451 2430 586 2487 duas
615 2432 849 2502 origines
876 2431 1036 2499 fecit,
1069 2435 1157 2505 qui
1197 2450 1268 2490 ex
1298 2451 1364 2492 eo
1395 2437 1484 2505 qui
1515 2439 1779 2507 originem
1822 2454 1925 2494 non
1958 2439 2056 2495 ba-

452 2522 576 2591 bet,
609 2524 927 2594 principium
957 2526 1258 2582 nativitatis
1286 2537 1414 2584 ante
1444 2543 1605 2583 omne
1647 2537 1858 2599 tempus
1899 2545 2055 2586 acce-

456 2616 556 2687 pit.
588 2617 608 2647 ⁸
637 2616 767 2672 Nam
795 2633 916 2673 cum
939 2618 991 2674 id
1007 2619 1641 2690 sitprincipiumcwteris
1655 2622 2056 2692 quodinuatum

460 2724 539 2769 est
561 2711 725 2786 (quod
759 2713 1057 2770 Deussolus
1071 2714 1229 2771 Pater
1250 2715 1443 2787 estqui
1468 2725 1619 2772 extra
1642 2718 1908 2789 originem
1939 2729 2053 2786 est;

459 2822 528 2863 ex
553 2824 659 2879 quo
682 2807 768 2863 hic
798 2817 882 2864 est
909 2808 1000 2880 qni
1032 2819 1189 2864 natus
1215 2807 1346 2882 est),
1385 2810 1511 2866 dum
1539 2812 1630 2882 qui
1659 2827 1727 2868 ex
1756 2812 1849 2868 illo
1876 2814 2053 2869 nasci-

462 2908 571 2966 tur,
602 2901 796 2955 tnerito
825 2916 891 2955 ex
939 2917 1004 2957 eo
1055 2903 1200 2958 venit
1249 2904 1335 2972 qui
1391 2903 1656 2973 originem
1710 2922 1817 2961 non
1871 2906 2057 2975 habet,

459 2994 785 3066 principium
812 2995 1045 3064 probans
1069 2996 1341 3077 lllUll'CSSC
1365 3013 1430 3053 cx
1446 3014 1552 3070 quo
1572 3000 1686 3071 ipse
1708 3012 1820 3057 est:
1844 3002 2060 3058 etiamsi

462 3085 606 3144 Deus
635 3096 718 3143 est
744 3087 833 3158 qui
865 3097 1022 3142 natus
1052 3098 1154 3155 est,
1187 3105 1351 3145 unum
1376 3100 1553 3147 tamen
1588 3093 1752 3148 Deum
1784 3095 2058 3164 ostendit,

463 3195 624 3254 quem
654 3181 740 3236 hic
761 3182 851 3254 qui
881 3190 1037 3237 natus
1062 3193 1176 3250 est,
1210 3199 1331 3241 esse
1355 3186 1474 3243 siue
1501 3186 1711 3259 origine
1736 3191 2060 3262 comproba-

2152 1967 2313 2023 vitur.
2355 1965 2499 2023 Deus
2537 1965 2755 2036 quidem
2782 1964 3086 2023 ostenditur
3128 1958 3461 2032 Filius,cui
3503 1964 3747 2021 divinitas

2152 2058 2348 2115 tradita
2377 2070 2432 2114 et
2459 2071 2704 2130 porrecta
2728 2059 3092 2130 conSpicitur;
3117 2068 3173 2115 et
3195 2066 3387 2115 tamen
3412 2057 3751 2123 nihilominus

2154 2168 2292 2210 unus
2322 2153 2463 2210 Deus
2491 2153 2649 2208 Pater
2693 2153 2975 2223 probatur,
3004 2150 3132 2207 dum
3171 2150 3449 2224 gradatim
3477 2150 3743 2229 reciproco

2160 2257 2343 2304 meatu
2374 2248 2467 2303 illa
2518 2247 2779 2319 maiestas
2824 2258 2987 2317 atque
3016 2246 3277 2315 divinitas
3314 2247 3394 2303 ad
3426 2246 3637 2302 Patrem
3677 2244 3757 2318 qui

2156 2342 2383 2400 dederat
2408 2357 2529 2401 eam
2548 2385 2564 2411 ,
2591 2357 2803 2405 rursum
2835 2342 2904 2398 ab
2936 2341 3033 2396 illo
3062 2341 3180 2411 ipso
3211 2339 3359 2405 Filio
3388 2340 3552 2403 missa
3584 2352 3755 2423 γενειο-

2160 2435 2289 2491 titur
2324 2445 2380 2492 et
2416 2446 2762 2513 retorquetur
2784 2446 2891 2511 ;.ut
2923 2435 3119 2490 merito
3152 2434 3293 2492 Deus
3342 2433 3506 2490 Pater
3531 2430 3758 2488 omnium

2161 2531 2303 2586 Dens
2333 2531 2432 2596 sit,
2479 2531 2523 2562 ¹⁰
2550 2540 2606 2587 et
2654 2530 2981 2602 principium
3009 2530 3178 2600 ipsius
3228 2544 3453 2602 quoque
3484 2527 3609 2584 Filii
3650 2526 3757 2589 sui.

2161 2640 2324 2696 quem
2352 2624 2657 2695 .Dominum
2711 2624 2945 2695 genuit:
2994 2622 3166 2679 Filius
3212 2632 3403 2685 autem
3455 2630 3757 2677 ozeterorum

2161 2719 2397 2774 omnium
2434 2718 2574 2775 Deus
2604 2719 2703 2786 sit,
2733 2718 2987 2790 quoniam
3020 2716 3270 2773 omnibus
3314 2717 3471 2772 illum
3508 2716 3649 2773 Deus
3673 2712 3757 2767 Pa-

2164 2824 2246 2870 ter
2273 2813 2563 2885 praeposuit
2589 2829 2748 2884 quem
2775 2812 2961 2885 genuit
2988 2811 3030 2881 (ι
3061 2809 3200 2865 Tim.
3234 2826 3268 2865 tt
3290 2853 3303 2875 ,
3343 2809 3434 2879 5):
3470 2809 3540 2864 ita
3573 2806 3759 2861 Media-

2163 2915 2243 2962 tor
2287 2905 2388 2962 Dei
2431 2916 2480 2961 et
2509 2907 2775 2962 hominum
2809 2902 3048 2961 Christus
3092 2903 3245 2959 Jesus
3294 2902 3479 2965 otnnis
3503 2907 3749 2957 creatura:

2165 3003 2466 3074 subjectum
2523 3002 2624 3059 sibi
2676 3001 2883 3059 habens
2923 3016 2955 3055 a
2998 3000 3159 3055 Patre
3186 2998 3415 3070 proprio
3444 3002 3757 3069 potestatem

2165 3112 2267 3168 qua
2299 3096 2437 3150 Deus
2471 3103 2589 3160 est;
2629 3109 2753 3149 eum
2788 3101 2897 3148 tota
2918 3101 3186 3147 ocreatura
3218 3089 3438 3146 subdita
3474 3086 3617 3149 sibi,
3646 3097 3760 3143 cun-

2165 3204 2288 3247 cors
2319 3189 2460 3246 Patri
2488 3204 2588 3245 suo
2613 3188 2721 3245 Deo
2746 3189 3017 3252 iuventus,
3043 3202 3205 3257 unum
3229 3194 3284 3241 ct
3303 3185 3483 3240 solum
3508 3191 3561 3238 et
3586 3190 3757 3235 verum

461 3272 561 3327 vit.
608 3273 704 3329 Est
746 3288 875 3346 ergo
919 3274 1095 3343 Deus,
1139 3276 1234 3332 sed
1284 3277 1338 3333 in
1368 3278 1470 3335 hoc
1515 3279 1691 3350 ipsum
1724 3281 1970 3353 genitus,
2005 3292 2065 3340 ut
2089 3296 2135 3361 ρ
2171 3282 2338 3340 Deum
2368 3282 2583 3339 Patrem
2614 3296 2768 3338 suum
2792 3323 2807 3347 ,
2851 3282 2890 3311 “
2935 3286 3188 3335 manente
3216 3279 3271 3332 in
3299 3277 3396 3334 illo
3425 3273 3569 3347 quod
3607 3270 3755 3329 etiam

464 3375 609 3423 esset
638 3364 799 3423 Deus.
835 3366 929 3424 ESt
956 3377 1010 3423 et
1037 3368 1316 3439 Dominus,
1344 3370 1438 3426 sed
1470 3372 1522 3427 in
1557 3373 1661 3430 hoc
1689 3374 1862 3443 ipsum
1894 3375 1914 3404 ⁸
1953 3392 2050 3431 na-

2152 3378 2363 3434 auditus
2401 3387 2476 3434 est
2506 3376 2694 3451 (Hebr.
2725 3419 2743 3444 ,
2769 3393 2826 3447 v,
2859 3377 2936 3448 7),
2968 3373 3208 3435 breviter
3237 3370 3579 3446 approbavit.

1632 3506 2006 3567 GALLANDII
2057 3496 2621 3570 COMMENTARIUS.

467 3641 737 3701 habebant
764 3662 777 3698 :
802 3644 1033 3703 Christus
1059 3657 1228 3703 autem
1258 3666 1358 3703 non
1384 3652 1593 3706 innatus
1615 3658 1718 3716 est;
1746 3649 1834 3705 sed
1860 3666 1924 3706 ea:
1954 3648 2061 3705 Pa-

464 3722 541 3769 tre
564 3725 667 3780 est,
696 3719 817 3791 auia
842 3720 1039 3789 genitus
1082 3731 1173 3774 est.
1221 3719 1488 3777 Cmternm
1519 3734 1695 3776 vetera
1736 3722 2060 3791 exemplaria

467 3791 729 3854 extiressil
753 3790 1169 3847 Welclnnanus:
1199 3792 1560 3847 Patnelianum
1584 3810 1713 3848 vero
1734 3790 2059 3849 JacksOnus.

542 3860 557 3934 ξ
605 3859 768 3934 ζῖγηηε.
796 3862 1102 3930 Legendum
1134 3882 1288 3917 unum
1315 3875 1467 3934 putat
1494 3865 1897 3920 Welclnnanus.

537 3932 558 3961 '
592 3930 814 3986 Idcirco.
872 3934 1005 4005 Cum
1056 3935 1289 4005 Gagnaeo
1317 3930 1632 4005 supplentus
1657 3935 1881 3993 :ldcirco
1904 3953 2064 4001 unum

469 3998 641 4078 Deum
666 4006 878 4059 asscruit
905 3998 1461 4078 (nt-utpechriptura)
1500 4020 1551 4062 et
1579 4024 1643 4063 ev
1678 4025 1779 4062 ms.
1804 3998 1924 4064 rod.
1959 4011 2067 4062 Att—

470 4072 595 4147 glie.
619 4077 825 4147 initium
851 4072 1017 4143 potius
1043 4072 1087 4131 et
1120 4072 1453 4147 principium.
1481 4080 1686 4135 Putat.

548 4145 568 4176 ³
612 4144 800 4222 Filius.
856 4144 1129 4222 Legintus'
1159 4151 1350 4205 iterum
1405 4166 1525 4205 cum
1564 4152 1798 4222 Gagnmo
1833 4170 1844 4204 :
1900 4148 2065 4204 Filius

473 4226 644 4272 autem
672 4218 801 4294 nihil
832 4235 893 4294 ex
922 4220 1131 4294 arbitrio
1160 4238 1250 4275 suo
1275 4224 1403 4293 gerit
1425 4265 1437 4283 .
1475 4239 1569 4292 pro
1600 4218 1672 4291 eo
1707 4223 1855 4294 quod
1879 4223 2067 4277 Substi-

477 4297 649 4364 tuerat
670 4289 928 4364 Gelenius
954 4309 966 4344 :
993 4290 1138 4344 Idem
1168 4303 1241 4345 est
1261 4289 1487 4364 denique
1505 4289 1640 4364 quod
1667 4289 1812 4349 nihil.
1846 4293 1920 4349 In.

550 4361 570 4390 ⁸
611 4360 764 4415 Deos.
812 4361 960 4416 llanc
1004 4379 1189 4418 vocem
1220 4363 1288 4418 ab
1328 4360 1485 4420 editis
1514 4360 1766 4419 omissam
1794 4408 1807 4425 .
1836 4364 2072 4420 restituit

472 4430 686 4506 primus
711 4432 1114 4500 Weichtnanns,
1143 4452 1373 4506 eumque
1400 4444 1613 4491 secutus
1641 4435 1961 4492 .lacltsonus.

546 4502 569 4534 ⁸
608 4502 820 4559 Nam...
863 4506 985 4558 dum
1033 4506 1120 4573 qui
1159 4525 1221 4561 ea:
1262 4502 1353 4562 illo
1384 4509 1631 4563 nascitur.
1684 4508 1808 4563 Hzec
1875 4510 2069 4562 iterum

466 4577 791 4646 “supplemus
817 4593 881 4631 ex
914 4592 1016 4632 ins.
1049 4578 1169 4631 cod.
1204 4579 1410 4651 Anglic.
1452 4580 1765 4706 parenthesi;
1792 4581 2074 4650 interiecta

471 4664 480 4672 ·
1769 4667 1930 4706 ausu.

471 4664 480 4672 ⁵
1726 4664 1930 4707 I’AIEL.

472 4728 475 4735 '
552 4720 591 4796 ‘_
621 4719 813 4796 Natus.
870 4720 1027 4796 Deest
1082 4720 1196 4796 haec
1241 4738 1341 4779 vox
1369 4723 1509 4791 apud
1540 4723 1837 4796 Pamelium
1858 4766 1871 4788 ,
1904 4740 1967 4779 ex
1996 4732 2075 4796 ty-

476 4791 717 4863 pothetze
750 4791 975 4847 fortasse
1006 4794 1209 4847 int-nria
1247 4813 1259 4849 :
1292 4811 1408 4850 eam
1441 4801 1582 4850 enim
1614 4795 1868 4851 exhibent
1892 4796 1963 4850 al.

548 4865 569 4895 ⁷
610 4862 818 4927 Cuius..
852 4902 892 4917 ..
944 4866 1292 4936 iqutmlitate
1345 4868 1644 4922 divinitatis.
1683 4867 1806 4921 llaec
1838 4866 2074 4922 restituit

480 4948 549 4991 ex
579 4951 680 4990 ms.
728 4935 1023 5007 Anglicani)
1058 4935 1359 4994 'Patnelius.
1403 4938 1668 5007 Gagnzcns
1692 4950 1747 4993 et
1778 4938 2076 4993 Frobenins

484 5008 736 5082 edidere,
782 5020 836 5062 ut
881 5025 989 5082 non,
1035 5010 1352 5082 dissonantia
1379 5010 1709 5065 divinitatis:
1750 5022 1910 5082 atque
1939 5011 2077 5065 hanc

480 5077 769 5133 Eclionem
799 5080 1023 5135 retinnit
1048 5079 1459 5137 Welclnnanus.

548 5151 569 5224 β
613 5150 681 5224 Ut
742 5167 842 5204 non
889 5162 976 5213 aut
1005 5154 1360 5219 dissonantia,
1407 5163 1496 5207 aut
1552 5153 1924 5224 inteqtmlilate.
1976 5151 2076 5209 Fa-

474 5220 897 5296 lebnringenue
939 5224 991 5278 iit
1042 5224 1124 5277 his
1161 5224 1341 5296 verbis
1392 5220 1677 5296 legendum
1729 5226 1859 5280 milii
1906 5224 2077 5279 videri

482 5294 792 5363 tequulitate.
836 5292 1131 5366 Utrumque
1156 5295 1298 5350 enim
1330 5292 1658 5366 pariVSIudiu
1696 5304 1939 5353 removet
1978 5313 2076 5350 att-

479 5374 601 5435 ctor
630 5382 656 5416 a
690 5366 1027 5421 sanctissima
1055 5365 1342 5431 Trinitate,
1364 5378 1416 5423 et
1449 5372 1499 5423 in
1520 5381 1720 5425 natura
1754 5377 1807 5424 et
1834 5368 2079 5424 substan-

470 5436 563 5513 εἰμ’
584 5436 1020 5513 disert-pentiam,
1054 5440 1187 5513 etin
1222 5440 1444 5511 originis
1471 5441 1661 5498 ordiare
1694 5440 2074 5513 :cqttalitateLn.

464 5498 1464 5574 Quare'Sttbstantize'cmnmunionem
1496 5514 1634 5567 inter
1673 5498 1882 5567 Pat'rem
1916 5521 1971 5567 et
1993 5510 2080 5567 Fi-

470 5578 909 5667 ilum“admittit,1
932 5584 1160 5667 eamque
1200 5582 1406 5661 iti‘ltoe
1437 5588 1667 5655 positam
1716 5592 1885 5657 putat,
1934 5584 2076 5655 quod

466 5658 479 5687 ξ
558 5668 559 5677 ‘
608 5658 635 5683 ‘n‘
696 5660 699 5663 Δ
906 5658 909 5667 Α
954 5674 961 5685 ο
992 5660 993 5667 γ
1244 5672 1253 5682 ⁸

2170 3661 2279 3707 tota
2304 3651 2599 3728 divinitatis
2625 3649 2930 3728 auctoritas
2949 3648 3088 3728 Filio
3116 3648 3308 3704 tradita
3330 3690 3347 3714 ,
3374 3644 3639 3728 eademin
3667 3642 3758 3728 Pa-

2168 3729 2251 3779 tre
2279 3739 2399 3797 e_sse
2430 3738 2533 3777 non
2560 3723 2791 3797 desinat.
2827 3720 2933 3777 Sed
2962 3721 3088 3797 illud
3117 3735 3335 3790 semper
3368 3719 3757 3797 arctissimete-

2166 3807 2257 3850 net
2289 3794 2661 3875 F_ilium_ut_a
2702 3794 2866 3875 Patre
2908 3793 3148 3875 genitum
3213 3804 3524 3875 "no'nhc'sse
3569 3793 3757 3875 origipc

2169 3867 2430 3937 :rquztlem
2485 3864 2873 3937 Patri.rQnare
2909 3854 3045 3918 illud
3094 3863 3245 3917 Pauli
3297 3861 3645 3937 Pliilipp.__n,

2172 3926 2295 3991 Non
2323 3939 2561 4006 rapinam
2591 3926 2872 3990 arbiﬁatus
2904 3944 2976 3991 est
3006 3952 3112 3990 esse
3151 3952 3205 3989 se
3230 3926 3499 4007 aqualem;
3527 3926 3658 3993 Deo,
3688 3926 3757 3979 sit!

2171 4003 2558 4077 interpretatur
2588 4028 2603 4063 :
2637 4027 2656 4060 ι
2694 4008 3047 4083 Quamvistse
3068 4022 3133 4083 e5
3158 4008 3268 4083 Deo
3288 4003 3452 4060 Patre
3471 4003 3758 4083 Deumfsgc

2175 4076 2533 4155 meminisset,
2556 4076 2845 4150 numquam
2862 4094 2937 4135 se
2954 4079 3062 4133 Deo
3091 4078 3232 4155 Patri
3258 4089 3349 4132 aut
3364 4076 3758 4155 comparuaitaqt

2173 4153 2430 4217 contulit,
2466 4144 2673 4208 meumr
2702 4144 2761 4207 Se
2800 4166 2921 4206 esse
2945 4167 3009 4205 ev
3048 4166 3147 4203 suo
3179 4150 3338 4211 Patre
3359 4192 3374 4212 ,
3404 4161 3456 4202 et
3478 4144 3755 4217 ltoc_ipsttm

2093 4231 2147 4291 Ι)
2173 4223 2316 4289 quod
2344 4214 2461 4290 est,
2495 4223 2693 4293 habere
2737 4238 2815 4283 se.
2850 4223 2971 4293 quia
3029 4222 3185 4276 Pater
3211 4220 3467 4293 dedisSct.
3506 4236 3525 4268 ι
3555 4214 3750 4293 δρινκ.

2175 4280 2350 4351 Diviu.
2382 4280 2459 4349 οξ
2482 4292 2554 4349 Ν.
2585 4294 2642 4347 J.
2675 4293 2735 4347 (Ι.
2764 4280 2964 4359 ιὶἰ).ἰν,
2994 4308 3114 4364 cap.
3147 4292 3242 4360 l9,
3279 4291 3307 4364 §
3337 4292 3406 4357 2,
3439 4303 3556 4361 pag.
3588 4284 3702 4340 519.
3736 4280 3739 4291 '

2246 4394 2267 4424 ⁹
2316 4390 2466 4445 Patri
2527 4390 2773 4454 remittit;
2839 4406 2999 4461 unu_s_._
3057 4387 3148 4461 Sic
3210 4385 3501 4461 Pamelitts.
3557 4379 3754 4461 Veteres

2178 4462 2306 4587 edit?
2353 4478 2490 4532 quos
2536 4472 2753 4518 secutus
2802 4472 2885 4517 est
2932 4458 3340 4522 Welcbmanus,
3391 4457 3471 4512 illi
3516 4456 3753 4508 remilltlv’

2178 4550 2247 4587 uu
2288 4552 2317 4587 8
2342 4551 2493 4587 unus.
2726 4578 2729 4580 -

2178 4550 2317 4589 uuae
2342 4551 2493 4589 unus.

2254 4630 2297 4662 ¹⁰
2340 4628 2405 4684 Et
2469 4629 2779 4697 principium
2830 4626 2992 4698 ipsius
3035 4623 3391 4698 quoque__Filii
3411 4619 3514 4698 sui.
3554 4613 3670 4671 Hanc

2178 4716 2280 4756 ms.
2318 4688 2524 4772 Anglic.
2576 4688 3179 4772 supplevit'Pame'lius.
3231 4696 3351 4751 Mox
3401 4692 3559 4772 Deum
3596 4688 3752 4772 pisatth

2481 4749 2762 4848 existing—t-
2780 4749 3191 4848 welclimanus,
3222 4749 3589 4848 consentiente
3597 4749 3744 4810 lack-

2178 4838 2337 4900 sdno.
2372 4844 2539 4899 Paulo
2564 4855 2686 4915 post
2708 4842 2959 4897 Dominus
2984 4843 3049 4895 sit
3077 4840 3205 4909 legit
3232 4838 3494 4895 Latinius.
3724 4852 3729 4859 ε

2250 4939 2290 4969 ²¹
2335 4936 2576 4991 Manente
2614 4938 2669 4991 in
2732 4935 2845 4990 illo.
2912 4935 3087 4990 Locus
3136 4932 3293 4988 valde
3328 4930 3586 4987 obscurus
3619 4926 3745 4971 Visus

2178 5019 2261 5065 est
2289 5009 2557 5071 pauiclio,
2586 5020 2639 5064 et
2665 5016 2924 5079 quantum
2953 5015 3207 5076 apparet,
3253 5003 3471 5079 mutilus
3512 5001 3598 5079 att!

2953 5058 3237 5150 hiabat—rein
3255 5075 3321 5150 ‘in
3349 5090 3403 5128 se
3413 5070 3556 5150 quod
3580 5058 3748 5150 auditi!

2421 5127 3036 5218 ‘WSI't-t'linianii’s',"unius
3065 5146 3320 5203 litterulae
3359 5127 3746 5218 adfectione}?

2179 5226 2355 5296 gelido
2380 5233 2664 5277 manentem
2704 5237 2803 5294 pro
2832 5210 3099 5296 inuitante,
3146 5229 3301 5296 recte
3335 5210 3615 5296 procedet}:

2183 5280 2433 5358 ientiatn.
2467 5280 2851 5363 auctoremque
2879 5280 3122 5363 alludere
3150 5291 3223 5363 ad
3249 5280 3378 5363 ficit.
3397 5300 3465 5363 _v,
3495 5282 3543 5345 7,
3568 5280 3618 5363 in

2181 5349 2265 5451 bis
2302 5349 2508 5465 auditus
2550 5349 3232 5465 est,.existlintavlit‘.nzépnd

2180 5441 2263 5522 "it:
2292 5439 2485 5534 δροίυε
2516 5430 3198 5534 territet?!""ﬁstulae:
3211 5430 3741 5534 v.:°::'.':"':..".i.‘.'f..§‘.ii’.!

2180 5492 2262 5588 cui
2287 5492 2436 5588 etimit
2469 5492 2843 5588 subditusest:
2874 5524 2993 5588 qua;
3020 5492 3389 5588 tanien-lectio
3421 5499 3484 5555 ab
3509 5492 3743 5554 exeml’"'

2181 5582 2258 5639 ris
2287 5583 2553 5654 scriptura
2584 5582 2810 5637 nimium
2834 5576 3090 5637 recedere
3116 5576 3353 5635 videtur.
