4026 6328
282 376 393 439 055

303 586 1616 614 ρ--ιι--ι--η--ι--ἡ--ι-

983 731 1254 878 DE
1317 726 1847 881 CIBIS
1902 718 2841 873 JUDAICIS
2958 614 2961 617 r

1426 372 1513 431 [111
1550 369 1730 429 ClBlS
1764 365 2070 437 JUDAICIS
2106 368 2394 428 EPISTOL
2409 372 2462 425 1.
2544 340 2551 347 ’

3479 368 3590 427 951

1639 1044 2233 1133 EPISTOLA.

1644 1289 2006 1334 ---··00

795 1428 1027 1488 CAPUT
1067 1425 1355 1485 PRIMUM.

275 1548 601 1626 Novatianus
661 1566 923 1641 presbyter
962 1564 1232 1621 Romanus
1276 1564 1329 1618 in
1372 1551 1569 1618 secessu
1597 1575 1725 1624 suo,
1758 1570 1877 1614 temo

348 1678 474 1735 pore
501 1661 870 1735 persecutionis
916 1657 1192 1724 Deciana',
1241 1657 1397 1712 variis
1426 1658 1646 1729 fratrum
1692 1653 1877 1709 litteris

284 1752 293 1765 '
350 1763 687 1827 provocatus,
737 1752 979 1807 adversus
1024 1749 1241 1805 Judwos
1281 1758 1394 1819 post
1415 1748 1703 1818 superiores
1749 1744 1881 1799 duas

353 1845 619 1919 Epistolas
659 1844 721 1902 de
775 1844 1174 1901 Circumcisione
1228 1851 1274 1898 et
1326 1843 1389 1898 de
1439 1841 1687 1909 Sabbato,
1729 1832 1880 1894 etiam

286 1947 295 1955 '
349 1941 483 1995 hanc
522 1942 583 1993 de
620 1938 758 1996 Cibis
779 1938 1016 2017 Iudaicis
1046 1936 1226 1993 edidit.

272 2122 281 2135 .
342 2076 491 2133 Etsi
521 2076 673 2146 milii,
696 2076 896 2135 l'ratres
913 2075 1264 2141 sanctissimi,
1291 2073 1736 2144 exoptatissimus
1760 2072 1879 2128 dies

272 2167 373 2226 ille
429 2179 485 2224 et
532 2169 676 2225 inter
725 2169 1027 2239 praecipuos
1068 2168 1366 2236 beatosque
1429 2165 1745 2222 reici-sudus
1795 2171 1881 2219 est

272 2278 385 2334 quo
436 2262 645 2319 litteras
677 2271 887 2319 vestras
915 2272 971 2319 et
1014 2261 1214 2331 scripta
1241 2260 1506 2330 suscipio;
1534 2258 1699 2331 (quid
1730 2258 1876 2314 enim

275 2369 366 2412 me
382 2354 705 2412 aliud’uuuc
720 2354 885 2411 faciat
908 2356 927 2387 ι
955 2351 1315 2426 liberiorem?)
1349 2362 1530 2409 tamen
1559 2368 1668 2409 non
1701 2352 1880 2408 minus

271 2449 554 2519 egregium
582 2447 727 2507 diem
770 2459 827 2505 et
871 2448 1011 2509 inter
1038 2448 1269 2504 eximios
1299 2448 1539 2505 arbitror
1561 2457 1879 2519 computano

275 2538 407 2597 dum
428 2580 444 2604 ,
468 2541 489 2572 '
520 2556 629 2611 quo
672 2540 881 2597 similes
930 2540 1086 2597 vobis
1114 2540 1308 2599 aliectu
1356 2540 1565 2598 debitae
1596 2539 1880 2597 cbaritatis

277 2632 583 2699 remittens,
603 2642 658 2690 et
679 2648 780 2705 ego
802 2634 869 2689 ad
899 2649 999 2689 vos
1017 2634 1262 2705 compari
1286 2647 1412 2691 voto
1440 2636 1651 2693 litteras
1672 2635 1877 2692 scribo.

276 2723 420 2781 Nihil
439 2727 583 2782 enim
612 2742 718 2790 me,
745 2726 942 2783 fratres
968 2727 1319 2795 sanctissimi,
1343 2730 1503 2783 tantis
1522 2729 1876 2783 constrictum

275 2820 695 2887 vinculistenet,
717 2819 849 2876 nihil
885 2821 1049 2877 tantis
1073 2836 1325 2877 curarqu
1355 2835 1419 2875 ac
1448 2821 1873 2876 sollicitudinum
1906 2844 1954 2905 Β

277 2911 516 2970 stimulis
543 2914 750 2969 excitat
775 2923 829 2969 et
860 2914 1121 2985 exagitat,
1153 2929 1313 2985 quam
1340 2929 1407 2969 ne
1425 2912 1691 2982 jactnrzuu
1723 2912 1879 2967 vobis

269 3012 566 3084 gutlmdam
598 3026 694 3083 per
722 3012 1022 3075 absentiam
1057 3027 1231 3068 meam
1265 3012 1462 3082 putetis
1491 3012 1692 3066 illatam
1720 3052 1737 3076 ,
1789 3009 1877 3065 cui

268 3104 583 3179 remedium
620 3106 872 3161 connitor
915 3103 1101 3170 daro,.
1133 3104 1261 3161 dum
1315 3103 1537 3162 elaboro
1594 3105 1745 3161 vobis
1788 3118 1878 3160 me

280 3207 606 3269 prmseutem
666 3196 1036 3268 frequentibus
1084 3184 1280 3264 litteris
1332 3197 1619 3253 exhibere.
1677 3194 1878 3265 Quam-

266 3306 439 3365 ⁹(11111111
472 3306 601 3362 ergo
627 3301 682 3349 et
706 3292 942 3349 officium
976 3292 1217 3353 debitum
1240 3333 1255 3359 ,
1305 3301 1360 3347 et
1414 3308 1563 3361 cura,
1587 3302 1836 3362 suscepta
1857 3332 1872 3358 ,

281 3394 337 3442 et
365 3385 481 3455 ipsa
511 3385 794 3445 ministerii
821 3385 1069 3455 imposita
1098 3399 1333 3458 persona
1365 3383 1505 3440 lianc
1536 3399 1574 3461 a
1615 3399 1702 3438 me
1733 3383 1876 3438 litte-

274 3491 459 3534 rarum
483 3477 888 3547 scribendarum
908 3488 1217 3551 exposcam
1247 3478 1625 3534 necessitatem
1648 3518 1666 3544 ,
1694 3486 1872 3532 tamen

278 3584 381 3627 vos
405 3570 548 3626 illam
573 3558 691 3641 plus
717 3572 1079 3643 exaggeratis,
1124 3570 1250 3627 dum
1298 3586 1385 3627 me
1414 3570 1480 3628 ad
1526 3568 1873 3626 scribendum

271 3662 740 3745 frequentioribus
776 3664 987 3733 litteris
1032 3666 1373 3741 provocans,
1404 3671 1459 3719 et
1506 3680 1735 3735 pronum
1786 3678 1874 3720 me

272 3757 400 3817 licet
443 3760 509 3815 ad
556 3760 654 3815 ista
700 3758 989 3821 cbaritatis.
1015 3758 1277 3827 solemnia
1338 3758 1507 3830 magis
1559 3756 1869 3827 impellitis,

271 3855 405 3914 dum
434 3856 554 3913 sine
582 3856 893 3913 cessatione
913 3858 964 3909 in
990 3853 1291 3924 Evangelia
1318 3867 1415 3908 vos
1448 3864 1691 3922 perstare
1720 3866 1875 3905 tuon-

268 3949 498 4007 stratis:
532 3964 601 4004 ex
624 3964 731 4020 quo
760 3947 1012 4013 efﬁcitur,
1052 3957 1109 4001 ut
1137 3955 1189 4002 et
1228 3962 1330 4017 ego
1374 3960 1471 4000 vos
1515 3945 1707 4021 litteris
1739 3945 1872 3999 meis

271 4059 383 4102 non
415 4054 522 4100 tam
553 4043 814 4100 instruam
851 4042 965 4114 jam
992 4042 1256 4106 eruditos,
1291 4056 1450 4112 quam
1502 4039 1725 4097 incitent
1780 4056 1871 4111 pa-

269 4145 445 4194 ratos.
500 4134 633 4192 Nam
677 4135 765 4206 qui
812 4126 1082 4198 sincerum
1136 4134 1481 4205 Evangelium
1512 4145 1565 4189 et
1594 4146 1869 4187 excretum

2638 1302 2681 1337 ἢ

1905 1431 1959 1493 Α
1984 1423 2175 1481 Otiosis
2208 1421 2404 1480 tabulis
2423 1421 2644 1479 calcatis
2670 1432 2725 1480 et
2773 1424 3012 1496 rejectis,
3044 1424 3386 1484 traditionem
3414 1423 3586 1483 solam

1987 1518 2181 1575 Christi
2204 1519 2617 1589 doctrinamque
2648 1521 2911 1585 teneatis,
2935 1531 2996 1578 ut
3021 1522 3286 1594 condigne
3305 1522 3586 1579 auctorita-

1989 1621 2098 1668 tem
2119 1612 2270 1667 vobis
2290 1611 2409 1683 ejus
2430 1612 2665 1667 nominis
2689 1612 2963 1671 vindicare
2990 1616 3229 1685 possitis.
3256 1613 3432 1683 Quam
3458 1629 3588 1671 vero

1984 1708 2093 1766 sint
2142 1708 2378 1778 perversi
2434 1705 2644 1771 Judaei,
2697 1716 2753 1762 et
2804 1708 2872 1763 ab
2940 1707 3214 1765 intellectu
3265 1724 3380 1767 sua:
3427 1707 3587 1782 Legis

1984 1801 2182 1869 alieni,
2213 1800 2235 1832 ⁸
2259 1800 2470 1856 duabus
2513 1800 2761 1870 epistolis
2790 1800 3162 1872 superioribus
3182 1843 3198 1868 ,
3242 1809 3302 1857 ut
3325 1800 3582 1873 arbitror,

1986 1894 2143 1967 plene
2172 1894 2409 1959 Ostendi,
2450 1892 2504 1948 in
2527 1893 2723 1964 quibus
2752 1892 3037 1964 probatum
3065 1905 3147 1951 est
3178 1909 3397 1965 prorsus
3428 1894 3584 1965 igno\

1984 2002 2106 2044 rare
2131 1987 2254 2043 illos
2282 2002 2401 2058 quin
2448 1987 2518 2042 sit
2545 2002 2670 2042 vera
2714 1986 3092 2054 Circumcisio,
3147 1985 3361 2060 etquid
3395 2001 3582 2043 verum

1982 2079 2314 2145 Sabbatum;
2369 2095 2599 2152 quorum
2646 2080 2825 2136 adhuc
2876 2080 3044 2149 magis
3076 2094 3141 2135 ac
3168 2080 3339 2150 magis
3368 2079 3585 2137 catcitas

1984 2173 2276 2230 revincitur
2306 2173 2359 2227 in
2388 2171 2489 2228 hac
2531 2172 2781 2241 epistola,
2837 2172 2889 2226 iu
2936 2186 3038 2242 qua
3080 2171 3285 2247 aliquid
3317 2170 3385 2227 de
3432 2170 3582 2229 Cibis

1983 2268 2225 2342 ipsorum
2268 2267 2507 2324 breviter
2534 2266 2867 2323 disseritur:
2912 2266 3038 2324 hinc
3082 2262 3285 2325 ctenim
3331 2280 3392 2323 se
3435 2266 3582 2324 solos

1986 2370 2228 2428 sanctos,
2260 2369 2313 2416 et
2343 2369 2570 2416 ctcteros
2595 2376 2784 2417 omnes
2820 2360 3091 2418 testimaut
3131 2362 3463 2433 inquinatos.

2607 2474 2839 2534 CAPUT
2879 2476 2945 2533 ll.

1982 2590 2052 2646 In
2108 2592 2285 2661 primis
2337 2589 2523 2664 Legem
2579 2592 2863 2661 spiritalem
2912 2607 3022 2647 esse
3070 2592 3260 2655 tradit;
3302 2597 3349 2645 et
3404 2589 3581 2659 proin-

2056 2686 2121 2739 de
2170 2702 2287 2740 cum
2342 2686 2483 2741 cibus
2532 2686 2728 2756 primus
2769 2685 3091 2749 hominibus,
3147 2685 3289 2738 solus
3340 2683 3580 2738 arborum

2056 2784 2254 2852 fructus
2311 2772 2494 2849 fuerit,
2544 2788 2594 2833 et
2644 2795 2767 2835 usus
2814 2780 2985 2834 carnis
3025 2779 3292 2833 accesserit
3334 2793 3355 2833 :
3392 2775 3581 2849 Legem

2055 2873 2379 2944 postmodum
2440 2873 2758 2927 subsecutum
2780 2916 2794 2941 ,
2862 2888 2978 2944 qua:
3022 2868 3169 2927 cibos
3231 2868 3526 2926 discernens
3560 2912 3575 2938 ,

2054 2966 2289 3038 quaedam
2325 2967 2471 3038 quasi
2514 2966 2709 3021 munda
2734 2966 2980 3022 concessit
3008 2965 3285 3032 animalia,
3340 2964 3579 3036 quadam

2054 3060 2317 3115 interdixit
2342 3061 2493 3132 quasi
2521 3076 2622 3114 non
2660 3059 2855 3114 munda
2877 3102 2891 3126 ,
2923 3059 3226 3132 spiritaliter
3273 3074 3382 3114 esse
3425 3056 3578 3113 intel-

2054 3155 2308 3227 ligendam
2341 3170 2359 3209 :
2390 3148 2675 3224 praesertim
2728 3166 2845 3208 cum
2884 3153 3215 3221 pronuntiata
3263 3153 3365 3207 sint
3408 3150 3580 3206 omnia

2053 3248 2211 3304 valde
2237 3249 2396 3314 bona,
2413 3258 2460 3302 et
2477 3248 2631 3303 etiam
2647 3248 2914 3302 inuuunda
2930 3246 3179 3302 animalia
3191 3246 3261 3300 ad
3279 3244 3503 3300 soboleut
3524 3243 3578 3298 in

2052 3358 2174 3397 arca
2199 3340 2315 3398 Noe
2330 3350 2586 3398 reservata
2614 3341 2717 3395 sint
2729 3357 2749 3407 ;
2769 3356 2884 3412 quia
2901 3341 3095 3411 alioqui
3125 3348 3329 3411 possent
3355 3337 3572 3409 auferri,

2052 3438 2097 3491 si
2151 3434 2361 3507 propter
2411 3434 2850 3507 inquinamentum
2876 3449 3026 3489 suum
3050 3433 3242 3489 aboleri
3267 3433 3579 3487 debuissent.

1978 3620 1979 3623 η
2050 3578 2233 3649 Itaque
2250 3576 2300 3631 in
2325 3575 2512 3645 primis
2542 3576 2671 3630 illud
2697 3574 3074 3631 collocandum
3101 3581 3204 3640 est,
3230 3570 3415 3646 Legem
3432 3568 3583 3644 spiri-

1979 3672 2133 3727 talem
2160 3667 2574 3743 esse(Rom.vu,
2597 3665 2689 3742 14)
2712 3685 2727 3734 ;
2748 3684 2910 3738 quam
2934 3668 2980 3723 si
3012 3667 3313 3739 spiritalem
3344 3674 3577 3739 negant,

1976 3766 2161 3834 utique
2175 3763 2551 3833 blasphemant
2567 3781 2577 3814 ι
2595 3761 2639 3815 si
2656 3762 2677 3793 ⁵
2691 3760 2993 3816 devitantes
3012 3757 3582 3830 blaspbeiniam,spiri-

1978 3856 2137 3911 talem
2164 3854 2517 3922 coulitentur;
2545 3853 2867 3923 spiritaliter
2882 3854 3083 3923 legant.
3117 3850 3301 3906 Divina
3321 3850 3464 3905 enim
3494 3848 3578 3905 di-

1976 3949 2101 4004 vine
2115 3959 2241 4004 sunt
2268 3947 2578 4019 recipienda
2602 3989 2615 4012 ,
2645 3956 2699 4002 et
2725 3958 2911 4001 sancta
2931 3945 3116 4014 utique
3129 3942 3440 4000 asserenda.
3464 3940 3580 3998 Cte-

1977 4052 2151 4099 lernni
2193 4043 2348 4113 culpa
2392 4040 2572 4114 gravis
2603 4040 2856 4111 inuritur,
2888 4038 2935 4092 si
2960 4037 3235 4093 terrestris
3259 4045 3311 4089 et
3338 4033 3573 4090 humana

1976 4138 2145 4195 sacris
2198 4147 2252 4191 et
2292 4135 2623 4205 Spiritalibus
2669 4132 2888 4203 Litteris
2949 4130 3194 4189 doctrina
3251 4138 3566 4200 prmstalur;

277 4227 346 4284 ab
371 4228 518 4287 omni
547 4242 817 4299 perversa:
848 4227 969 4287 labe
999 4208 1261 4284 doctrinae
1292 4243 1400 4301 non
1451 4238 1656 4285 tantum
1715 4237 1868 4285 tcue-
1898 4247 1942 4311 (ς
1976 4232 2118 4304 quod
2150 4242 2293 4286 utne
2336 4231 2422 4283 tiat
2454 4227 2752 4285 cavendum
2788 4237 2891 4283 est.
2938 4225 3125 4281 Caveri
3151 4237 3330 4281 autem
3355 4232 3566 4296 pctcst,

260 4308 367 4385 itis,
399 4338 584 4377 verum
634 4324 795 4377 etiam
840 4324 1083 4376 animose
1130 4322 1357 4384 docetis.
1410 4322 1724 4395 magistrum
1775 4322 1869 4378 lio-

268 4415 471 4472 miuem
496 4430 600 4470 non
619 4414 886 4486 qumritis;
914 4416 1002 4485 qui
1025 4415 1185 4469 rebus
1211 4414 1341 4484 ipsis
1369 4431 1465 4471 vos
1489 4415 1735 4473 doctores
1750 4434 1870 4475 esse

259 4510 604 4565 monstratis;
620 4506 925 4563 Currentes
940 4508 1103 4579 igitur
1127 4523 1223 4565 vos
1240 4525 1302 4566 es
1313 4507 1502 4566 boutor
1521 4519 1577 4565 et
1594 4512 1871 4582 vigilantes

256 4603 475 4666 excito,
510 4610 568 4657 et
611 4602 857 4655 adversus
886 4602 1146 4671 spiritalia
1168 4602 1645 4689 nequitiw‘tEpltes.
1674 4620 1746 4670 vn,
1781 4605 1869 4677 l2)

266 4693 588 4751 dimicantes
609 4696 885 4766 alloquor,
900 4707 953 4751 et
967 4690 1075 4750 ada
1087 4690 1319 4751 brabium
1340 4692 1491 4754 cursu
1509 4700 1789 4756 vocationis
1815 4701 1869 4757 in

198 4768 261 4828 ί
266 4786 470 4846 Christo
488 4786 653 4861 (Phil.
676 4805 754 4855 111,
780 4789 867 4861 lt)
894 4789 1176 4847 tendentes
1194 4790 1419 4861 itnpello
1445 4809 1458 4846 :
1494 4804 1552 4848 ut
1574 4804 1680 4849 tatu
1705 4793 1871 4852 inere-

252 4881 505 4940 .ticorum
527 4883 802 4954 sacrilegis
828 4884 1143 4951 eahnuniis,
1171 4900 1333 4956 quam
1359 4887 1521 4942 etiam
1563 4886 1872 4944 Jndmorum

1974 4327 2019 4383 si
2048 4342 2167 4397 qttzt:
2214 4342 2241 4377 a
2277 4326 2383 4379 Deo
2413 4331 2678 4396 praecepta
2718 4332 2843 4376 sunt
2871 4323 2950 4376 sic
2992 4328 3318 4384 tractentur,
3351 4334 3417 4373 ne
3447 4331 3575 4371 auc-

1976 4424 2249 4477 toritatem
2273 4420 2389 4490 ejus
2417 4417 2734 4474 iinminuant
2772 4424 3083 4486 assumpta;
3118 4415 3139 4445 ‘
3162 4432 3231 4470 ne
3270 4416 3395 4467 dum
3425 4426 3576 4484 qua:-

1974 4515 2098 4572 dam
2149 4515 2357 4585 impura
2383 4523 2440 4570 et
2479 4529 2585 4570 non
2620 4510 2816 4568 munda
2844 4510 3116 4574 dieuntur,
3146 4510 3409 4565 institutio
3440 4507 3568 4563 illo-

1976 4625 2095 4666 rum
2166 4607 2417 4664 infantem
2473 4605 2766 4662 reddiderit
2834 4605 3217 4660 institutorem.
3288 4600 3572 4656 Videbitur

1977 4702 2159 4771 enim,
2212 4700 2553 4772 reprobando
2604 4714 2723 4769 qum
2768 4695 2930 4765 fecit,
2975 4711 3139 4768 opt-ra
3163 4694 3378 4768 propria
3408 4692 3564 4747 dam-

1978 4812 2174 4865 nasse,
2230 4813 2352 4869 quat
2379 4795 2531 4867 quasi
2561 4793 2700 4851 bona
2752 4791 3076 4864 probaverat
3108 4808 3121 4844 :
3152 4801 3209 4847 et
3256 4790 3308 4845 in
3350 4799 3581 4858 uttoque

1981 4891 2329 4955 inconstans,
2379 4889 2523 4959 quod
2571 4888 2810 4944 haeretici
2857 4887 3074 4958 quidem
3101 4886 3327 4951 volunt,
3352 4886 3370 4916 ⁷
3406 4880 3577 4939 videri

1473 5005 1847 5064 GALLANDII
1894 5006 2453 5066 COMMENTARIUS.

250 5128 285 5191 ’ί
337 5114 469 5175 Car.
521 5118 562 5191 l.
616 5122 693 5191 -{-—7
748 5119 761 5149 ‘
829 5116 1160 5174 Liberiorem.
1205 5118 1295 5176 Sic
1347 5118 1636 5175 Pamelius.
1693 5116 1873 5177 Mallet

248 5190 512 5249 'Latinius
542 5186 855 5246 hilariorem.

338 5267 359 5296 ⁸
382 5264 513 5332 Qua,
530 5261 672 5332 limi:
696 5272 779 5315 est
800 5263 961 5317 lectio
979 5260 1210 5317 Geleniii
1234 5271 1287 5318 et
1314 5262 1872 5320 Patnclii.Wclcluna-

264 5353 367 5413 nus
386 5326 573 5413 waliud,
630 5336 810 5413 minus
838 5342 1001 5413 recte.
1060 5334 1178 5413 11οκ
1224 5334 1524 5413 J_a_cksonus
1569 5338 1737 5392 edidit
1788 5340 1871 5413 af-

267 5407 447 5481 ferias.
480 5408 684 5481 Sensus
724 5407 905 5481 enim,
950 5407 1161 5476 inquit,
1210 5408 1623 5481 violetur'jesse,
1675 5409 1870 5463 similes

264 5478 485 5553 affectus
509 5478 646 5553 vobis
691 5478 967 5553 remittens.
1019 5481 1121 5547 Sed
1175 5478 1333 5545 lectio
1374 5479 1584 5553 vulgata
1631 5481 1861 5550 planior.

247 5549 470 5607 ’Vocem
495 5550 638 5624 enim
662 5549 858 5604 similes
901 5554 1173 5621 respicere
1204 5553 1446 5620 putarim,
1474 5549 1703 5620 litteras,
1733 5569 1864 5624 qua-

263 5638 383 5682 rum
419 5623 578 5690 paulo
609 5632 733 5676 ante
757 5625 978 5677 tnentio.
1749 5654 1753 5658 ›

244 5702 257 5717 ⁸
336 5696 358 5725 ³
382 5693 652 5749 Brabium.
698 5694 876 5749 Editio
916 5694 1135 5750 Patuelii
1170 5694 1330 5761 1635,
1365 5696 1612 5750 bravium.
1644 5696 1711 5752 At
1733 5696 1867 5752 Fro-

261 5766 495 5823 beniana
548 5776 607 5839 et
664 5767 889 5839 reliqua}
938 5765 1261 5839 Pameliauzc
1285 5769 1534 5822 bravium.
1583 5770 1672 5825 Sic
1699 5772 1862 5825 etiam

244 5835 489 5911 'uterque
525 5838 701 5911 editor
725 5835 938 5911 Anglic.
965 5837 1160 5895 Statim
1205 5855 1336 5895 vero
1357 5856 1559 5911 sursum
1587 5855 1686 5911 pro
1711 5858 1864 5911 cursu

263 5907 432 5965 elidit
463 5908 767 5970 Jacksonus
789 5907 1025 5977 ,‘Grzeca
1055 5911 1356 5983 reSpieiéns
1386 5907 1617 5984 Philipp.
1652 5928 1708 5970 111
1729 5907 1857 5986 ,11

1896 5453 1949 5514 D

1974 5131 2067 5184 τῆς
2095 5119 2198 5178 ἅνω
2227 5122 2483 5182 κλήσεως,
2510 5119 2599 5173 ubi
2632 5118 2788 5190 Vulg.
2817 5132 3056 5189 superna:
3079 5115 3377 5170 uocationis.
3415 5112 3579 5190 Paulo

1974 5203 2094 5264 post
2125 5195 2263 5249 idem
2287 5190 2588 5248 .licksunuS
2607 5185 2892 5264 legendum
2908 5189 3213 5264 suspicatur
3231 5196 3279 5264 et
3295 5185 3573 5264 cotidigue.

2048 5266 2069 5297 ‘
2104 5265 2314 5319 Duabus
2340 5265 2570 5333 epistolis
2607 5256 2969 5333 superioribus.
3001 5256 3179 5314 Altera
3206 5256 3581 5333 niiuirtun'jde

1976 5337 2205 5393 Sabbato
2227 5380 2239 5400 ,
2275 5328 2441 5391 altera
2472 5336 2536 5389 de
2574 5328 3008 5395 tiircumcisione,
3061 5346 3286 5403 quarum
3334 5328 3580 5403 111ρ11111111

1977 5396 2338 5481 Hier-Onyiuus
2369 5410 2433 5461 de
2472 5405 2580 5460 Vir.
2610 5405 2816 5462 lllustr.
2845 5419 2965 5474 cap.
3001 5396 3092 5459 7οξ
3122 5396 3573 5473 Sed‘ltm‘ftltﬁditl

1977 5482 2392 5537 interciderunt.
3004 5543 3010 5547 _
3058 5544 3061 5547 _
3472 5484 3541 5547 Law

2043 5555 2173 5609 CAP.
2208 5553 2250 5609 ll
2302 5582 2374 5593 —
2402 5552 2423 5582 ⁸
2450 5549 2760 5604 Docitantes.
2813 5543 3079 5618 Sic’ret‘te
3122 5547 3252 5618 legit
3305 5544 3576 5618 Romolius

1954 5629 2093 5681 'cnm
2143 5626 2390 5681 Gelenio.
2442 5625 2765 5692 Corruptam
2821 5616 3007 5675 vocein
3065 5611 3577 5675 denotuniésedldit

1969 5696 2362 5754 Welclimauus
2388 5713 2451 5753 ex
2471 5696 2727 5763 Cagnaeo'.
2746 5692 2999 5751 Jscxsox.
3270 5710 3277 5715 ·
3428 5708 3433 5721 ·

2044 5771 2064 5801 ⁸
2098 5769 2183 5826 Ne
2221 5772 2365 5825 dum.
2414 5769 2487 5841 lla
2539 5767 2808 5821 Pamclius
2834 5766 3053 5841 aliique.
3089 5763 3479 5835 Wplchmatius
3506 5772 3576 5817 ex

1967 5841 2232 5914 Cognato,
2254 5842 2343 5897 sed
2371 5836 2515 5895 dum.
2560 5911 2570 5914 _
2700 5854 2725 5881 μ’

2042 5874 2515 5982 Ῥῧῗὶειίξτυὲῖῒ
2535 5874 2881 5969 denotbbitur.
2913 5874 3006 5968 Sic
3036 5908 3421 5979 distinguimus
3444 5918 3570 5961 eum
