4008 6320
457 310 567 372 959
580 327 607 335 ’

1912 316 2297 409 novarum
2384 368 2395 383 .

3624 330 3724 389 960

460 420 734 507 garrulam
790 433 809 466 ¹
860 431 1021 499 nimis
1064 433 1259 507 lingum
1290 433 1755 507 intemperantiam
1788 450 1802 488 :
1835 433 2060 503 Quando
2090 440 2136 495 Δ
2168 434 2283 505 ista:
2315 430 2520 509 umbra:
2567 431 2648 488 vel
2682 432 2867 507 ﬁgurae
2905 432 3245 503 exercendae,
3276 442 3355 505 ,ut
3384 435 3725 515 abstinendum

460 516 893 597 vespertilionem,
913 537 1215 599 qumrcntes
1239 528 1490 581 tenebras
1510 527 1681 582 noctis
1704 526 1861 581 simul
1886 536 1938 580 ct
1977 541 2064 581 er-

460 621 622 677 roris.
652 620 777 677 l'ltec
803 610 1012 693 ergoet
1038 622 1121 678 his
1145 623 1292 693 paria
1322 622 1429 678 Lex
1467 624 1517 676 in
1547 621 1871 677 animalibus
1926 637 2054 677 exe-

461 722 644 787 cratur
674 732 688 765 :
716 730 835 787 qua:
859 715 911 770 in
932 716 1036 771 illis
1055 714 1388 786 quidemnun
1408 714 1719 780 criminosa,
1739 715 1862 787 quia
1888 714 1938 770 in
1959 713 2062 768 hoc

454 798 587 862 inata
626 800 789 877 'suut;
834 809 886 865 in
916 808 1132 872 homine
1181 808 1543 883 culpata,quia
1573 821 1757 864 contra
1790 816 2057 885 naturam,

462 886 663 987 non‘cs
692 901 1045 972 institutione,
1078 904 1172 960 sed
1196 920 1258 965 cs
1293 921 1477 965 errore
1507 904 1729 981 qumsita
1759 912 1905 958 sunt.

1079 1020 1309 1079 CAPUT
1350 1021 1439 1079 IV.

459 1136 564 1197 His
611 1137 883 1201 accessisse
903 1146 951 1194 cl
990 1138 1157 1194 aliam
1188 1155 1420 1207 causam,
1475 1154 1570 1194 cur
1605 1138 1769 1193 multa
1795 1154 1830 1191 a
1862 1135 2062 1192 Iudicis

532 1231 758 1287 ciborum
775 1245 970 1302 genera
995 1232 1334 1296 tollerentur;
1361 1231 1429 1321 (ψ
1455 1231 1789 1287 coercendam
1822 1230 2061 1286 nimirum

532 1327 977 1397 intcmpncntism
1026 1329 1227 1399 populi,
1250 1327 1340 1382 uni
1367 1325 1478 1383 Deo
1511 1328 1767 1383 servituri.

458 1462 475 1468 -
535 1441 629 1499 llis
660 1432 837 1513 figitur
881 1444 951 1500 ita
995 1458 1054 1501 se
1104 1445 1431 1502 habentibus
1472 1450 1823 1501 accesserunt
1856 1453 1911 1499 et
1943 1443 2062 1500 alite

461 1544 669 1601 causae;
691 1538 886 1610 quibus
930 1538 1093 1593 multa
1129 1555 1159 1595 a
1189 1539 1392 1596 Judaris
1412 1541 1655 1596 ciborum
1680 1555 1877 1610 genera
1902 1539 2061 1596 tolle-

458 1638 651 1685 rentur
681 1648 693 1684 :
726 1631 868 1700 quad
898 1636 956 1687 ut
984 1631 1164 1696 iteret,
1198 1634 1473 1690 immunda
1515 1634 1684 1689 multa
1711 1642 1835 1689 sunt
1879 1633 2020 1689 dicta
2046 1674 2059 1697 ,

461 1736 567 1779 non
614 1731 673 1778 ut
706 1723 814 1779 'illa
854 1724 1258 1795 damnarentur,
1310 1726 1405 1782 sed
1438 1738 1493 1781 ut
1543 1728 1630 1783 isti
1685 1736 2066 1783 coercerentur

453 1815 714 1872 servituri
756 1817 847 1873 uni
896 1818 1048 1875 Deo:
1081 1820 1205 1890 quia
1251 1821 1318 1875 ad
1368 1819 1469 1875 hoc
1500 1831 1801 1890 assumptos
1847 1820 2062 1891 frugali-

461 1919 545 1965 tas
599 1910 821 1968 decebat
868 1922 923 1969 et
974 1913 1112 1986 gula:
1177 1916 1574 1984 temperantia,
1650 1931 1771 1988 qua:
1848 1932 2065 1987 semper

459 2003 705 2075 religioni
753 1988 1175 2077 deprehenditur
1223 2024 1345 2066 esse
1388 2009 1582 2077 vir-ina,
1637 2010 1803 2064 immo
1866 2010 1884 2081 (
1901 2020 1958 2064 ut
1985 2012 2056 2066 ita

461 2095 710 2171 dixerim)
731 2101 1123 2172 consanguinea
1154 2102 1326 2172 potius
1353 2112 1512 2171 atque
1556 2111 1780 2173 cognata
1802 2121 1830 2158 .:
1861 2102 2062 2157 sancti-

456 2189 558 2245 tati
607 2192 749 2246 enim
781 2192 992 2247 inimica
1045 2193 1251 2249 luxuria
1305 2203 1406 2249 est.
1475 2193 1757 2263 Quomodo
1802 2195 1944 2250 enim
1972 2209 2065 2265 per

460 2284 607 2341 illam
648 2286 897 2355 parcetur
935 2285 1199 2358 religioni,
1242 2302 1363 2342 cum
1406 2303 1511 2343 non
1560 2296 1806 2357 parcatur
1836 2284 2064 2358 pudori?

460 2376 580 2433 Non
610 2368 1032 2457 reclpit‘lusuria
1068 2378 1159 2436 Dei
1207 2379 1478 2457 timorem,
1513 2379 1637 2437 dum
1685 2380 2065 2451 praecipitanti-

459 2467 562 2526 bus
602 2456 751 2527 illam
776 2471 1165 2546 v‘oluptatibus,
1197 2473 1250 2528 in
1282 2475 1454 2530 solam
1505 2473 1673 2529 fertur
1711 2473 2061 2544 cupiditatum

457 2552 820 2621 temeritatem
852 2585 865 2620 :
895 2564 1079 2621 cﬁ'usis
1129 2567 1270 2622 enim
1336 2566 1596 2634 habenis,
1649 2566 1765 2622 sine
1829 2568 1850 2598 ²
1911 2580 2062 2623 more

458 2657 692 2714 admotis
742 2660 1045 2730 sumptibus
1091 2660 1242 2729 quasi
1290 2654 1496 2729 pabulis
1549 2648 1743 2716 crescit
1796 2660 2062 2716 excedens

459 2752 840 2824 patrimonium
884 2771 1006 2811 cum
1058 2754 1297 2827 pudore;
1354 2766 1443 2811 aut
1476 2763 1772 2813 uttorrens
1830 2752 2057 2825 aliquis;

458 2862 493 2903 e
522 2850 782 2904 montium
817 2850 960 2920 jugis
985 2850 1206 2914 cadens,
1233 2864 1339 2904 non
1374 2857 1580 2904 tantum
1630 2850 1877 2921 opposita
1907 2858 2056 2904 tran-

454 2943 691 3010 scendit,
722 2943 818 3000 sed
846 2944 933 2999 illa
964 2944 1074 3015 ipsa
1105 2945 1156 2998 in
1185 2944 1413 2998 aliorum
1443 2944 1652 2998 ruinam
1683 2948 1865 2999 secum
1895 2944 2055 3013 rapit.

462 3035 543 3094 Ad
559 3024 913 3093 coercendam
942 3053 1070 3110 ergo
1096 3038 1563 3107 intemperantiam
1585 3036 1785 3109 populi,
1818 3037 2057 3093 remedia

461 3141 582 3186 sunt
610 3131 709 3185 ista
740 3130 999 3201 quaesita;
1050 3141 1103 3185 ut
1132 3138 1391 3203 quantum
1448 3129 1675 3185 luxuriae
1723 3130 2054 3193 demeretur,

459 3230 667 3277 tantmn
700 3222 852 3278 bonis
901 3223 1143 3279 moribus
1192 3223 1502 3279 adderetur.
1576 3221 1710 3278 Nam
1757 3222 1883 3293 quid
1912 3222 2056 3277 aliud

459 3316 826 3382 merebantur,
874 3331 1033 3387 quam
1062 3324 1215 3372 utne
1250 3316 1502 3372 omnibus
1529 3331 1776 3372 escarum
1810 3315 2057 3387 volupta-

2169 534 2375 581 csscta
2407 524 2563 595 cibis,
2615 541 2751 595 quos
2800 524 3065 580 institutio
3101 526 3320 599 quidem,
3354 516 3730 591 cotn‘ntendavc-

2168 626 2270 676 rat.
2305 617 2397 672 sed
2429 617 2534 672 Lex
2590 617 2966 674 interdixerat.
3018 614 3218 677 Verum
3259 621 3369 690 jam
3404 612 3575 701 (Rom.
3602 642 3656 713 ξ,
3682 629 3727 702 i)

2166 711 2285 793 finis
2310 712 2433 783 legis
2460 710 2692 767 Christus
2724 708 3255 791 superveuil,cuncta
3280 715 3410 789 legis
3432 704 3730 793 obscurare-

2166 788 2374 872 serans,
2420 802 2646 861 'omnia
2705 822 2824 876 qua:
2880 818 3337 865 sacramentorum
3386 794 3586 870 nebulis
3612 818 3733 875 anti-

2166 898 2340 968 quitas
2369 907 2594 955 texerat.
2650 898 2901 971 Magister
2931 903 3074 958 enim
3106 904 3520 977 venitinsignis,
3547 918 3597 965 et
3620 911 3734 974 Doc-

2169 1000 2252 1045 tur
2281 991 2541 1060 cmlestis,
2575 1002 2629 1049 et
2648 992 2929 1051 lnstitutor
2956 1008 3343 1067 consummata:
3371 1003 3632 1075 veritatis,
3652 1008 3734 1063 sub

2170 1100 2275 1151 quo
2306 1085 2497 1141 merito
2519 1086 2630 1158 jam
2661 1086 2858 1146 dicitur
2889 1110 2901 1145 :
2934 1088 3063 1163 (Tit.
3100 1106 3136 1163 t,
3170 1092 3263 1160 15)
3297 1109 3310 1148 :
3348 1092 3537 1163 Omnia
3570 1088 3735 1167 utnulla

2168 1178 2387 1245 mundis,
2431 1180 2707 1255 inquitsatis
2733 1192 2898 1238 autent
2924 1192 2972 1239 et
3002 1178 3299 1253 infidelibus
3328 1186 3463 1242 nihil
3494 1176 3733 1258 mandunt,

2165 1267 2253 1326 sed
2291 1272 2485 1342 polluta
2514 1285 2629 1327 sunt
2671 1292 2845 1331 eorum
2895 1288 2941 1331 et
2980 1295 3118 1333 meas
3156 1290 3202 1333 et
3238 1270 3573 1338 conscientia.
3624 1283 3736 1343 [lt-ut

2166 1364 2271 1418 alio
2304 1365 2420 1419 loco
2451 1365 2503 1436 (Ι
2534 1365 2664 1422 Tim.
2696 1384 2766 1436 tv,
2802 1370 2857 1432 4.
2979 1389 2991 1424 :
3038 1370 3172 1440 Quia
3202 1375 3368 1428 omnis
3414 1385 3632 1431 creatura
3660 1376 3740 1434 Dei

2167 1455 2320 1525 bona,
2353 1468 2399 1513 et
2430 1458 2561 1514 nihil
2594 1461 2927 1529 reficiendum
2949 1465 3085 1536 quod
3117 1483 3232 1519 cum
3281 1468 3740 1539 gratiarumaclioue

2168 1552 2449 1622 percipitur
2476 1570 2494 1607 :
2528 1556 2879 1625 sanctiﬁcatur
2917 1558 3050 1613 enim
3094 1576 3188 1632 per
3215 1560 3419 1616 verbum
3451 1561 3544 1618 Dei
3580 1575 3624 1631 et
3644 1582 3741 1634 ora-

2170 1642 2376 1699 tionem.
2423 1646 2652 1703 liursnm
2701 1648 2826 1703 alibi
2860 1648 2907 1719 (Ι
2932 1648 3066 1707 Tim.
3109 1666 3185 1719 tv,
3228 1654 3297 1727 l,'
3330 1648 3386 1725 2,
3420 1653 3472 1726 5)
3502 1672 3515 1708 :
3546 1654 3741 1727 Spiritus

2170 1737 2438 1807 manifeste
2461 1739 2604 1805 dicit,
2633 1741 2772 1810 quod
2794 1740 2850 1794 in
2872 1742 3171 1798 novissimis
3200 1744 3378 1821 diebus
3404 1746 3621 1821 recedent
3642 1750 3739 1821 qui.

2170 1828 2289 1882 dam
2318 1845 2350 1883 a
2403 1831 2504 1896 [ide
2551 1834 2867 1887 attendentes
2906 1832 3183 1915 spiritibus.
3225 1836 3593 1917 seductoribus,
3636 1839 3740 1894 doc-

2173 1925 2318 1978 trinis
2348 1924 2716 1981 dazmoniarum
2746 1927 2797 1981 in
2838 1928 3100 1998 hypocrisi
3137 1930 3623 2003 mendaciloquorutn
3643 1950 3746 1986 cau-

2170 2019 2398 2072 teriatant
2428 2018 2721 2073 habentium
2770 2023 3133 2075 conscientiam
3172 2018 3369 2089 suam,'
3400 1998 3743 2097 prohibentium

2170 2109 2374 2178 nubere,
2416 2119 2463 2165 et
2487 2111 2740 2167 abstinere
2783 2130 2814 2166 a
2845 2113 2968 2167 cibis
3011 2131 3136 2186 quos
3172 2112 3309 2169 Deus
3337 2118 3519 2172 creavit
3544 2118 3607 2171 ad
3644 2136 3743 2191 perc

2168 2205 2457 2273 cipiendum
2484 2222 2599 2259 cum
2643 2208 2934 2276 gratiarum
2980 2208 3184 2263 actione
3212 2210 3469 2278 fidelibus,
3514 2221 3559 2266 et
3575 2211 3647 2268 his
3672 2213 3745 2283 qui

2166 2309 2505 2369 captioveruut
2539 2297 2726 2356 Deum.
2771 2299 2962 2356 Adhuc
2990 2302 3041 2357 itt
3081 2303 3251 2358 altera
3284 2314 3434 2372 parte
3463 2302 3507 2380 (Ι
3536 2302 3643 2360 Cor.
3691 2322 3737 2375 ι,

2164 2392 2260 2465 25)
2306 2437 2319 2461 ,
2397 2391 2561 2448 Omne
2616 2394 2755 2467 quod
2804 2395 2856 2448 in
2896 2395 3109 2450 macello
3150 2396 3171 2426 ⁸
3232 2398 3390 2463 venit,
3440 2399 3735 2465 manducata,

2167 2488 2298 2542 nihil
2326 2489 2656 2562 requirentes.
2720 2489 2794 2544 Es
2823 2490 3019 2560 quibus
3072 2500 3287 2547 constat
3333 2492 3511 2547 omnia
3543 2493 3633 2549 ista
3650 2494 3744 2548 suis

2163 2581 2630 2637 benedictionibus
2678 2580 2927 2644 reddita,
2972 2582 3086 2654 jam
3141 2582 3283 2653 Lege
3334 2582 3479 2638 linila
3514 2601 3525 2638 :
3556 2599 3647 2640 nec
3691 2583 3746 2638 ad

2164 2677 2538 2733 solemnitates
2565 2678 2807 2732 ciborum
2841 2693 2962 2733 esse
2993 2675 3349 2745 redeundum,
3380 2694 3511 2751 quas
3549 2687 3599 2734 et
3622 2689 3747 2734 certa

2165 2771 2523 2843 imperaverat
2550 2787 2736 2836 causa,
2770 2785 2824 2829 et
2872 2770 2985 2842 jam
3019 2773 3232 2829 susmlit
3264 2773 3487 2829 libertas
3522 2772 3744 2844 Evange-

2162 2866 2262 2921 lica
2288 2866 2711 2941 manmnissioac
2734 2877 3002 2922 revocata.
3038 2866 3239 2921 Clamat
3261 2867 3556 2940 Apostolus
3583 2866 3743 2941 (llam.

2164 2975 2275 3025 xw,
2315 2958 2442 3035 li):
2475 2958 2593 3017 Non
2627 2970 2699 3017 est
2730 2977 2942 3032 regnum
2965 2959 3063 3017 Dei
3090 2972 3236 3029 potus
3256 2970 3303 3016 ct
3327 2962 3487 3030 cibus,
3515 2963 3750 3039 sed'justi-

2163 3056 2232 3109 tia
2260 3065 2429 3128 etpaa:
2467 3066 2512 3109 et
2545 3056 2813 3127 gaudium.
2845 3048 2975 3111 lteni
3007 3055 3113 3110 alio
3145 3055 3263 3112 loco
3293 3056 3336 3132 (1
3369 3056 3490 3114 Cor.
3528 3074 3596 3126 Vt,
3636 3056 3745 3131 13):

2171 3150 2301 3207 Esca
2324 3152 2486 3205 ventri
2508 3161 2553 3208 et
2582 3152 2751 3207 venter
2777 3152 2939 3217 escis;
2980 3149 3118 3205 Deus
3143 3162 3313 3209 autem
3340 3162 3387 3206 et
3413 3152 3544 3206 hunc
3566 3161 3609 3207 et
3637 3153 3749 3205 hanc

2160 3245 2450 3299 evacuabit:
2473 3261 2655 3315 corpus
2686 3253 2856 3298 autem
2880 3261 2985 3298 non
3007 3243 3360 3315 fornicationi,
3405 3245 3494 3300 sed
3523 3244 3745 3321 Domino,

2161 3347 2207 3391 et
2247 3336 2496 3391 Dominus
2546 3337 2770 3407 corpori.
2825 3338 2964 3392 Deus
3020 3345 3207 3393 ventre
3246 3355 3355 3393 non
3411 3338 3619 3411 colitur,
3655 3352 3740 3391 nec

453 3408 604 3466 tibus
634 3417 931 3477 uterentur,
972 3410 1062 3482 qui
1091 3409 1289 3466 divinis
1330 3424 1542 3466 mann-st
1568 3411 1744 3481 epulis
1764 3411 2057 3469 vilissimos

2167 3429 2524 3499 cibis(.llatth.
2556 3445 2645 3491 xv.
2667 3429 2755 3494 l7;
2785 3427 3060 3493 Marc.vu,
3082 3428 3197 3500 l9),
3245 3446 3383 3499 quos
3415 3408 3661 3505 Dominus
3680 3428 3749 3485 di-

460 3501 835 3576 .Egyptiurum
875 3502 1028 3559 cibos
1066 3502 1326 3575 przel‘erre
1352 3504 1465 3560 ausi
1497 3513 1644 3570 sunt,
1688 3504 2055 3576 carnesjuru-

459 3593 635 3652 lentas
688 3596 1026 3652 inimicorum
1079 3605 1239 3668 atque
1276 3596 1621 3653 dominorum
1651 3600 1672 3630 ⁵
1714 3608 1841 3654 ante
1891 3599 2061 3655 liber-

451 3697 623 3746 tatem
679 3691 976 3761 ponentes?
1034 3690 1187 3763 Digni
1229 3705 1360 3747 sane
1412 3707 1550 3762 quos
1594 3702 1777 3761 Optata
1828 3693 2057 3749 servitus

450 3786 744 3858 saginaret,
775 3786 970 3859 quibus
996 3785 1138 3841 male
1166 3784 1497 3856 displicuerit
1526 3795 1579 3840 et
1622 3786 1813 3842 melior
1840 3796 1895 3842 et
1923 3787 2059 3844 liber

457 3880 632 3937 cibus.

1094 3948 1323 4008 CAPUT
1350 3951 1414 4007 V.

454 4042 528 4117 Et
549 4062 666 4111 vero
690 4045 841 4118 fuerit
872 4053 1070 4116 tempus
1092 4043 1321 4117 aliquod,
1346 4061 1445 4115 quo
1470 4047 1585 4100 ista:
1600 4046 1798 4113 utttbrte
1824 4048 1902 4103 uel
1933 4047 2061 4119 figu-

529 4156 602 4194 ra:
625 4138 922 4195 exercendis
950 4153 969 4192 :
1002 4142 1265 4211 postquam
1302 4147 1471 4192 autent
1518 4138 1639 4193 linis
1676 4139 1807 4211 legis
1827 4137 2059 4195 Christus

529 4234 834 4303 supervenit,
860 4235 1034 4288 omnia
1053 4233 1165 4304 jam
1187 4231 1291 4287 dici
1324 4216 1395 4289 ab»
1415 4230 1659 4303 Aposloto
1691 4233 1884 4301 munda
1912 4252 2061 4289 mun—

529 4328 645 4394 dis;
672 4337 719 4382 et
756 4328 921 4401 cibum
956 4346 1130 4385 verum
1176 4340 1222 4384 et
1250 4310 1480 4387 sanctum
1527 4347 1635 4388 esse
1670 4329 1824 4399 [idem
1870 4341 2060 4386 rectam

514 4431 575 4477 -ει
608 4423 993 4478 immaculatum
1028 4426 1412 4480 conscientiam.

530 4537 550 4570 ⁸
589 4536 771 4595 Fuerit
810 4554 941 4612 ergo
1018 4549 1227 4612 tempus
1305 4541 1520 4614 aliquod
1583 4543 1897 4614 antiquum,
1956 4560 2062 4615 quo

2164 3523 2234 3577 cit
2268 3522 2465 3592 perire,
2499 3532 2551 3576 ct
2586 3522 2636 3575 in
2684 3536 2900 3577 secessu
2942 3522 3168 3577 naturali
3196 3521 3316 3595 lege
3359 3523 3587 3603 purgari.
3634 3520 3747 3577 Nam

2163 3617 2252 3687 qui
2280 3632 2373 3688 per
2397 3631 2549 3671 escas
2570 3615 2850 3670 Dominum
2882 3616 3030 3683 colit,
3058 3630 3225 3686 prope
3254 3624 3361 3684 est,
3415 3626 3471 3670 ut
3495 3616 3747 3687 Dominum

2163 3709 2357 3769 haheat
2374 3720 2614 3765 ventrem
2633 3725 2809 3765 suum.
2834 3709 3020 3777 Cibus,
3037 3709 3274 3781 inquam,
3296 3727 3456 3767 verus
3469 3719 3747 3776 etsanctus,

2161 3815 2212 3861 et
2246 3804 2475 3860 mundus
2513 3815 2593 3860 est
2636 3803 2768 3860 lides
2814 3814 2982 3869 recta,
3027 3806 3370 3861 immaculata
3416 3800 3747 3868 conscientia,

2161 3909 2216 3955 et
2261 3898 2518 3954 innocens
2559 3898 2735 3952 anima
2769 3915 2782 3951 :
2816 3897 3057 3967 quisquis
3110 3899 3195 3953 'sic
3241 3901 3512 3969 pascitur,
3551 3898 3747 3955 Christo

2164 3994 2540 4058 convcscitur;
2592 3993 2713 4047 talis
2769 3992 3015 4062 epulator
3063 3993 3294 4047 conviva
3350 4003 3433 4050 est
3464 3994 3554 4071 Dei
3595 4011 3607 4045 :
3649 3993 3750 4071 isne

2163 4095 2283 4141 sunt
2312 4086 2484 4153 epulae
2529 4099 2648 4156 quze
2671 4083 2903 4154 Angelus
2936 4093 3197 4153 pascunt;
3246 4084 3363 4139 isne
3407 4069 3533 4141 sunt
3565 4069 3745 4139 mensa:

2165 4194 2285 4249 qua}
2308 4177 2570 4249 Martyres
2607 4175 2829 4235 faciunt.
2855 4175 2992 4231 Hinc
3019 4185 3101 4232 cst
3124 4190 3229 4231 vox
3275 4177 3365 4232 illa
3397 4176 3552 4248 Legis
3591 4176 3746 4246 (Deut.

2168 4285 2285 4333 vnt,
2302 4270 2361 4343 5)
2406 4268 2572 4325 :Non
2597 4270 2650 4324 in
2671 4286 2804 4340 pane
2834 4277 3028 4324 tantum
3064 4269 3186 4323 uiuit
3212 4269 3388 4335 homo,
3547 4269 3596 4323 in
3630 4265 3751 4323 omni

2164 4363 2313 4418 verba
2336 4362 2471 4433 quod
2492 4362 2832 4431 proﬁciscitur
2859 4376 2921 4414 es
2942 4377 3029 4415 ore
3067 4358 3185 4414 Dei.
3218 4356 3354 4414 Hinc
3383 4360 3474 4415 illa
3504 4354 3691 4416 Christi
3726 4372 3740 4411 :

2170 4455 2354 4531 (Joan.
2385 4472 2458 4524 tv,
2485 4454 2579 4529 34)
2615 4454 2776 4509 :Mea
2819 4471 2934 4523 esca
2976 4465 3070 4520 est,
3111 4463 3168 4508 ut
3222 4454 3431 4527 faciam
3467 4452 3746 4509 valuutaiem

2168 4549 2277 4620 ejus
2325 4549 2413 4618 qui
2464 4564 2545 4603 me
2586 4547 2746 4615 misit,
2780 4557 2825 4601 et
2858 4556 3293 4601 uLconsummcm
3322 4563 3455 4616 opus
3476 4540 3603 4617 eius.
3628 4543 3745 4601 Hinc

1632 4686 1721 4741 ϐλ
1732 4684 2005 4744 LLANDII
2066 4687 2638 4746 COMMENTARIUS.

455 4796 632 4879 locum
671 4813 738 4856 ex
784 4788 989 4855 Isidoro
1016 4800 1429 4879 restituendum,
1473 4788 1732 4879 utctalia
1771 4804 2047 4879 complura
2077 4806 2129 4867 D
2157 4821 2255 4876 pro
2294 4805 2576 4879 saginaret,
2607 4807 2751 4878 quod
2811 4809 3066 4865 exhibent
3111 4808 3376 4865 editiones
3410 4806 3739 4879 APamelianzc.

452 4874 702 4939 superius
722 4882 1000 4937 annotata,
1022 4872 1190 4927 multo
1211 4882 1334 4929 ante
1357 4873 1650 4940 pervidisse
1676 4872 2049 4932 (laetissimum

455 4940 970 5017 Menardum‘ads.
1019 4944 1278 5017 Barnabze
1326 4945 1495 5013 Epit
1548 4960 1669 5017 cap.
1723 4946 1811 5009 10,
1837 4963 1902 5003 ex
1942 4964 2050 5017 quo

454 5012 616 5068 etiam
649 5016 733 5089 vix
765 5014 951 5070 dubito
973 5016 1103 5085 quin
1125 5015 1311 5089 suade
1350 5012 1570 5089 mystica
1597 5012 1839 5073 ciborum
1864 5012 2049 5074 iudai-

454 5097 639 5139 corum
669 5088 1111 5155 interpretatione
1141 5087 1379 5142 hauserit
1409 5087 1762 5143 Novatianus.

531 5157 547 5186 ¹
579 5156 987 5234 Nimislingute.
1019 5158 1254 5234 Isidorus
1298 5170 1352 5234 et
1398 5159 1798 5234 Bed:i,_nimiat
1842 5162 2049 5234 lingula.

455 5225 576 5282 Mox
604 5244 733 5284 vero
764 5225 948 5292 iidem,
993 5230 1083 5304 sed
1115 5233 1168 5284 in
1196 5231 1398 5285 homine
1426 5247 1444 5286 :
1469 5231 1836 5304 quotliprolto.
1890 5225 2055 5290 Patth

454 5307 581 5373 ante
609 5316 703 5369 pro
729 5305 970 5373 superbos
996 5303 1179 5373 legunt
1207 5303 1496 5371 superbam
1529 5303 1670 5359 Beda
1711 5314 1763 5357 et
1806 5305 2055 5362 Rabanus

454 5368 688 5427 Maurus.
722 5372 975 5429 Jscasoa.

468 5472 475 5480 ι
526 5440 653 5498 CAP.
683 5444 1024 5503 lV.-—-'Sine
1051 5463 1209 5501 more.
1233 5446 1540 5515 Legendum
1574 5456 1722 5517 putat
1749 5447 2058 5505 Wclchma-

455 5529 557 5569 nus
576 5516 685 5569 sine
714 5534 874 5572 mora.
918 5518 1215 5574 Jacksmuts
1245 5520 1352 5573 sine
1378 5520 1549 5574 modo.

529 5585 549 5616 ³
581 5588 710 5643 Ante
736 5588 1034 5646 libertatem.
1071 5590 1161 5647 Sic
1183 5592 1403 5647 Pamelii
1430 5605 1616 5646 omnes
1640 5592 1793 5649 edltt.
1819 5592 2058 5653 Woweri

454 5671 558 5713 ms.
584 5661 752 5731 parile
774 5662 931 5718 habet
956 5663 1178 5718 libertati
1204 5673 1585 5730 anteponentes.
1635 5662 1740 5720 Sed
1758 5665 2059 5720 Welcltma-

455 5746 555 5807 slus
570 5732 748 5807 edidit
785 5747 894 5804 post
925 5736 1205 5790 libertatem
1244 5749 1520 5806 ponentes;
1546 5751 1668 5807 qua:
1697 5750 1775 5792 (BSt
1806 5747 2060 5806 corrupta

454 5800 722 5879 F_I‘obetti_i_
738 5800 916 5879 lectio,
937 5808 1119 5861 sensui
1150 5800 1383 5879 auctoris
1407 5800 1697 5863 contraria.
1748 5808 1914 5864 Paulo
1940 5800 2063 5879 pust.

456 5872 597 5933 idem
652 5874 1039 5933 Welchmanus
1099 5893 1164 5934 ex
1226 5877 1494 5935 Frobenio
1546 5880 1739 5937 vitiose
1804 5872 2057 5958 signaret,

2410 4924 2416 4930 .
2564 4872 2569 4873 ν
2626 4872 2639 4878 ’
3403 4872 3648 4938 Jscxsou.

2230 4949 2358 5006 CAP.
2394 4949 2460 5004 V.
2491 4982 2546 4991 -—
2585 4949 2603 4982 ἰ
2636 4949 2833 5008 Fuerit.
2879 4952 3115 5009 Isidorus
3157 4964 3209 5009 ct
3256 4952 3459 5010 Beda:
3512 4953 3613 5009 Sed
3661 4948 3744 5020 fuit

2161 5032 2358 5091 tempus
2383 5023 2680 5093 aliquando.
2714 5025 2831 5078 Mox
2856 5025 3013 5079 iidem
3051 5044 3062 5078 :
3099 5024 3414 5081 Exercenda'
3433 5036 3574 5085 erant
3605 5040 3635 5076 a
3662 5036 3743 5091 po-

2159 5095 2284 5165 pulo
2306 5096 2382 5148 vel
2408 5096 2662 5165 gerenda},
2698 5107 2749 5148 ut
2778 5096 3153 5151 abstinendum.
3194 5100 3266 5153 ID.

2210 5166 2231 5196 ⁸
2264 5165 2451 5219 Omnia
2472 5184 2583 5237 quin
2605 5181 3038 5223 sm‘ramcutorum
3069 5171 3266 5224 nebulis
3318 5171 3579 5227 Isidorus:
3600 5166 3745 5237 Atque

2162 5239 2334 5310 omnia
2374 5236 2692 5310 sacramenta
2745 5255 2860 5310 qua:
2913 5240 3076 5294 uobis.
3118 5241 3320 5296 Sensus
3363 5242 3596 5310 auctoris
3639 5236 3743 5292 hcic

2160 5309 2371 5364 videtur
2408 5308 2793 5382 imperfectus;
2843 5321 2898 5365 et
2946 5325 3229 5382 pusSmnus
3273 5308 3741 5382 alite'rleuerge}

2162 5382 2417 5436 citatione
2441 5380 2600 5457 [ledae
2625 5384 2723 5436 hoc
2752 5383 2912 5457 modo
2940 5377 3278 5457 iVerumjam
3298 5386 3415 5455 finis
3442 5380 3589 5457 chis
3612 5377 3742 5436 Chri-

2164 5464 2273 5507 stus
2315 5455 2629 5522 supervenit,
2661 5455 2896 5524 aperiens
2935 5467 3117 5509 cuncta
3148 5455 3365 5527 Legiset
3388 5455 3595 5512 obscura
3620 5464 3741 5527 resc-

2165 5540 2287 5578 rans
2311 5539 2329 5577 :
2354 5537 2504 5593 atque
2527 5527 2698 5597 otitnia
2727 5542 2841 5597 quae
2861 5524 3297 5581 sacramentorum
3328 5528 3523 5583 nebulis
3543 5524 3743 5597 antiqui-

2166 5604 2243 5668 tas
2266 5606 2476 5658 texerat,
2535 5596 2781 5666 Magister
2821 5599 3034 5668 insignis
3070 5610 3117 5652 et
3145 5598 3330 5655 Doctor
3365 5599 3575 5654 scelestis
3591 5604 3632 5648 et
3657 5596 3739 5646 ln-

2166 5667 2370 5792 stitutolr
2403 5679 2765 5725 consummata:
2811 5667 3035 5724 veritatis
3078 5673 3317 5743 patefacit
3355 5688 3372 5726 :
3404 5671 3493 5725 sub
3519 5682 3614 5740 quo
3653 5676 3742 5719 1118·

2166 5749 2282 5792 rtto.
2359 5756 2411 5792 ι).

2165 5749 2282 5792 τίιο.
2337 5749 2411 5794 Il).

2239 5811 2261 5841 ⁸
2312 5808 2490 5886 Veni_t._
2530 5811 2621 5886 ita
2670 5812 2987 5886 Frobenius
3035 5822 3090 5869 et
3130 5814 3352 5869 Pamelii
3387 5814 3553 5869 editio
3592 5805 3738 5872 1655,

2169 5897 2269 5938 nec
2291 5897 2398 5938 non
2423 5882 2829 5942 Welchmanus.
2858 5885 2937 5941 Al.
2966 5888 3135 5943 vtenit.
3167 5886 3525 5951 Minusrecte.
