4026 6328
292 336 404 394 969

1372 344 1459 402 DE
1501 346 1559 406 S.
1600 346 1808 407 LUCIO
1844 348 2123 409 NOTlTlA
2164 352 2548 414 HlSTORlCA.
2586 355 2591 359 ’

3488 374 3596 433 970

294 453 398 524 ipsi
450 452 758 511 incendisse
802 452 1116 521 videantur,
1146 463 1202 512 et
1249 459 1472 515 accedat
1513 461 1581 517 ad
1610 464 1893 521 criminum
1922 469 1973 529 Α
2004 465 2163 523 Patre
2184 486 2297 526 meo
2325 481 2563 527 etcoram
2589 471 2798 544 Angelis
2811 476 2944 548 ejus.
2977 477 3121 535 Deus
3147 479 3292 537 enim
3315 492 3375 539 ut
3402 496 3488 543 est
3509 490 3599 547 in-

291 547 569 601 cumulum
601 547 745 617 quod
787 549 949 604 etiam
980 549 1205 621 inquieti
1234 549 1468 609 luerunt.
1499 555 1730 613 Maxime
1749 563 1893 615 enim

292 638 406 694 illis
435 641 684 708 congruit
712 641 1060 709 verecundia,
1091 660 1317 715 quorum
1362 647 1414 701 in
1442 646 1655 704 delictis
1675 648 1897 706 damna-

296 738 388 786 tur
418 747 573 788 mens
603 732 993 811 inverecunda.

374 823 485 880 Vll.
512 825 728 882 Pulsent
758 840 889 883 sane
929 827 1096 896 fores,
1138 830 1234 887 sed
1289 849 1396 891 non
1439 836 1624 904 utique
1658 836 1898 893 confrin-

294 926 441 989 gant.
479 915 687 973 Adeant
737 919 805 974 ad
849 920 1013 977 limen
1070 921 1329 981 Ecclesiae
1358 967 1373 993 ,
1406 928 1502 983 sed
1555 945 1661 985 non
1711 931 1899 1000 utique

298 1010 623 1066 transiliunt.
663 1010 977 1068 Castrorum
1025 1015 1328 1072 cmlesﬁum
1381 1020 1653 1077 excubeut
1704 1022 1896 1094 portis,

296 1104 395 1162 sed
444 1107 634 1161 armati
691 1106 974 1174 modestia,
1006 1126 1109 1181 qua
1155 1112 1458 1185 intelligant
1502 1131 1562 1172 se
1588 1115 1900 1174 desertores

299 1197 483 1254 fuisse.
508 1198 806 1255 Resumaut
827 1216 1043 1270 precum
1069 1217 1287 1260 suarum
1319 1206 1523 1274 tubam,
1548 1210 1641 1264 sed
1663 1227 1765 1282 qua
1792 1226 1897 1267 non

301 1290 552 1348 bellicum
581 1294 852 1364 clangunt.
881 1296 1112 1353 Arment
1154 1314 1216 1355 se
1263 1300 1483 1371 quidem
1515 1306 1790 1361 modestia:
1823 1316 1902 1363 te-

300 1384 389 1452 lis',
415 1394 470 1440 et
501 1401 660 1457 quem
713 1389 959 1460 negando
1011 1393 1201 1448 mortis
1232 1402 1378 1450 metu
1425 1394 1547 1452 ﬁdei
1583 1397 1903 1458 dimiserant

300 1477 551 1550 clypeum
583 1491 860 1537 resumant
888 1499 903 1549 ;
935 1484 1033 1540 sed
1078 1494 1137 1540 ut
1164 1496 1351 1542 contra
1385 1488 1595 1546 hostem
1624 1491 1899 1549 diabolum

301 1574 382 1629 vel
414 1590 554 1630 nunc
584 1578 797 1642 annali,
850 1592 956 1633 non
985 1592 1175 1636 contra
1207 1580 1506 1639 Ecclesiam
1535 1601 1656 1657 quae
1684 1586 1901 1644 illorum

301 1665 450 1724 dolet
498 1684 676 1738 casus,
709 1680 948 1728 armatos
976 1688 1098 1730 esse
1149 1689 1210 1731 se
1239 1676 1484 1733 credant.
1524 1678 1747 1735 Multum
1799 1682 1905 1738 illis

303 1762 546 1832 proﬁciet
576 1766 765 1835 petitio
807 1767 1072 1834 modesta,
1123 1772 1414 1838 postulatio
1441 1776 1770 1844 verecunda,
1806 1779 1911 1833 hu-

1997 558 2246 630 dulgens.
2273 562 2343 616 ita
2367 573 2450 619 est
2472 575 2864 635 praceptorum
2887 584 3106 626 suorum
3134 585 3378 644 exactor,
3401 589 3459 635 et
3476 582 3601 651 qui-

1998 649 2371 722 demdiligens
2395 667 2482 717 :et
2515 658 2655 713 sicut
2682 657 2897 731 (Matth.
2927 677 3057 730 xxtt,
3091 663 3147 737 ὅ)
3191 666 3257 723 ad
3289 649 3598 732 convivium

2002 757 2175 812 vocat,
2209 747 2288 801 sic
2324 748 2561 805 habitum
2598 754 2904 822 nuptiarum
2943 773 3048 811 non
3081 757 3391 832 habentem,
3420 768 3602 839 ligatis

2001 837 2250 892 manibus
2295 849 2350 894 et
2387 842 2611 911 pedilms
2655 855 2807 901 extra
2847 860 3162 908 sanctorum
3210 867 3409 913 CLEllllll
3458 837 3605 919 iuras

1995 928 2185 1000 jactat.
2202 932 2418 989 Paravit
2432 936 2654 1003 cadum,
2671 940 2764 996 sed
2779 945 2985 1012 paravit
3011 955 3067 1002 et
3089 956 3370 1009 tartarum.
3388 956 3608 1015 Paravit

2000 1023 2411 1093 relrigeria,sed
2442 1031 2649 1098 paravit
2675 1042 2837 1088 etiam
2856 1046 3056 1092 :eterua
3080 1043 3363 1113 supplicia.
3387 1045 3610 1106 Paravit

2002 1113 2432 1176 inaccessibilem
2479 1122 2698 1194 lucem,
2749 1128 2844 1184 sed
2892 1135 3103 1203 paravit
3140 1136 3302 1193 etiam
3335 1156 3610 1213 perpetua:

2005 1211 2181 1265 noctis
2197 1214 2427 1267 vastam’
2445 1226 2814 1292 :eternamque
2835 1224 3318 1303 caliginem.(‘.ujus
3332 1211 3610 1309 tem—pera-

2004 1304 2172 1357 menti
2208 1304 2558 1365 moderamen
2599 1328 2698 1369 nos
2723 1312 2845 1371 heic
2870 1327 3055 1375 tenere
3080 1339 3387 1390 qnmrentes
3415 1304 3530 1400 diu,
3557 1342 3615 1390 et

2005 1396 2222 1498 quidem
2254 1401 2432 1466 multi,
2465 1412 2518 1459 et
2544 1406 2760 1476 quidem
2792 1425 2914 1466 cum
2960 1414 3283 1482 quibusdam
3340 1396 3612 1498 episcopis

2007 1487 2237 1546 ’viciuis
2270 1492 2423 1549 nobis
2453 1504 2507 1550 et
2533 1501 3111 1571 appropinquantibus.
3139 1519 3194 1564 et
3219 1487 3466 1581 quosiex
3492 1487 3615 1575 aliis

2006 1583 2304 1651 provinciis
2335 1586 2495 1659 longe
2513 1591 2702 1658 pusitis
2733 1599 3297 1664 persecutionisistius
3319 1606 3484 1663 ardor
3505 1609 3620 1681 eje-

2006 1684 2179 1744 cerat,
2213 1687 2338 1733 ante
2366 1683 2811 1740 constitutionem
2863 1688 3105 1761 episcopi
3160 1693 3296 1750 nihil
3351 1698 3616 1757 innovan-

2008 1770 2135 1826 dum
2170 1774 2477 1842 putavimus
2505 1816 2521 1841 ,
2572 1777 2667 1833 sed
2719 1778 2992 1851 lapsorum
3039 1799 3225 1842 curam
3270 1792 3618 1853 mediocriter

303 1854 504 1910 militas
526 1857 857 1927 necessaria,
886 1860 1144 1930 patientia
1176 1862 1193 1893 ¹
1224 1878 1333 1918 ιιοιι
1364 1864 1559 1920 otiosa.
1593 1866 1805 1935 Mittam
1833 1869 1907 1925 le-
1938 1872 1987 1933 B
2015 1866 2422 1936 temperandam
2470 1884 2593 1925 esse
2620 1870 2642 1901 ⁸
2668 1871 3036 1942 credidimus;
3088 1888 3145 1933 ut
3198 1880 3435 1953 interim,
3486 1887 3618 1944 dum

302 1957 455 2018 gatos
483 1964 582 2021 pro
607 1951 720 2005 suis
744 1951 1026 2009 doloribus
1054 1953 1325 2027 lacrymas
1354 1972 1370 2021 ;
1402 1958 1758 2016 advocatione
1789 1961 1910 2018 luu-

301 2054 500 2123 gantur
528 2060 594 2100 ex
643 2044 834 2101 intimo
861 2058 1080 2118 pectore
1133 2051 1326 2119 prolati
1371 2052 1623 2123 gemitus,
1663 2055 1907 2112 dolorem

305 2116 600 2206 probantes
629 2116 904 2196 commissi
946 2141 1189 2198 criminis
1238 2154 1293 2199 et
1342 2143 1628 2215 pudorem.
1661 2146 1832 2203 homo
1863 2150 1909 2205 si

304 2229 590 2288 dedecoris
636 2235 856 2289 admissi
916 2236 1339 2306 magnitudinem
1372 2238 1828 2310 perhorrescunt,
1862 2245 1910 2299 si

305 2328 543 2395 pectoris
587 2334 643 2382 et
685 2329 1034 2385 conscientia:
1060 2345 1172 2386 sua:
1218 2331 1476 2389 lethalem
1503 2334 1711 2407 plagam
1743 2346 1801 2393 et
1830 2338 1909 2392 si-

304 2418 460 2474 nuosi
493 2420 733 2476 vulneris
763 2422 900 2477 altos
929 2438 1178 2480 recessus
1206 2440 1333 2481 vere
1364 2425 1574 2486 medica
1613 2443 1774 2484 manu
1802 2440 1910 2484 tra-

303 2518 475 2576 ctant,
507 2512 835 2569 erubescant
885 2523 938 2571 et
994 2526 1218 2587 petere;
1248 2519 1353 2573 nisi
1383 2519 1779 2590 quiamajoris
1827 2532 1912 2579 est

301 2619 517 2662 rursum
541 2616 594 2662 et
623 2607 850 2677 periculi
868 2619 922 2664 et
948 2609 1188 2681 pudoris,
1213 2611 1471 2667 auxilium
1502 2616 1647 2684 pacis
1676 2632 1782 2671 non
1812 2633 1909 2688 pe-

303 2700 474 2757 tiisse.
509 2702 614 2759 Sed
647 2702 753 2760 hoc
803 2712 974 2760 totum
1023 2705 1074 2759 in
1106 2717 1473 2775 sacramento,
1508 2708 1604 2765 sed
1636 2710 1687 2765 in
1740 2711 1911 2782 ipsius

300 2794 679 2863 postulationis
711 2796 828 2867 lege
857 2799 1119 2865 temporis
1168 2799 1309 2855 facto
1334 2810 1784 2871 temperamento,
1813 2805 1909 2861 sed

301 2887 661 2957 postulatione
674 2887 1032 2951 demissa,sed
1048 2908 1206 2961 prece
1219 2893 1431 2949 subdita
1451 2914 1464 2949 :
1481 2897 1734 2965 quoniam
1751 2885 1910 2970 etqui

300 2981 500 3050 petitur
522 2981 662 3037 llecti
690 2982 871 3046 debet.
892 3001 997 3039 non
1018 2985 1229 3042 incitari
1255 3004 1271 3054 ;
1296 2996 1351 3043 et
1376 2989 1518 3044 sicut
1534 2991 1729 3060 respici
1752 2990 1913 3047 debet

296 3072 478 3129 divina
491 3075 800 3143 clementia,
819 3078 895 3132 sic
910 3079 1105 3146 respici
1132 3079 1295 3136 debet
1306 3091 1358 3134 et
1379 3081 1559 3137 divina
1574 3099 1805 3140 censura
1826 3102 1841 3149 ;
1855 3094 1912 3141 et

296 3166 435 3221 sicut
448 3168 706 3238 seriptum
724 3178 809 3224 est
822 3169 1038 3243 (Matth.
1058 3172 1308 3243 xvttt,5‘2)
1322 3172 1547 3230 ξυστιαυί
1559 3176 1650 3231 tibi
1661 3195 1811 3234 omne
1822 3179 1911 3235 de-

2011 1957 2305 2029 episcopus
2333 1959 2451 2014 dari
2479 1976 2509 2015 a
2535 1961 2647 2018 Deo
2671 1965 2827 2020 nobis
2857 1969 3176 2038 sustinetur,
3214 1972 3267 2027 in
3295 1991 3564 2048 suspenso
3592 1982 3615 2013 ⁸

2010 2065 2197 2105 eorum
2226 2052 2315 2121 qui
2338 2068 2521 2109 moras
2552 2068 2773 2124 possunt
2799 2058 3080 2118 dilationis
3129 2066 3421 2133 sustinere.
3447 2087 3613 2130 causa

2011 2153 2297 2213 teneatur;
2327 2162 2515 2204 eorum
2542 2162 2723 2206 autem
2750 2168 2982 2222 quorum
3019 2158 3142 2213 vita:
3184 2173 3297 2216 sua:
3325 2163 3490 2221 linem
3521 2184 3615 2224 ur-

2010 2252 2146 2308 gens
2174 2240 2353 2294 exitus
2390 2240 2713 2298 dilationem
2747 2259 2852 2300 non
2901 2257 3081 2316 potest
3111 2248 3275 2320 ferre,
3304 2266 3420 2310 acta
3445 2261 3620 2327 pteui-

2014 2334 2177 2387 tentia
2208 2343 2264 2389 et
2293 2334 2532 2404 professa
2563 2336 2877 2408 frequenter
2904 2355 3125 2398 suorum
3153 2345 3519 2429 detestatione
3533 2353 3618 2409 fa-

2012 2433 2245 2492 cturum,
2275 2428 2319 2482 si
2350 2427 2629 2500 lacrymis,
2659 2431 2702 2485 si
2729 2433 3040 2503 gemitibus.
3070 2438 3115 2491 si
3141 2427 3358 2496 ﬂetibus
3382 2443 3618 2501 dolentis

2012 2531 2077 2572 ac
2119 2533 2246 2574 vere
2303 2520 2616 2590 paenitentis
2667 2523 2834 2577 animi
2891 2524 3043 2596 signa
3075 2529 3448 2602 prodiderint,
3491 2551 3616 2594 cum

2011 2627 2138 2685 spes
2178 2615 2393 2671 vivendi
2434 2618 2732 2674 secundum
2780 2618 3055 2678 hominem
3110 2626 3256 2681 nulla
3289 2630 3616 2703 substiterit,

2013 2707 2084 2762 ita
2136 2708 2352 2764 demum
2399 2719 2557 2766 caute
2610 2721 2665 2767 et
2711 2713 2945 2771 sollicite
2991 2718 3305 2790 subveniri,
3360 2723 3471 2780 Deo
3497 2726 3618 2798 ipso

2012 2802 2222 2857 sciente
2263 2803 2391 2873 quid
2423 2803 2491 2859 de
2518 2805 2714 2861 talibus
2740 2807 2923 2874 faciat,
2956 2819 3011 2865 et
3049 2814 3283 2883 qualiter
3304 2817 3494 2886 judicii
3533 2821 3620 2878 sui

2011 2897 2294 2952 examinet
2320 2897 2595 2967 pondera;
2627 2902 2782 2956 nobis
2807 2912 2986 2960 tamen
3014 2909 3172 2962 anxie
3197 2913 3535 2981 curantibus,
3554 2924 3618 2972 ut

2014 3004 2113 3044 nec
2133 3005 2359 3061 pronam
2405 3002 2645 3049 nostram
2679 2994 2912 3066 improbi
2957 2999 3204 3057 homines
3232 3003 3454 3061 laudent
3479 3007 3614 3064 laci-

2012 3082 2242 3152 litatem,
2274 3101 2373 3141 nec
2404 3102 2533 3144 vere
2557 3089 2880 3158 pteuiteutes
2908 3106 3167 3153 accusent
3190 3111 3428 3155 nosuam
3459 3105 3617 3174 quasi

2012 3177 2201 3233 duram
2252 3180 2650 3237 crudelitatem.
2681 3182 2942 3255 Optamus
2971 3197 3044 3253 te,
3068 3188 3378 3249 beatissime
3406 3210 3471 3251 ac
3499 3196 3618 3268 glo-

295 3261 614 3332 bitum,quia
638 3279 717 3317 me
731 3265 1788 3345 rogasti;sicscriptutuest(Luc.xu,9):
1810 3272 1912 3340 Qui
1936 3283 1982 3347 ο
2015 3273 2314 3332 riosissime
2341 3293 2499 3347 papa,
2528 3277 2581 3334 in
2638 3278 2868 3338 Domino
2912 3297 3130 3354 semper
3179 3284 3316 3342 bene
3347 3261 3532 3347 valere
3560 3301 3617 3349 et

294 3371 371 3412 me
388 3358 649 3429 negaverit
672 3373 847 3412 coram
875 3358 1188 3436 Itominibys,
1207 3362 1402 3432 negabo
1428 3371 1476 3418 et
1495 3379 1589 3436 ego
1602 3380 1905 3421 euntcoram

2013 3369 2187 3423 nostri
2218 3370 2553 3427 meminisse.

1578 3476 1943 3535 VARIORUM
1983 3479 2215 3536 ΝΟΤΛΕ.

292 3569 577 3627 lectionem
621 3571 953 3647 conﬁrmant
1010 3580 1226 3627 veteres
1278 3571 1551 3647 editiones
1579 3584 1632 3629 et
1684 3584 1895 3647 septem

291 3654 475 3698 vetera
506 3644 859 3712 8\empl:tl‘ltt.
884 3642 1130 3698 Nostram
1154 3659 1274 3715 qua:
1296 3645 1517 3715 videtur
1540 3660 1662 3702 esse
1680 3642 1893 3714 mélior,

288 3718 610 3787 conlirmant
636 3726 748 3787 tres
777 3717 980 3787 antiqui
1021 3714 1257 3770 codices.
1292 3714 1497 3773 BALUZ.

360 3786 594 3842 νιι.-ι
624 3785 1262 3842 Ρηιίεηιὶα.Ῥιιεηὶιειιιία.
1289 3790 1418 3842 liud.
1456 3788 1704 3844 Lincoln.

357 3860 379 3890 ³
408 3857 801 3929 Etet-namque.
835 3859 924 3915 Sic
949 3860 1078 3914 editi
1112 3859 1282 3914 ferme
1312 3875 1526 3917 (aniles.
1553 3860 1687 3916 Cod.
1714 3859 1891 3916 Vatic.

285 3940 330 3984 et
352 3938 536 3984 tetram
559 3947 577 3986 :
603 3946 766 4001 quam
794 3931 1082 3986 lectionem
1110 3930 1394 3986 intextum
1426 3931 1629 3988 inferre
1657 3949 1765 3988 non
1793 3934 1893 3988 du-

284 4001 525 4057 bitarunt
546 4002 787 4058 editores
809 4002 1114 4069 Anglicani.
1142 4001 1313 4059 GALL.

381 4073 403 4105 ³
441 4072 634 4129 νὶτίηἰε
679 4073 845 4130 nobis.
889 4074 961 4129 Ita
1015 4072 1196 4128 Fellus
1245 4084 1300 4130 et
1331 4074 1896 4132 Baluzius.0mittunt

284 4144 427 4200 nobis
454 4144 846 4202 Welchmanns
874 4156 929 4202 et
950 4144 1275 4202 Jacksouus.

281 4215 376 4283 κδ
403 4216 473 4272 Et
505 4233 656 4286 quos.
683 4217 1137 4288 Conjunctionem
1167 4228 1213 4273 et
1245 4218 1549 4275 redundare
1573 4226 1724 4291 putat
1744 4218 1896 4275 Wcl-

1999 3575 2288 3663 chmanus.
2320 3577 2767 3663 Jak_s_ono_aulem
2811 3596 3006 3663 sensus
3034 3583 3248 3663 videtur
3272 3597 3319 3641 et
3338 3605 3464 3663 cum
3490 3594 3610 3663 qui-

2001 3648 2215 3722 busdam
2239 3666 2367 3721 quos
2411 3650 2533 3706 Mox
2559 3652 2711 3707 deest
2738 3655 2918 3721 pasitis
2941 3656 2991 3708 iu
3015 3656 3137 3712 cod.
3169 3657 3409 3715 Lincoln.
3437 3648 3611 3722 αλιι..

2075 3720 2096 3751 δ
2127 3720 2473 3799 Credidimus.
2510 3722 2584 3777 ua
2635 3739 2699 3799 ex
2730 3720 3043 3799 eod.__Bodl.
3072 3745 3115 3799 gi.
3149 3728 3355 3799 hellus,
3388 3720 3611 3791 weicu;

2001 3807 2195 3846 manus
2215 3802 2270 3847 et
2298 3790 2591 3848 .Iaksonus.
2620 3794 2709 3850 AI.
2740 3797 3019 3852 credimus.
3054 3798 3224 3856 ϐΑιι.

2073 3864 2093 3893 ⁵
2125 3862 2194 3946 lu
2246 3880 2588 3946 suspenso..."
2622 3883 2886 3923 morus...
2944 3872 3212 3946 sustinere.
3247 3871 3324 3946 Δ1η
3364 3892 3612 3946 suspenso

1998 3934 2311 4014 emendavit
2332 3934 2623 4014 plurali-ius
2651 3954 2749 4006 pro
2775 3954 2841 3993 co
2862 3941 3009 4014 quod
3053 3953 3211 3997 antea
3245 3934 3526 4014 legebatur
3554 3934 3610 4004 in

1998 4007 2298 4086 δυσμοράὶοπ
2332 4004 2662 4086 Unusliber
2682 4025 2834 4086 meus
2860 4004 3022 4086 habet
3051 4023 3169 4067 voto
3195 4004 3463 4086 suspenso.
3482 4019 3635 4081 Mox.

1998 4076 2810 4154 eod.Gratianopol‘itanus.qui
2852 4083 2981 4154 [oris
3030 4096 3241 4154 possunt
3278 4076 3604 4146 dilectionem

1999 4150 2269 4228 sustinere.
2297 4148 2636 4228 Zelus-tiores
2665 4148 2951 4221 editiones,
2973 4148 3102 4225 foris
3117 4170 3330 4228 possunt
3358 4162 3609 4219 dilatione

2000 4221 2258 4276 sustineri.
2300 4218 2503 4277 Bacuz.

712 4561 782 4609 (ﬁ

975 4504 1066 4590 s.
1116 4502 1597 4635 pUCIUS,
1658 4505 1731 4611 I,
1784 4505 1896 4640 13f.

2003 4505 2085 4638 is
2144 4504 2294 4587 ET
2352 4504 2880 4591 MARTYR.

1504 4670 1841 4734 NO'l‘lTlA
1883 4665 2341 4732 HISTORICA.

345 4872 534 4930 Lucius
581 4871 827 4945 Pontifex
866 4870 1154 4937 ordinatur,
1197 4884 1321 4923 ann.
1363 4865 1495 4930 252,
1524 4878 1695 4918 mense
1741 4855 2121 4930 Sep-Ddata,
2170 4856 2223 4912 id
2269 4867 2440 4914 totum
2494 4869 2749 4916 constat:
2789 4863 3014 4935 «Nuper
3066 4867 3279 4939 quidem
3302 4889 3346 4936 ι,
3402 4866 3588 4931 scribit

275 4970 451 5026 tembri
470 4971 548 5026 vel
580 4968 807 5024 Octobri.
823 4997 896 5008 —
919 4966 1045 5021 Post
1066 4962 1299 5021 Cornelii
1324 4958 1661 5032 martyrium,
1682 4954 1879 5010 Lucius

276 5064 328 5121 in
356 5065 474 5135 ejus
503 5065 679 5120 locum
723 5061 1006 5117 ordinatus
1042 5057 1116 5114 25
1143 5054 1509 5126 septembris,
1554 5051 1629 5107 uti
1678 5048 1877 5117 Pagius

273 5169 327 5215 et
378 5157 601 5214 Mauritii
654 5156 985 5211 arbitrantur
1032 5152 1133 5224 (l),
1183 5151 1267 5203 vel
1314 5147 1386 5203 28
1435 5144 1671 5201 octobris
1724 5141 1877 5212 juxta

272 5251 588 5316 Biaut-ltini;
619 5251 914 5305 Romanam
945 5245 1129 5303 sedem
1158 5244 1247 5297 vix
1283 5241 1537 5312 adeptus,
1565 5237 1748 5308 jussus
1794 5242 1879 5288 est

270 5345 537 5401 exsulare.
562 5342 696 5398 lliuc
712 5358 831 5397 cum
853 5339 1154 5412 Cyprianus
1169 5334 1360 5391 eodem
1387 5342 1630 5400 tempore
1658 5326 1875 5384 ordina-

270 5438 467 5492 tionem
490 5436 627 5506 oius,
647 5450 710 5490 ac
733 5433 981 5488 exsilium
1001 5430 1258 5492 audisset,
1277 5422 1788 5524 communiratorias
1809 5433 1873 5473 ac

266 5530 677 5603 gmtulatorias,
717 5542 815 5583 suo
865 5525 1297 5595 collegarumque
1343 5532 1562 5573 suorum
1616 5527 1872 5575 nomine,

266 5624 523 5694 epistolas
549 5622 616 5677 ad
642 5638 769 5677 eum
799 5619 979 5682 misit,
1021 5634 1139 5688 qua:
1167 5616 1266 5671 etsi
1297 5611 1578 5685 perierint,
1612 5624 1675 5664 ex
1707 5608 1874 5661 altera

267 5726 467 5784 tamen,
495 5733 616 5788 qua:
654 5716 832 5771 adhuc
858 5721 1033 5770 cxsmt
1056 5753 1072 5778 ,
1104 5709 1170 5766 ad
1202 5706 1451 5765 eumdem
1478 5711 1602 5775 post
1645 5700 1875 5757 reditum

337 5832 416 5904 (l)
445 5830 597 5903 Pag.,
622 5828 689 5884 ad
719 5842 845 5883 ann.
876 5824 1003 5893 252,
1036 5823 1065 5896 §
1098 5824 1201 5889 tl;
1232 5821 1362 5877 l’Art
1390 5820 1454 5874 de
1495 5816 1727 5888 Vériﬁer,
1764 5814 1868 5872 loc.

270 5903 363 5963 cit.

626 5996 903 6062 ΡΑΤιιοι..
952 5990 1063 6055 ΙΙΙ.

1980 4948 2277 5022 Cyprianus
2305 4952 2385 5025 (2)
2412 4970 2429 5004 ι
2455 4952 2547 5009 tibi
2571 4996 2583 5020 ,
2604 4955 2781 5021 .l'ratcr
2808 4956 3124 5015 charissimc
3145 5005 3158 5027 ,
3201 4964 3451 5034 gratulati
3490 4982 3582 5022 su~

1979 5058 2120 5111 mus,
2147 5059 2268 5099 cum
2303 5054 2354 5101 te
2379 5046 2583 5101 honore
2607 5051 2878 5118 geminato
2909 5050 2960 5104 iu
2991 5051 3244 5109 Ecclesia:
3271 5071 3381 5112 suae
3408 5058 3579 5115 adiui-

1979 5138 2297 5194 nistratione
2325 5140 2694 5197 conl‘csmrem
2727 5145 2928 5211 pariter
2970 5155 3024 5199 et
3069 5149 3404 5225 sacerdotem
3442 5167 3579 5208 con-

1978 5233 2147 5286 Slilttit
2169 5232 2347 5287 divina
2376 5232 2650 5306 dignatio,
2676 5235 2768 5291 sed
2798 5244 2851 5290 ct
2879 5253 3022 5292 nunc
3049 5254 3154 5294 non
3184 5243 3359 5296 minus
3393 5245 3484 5300 tibi
3524 5256 3583 5302 et

1976 5324 2265 5380 comitibus
2301 5325 2426 5393 tuis,
2456 5337 2619 5397 atque
2644 5329 2908 5385 universa:
2955 5329 3294 5389 Frateruitati
3335 5338 3577 5407 gratula-

1979 5432 2118 5484 mur,
2165 5417 2308 5488 quod
2349 5434 2471 5472 cum
2511 5420 2700 5474 eadem
2753 5421 2941 5490 gloria,
2991 5434 3045 5477 et
3090 5426 3336 5482 laudibus
3385 5433 3580 5488 vestris

1978 5511 2204 5565 reduces
2232 5525 2324 5564 vos
2345 5511 2524 5565 deuuo
2548 5514 2613 5565 ad
2644 5526 2771 5566 suos
2802 5511 2987 5568 fecerit
3020 5515 3243 5587 benigna
3273 5522 3477 5575 Domitii
3525 5534 3582 5578 et

1976 5603 2124 5675 larga
2155 5603 2434 5673 protectio.
2461 5616 2515 5657 ut
2566 5604 2831 5674 pascendo
2872 5609 3018 5677 gregi
3073 5621 3273 5679 pastor,
3304 5617 3577 5683 etguber-

1979 5694 2167 5751 nanda:
2190 5694 2311 5750 navi
2332 5695 2680 5766 gubernator,
2706 5705 2757 5753 et
2783 5700 3030 5769 regendae
3057 5701 3202 5772 plebi
3245 5715 3424 5763 rector
3455 5708 3580 5764 red-

1976 5956 1985 5964 ‘
2050 5880 2133 5955 (Ξ)
2158 5879 2440 5953 Cypriau,
2476 5880 2570 5955 Ep.
2604 5879 2694 5948 Gl,
2720 5881 2788 5936 ad
2818 5880 3053 6039 Luacium,
3082 5885 3153 5941 al.
3180 5882 3267 5942 58.

2926 5974 2955 6039 1

2926 5974 2955 6041 1
