4008 6320
379 285 484 342 977

377 490 588 548 Consec.
621 492 741 548 dist.
785 509 822 547 ι.
862 493 1110 548 .labemus
1161 494 1442 558 apostolica
1511 494 1890 563 auctoritate),
1925 505 1983 549 ιιι

375 603 594 660 semper
662 599 828 644 testes
897 589 1171 646 vobiscum
1240 589 1549 647 sacerdotes
1618 599 1672 644 et
1725 590 1984 645 diaetmos

377 681 642 738 habeatis.
714 681 778 737 Et
873 682 998 738 licet
1077 684 1407 738 Conscientia
1492 683 1742 738 sufﬁcere
1818 683 1986 751 possit

379 775 597 849 propria
620 817 633 839 ,
664 785 842 831 tamen
875 787 1090 848 propter
1118 777 1440 844 malevolos,
1465 777 1616 848 juxta
1643 777 1982 847 Apostolum,

378 870 540 924 etiam
569 869 912 923 testimonium
941 885 1029 923 vos
1052 880 1248 940 oportet
1281 870 1465 925 habere
1486 870 1670 924 bonum
1701 870 1764 922 ab
1803 869 1881 924 his
1899 871 1987 941 qui

379 966 506 1038 foris
533 975 652 1020 sunt
676 965 729 1038 (l
753 964 890 1021 Tim.
919 964 1026 1035 tu).
1055 967 1332 1035 Quoniam
1352 975 1406 1020 et
1430 965 1480 1018 in
1502 963 1602 1020 bac
1623 973 1806 1019 sancta
1845 964 1987 1020 Sede

378 1057 730 1112 Constitutum
761 1055 1059 1122 habemus,
1110 1066 1169 1110 ut
1214 1056 1322 1110 duo
1366 1057 1701 1128 presbyteri,
1750 1055 1832 1111 vel
1878 1064 1988 1110 tres

380 1149 596 1206 diaconi
629 1149 682 1204 in
725 1150 871 1205 omni
905 1151 1024 1206 loco
1049 1151 1364 1220 episcopum
1398 1165 1502 1204 nou
1536 1150 1831 1218 deserant,
1862 1165 1987 1221 pro-

380 1256 500 1314 pter
521 1243 889 1299 testimonium
919 1243 1369 1300 ecclesrastieum.

451 1335 517 1392 ll.
549 1335 798 1408 Episcopi
843 1341 972 1407 ergo
998 1353 1102 1391 non
1159 1348 1285 1390 sunt
1327 1334 1518 1391 leviter
1567 1334 1858 1390 accusandi
1905 1337 1988 1392 vel

375 1429 731 1497 detrahendi,
781 1430 904 1499 quia
964 1431 1156 1501 injuria
1202 1445 1390 1486 eorum
1447 1427 1629 1502 (Greg.
1668 1428 1837 1500 Epist.
1880 1430 1984 1498 52,

377 1524 466 1579 lib.
502 1521 614 1595 xu)
653 1524 720 1578 ad
773 1521 1046 1578 Christum
1096 1523 1356 1592 pertinet,
1402 1522 1558 1592 cujus
1598 1521 1714 1577 vice
1749 1531 1804 1576 et
1849 1523 1993 1590 lega-

379 1619 527 1672 tione
568 1619 862 1688 lunguntur
892 1618 943 1671 in
972 1617 1230 1673 Ecclesia.
1263 1615 1417 1672 Unde
1457 1616 1612 1670 nobis
1649 1625 1704 1671 et
1741 1617 1990 1670 omnilnts

375 1711 468 1780 qui
514 1709 795 1766 nobiscum
838 1719 1044 1764 suntm
1096 1719 1279 1763 nostro
1305 1707 1536 1774 solatio,
1589 1709 1728 1762 sicut
1767 1717 1819 1763 et
1859 1708 1988 1762 olim

1228 282 1586 341 EPISTOLE
1629 284 1717 340 ET
1760 283 2082 341 DECRETA
2121 287 2176 343 Β.
2223 287 2426 345 LUCIO
2453 289 2858 350 ADSCRIPTA.

376 397 432 453 in
467 397 568 452 hac
615 405 797 452 sancta
867 396 1107 454 Ecclesia
1161 399 1508 454 constitutum
1567 399 1826 456 habemus
1871 399 2064 472 (DeA

3581 297 3692 353 973

2167 403 2250 459 IV.
2283 405 2542 464 Similiter
2596 408 2792 481 (Hadr.
2839 409 2959 466 coll.
3010 428 3053 466 c.
3084 411 3197 485 ll),
3231 413 3694 471 anctoritatclulti

2087 502 2405 570 apostolica,
2433 504 2775 572 pratcipitnus
2799 514 2856 558 ut
2888 505 3066 559 nullus
3091 508 3536 577 metropolitanus
3581 508 3700 578 epi-

2087 607 2303 660 sc0pus,
2328 596 2528 665 absque
2555 607 2872 652 earterorum
2899 601 3136 653 omnium
3163 601 3694 669 c0tnprtwincialium

2088 687 2462 756 cpisc0p0rnm
2515 690 2787 755 instantia,
2819 691 3116 761 aliquorum
3160 692 3340 746 audiat
3383 707 3572 747 causas
3599 709 3694 747 eo-

2089 797 2228 838 rum;
2257 782 2381 851 quia
2403 782 2547 836 irrita
2577 793 2753 847 erunt,
2783 795 2830 837 et
2858 783 2972 850 ipse
2993 799 3211 838 causam
3244 801 3338 854 pro
3363 784 3698 840 fat-todabit.

2164 871 2228 926 V.
2268 873 2514 943 Episcopi
2546 890 2673 928 vero
2703 891 2798 944 per
2845 877 3090 945 singulas
3149 880 3452 945 provincias
3507 878 3698 934 obser-

2090 974 2215 1019 vent
2263 979 2329 1018 ne
2375 966 2702 1034 posti-riores
2754 981 2812 1021 se
2869 969 3139 1037 prioribus
3188 970 3298 1022 suis
3354 972 3638 1039 pra-lerant
3679 988 3694 1035 ;

2093 1071 2189 1110 nec
2220 1056 2299 1111 eis
2331 1057 2646 1113 inconsultis
2691 1058 2922 1129 (Concil.
2979 1060 3150 1115 Milcv.
3203 1081 3317 1132 cap.
3379 1063 3475 1129 l5;
3528 1062 3704 1119 Codex

2092 1150 2254 1221 Afric.
2286 1168 2399 1221 cap.
2443 1152 2572 1222 86),
2629 1153 2726 1206 nisi
2776 1165 3034 1224 quantum
3064 1155 3128 1209 ad
3161 1158 3430 1225 proin-iam
3465 1158 3702 1228 pertinet

2093 1245 2421 1314 parochiam.
2475 1245 2672 1316 aliquid
2719 1257 2880 1318 agant
2923 1267 2936 1303 :
2979 1248 3070 1303 sed
3125 1264 3313 1304 omnes
3345 1251 3409 1305 de
3451 1267 3698 1306 continu-

2093 1339 2250 1393 nibus
2288 1353 2475 1393 eorum
2503 1339 2677 1394 causis
2719 1353 3010 1395 consonam
3061 1344 3380 1396 sententiam
3426 1346 3704 1414 proferant

2093 1443 2146 1486 et
2176 1431 2560 1495 determinent,
2612 1433 2864 1502 quoniam
2886 1435 3043 1488 aliter
3072 1445 3186 1488 acta
3223 1437 3395 1490 nullas
3422 1439 3564 1492 vires
3598 1438 3697 1492 ha-

2096 1525 2313 1590 bebant,
2363 1540 2460 1580 nec
2488 1524 2856 1580 ecclesiastica
2888 1529 3281 1596 reputabuntur
3309 1529 3505 1600 (Hadr.
3557 1532 3695 1588 Coll.

2097 1635 2210 1688 cap.
2244 1618 2322 1690 ὅ).
2357 1617 2562 1671 Bonum
2591 1628 2756 1685 esset,
2787 1618 3002 1686 fratres,
3037 1631 3087 1675 et
3117 1622 3272 1677 Valde
3305 1623 3470 1677 Deum
3505 1625 3703 1679 timcn-

2097 1713 2236 1768 tibus
2264 1722 2319 1766 et
2348 1713 2434 1783 pie
2463 1713 2644 1768 vivere
2692 1713 2998 1768 volentibus
3044 1719 3430 1783 necessarium,
3479 1720 3522 1773 si
3557 1720 3698 1775 intra

375 1803 578 1858 factum
627 1803 959 1870 invenimus,
991 1803 1246 1858 constitui
1301 1802 1500 1872 placuit
1545 1811 1602 1855 ut
1655 1802 1982 1856 criminatio-

2094 1807 2413 1862 Cathnlicam
2462 1807 2756 1862 Ecclesiam
2806 1807 3002 1862 nullius
3030 1809 3176 1874 mali,
3208 1820 3298 1863 aut
3337 1811 3700 1867 inl'estatiunis

378 1912 476 1953 nes
523 1897 784 1968 majorum
828 1909 953 1956 natu
1012 1911 1106 1967 per
1159 1897 1298 1950 alios
1346 1911 1449 1949 non
1483 1896 1611 1950 ﬁant
1668 1896 1838 1967 (ΞΑ.
1871 1893 1986 1969 7),

378 1991 481 2045 nisi
526 2007 621 2060 per
667 1991 809 2060 ipsos
856 1991 944 2062 qui
989 1991 1214 2045 crimina
1248 1989 1524 2044 intendunt
1560 1988 1835 2060 (Atrianus,
1869 2007 1984 2060 cap.

375 2081 485 2148 95,
515 2084 594 2138 tit.
633 2099 682 2151 ι,
710 2084 827 2138 libri
853 2099 904 2138 Ix
929 2125 943 2149 ,
977 2081 1106 2138 Cod.
1140 2081 1385 2153 Theod.),
1421 2083 1464 2137 si
1503 2092 1680 2138 tamen
1712 2083 1811 2153 ipsi
1841 2083 1988 2154 digni

376 2186 429 2232 et
479 2178 983 2248 irreprebensibiles
1036 2179 1418 2248 apparuerint,
1456 2187 1510 2233 et
1544 2179 1680 2233 actis
1705 2179 1989 2235 docuerint

376 2272 607 2343 publicis
629 2272 810 2345 (Conc.
842 2273 1035 2328 Arelat.
1069 2291 1114 2327 c.
1147 2274 1238 2346 l3)
1298 2275 1442 2328 omni
1496 2289 1554 2329 se
1590 2289 1778 2330 carere
1809 2277 1987 2346 suspi-

373 2370 532 2424 cione
562 2378 722 2440 atque
753 2369 1029 2425 inimicitia
1053 2411 1066 2432 ,
1095 2379 1148 2424 et
1186 2369 1716 2439 irreprehensibilem
1743 2370 1900 2425 tidem
1923 2385 1987 2426 ac

373 2463 841 2518 conversationem
860 2461 1059 2518 ducere
1089 2461 1286 2533 (Hadr.
1333 2461 1466 2516 Coll.
1520 2478 1637 2530 cap.
1681 2462 1774 2532 9).
1829 2463 1986 2519 Unde

373 2555 575 2626 placuit
618 2564 677 2610 ut
727 2572 754 2609 a
801 2556 1228 2627 quibuscumque
1267 2555 1538 2623 jndicibus
1604 2557 1987 2614 ecclesiasticis

374 2649 554 2721 (Conc.
608 2648 858 2722 Carthag.
901 2665 996 2714 ut,
1039 2667 1155 2721 cap.
1207 2648 1299 2718 lO)
1345 2651 1411 2704 ad
1463 2649 1599 2704 alios
1641 2649 1854 2718 judices
1894 2665 1985 2706 ec-

369 2743 735 2812 clesiasticos,
769 2744 856 2799 ubi
908 2752 991 2799 est
1033 2743 1204 2813 major
1243 2742 1534 2799 auctoritas
1555 2785 1569 2811 ,
1597 2743 1640 2798 si
1674 2743 1830 2799 fuerit
1862 2760 1984 2815 pro-

370 2851 618 2896 vocatum
637 2883 652 2908 ,
685 2839 957 2898 audientia
983 2856 1087 2894 non
1123 2848 1367 2909 negetur.

447 2932 532 2988 Ill.
553 2932 685 2989 ltem
700 2935 1082 2989 constituimus
1103 2935 1178 3001 (ὃ,
1211 2949 1264 3003 q.
1298 2932 1365 2994 5;
1391 2930 1567 2985 nullus
1596 2941 1762 2984 autem
1793 2934 1984 3003 primas

369 3025 463 3080 sub
486 3026 689 3080 nomine
716 3026 916 3082 Callisti
942 3025 1149 3096 ponitur
1178 3023 1290 3095 ibi),
1324 3022 1463 3076 sicut
1489 3034 1536 3076 et
1562 3038 1591 3074 a
1620 3039 1695 3076 sat
1720 3026 1823 3079 ctis
1843 3029 1984 3098 Apo-

369 3119 526 3176 stolis
570 3135 865 3191 eorumque
892 3119 1296 3176 successoribus
1327 3117 1602 3172 decretura
1641 3121 1943 3189 reperimus
1965 3165 1980 3189 ,

2092 1901 2336 1972 alicujus,
2369 1915 2494 1970 erga
2520 1901 2726 1956 Domini
2757 1901 3089 1967 sacerdotes,
3116 1913 3206 1956 aut
3227 1903 3372 1971 justo
3405 1915 3456 1959 et
3489 1903 3571 1974 pie
3603 1919 3697 1958 vo-

2093 1998 2265 2052 lentes
2293 1995 2493 2062 vivere,
2522 2010 2741 2066 germen
2776 2005 3113 2064 exsurgeret.
3150 1995 3254 2050 Sed
3315 1997 3455 2065 qnia,
3495 2013 3701 2065 print-ao

2094 2090 2236 2145 lente
2269 2089 2492 2152 invidia,
2525 2088 2665 2159 quod
2701 2087 2936 2143 deterius
2967 2098 3050 2141 est
3081 2088 3252 2158 surgit
3282 2097 3336 2143 et
3366 2090 3581 2154 crescit,
3618 2098 3701 2146 at-

2090 2199 2194 2252 que
2241 2182 2399 2236 nimis
2429 2196 2487 2235 se
2518 2181 2569 2235 iu
2603 2195 2790 2235 omnes
2833 2189 3013 2251 partes
3043 2182 3308 2246 extendit,
3359 2182 3562 2237 idcirco
3605 2198 3701 2237 ne-

2091 2291 2242 2330 cesse
2286 2285 2370 2331 est
2425 2275 2553 2330 illud
2604 2275 2973 2330 ecclesiastico
3013 2285 3067 2329 et
3113 2275 3410 2344 apostolico
3455 2277 3701 2332 abscindi

2092 2385 2369 2434 mucrone,
2402 2385 2469 2423 ne
2499 2378 2523 2405 τι
2556 2370 2730 2423 servis
2779 2369 2868 2422 Dei
2913 2383 2975 2422 ac
3017 2368 3231 2422 Domini
3261 2368 3286 2406 ι’
3319 2369 3700 2425 sacerdotibus

2091 2463 2265 2516 valeat
2289 2477 2485 2517 nocere
2507 2471 2598 2515 aut
2618 2462 2870 2532 perdere.
2899 2460 3248 2515 Exlrouoravit
3267 2464 3400 2515 enim
3425 2461 3700 2534 Dominus,

2091 2569 2144 2612 ιιι
2178 2561 2228 2611 in
2258 2556 2640 2611 Ecelesiastico
2673 2556 2866 2625 legitur
2896 2554 3064 2620 libro,
3105 2568 3382 2609 conventus
3416 2557 3694 2624 malorum,

2089 2662 2134 2705 et
2159 2651 2406 2706 destruxit
2432 2649 2571 2704 Deus
2609 2666 2692 2702 eos
2714 2665 2870 2712 usque
2894 2649 2945 2701 in
2976 2649 3150 2716 finem.
3187 2647 3347 2703 Sedes
3377 2649 3562 2702 ducum
3609 2667 3698 2704 suo

2090 2745 2358 2813 perborum
2386 2743 2634 2797 destruxit
2667 2741 2821 2808 Deus,
2875 2752 2922 2795 et
2961 2743 3132 2796 sedere
3159 2745 3276 2811 fecit
3307 2743 3450 2796 mites
3476 2760 3570 2814 pro
3597 2744 3691 2799 eis.

2095 2839 2308 2894 Radices
2333 2838 2557 2908 gentium
2583 2839 2912 2907 superbarum
2943 2837 3149 2904 arefecit
3183 2835 3340 2895 Dens.
3369 2847 3414 2890 et
3441 2838 3696 2906 plantavit

2089 2930 2302 2984 Immites
2319 2947 2380 2984 ea:
2397 2931 2520 2998 ipsis
2547 2929 2796 3001 gentibus.
2849 2927 3032 2981 Terras
3070 2929 3293 2999 gentium
3319 2931 3490 2983 euertit
3511 2927 3696 2983 Domi-

2088 3041 2204 3090 nus,
2235 3036 2280 3078 et
2307 3023 2525 3094 perdidit
2553 3039 2638 3076 eas
2669 3038 2824 3090 usque
2847 3021 2916 3074 ad
2937 3022 3347 3093 fundamentum.
3383 3021 3604 3092 Arefecit
3632 3038 3700 3076 ea:

2087 3119 2230 3188 ipsis,
2255 3129 2302 3172 ct
2323 3117 2623 3188 disperdidit
2647 3132 2751 3181 cos,
2771 3126 2817 3169 et
2842 3132 3041 3170 ces~are
3057 3117 3174 3186 fecit
3199 3120 3493 3170 memoriam
3522 3134 3698 3172 eorum

367 3213 414 3270 si
454 3211 575 3284 quis
607 3213 1056 3284 metropolitanus
1087 3212 1404 3281 epiSCOpttS,
1464 3209 1562 3263 nisi
1606 3211 1747 3279 quod
1788 3215 1984 3270 solum.
2009 3211 2053 3272 C
2088 3213 2149 3264 de
2176 3222 2332 3265 terra.
2366 3209 2598 3264 Perdidit
2631 3209 2769 3263 Deus
2797 3209 3089 3262 memoriam
3119 3209 3472 3278 superborum,
3503 3220 3548 3264 et
3571 3212 3695 3266 reli-

369 3306 540 3361 modo'
573 3306 639 3361 ad
684 3308 954 3378 prapriam
981 3311 1211 3377 pertinet
1251 3301 1560 3377 parochiam
1585 3344 1599 3370 ,
1649 3305 1765 3360 sine
1795 3307 1975 3362 consi-

368 3398 443 3454 lio
487 3408 542 3454 et
589 3399 869 3455 voluntate
909 3399 1148 3454 ninnium
1204 3404 1742 3472 comprovincialium
1772 3404 1979 3473 episco-

369 3508 560 3564 porum
623 3493 834 3566 (Hadr.
883 3496 1001 3550 coll.
1059 3513 1106 3552 ε.
1163 3496 1304 3567 46),
1372 3510 1524 3554 extra
1575 3499 1776 3571 aliquid
1817 3513 1980 3569 agere

369 3589 688 3655 tcntaverit,
723 3590 919 3660 gradus
960 3591 1041 3646 sui
1087 3593 1325 3662 periculo
1361 3593 1684 3663 subjaccbit;
1736 3604 1790 3648 et
1837 3593 1977 3663 quod

365 3683 540 3754 egerit
562 3683 770 3739 irritum
816 3685 1076 3740 habeatur
1105 3696 1158 3740 et
1214 3703 1460 3742 vacuum.
1495 3688 1599 3744 Sed
1631 3689 1881 3760 quicquid
1909 3689 1978 3746 de

367 3777 903 3847 comprovincialium
919 3780 1359 3850 coepiscoporum
1378 3781 1575 3846 causis,
1591 3798 1884 3852 eorumque
1898 3796 1978 3838 ec-

366 3863 652 3928 clesiarum
683 3883 735 3928 et
775 3873 1098 3928 clericorum
1123 3883 1281 3944 atque
1321 3875 1660 3930 smcnlariuut
1689 3875 1978 3930 necessitao

367 3967 534 4031 tibus,
566 3977 657 4021 aut
683 3968 750 4021 de
777 3967 1206 4038 quibuscumque“
1229 3969 1604 4023 communibus
1639 3970 1817 4023 eausis
1847 3983 1974 4039 age-

365 4076 460 4128 re,
489 4070 585 4116 aut
613 4060 900 4132 disponere
932 4075 1157 4116 necesse
1201 4059 1362 4116 fuerit
1384 4104 1397 4125 ,
1448 4061 1547 4113 hoc
1573 4077 1694 4116 cum
1736 4063 1974 4118 omnium

366 4169 639 4210 consensu
669 4154 1209 4224 comprovincialium
1251 4166 1440 4225 agatur
1483 4153 1831 4225 pontiﬁcum,
1866 4173 1974 4212 non

365 4249 548 4320 aliqua
612 4249 997 4304 dominationis
1063 4248 1239 4313 fastu,
1300 4249 1394 4304 sed
1467 4247 1724 4304 concordi
1776 4258 1830 4303 et
1879 4248 1976 4302 hu-

369 4343 592 4397 millima
641 4342 1140 4408 administratione,
1195 4342 1333 4396 sicut
1390 4341 1648 4396 Dominus
1695 4342 1817 4396 ait:
1854 4341 1975 4395 Non

366 4439 480 4491 ueni
510 4438 831 4500 ministrari,
861 4436 951 4491 sed
981 4436 1273 4489 ministrare
1308 4434 1519 4506 (Matth.
1553 4452 1643 4498 xx;
1685 4434 1850 4488 Marc.
1879 4451 1911 4489 ι
1930 4435 1972 4506 ).

371 4530 438 4586 Ει
467 4529 592 4585 alibi
621 4553 633 4586 :
666 4531 764 4598 Qui
808 4530 976 4600 major
1003 4540 1077 4583 est
1123 4539 1366 4593 vestrum,
1409 4529 1502 4581 erit
1558 4529 1787 4582 minister
1815 4537 1976 4583 uester

2086 3305 2194 3372 quit
2215 3304 2507 3358 memoriam
2531 3302 2800 3356 humilium
2826 3319 2998 3356 sensu.
3029 3300 3148 3355 Non
3177 3313 3248 3355 est
3275 3313 3445 3355 creata
3478 3303 3698 3358 homini-

2085 3397 2179 3451 bus
2203 3396 2461 3464 superbia,
2486 3412 2646 3466 neque
2669 3395 2939 3449 iracundia
2966 3395 3162 3448 nationi
3190 3396 3480 3450 mulierum.
3510 3396 3698 3452 Semen

2087 3495 2350 3548 hominum
2376 3493 2711 3546 honorabitur
2732 3492 2826 3544 hoc
2853 3491 2989 3561 quod
3009 3492 3152 3545 timet
3182 3489 3380 3555 Deum;
3411 3508 3578 3545 semen
3601 3509 3701 3546 au-

2085 3598 2181 3643 tem
2212 3588 2307 3641 hoc
2335 3583 2733 3640 cxhonorabitur
2751 3584 3013 3637 hominum
3040 3583 3177 3654 quod
3199 3584 3423 3652 prteterit
3452 3584 3698 3639 mandata

2085 3680 2315 3734 Domini.
2351 3679 2416 3732 In
2449 3678 2612 3731 medio
2640 3681 2882 3748 fratrum,
2926 3686 3094 3731 rector
3129 3676 3338 3730 illorum
3368 3677 3418 3730 in
3451 3677 3644 3730 honore
3679 3695 3692 3731 :

2083 3788 2129 3830 et
2153 3777 2238 3845 qui
2272 3777 2448 3829 timent
2489 3771 2791 3837 Dontinum,
2825 3780 2973 3824 erunt
3015 3771 3066 3823 in
3115 3771 3276 3825 oculis
3304 3769 3467 3824 illius.
3513 3767 3694 3824 Gloria

2083 3871 2315 3931 diuitum,
2346 3870 2713 3921 honoratorum
2741 3874 2788 3918 et
2817 3880 3117 3935 pauperum,
3149 3864 3300 3918 timor
3327 3863 3420 3917 Dei
3443 3874 3537 3918 est.
3569 3862 3693 3918 Noli

2082 3963 2341 4026 despicere
2368 3961 2624 4014 hominem
2665 3959 2866 4030 justum
2896 3974 3198 4027 pauperem,
3231 3967 3276 4010 et
3306 3957 3412 4010 noli
3445 3956 3690 4028 magni/i-

2081 4072 2198 4110 care
2237 4055 2400 4108 virum
2432 4062 2747 4123 peecatorem
2789 4051 3009 4104 divitem.
3049 4050 3294 4122 Magnus,
3340 4060 3385 4104 ct
3423 4052 3612 4120 judex,
3644 4061 3692 4104 et

2082 4161 2257 4221 potens
2285 4158 2356 4202 est
2387 4147 2438 4200 in
2469 4147 2660 4200 honore
2704 4160 2722 4199 :
2768 4155 2813 4198 et
2862 4161 2963 4197 non
3003 4154 3073 4198 est
3116 4144 3284 4210 maior
3311 4143 3402 4197 illo
3433 4143 3520 4214 qui
3549 4143 3692 4197 timet

2081 4246 2268 4300 Deum.
2301 4243 2460 4297 Servo
2491 4248 2694 4294 sensato
2727 4238 2870 4292 liberi
2900 4239 3136 4302 servient,
3189 4247 3236 4291 et
3267 4239 3343 4291 vir
3389 4236 3612 4304 prudens
3643 4248 3690 4291 et

2079 4337 2438 4408 discipliuatus
2469 4351 2570 4387 non
2608 4333 2946 4386 murmurabit
2972 4341 3259 4402 correptus,
3280 4340 3326 4383 et
3351 4331 3542 4384 inscius
3587 4345 3690 4384 non

2079 4429 2436 4484 houorabitur.
2475 4425 2601 4481 Noli
2645 4436 2694 4480 te
2722 4425 2962 4479 extollere
2988 4426 3039 4478 in
3073 4425 3308 4495 faciendo
3340 4434 3361 4459 ο
3395 4439 3549 4492 opera
3577 4433 3689 4489 tua,

2078 4535 2126 4577 et
2165 4523 2272 4577 noli
2315 4521 2544 4575 cunctari
2590 4519 2643 4573 in
2693 4530 2916 4589 tempore
2955 4518 3226 4587 mtguslitt’.
3271 4515 3458 4570 Melior
3485 4525 3558 4570 est
3602 4515 3693 4586 qui

366 4623 387 4695 (
414 4622 597 4676 Matth.
640 4639 767 4678 χχιιι
787 4623 805 4690 )
827 4664 841 4687 ,
887 4630 942 4677 et
990 4621 1216 4690 reliqua.
1265 4619 1523 4676 Szmiliter
1573 4621 1671 4688 ipsi
1719 4636 1973 4692 cumpro-
2004 4615 2054 4674 Ι)
2081 4626 2323 4688 Operatur
2352 4625 2397 4668 et
2425 4612 2655 4668 abundat
2683 4613 2735 4666 in
2767 4611 3027 4676 omnibus,
3059 4627 3211 4680 quam
3242 4609 3328 4679 qui
3359 4609 3612 4680 gloriatur
3637 4619 3690 4664 et

367 4715 626 4770 vincialcs
677 4715 916 4784 episcopi
974 4724 1164 4768 cuncta
1215 4728 1337 4766 cum
1384 4713 1501 4781 ejus
1557 4711 1825 4777 consilio,
1870 4713 1974 4768 nisi

367 4817 627 4882 quantum
682 4809 748 4862 ad
802 4810 1049 4880 proprias
1101 4809 1333 4877 pertinet
1392 4807 1713 4877 parochias,
1772 4817 1969 4877 agant,

362 4905 516 4975 juxta
558 4911 871 4958 sanctorum
917 4901 1209 4957 constituta
1244 4899 1486 4963 Patrum,
1527 4909 1582 4954 ut
1629 4915 1735 4954 uno
1767 4902 1970 4966 animo,

368 5014 476 5055 uno
512 5015 608 5056 ore
647 4997 992 5055 concorditer
1030 5005 1215 5052 sancta
1260 4993 1594 5066 gloriﬁcatur
1636 4993 1876 5048 Trinitas
1918 4995 1970 5046 in

440 5158 680 5216 l.-Duo
713 5155 992 5228 presbyteri
1020 5156 1096 5210 vel
1122 5165 1221 5228 tres
1246 5153 1450 5206 diaconi
1479 5153 1530 5204 in
1557 5149 1696 5228 omni
1723 5149 1833 5228 loco
1861 5147 1968 5228 epi-

365 5251 579 5303 scOpum
619 5219 724 5286 non
792 5219 1044 5304 deserant.
1121 5227 1440 5304 Decernatur
1485 5232 1541 5276 ut
1599 5219 1964 5304 ad‘eviIantla

365 5297 723 5360 detractionis
752 5311 807 5357 et
836 5300 1068 5354 infamia:
1093 5297 1326 5367 pericula
1359 5305 1580 5366 propter
1601 5297 1969 5367 testimonium

367 5377 627 5433 Ecclesia:
658 5389 918 5442 nusquam
943 5365 1104 5427 eant.‘
1123 5369 1223 5442 nisi
1253 5365 1481 5442 duorum
1506 5365 1970 5442 _pr_csbyte_rort.nu

367 5432 422 5503 et
447 5449 606 5503 trium
640 5432 992 5500 diaconorum
1040 5440 1296 5496 comitatu
1337 5432 1543 5508 stipati.
1579 5432 1786 5489 Decreti
1813 5432 1972 5502 hujus

367 5519 648 5574 sancieudi
678 5517 959 5572 calumnia:
1002 5515 1054 5568 in
1086 5511 1396 5566 Cornelium
1418 5507 1468 5560 ’a
1499 5507 1800 5561 NovatiOno
1839 5519 1970 5558 con-

369 5592 530 5647 ﬁetm.
585 5590 652 5643 de
695 5589 889 5658 quibus
937 5602 1121 5655 supra,
1172 5597 1390 5658 causam
1441 5579 1654 5634 dedisse
1698 5576 1966 5631 videntur.

370 5662 646 5727 Baronius,
675 5657 816 5714 anno
840 5659 970 5726 257,
1001 5673 1148 5713 ntnn.
1177 5657 1232 5712 5.

2076 4723 2182 4784 eget
2239 4727 2389 4780 pane.
2439 4707 2569 4774 Fili,
2608 4709 2662 4762 in
2689 4707 3074 4761 mansuetudine
3093 4722 3237 4758 serva
3267 4706 3492 4758 animam
3518 4714 3682 4771 tuam,

2077 4816 2125 4860 et
2144 4805 2210 4858 da
2236 4803 2316 4858 illi
2339 4803 2582 4856 honorem
2613 4801 2887 4854 secundum
2919 4799 3337 4854 meritnmsnnm.
3373 4795 3683 4849 Peccantem

2078 4901 2130 4954 in
2157 4899 2382 4952 animam
2408 4912 2555 4950 suam
2578 4895 2688 4965 quis
2704 4893 3048 4962 justi/icabit?
3082 4891 3142 4944 Iit
3177 4908 3292 4961 quis
3319 4885 3683 4955 honoriﬁcabit

2075 4991 2476 5046 exhortor-antem
2519 4986 2742 5039 animant
2791 4983 2980 5036 suam?
3026 4979 3234 5050 Pauper
3281 4980 3534 5049 gloriatur
3588 4993 3680 5048 per

2077 5081 2403 5155 disciplinam
2427 5089 2471 5134 et
2502 5079 2732 5132 timorem
2773 5091 2922 5130 situm
2953 5091 2970 5128 :
3001 5086 3046 5127 et
3079 5082 3150 5126 est
3182 5073 3330 5125 homo
3355 5072 3442 5142 qui
3471 5070 3682 5124 horrori-

2077 5179 2258 5245 ﬁcatur
2290 5181 2496 5244 propter
2522 5169 2857 5225 substantiam
2888 5183 3053 5220 suam.
3088 5164 3189 5231 Qui
3215 5172 3384 5215 autem
3427 5163 3684 5232 gloriatur

2071 5272 2126 5324 in
2158 5275 2475 5339 paupertate,
2505 5272 2694 5334 quanto
2725 5263 2886 5331 magis
2916 5261 2966 5312 in
2997 5256 3325 5312 substantia?
3357 5255 3422 5310 Et
3448 5257 3538 5323 qui
3561 5256 3680 5326 glo-

2072 5364 2238 5416 riatur
2281 5361 2331 5412 in
2377 5356 2682 5416 substantia,
2729 5362 3080 5425 paupertatem
3121 5360 3373 5406 vereatur.
3408 5349 3683 5421 Sapientia

2076 5451 2332 5507 humiliati
2375 5449 2619 5504 exaltabit
2646 5456 2798 5513 caput
2829 5445 2988 5511 illius,
3037 5454 3082 5498 et
3129 5451 3182 5498 in
3213 5445 3380 5498 medio
3411 5451 3682 5509 magnato-

2076 5564 2189 5602 rum
2221 5545 2483 5599 considere
2510 5544 2656 5596 illum
2682 5541 2853 5610 faciet.
2889 5538 3006 5593 Non
3029 5538 3208 5594 laudes
3229 5539 3393 5592 virum
3419 5539 3471 5590 in
3514 5537 3685 5606 specie

2075 5658 2192 5705 sua,
2227 5655 2383 5709 neque
2412 5652 2623 5707 spernas
2653 5634 2908 5688 hominem
2936 5635 2987 5687 in
3014 5634 3122 5688 visu
3153 5650 3264 5688 suo.
3301 5630 3472 5688 Brevis
3504 5631 3556 5684 in
3587 5646 3679 5686 ro-

1587 5737 1966 5800 l.ECTlONES
2004 5730 2422 5796 VARIANTES.

433 5831 461 5858 ⁸
497 5822 635 5876 Alias
660 5823 862 5874 Servos.

435 5888 465 5925 δ
504 5892 536 5937 ,4
549 5886 636 5936 ΙΙίς
658 5890 779 5933 Suco
790 5886 890 5934 rtlnl
903 5899 972 5934 es.

2145 5833 2167 5863 ο
2209 5826 2343 5881 Alias
2375 5838 2526 5888 Opere
2557 5832 2638 5874 tuo
2661 5820 2735 5874 vel
2757 5833 2883 5886 Opus
2906 5827 3059 5871 tuam.
