4026 6328
484 249 593 309 979

1828 242 2176 302 APPENDIX
2221 243 2449 304 UNlCA.

3682 254 3778 313 ὀὒ

482 366 719 423 latilibus
737 367 871 438 apis,
901 376 948 421 et
968 366 1170 421 initium
1197 365 1423 421 dulcoris
1444 363 1591 419 habet
1614 362 1820 434 fructus
1843 334 2007 417 illius:
2027 357 2093 416 In
2117 362 2174 426 Α
2196 362 2587 423 abscinduntur
2615 363 2784 423 verbo
2810 362 3014 423 divino.
3056 364 3245 423 Beatus
3268 374 3439 424 autem
3460 373 3542 427 est
3579 367 3669 426 ills
3701 376 3779 440 qui

476 462 659 517 vestitu
684 477 748 516 ne
779 460 1014 533 glorieris
1040 476 1306 530 umquam,
1337 474 1429 514 nec
1458 458 1512 515 in
1540 458 1625 513 die
1661 456 1870 513 honoris
1897 458 1971 513 tui
1996 472 2085 513 ea:-

477 555 982 625 tollaris;quoniam
1010 553 1267 608 mirabilia
1314 568 1472 625 Opera
1524 551 1773 607 Altissimi
1823 551 2007 619 solius,
2041 560 2089 607 et

477 649 727 721 gloriosa,
758 657 806 701 et
836 647 1104 713 absconsa,
1143 656 1192 701 et
1222 644 1384 700 invita
1410 660 1567 714 opera
1594 644 1759 700 illius.
1810 641 1967 698 Multi
2009 652 2089 715 ty-

477 741 632 796 ranni
660 740 898 796 sederunt
926 740 982 794 in
1010 739 1211 803 throno,
1238 747 1284 793 et
1304 738 1685 809 insuspicabilis
1712 736 1932 807 portavit
1972 736 2088 791 dia-

477 836 653 891 dema.
688 833 839 889 Multi
888 840 1111 905 potentes
1139 833 1373 902 oppressi
1398 842 1519 888 sunt
1564 830 1732 895 valde,
1782 839 1830 886 et
1878 828 2089 902 gloriosi

477 930 659 986 traditi
687 938 805 984 sunt
830 929 884 983 in
910 944 1092 983 manus
1118 929 1418 983 alterorum.
1447 926 1757 996 Priusquam
1784 927 2087 998 interroges,

478 1040 543 1080 ne
567 1024 822 1092 vituperes
851 1038 1155 1091 quemquam
1184 1037 1203 1077 :
1231 1031 1279 1078 et
1302 1038 1421 1077 cum
1449 1020 1862 1093 interrogaveris,
1887 1020 2089 1085 corripe

467 1120 632 1192 juste.
658 1115 973 1189 Priusquam
1002 1117 1207 1183 audias,
1236 1133 1330 1171 nec
1355 1116 1667 1188 respondeas
1686 1114 1915 1180 verbum,
1942 1124 1991 1169 et
2033 1113 2089 1168 in

474 1213 644 1268 medio
666 1212 924 1267 seniorum
953 1228 1016 1266 ne
1038 1211 1256 1283 adjicias
1277 1211 1438 1281 loqui.
1482 1208 1560 1264 De
1588 1225 1648 1264 es
1672 1225 1727 1263 re
1763 1222 1881 1279 quae
1909 1218 1959 1263 te
1987 1223 2089 1261 non

474 1307 728 1370 molestat,
750 1322 813 1361 ne
837 1305 1064 1371 certeris,
1087 1315 1134 1360 et
1163 1306 1217 1359 in
1234 1303 1435 1376 judicio
1461 1303 1780 1375 peccantium
1809 1318 1872 1357 ne
1913 1301 2088 1356 consi-

474 1412 601 1458 stas.
637 1399 748 1454 Fili
779 1400 866 1463 mi,
898 1416 961 1454 ne
982 1400 1036 1454 in
1062 1400 1234 1455 multis
1251 1399 1353 1454 sint
1375 1408 1522 1452 actus
1547 1397 1641 1465 tui,
1670 1405 1720 1452 et
1741 1396 1786 1451 si
1811 1394 1950 1450 dives
1974 1394 2088 1463 fue-

475 1497 574 1561 ris,
598 1509 701 1548 non
726 1493 825 1549 eris
841 1493 1086 1548 immunis
1112 1509 1145 1546 a
1171 1492 1379 1549 delicto.
1431 1490 1494 1546 Si
1525 1490 1657 1546 enim
1679 1498 1880 1544 secutus
1909 1488 2086 1557 fueris,

474 1607 583 1647 non
612 1588 1002 1659 apprehendes;
1035 1598 1078 1644 et
1109 1603 1211 1642 non
1251 1585 1484 1658 effugies,
1530 1589 1574 1640 si
1615 1583 1962 1655 prazcurreris.
1995 1580 2092 1637 Est

478 1685 633 1739 homo
684 1682 923 1739 laborans
970 1690 1017 1737 et
1071 1680 1337 1753 festinans,
1388 1688 1436 1734 et
1483 1678 1662 1733 dolens
1693 1677 1991 1749 impietate;
2042 1684 2090 1731 et

2192 472 2294 512 non
2323 466 2397 513 est
2418 458 2595 531 lapsus
2618 459 2672 514 in
2699 460 2849 515 verba
2864 474 2930 515 ea
2952 475 3040 515 ore
3062 474 3177 526 suo,
3202 469 3250 515 et
3279 476 3378 516 non
3407 470 3484 517 est
3508 462 3780 522 stimulatus

2190 555 2245 609 in
2272 554 2481 609 tristitia
2508 554 2702 610 delicti.
2734 553 2889 610 Felix
2913 556 3000 625 qui
3021 569 3123 609 non
3151 553 3301 610 habet
3327 554 3489 610 animi
3518 556 3597 611 sui
3636 559 3780 614 tristi-

2192 647 2337 711 tiam.
2368 656 2415 701 et
2440 665 2542 703 non
2560 658 2585 697 8
2603 648 2828 704 abscedit
2856 664 2891 702 a
2915 664 3006 720 spe
3020 664 3115 703 sua
3141 647 3340 722 (Eccle.
3368 648 3507 719 XIV).
3532 648 3780 722 Scriptum

2190 750 2265 798 est
2289 742 2423 798 enim
2445 758 2465 797 :
2493 742 2682 799 Melior
2703 753 2775 798 est
2795 759 2927 798 unus
2947 742 3129 798 timens
3152 741 3337 809 Deum,
3366 760 3526 813 quam
3552 744 3781 801 mittebat

2193 834 2267 904 pii
2290 833 2408 906 (Ib.
2439 835 2578 907 ιη).
2609 835 2838 906 Sapiens
2863 850 2994 890 vero
3023 850 3130 890 non
3167 834 3187 909 (
3218 835 3360 902 Sinti
3384 835 3536 893 Sent.
3564 836 3670 894 292
3692 852 3706 902 ι
3731 840 3779 903 6,

2191 944 2244 999 q.
2278 928 2332 991 i.
2364 927 2588 1001 Sapiens
2624 945 2726 984 non
2754 938 2825 984 est
2860 944 2875 994 ;
2901 936 2949 983 et
2977 945 3139 1003 supra
3166 931 3221 986 in
3260 928 3466 986 Decret.
3492 927 3709 988 Cornelii
3734 934 3782 1007 6)

2193 1032 2278 1078 est
2306 1023 2484 1077 munis
2504 1023 2596 1092 qui
2617 1033 2794 1081 nocet.

2270 1116 2355 1172 Vl.
2383 1116 2490 1173 Res
2512 1133 2727 1190 quoque
2753 1119 3105 1177 ecclesiarum
3126 1128 3429 1177 vestrarum
3459 1118 3627 1187 (Sinti
3655 1119 3783 1176 Sent.

2192 1207 2342 1281 292)
2378 1220 2433 1265 et
2481 1210 2811 1268 oblationem
2854 1212 3125 1279 ﬁdelium;
3192 1229 3328 1285 quas
3373 1213 3717 1283 signiﬁcastis
3759 1232 3784 1271 a

2190 1300 2517 1372 quibusdam
2562 1304 2894 1363 irruentibus
2939 1308 3146 1375 vexari,
3187 1306 3448 1378 vobisque
3477 1314 3534 1364 et
3560 1306 3786 1365 ecclesiis

2202 1393 2399 1450 vestris
2444 1395 2678 1460 auferri.
2726 1397 3094 1455 indubitanter
3147 1400 3439 1455 maximum
3490 1409 3576 1455 est
3620 1414 3787 1469 pecca-

2194 1494 2602 1547 tumztestaute
2629 1488 2729 1564 (S.
2779 1490 2960 1564 Bouif.
3010 1490 3179 1561 Epist.
3224 1491 3316 1564 i9)
3362 1492 3478 1562 ipsa
3508 1491 3782 1561 Scriptura,

2192 1595 2315 1650 quae
2345 1582 2457 1637 ait:
2507 1582 2611 1650 Qui
2658 1584 2921 1640 abstulerit
2952 1586 2971 1656 (
2994 1586 3086 1652 12,
3116 1601 3167 1657 q.
3212 1583 3269 1651 ἱ,
3304 1584 3409 1653 Qui
3452 1584 3784 1654 abstulerit),

2195 1673 2394 1739 aliquid
2419 1673 2553 1743 patri
2583 1678 2661 1732 vel
2686 1678 2857 1743 matri,
2888 1688 2936 1733 et
2965 1678 3088 1735 dicit
3113 1678 3210 1733 hoc
3235 1693 3336 1733 non
3366 1692 3479 1733 esse
3516 1686 3780 1746 peccatum,

477 1784 624 1832 tanto
648 1775 813 1847 magis
840 1791 940 1829 non
967 1772 1266 1829 abundabit.
1317 1771 1414 1827 Est
1441 1774 1591 1826 homo
1635 1768 1915 1832 marcidus,
1943 1784 2094 1841 egens
2122 1773 2172 1834 Β
2198 1769 2471 1826 homicida
2498 1771 2752 1843 particeps
2781 1783 2855 1829 est
2885 1772 3071 1843 (Prov.
3095 1770 3313 1844 utut).
3334 1772 3504 1831 Pater
3528 1787 3657 1843 ergo
3672 1787 3785 1837 nos-

477 1873 885 1942 recuperatione,
919 1869 1036 1938 plus
1062 1868 1306 1938 deﬁciens
1336 1869 1537 1935 virtute,
1583 1875 1630 1923 et
1660 1863 1928 1921 abundans
1965 1880 2095 1935 pau-

2198 1869 2283 1917 ter
2323 1863 2440 1920 sine
2461 1863 2627 1920 dubio
2659 1865 2800 1922 Deus
2826 1874 2930 1933 est,
2963 1865 3182 1938 quinos
3229 1867 3475 1932 creavit;
3524 1874 3582 1921 et
3631 1874 3782 1921 mater

477 1973 719 2035 perlate;
747 1974 794 2019 et
819 1964 997 2017 oculus
1038 1961 1133 2016 Dei
1161 1960 1383 2033 respexit
1407 1960 1553 2016 illum
1579 1960 1632 2015 in
1662 1959 1815 2027 bono,
1842 1967 1895 2013 et
1933 1958 2095 2013 erexit
2197 1964 2380 2012 nostra
2411 1955 2651 2013 Ecclesia
2677 1998 2693 2027 ,
2738 1973 2860 2039 quae
2902 1974 3002 2037 nos
3038 1959 3092 2015 iu
3140 1959 3415 2028 Baptismo
3453 1959 3785 2029 spiritualitcr

479 2072 600 2113 eum
624 2056 688 2110 ab
713 2056 1002 2112 humilitate
1024 2056 1206 2127 ipsius,
1236 2064 1283 2111 et
1307 2054 1549 2110 exaltabit
1571 2062 1722 2123 caput
1747 2054 1860 2125 ejus
1887 2068 1906 2107 .'
1934 2062 1979 2107 et
2002 2054 2097 2107 mi-

479 2149 587 2204 rati
614 2158 731 2204 sunt
756 2149 810 2203 in
836 2148 927 2203 illo
952 2148 1121 2213 nmlti,
1148 2157 1194 2203 et
1216 2147 1593 2202 honoraverunt
1635 2144 1824 2201 Deum.
1876 2143 2022 2200 Bona
2044 2154 2095 2200 et

479 2242 642 2309 mala,
687 2241 792 2296 vita
820 2250 867 2296 et
892 2256 1050 2305 mors,
1084 2248 1359 2310 paupertas
1406 2248 1455 2294 et
1496 2238 1733 2292 honestas
1762 2252 1795 2290 a
1819 2236 1925 2291 Deo
1953 2245 2090 2292 sunt.

480 2333 644 2391 Datio
670 2333 769 2389 Dei
795 2342 1053 2404 permanet
1073 2333 1267 2405 justis;
1293 2342 1341 2387 et
1369 2331 1626 2403 profectus
1671 2330 1812 2386 illius
1831 2346 2093 2387 successus

478 2427 681 2484 habebit
705 2428 758 2483 in
784 2435 1053 2483 teternum.
1084 2424 1179 2481 Est
1207 2424 1295 2498 qui
1323 2424 1665 2492 locupletatur
1692 2439 1847 2493 parce
1872 2423 2091 2495 agendo,

476 2532 530 2580 et
554 2524 663 2579 haec
694 2539 814 2594 pars
844 2521 1088 2578 mercedis
1116 2520 1255 2576 illius
1283 2523 1335 2573 in
1364 2535 1423 2574 eo
1446 2519 1582 2589 quod
1604 2517 1729 2572 dicit
1758 2533 1777 2572 :
1800 2515 1981 2572 Inveni
2009 2534 2093 2572 re-

471 2620 642 2690 quiem
666 2618 813 2685 mihi,
831 2625 905 2684 et,
921 2614 1074 2672 Nunc
1098 2612 1418 2669 manducabo
1438 2612 1501 2666 de
1525 2611 1671 2667 bonis
1691 2611 1816 2667 meis
1839 2611 1997 2666 solus.
2025 2608 2095 2665 Et

476 2702 639 2767 nescit
676 2713 812 2781 quod
859 2720 1055 2780 tempus
1086 2715 1351 2779 praetereat
1378 2704 1549 2773 illum,
1595 2712 1643 2759 et
1672 2703 1885 2775 reliquet
1924 2703 2095 2758 omnia

476 2803 618 2872 aliis,
650 2813 696 2859 et
717 2803 979 2858 morietur.
1011 2801 1109 2857 Sta
1134 2803 1188 2855 in
1217 2806 1512 2854 testamento
1533 2806 1642 2862 tuo,
1672 2806 1718 2851 et
1743 2797 1795 2851 in
1816 2796 1908 2850 illo
1931 2795 2095 2851 collo-

478 2914 656 2969 quere,
688 2905 737 2952 et
761 2897 815 2951 in
838 2904 864 2933 α
888 2911 1044 2965 opera
1069 2892 1426 2948 mandatorum
1452 2899 1659 2945 tuorum
1700 2898 1969 2945 veterasce.
2013 2884 2097 2943 Ne

482 2992 736 3049 manseris
750 2992 803 3046 in
830 2988 1068 3055 operibus
1088 2996 1428 3060 peccatorum.
1453 2982 1670 3055 Confide
1691 2992 1861 3039 autem
1884 2983 1939 3037 in
1960 2981 2092 3051 Deo,

482 3098 532 3146 et
553 3104 703 3144 mane
719 3086 772 3141 in
795 3085 906 3140 loco
927 3093 1035 3137 tuo.
1062 3080 1244 3136 Facile
1263 3090 1335 3136 est
1357 3078 1489 3134 enim
1509 3079 1561 3132 in
1589 3077 1748 3133 oculis
1794 3075 1888 3133 Dei
1931 3077 2096 3131 subito

2194 2050 2493 2121 generavit.
2528 2050 2595 2106 Et
2622 2050 2763 2120 ideo,
2803 2052 2894 2123 qui
2920 2052 3121 2109 Christi
3151 2054 3408 2123 pecunias
3433 2054 3526 2124 et}!
3548 2051 3782 2110 Ecclesia

2197 2142 2392 2211 aufert,
2422 2143 2633 2201 fraudat
2658 2155 2714 2202 et
2738 2146 2878 2221 rupit
2913 2145 2935 2219 (
2965 2146 3054 2214 Π,
3084 2163 3135 2218 q.
3164 2149 3220 2209 «ί.
3249 2147 3354 2215 Qui
3374 2146 3551 2220 rapit)
3576 2146 3781 2202 homici-

2195 2236 2266 2293 da
2313 2238 2364 2293 in
2404 2248 2694 2310 conspectu
2738 2239 2758 2310 (
2801 2239 2863 2295 S.
2914 2238 3068 2309 Greg.
3100 2239 3254 2311 epist.
3280 2241 3372 2303 56,
3402 2241 3495 2295 lib.
3543 2237 3626 2312 ιι)
3670 2238 3780 2307 justi

2190 2328 2389 2401 judicia
2438 2346 2561 2388 esse
2623 2332 2985 2403 deputabitur.
3017 2331 3176 2391 Unde
3221 2333 3486 2402 scripwtn
3522 2341 3640 2388 est:
3697 2330 3782 2399 Qui

2197 2424 2331 2495 rapit
2374 2425 2642 2495 pecuniam
2680 2425 2903 2495 proximi
2948 2425 3070 2495 sui,
3097 2426 3415 2497 iniquitatem
3466 2427 3593 2498 facit
3622 2423 3782 2498 (Joan.

2200 2516 2314 2591 sui)
2346 2518 2437 2589 qui
2486 2526 2667 2575 autem
2697 2519 2953 2590 pecunias
2984 2518 3067 2574 vel
3119 2532 3209 2575 res
3248 2519 3513 2577 Ecclesiae
3568 2518 3783 2576 abstule-

2197 2613 2290 2680 rit,
2342 2612 2684 2685 sacrilegium
2734 2613 2859 2669 iacit
2907 2612 3107 2687 (Hier.
3159 2615 3309 2685 epist.
3364 2613 3402 2669 2
3446 2611 3489 2686 ).
3549 2610 3699 2670 Unde
3736 2620 3785 2666 et

2196 2704 2380 2772 Iudas,
2411 2706 2502 2777 qui
2532 2705 2813 2777 pecuniam
2841 2703 3123 2772 fraudavit,
3157 2721 3277 2777 quae
3306 2706 3503 2767 usibus
3530 2704 3780 2767 Ecclesia,

2198 2797 2251 2852 id
2283 2806 2366 2852 est
2416 2797 2781 2868 pauperibus,
2833 2813 2968 2869 quos
3023 2798 3265 2856 Ecclesia
3311 2814 3540 2870 pascere
3597 2797 3776 2858 debet,

2197 2889 2618 2947 distribuebatur
2641 2890 2796 2961 jussu
2836 2890 3175 2965 Salvatoris(
3203 2891 3361 2963 cujus
3386 2892 3560 2951 vicem
3590 2891 3776 2963 episco-

2199 2984 2252 3057 pi
2301 2985 2574 3057 leuent),
2627 3000 2734 3040 non
2767 2984 2939 3041 solum
2986 2984 3112 3054 fur,
3140 2985 3237 3043 sed
3288 2983 3375 3042 fur
3424 2984 3614 3060 et(S.
3655 2984 3772 3054 Aug.

2202 3080 2376 3139 Troct.
2423 3097 2474 3150 ι,
2505 3082 2560 3136 in
2599 3079 2876 3148 Joannem,
2924 3080 2943 3152 )
3006 3081 3301 3154 sacrilegus
3343 3082 3521 3140 factus
3568 3090 3667 3138 est.
3710 3079 3774 3135 De

480 3175 781 3235 honestarib
798 3171 1479 3245 paupertatem.Benedictio
1496 3169 1591 3225 Dei
1611 3169 1953 3225 inmerccdem
1965 3168 2095 3242 justi
2118 3173 2166 3239 C
2200 3173 2397 3231 talibus
2438 3173 2603 3240 enim,
2635 3172 2689 3229 id
2720 3182 2803 3229 est
2829 3174 2920 3245 qui
2941 3172 3222 3231 facultates
3261 3174 3521 3233 Ecclesia:
3563 3173 3773 3245 rapiunt,

477 3270 710 3343 festinat,
745 3278 791 3322 et
818 3267 872 3321 in
901 3267 1094 3320 honore
1123 3265 1280 3319 veloci
1312 3278 1575 3334 processus
1597 3260 1740 3316 illius
1771 3271 1792 3299 ο
1816 3261 2087 3331 justificat.

482 3362 572 3419 Ne
615 3362 760 3416 dicas
785 3377 803 3416 :
841 3360 979 3427 Quid
1020 3368 1097 3414 est
1127 3358 1253 3413 mihi
1280 3356 1453 3428 opus?
1481 3365 1528 3411 et
1553 3370 1667 3426 qum
1693 3364 1836 3410 erunt
1865 3355 1991 3409 mihi
2031 3370 2095 3410 ea:

484 3456 582 3511 hoc
610 3453 788 3510 bona?
818 3451 902 3507 Ne
931 3452 1075 3506 dicas
1107 3466 1125 3506 :
1159 3450 1428 3522 Sufﬁciens
1458 3449 1583 3503 mihi
1626 3465 1757 3515 sum,
1793 3458 1837 3502 et
1882 3449 2005 3518 quid
2033 3464 2096 3503 ea:

486 3550 583 3602 hoc
608 3544 965 3618 pessimabor?
996 3541 1063 3598 1η
1094 3543 1174 3598 die
1204 3543 1472 3609 bonorum,
1506 3556 1569 3596 ne
1592 3541 1856 3596 immemor
1882 3540 1953 3597 sis
1981 3556 2095 3595 ma-

485 3643 672 3705 lorum,
707 3648 752 3694 et
782 3640 837 3695 in
882 3638 966 3693 die
1010 3637 1265 3693 malorum
1307 3652 1371 3692 ne
1397 3636 1664 3690 immemor
1701 3634 1771 3689 sis
1805 3633 2093 3702 bonorum;

485 3733 728 3806 quoniam
778 3731 930 3803 facile
972 3739 1046 3785 est
1075 3746 1247 3784 coram
1294 3728 1399 3784 Deo
1428 3729 1482 3783 in
1511 3727 1595 3784 die
1623 3727 1788 3784 obitus
1822 3728 2095 3783 retribuere

483 3826 761 3896 unicuique
785 3821 1065 3879 secundum
1093 3822 1201 3877 vias
1225 3837 1365 3877 suas.
1394 3818 1599 3875 Malitia
1625 3820 1767 3875 horse
1793 3818 2095 3874 oblivionem

487 3916 614 3989 facit
663 3915 881 3971 luaurite
917 3929 1118 3987 magna:
1157 3929 1176 3968 :
1208 3922 1253 3967 et
1303 3912 1357 3966 in
1386 3911 1489 3982 ﬁne
1528 3911 1769 3978 hominis,
1820 3910 2094 3967 denudatio

487 4025 703 4081 operum
740 4009 899 4063 illius.
934 4008 1064 4062 Ante
1102 4015 1316 4062 mortem
1341 4020 1405 4059 ne
1432 4004 1612 4060 laudes
1640 4005 1892 4060 hominem
1918 4021 2090 4072 quem-

485 4120 666 4177 quam,
691 4103 933 4175 quoniam
963 4104 1016 4156 in
1046 4102 1170 4172 ﬁliis
1190 4101 1296 4157 suis
1324 4100 1620 4172 agnoscitur
1643 4101 1736 4157 vir.
1757 4098 1878 4156 Non
1895 4116 2095 4156 onmem

489 4200 750 4254 hominem
776 4198 990 4253 inducas
1018 4200 1071 4251 in
1098 4196 1306 4251 domum
1330 4204 1509 4259 tuam;
1539 4193 1713 4249 multa:
1737 4195 1871 4249 enim
1896 4194 2097 4250 insidiae

482 4302 605 4348 sunt
631 4291 815 4346 dolosi.
842 4290 991 4347 Sicut
1020 4290 1152 4344 enim
1180 4298 1412 4344 eructant
1443 4288 1732 4359 praecordia
1750 4284 1777 4325 ἀ
1802 4288 2092 4362 fetantium,

490 4395 540 4439 et
569 4383 700 4437 sicut
731 4381 914 4451 perdia:
942 4380 1201 4435 inducitur
1228 4381 1282 4435 in
1310 4396 1536 4446 caveam,
1566 4390 1613 4436 et
1643 4389 1697 4435 ut
1724 4395 1907 4452 caprea
1933 4380 1988 4435 in
2019 4380 2097 4436 la-

487 4495 676 4551 qucum
696 4494 716 4543 ;
740 4478 814 4532 sic
843 4487 887 4532 et
917 4492 1005 4531 cor
1033 4475 1383 4544 superborum,
1401 4485 1448 4529 et
1463 4475 1593 4529 sicut
1610 4484 1899 4546 perspector
1922 4474 2097 4531 videns

2199 3263 2452 3321 fraudant
2475 3265 2555 3320 vel
2570 3263 2839 3333 auferunt,
2862 3264 3140 3335 Dominus,
3163 3268 3504 3325 comminans
3520 3265 3766 3328 omnibus.

2198 3374 2296 3430 per
2324 3359 2644 3430 Prophetam
2669 3358 2921 3430 loquitur,
2944 3357 3166 3415 dicens:
3198 3359 3357 3429 Deus,
3390 3378 3456 3417 ne
3485 3369 3647 3416 taceas
3680 3357 3774 3423 tibi,

2198 3467 2262 3506 ne
2298 3450 2471 3519 sileas,
2503 3460 2552 3507 et
2581 3465 2681 3505 non
2708 3451 2959 3522 quiescas,
3013 3449 3193 3507 Deus:
3244 3452 3379 3521 Quia
3433 3469 3547 3511 ecce
3600 3449 3772 3506 inimici

2198 3544 2273 3599 tui
2297 3544 2591 3599 tumultuati
2620 3555 2758 3606 sunt,
2786 3552 2832 3598 et
2856 3544 2943 3614 qui
2979 3545 3194 3601 aderunt
3221 3554 3267 3602 te
3306 3546 3596 3603 levaverunt
3617 3552 3770 3617 caput.

2200 3632 2391 3691 Contra
2415 3635 2661 3706 populum
2689 3645 2830 3689 tuum
2863 3636 3092 3715 nequiter
3119 3647 3466 3693 tractaverunt
3496 3679 3515 3705 ,
3571 3648 3615 3692 et
3660 3636 3775 3690 inie-

2198 3736 2315 3783 runt
2341 3726 2608 3782 consilium
2633 3728 2901 3783 adversum
2927 3744 3174 3784 arcanum
3202 3738 3362 3786 tuum.
3393 3730 3640 3787 Dixerunt
3657 3724 3765 3782 :Ve-

2200 3821 2302 3877 nite
2330 3818 2356 3857 ίι
2384 3830 2430 3876 et
2482 3818 2810 3877 Conteramus
2868 3838 2956 3878 eos
3018 3824 3082 3878 de
3131 3833 3299 3897 gente,
3333 3833 3381 3882 et
3431 3842 3535 3881 non
3580 3824 3640 3880 sit
3683 3836 3770 3876 me-

2199 3913 2361 3969 moria
2389 3914 2607 3968 nominis
2630 3912 2797 3969 Israel
2838 3915 2976 3970 ultra
3004 3933 3023 3971 :
3049 3918 3288 3989 quoniam
3317 3926 3580 3973 tacuerunt
3609 3912 3768 3980 corde,

2200 4008 2390 4080 pariter
2444 4007 2459 4044 ί
2517 4017 2695 4064 contra
2760 4019 2808 4065 te
2869 4011 3033 4082 foedus
3105 4011 3407 4082 pepigerunt
3477 4006 3769 4067 tabernacula

2197 4099 2434 4156 idumwaz
2476 4109 2522 4154 et
2577 4099 2959 4158 lsmaelitarum
2989 4143 3006 4171 ,
3067 4101 3221 4158 Moab
3252 4113 3299 4159 et
3326 4103 3578 4177 Agareni,
3633 4097 3769 4157 (ἐξίναι

2199 4201 2247 4247 et
2314 4191 2532 4246 Ammon
2560 4235 2574 4260 ,
2626 4201 2674 4247 et
2726 4193 2951 4249 Amalec.
3029 4192 3295 4251 Palestina
3369 4212 3487 4253 cum
3542 4196 3765 4250 habitato-

2198 4282 2337 4338 ribus
2369 4283 2382 4335 i
2419 4281 2562 4356 Tyri.
2607 4284 2713 4343 Sed
2748 4296 2793 4341 et
2823 4287 2982 4342 Assur
3037 4287 3217 4358 junmit
3262 4304 3316 4345 se
3367 4305 3483 4345 cum
3511 4290 3579 4344 eis
3606 4330 3621 4358 ,
3667 4287 3771 4359 facti

2199 4389 2315 4431 sunt
2368 4376 2633 4432 brachium
2687 4379 2911 4448 filiorum
2961 4378 3115 4435 Loth.
3169 4379 3280 4435 Fac
3332 4382 3438 4438 illis
3494 4383 3618 4439 sicut
3668 4377 3767 4433 Μαι

2201 4471 2342 4539 dion,
2378 4473 2505 4527 sicut
2545 4472 2757 4540 Sisaraz,
2790 4475 2918 4529 sicut
2966 4473 3122 4529 Jabin
3166 4477 3219 4530 in
3271 4487 3491 4532 torrente
3531 4475 3691 4531 Cisson
3725 4469 3764 4523 ¹¹.

482 4588 663 4627 casum
691 4570 914 4642 proximi
933 4570 1032 4623 sui.
1076 4566 1224 4622 Bona
1251 4569 1304 4622 in
1361 4576 1385 4603 ι’
1442 4567 1633 4622 malum
1684 4568 1930 4623 convertit
1968 4568 2097 4621 insi-
2124 4575 2178 4637 D
2205 4566 2420 4622 Contr-ili
2455 4577 2571 4620 sunt
2618 4567 2672 4621 in
2716 4566 2921 4634 lfndor,
2972 4567 3178 4637 fuerunt
3234 4571 3381 4639 quasi
3428 4565 3764 4640 sterquiliniant

489 4656 703 4731 diutor,
758 4672 804 4718 et
861 4664 913 4718 in
962 4662 1132 4717 electis
1187 4670 1338 4732 ponet
1415 4661 1692 4717 maculam.
1772 4661 1816 4715 A
1874 4660 2101 4715 scintilla
2205 4669 2370 4713 term.
2400 4654 2545 4713 Pone
2568 4658 2719 4714 duces
2746 4675 2918 4714 eorum
2947 4660 3074 4715 sicut
3107 4660 3242 4715 Oreb
3292 4671 3339 4715 et
3380 4660 3505 4726 Zeb,
3541 4663 3658 4717 sicut
3686 4653 3767 4713 Ζε-

489 4774 598 4813 una
649 4767 865 4830 augetur
919 4755 1074 4827 ignis,
1107 4764 1154 4808 et
1181 4757 1243 4808 ab
1269 4770 1368 4808 uno
1408 4754 1585 4809 doloso
1626 4764 1842 4827 augetur
1866 4755 2097 4827 sanguis.

2205 4752 2292 4806 bee
2322 4760 2368 4805 et
2397 4750 2669 4806 Salmana.
2704 4750 2893 4807 Omnes
2923 4753 3183 4826 principes
3220 4769 3394 4808 eorum
3416 4756 3505 4826 qui
3529 4753 3763 4807 dixerant:

495 4850 668 4908 Homo
719 4866 835 4904 vero
909 4857 1142 4920 peccator
1209 4847 1451 4919 sanguini
1518 4846 1811 4902 insidiatur.
1885 4847 2101 4902 Attende
2204 4845 2567 4901 Possideamus
2598 4846 2742 4903 nobis
2792 4848 3226 4921 pulchritudinem
3257 4847 3400 4906 Dei:
3441 4847 3576 4903 Deus
3627 4855 3761 4905 meus,

490 4946 582 5000 tibi
613 4962 644 4999 α
690 4944 955 5016 pestifero,
989 4941 1207 5014 fabricat
1237 4940 1371 4995 enim
1397 4940 1555 5007 mala,
1593 4956 1656 4995 ne
1706 4944 1839 5014 forte
1889 4938 2101 4996 inducat
2203 4955 2333 5012 pone
2364 4938 2480 4995 illos
2508 4950 2561 4993 ut
2590 4949 2774 5003 rotam,
2804 4943 2948 5014 quasi
2979 4929 3221 5011 stipulam
3262 4953 3382 4997 ante
3418 4942 3593 5015 faciem
3636 4931 3759 4991 venti-

491 5055 649 5109 super
691 5048 739 5093 te
782 5034 1232 5091 subsannationem
1273 5034 1323 5088 in
1362 5043 1680 5103 perpetuum.
1742 5032 1966 5087 Admitte
2029 5033 2098 5086 ad

491 5139 543 5186 te
571 5130 934 5201 alienigenam,
986 5137 1033 5182 et
1078 5125 1326 5181 subvertet
1364 5125 1418 5181 in
1463 5124 1683 5192 turbine,
1719 5134 1764 5180 et
1792 5125 2097 5180 abalienabit

493 5234 543 5281 te
569 5241 602 5280 a
638 5223 658 5263 ί
694 5224 793 5278 tuis
824 5222 1048 5294 propriis
1097 5218 1263 5294 (Eccl.
1303 5236 1357 5288 ι,
1390 5216 1515 5292 x1)..
1539 5218 1721 5288 Tales,
1763 5216 2090 5288 charissimi,

490 5317 652 5377 valde
677 5327 803 5375 sunt
829 5316 1080 5382 cavendi,
1110 5314 1412 5388 usquedum
1450 5320 1544 5371 aut
1586 5324 1971 5371 convertantur
1997 5324 2092 5371 aut

2205 5033 2470 5100 Quomodo
2498 5033 2630 5104 ignis
2659 5035 2905 5088 comburit
2929 5035 3121 5105 sylvam
3153 5044 3199 5089 et
3225 5035 3355 5089 sicut
3394 5035 3596 5106 ﬂannna
3636 5028 3763 5082 devo-

2198 5136 2280 5181 rat
2331 5135 2545 5192 montes,
2605 5126 2677 5182 sic
2725 5127 3038 5197 persequeris
3085 5144 3167 5182 eos
3188 5128 3241 5184 in
3266 5136 3556 5192 tempestate
3600 5133 3676 5176 tua
3723 5120 3761 5168 et

2197 5220 2252 5274 in
2290 5229 2376 5274 tuo
2417 5219 2612 5273 turbine
2653 5218 2875 5273 turbabis
2916 5234 3019 5274 eos.
3053 5219 3221 5292 Imple
3246 5218 3402 5292 facies
3429 5231 3593 5274 eorum
3641 5214 3760 5282 igno-

2195 5313 2376 5381 minia,
2408 5322 2455 5369 et
2480 5322 2705 5385 quwrent
2730 5328 2911 5370 nomen
2952 5321 3115 5385 tuum,
3158 5312 3386 5370 Domine.
3472 5304 3761 5383 Confundet!-

1687 5429 2070 5490 LEC'I‘IONES
2107 5431 2197 5489 VA
2206 5430 2522 5488 RIANTES.

554 5529 582 5597 _-
617 5522 757 5597 una
773 5538 956 5597 ρρετε-

552 5589 583 5628 b
606 5587 746 5641 Alias
771 5587 1054 5640 honestare.

554 5656 579 5687 ⁸
616 5651 755 5703 Alias
778 5650 1049 5702 l‘ructiﬁcat.

553 5716 583 5756 ἆ
616 5713 756 5766 Alias
769 5712 1063 5764 laetantium.

553 5783 578 5810 θ
596 5778 754 5845 _Alias
769 5774 905 5845 _mala
925 5780 1226 5845 convertens
1247 5772 1523 5845 insidiatur.
1551 5777 1646 5845 Ms.
1690 5771 1881 5845 collegii
1920 5772 2086 5827 Paris.

487 5837 731 5893 Societate
753 5841 789 5891 J
793 5850 895 5899 esu,
916 5842 1033 5889 teste
1075 5834 1353 5897 Harduino,
1386 5838 1512 5888 bona
1536 5840 1668 5890 enim
1689 5837 1742 5887 in
1764 5834 1962 5888 milum.

2259 5521 2282 5561 ί
2319 5519 2460 5574 Alias
2482 5524 2589 5573 vils.

2260 5587 2287 5629 8
2322 5585 2459 5637 Alias
2491 5585 2701 5637 Excidit.

2256 5648 2290 5689 ιι
2323 5651 2410 5700 Id.
2435 5661 2527 5700 ms.
2552 5648 2910 5711 dispergamus.

2264 5712 2283 5752 ἰ
2324 5711 2412 5763 Id.
2431 5724 2522 5763 ms.
2545 5720 2713 5760 contra
2739 5723 2844 5761 eos.
2866 5741 2873 5771 ,~

2261 5774 2275 5825 ἰ
2323 5773 2395 5825 Id.
2421 5786 2511 5825 ms.
2538 5771 2885 5827 habitantibus.

2258 5839 2287 5877 ιι
2321 5833 2460 5888 Alias
2481 5836 2640 5888 Cisou.
