4026 6328
1559 233 1884 297 mare
1918 236 2104 303 won
2127 238 2383 313 sane.

3526 249 3634 308 982

313 374 398 422 tur
429 374 479 423 et
514 367 876 424 cum
918 379 1077 437 usque
1117 364 1175 419 in
1217 370 1486 427 mw.
1547 367 1597 415 st
1626 357 1997 423 “WA
2022 358 2264 416 triticum.
2318 359 2431 433 Ego
2479 369 2765 437 autcmpro
2790 372 2839 419 te
2893 367 3106 437 rogari,
3161 377 3215 422 nt
3266 383 3367 423 non
3418 369 3627 439 deﬁciat

314 466 364 513 et
407 466 619 531 pereant
659 476 679 517 :
727 469 775 516 et
823 458 986 515 sciunt
1033 458 1155 529 quia
1201 469 1384 511 nomen
1442 463 1588 509 mm
1628 450 1918 507 Dominus:

311 553 454 611 solas
480 562 535 611 tu
559 555 786 612 excelsus
813 570 964 627 super
988 568 1186 611 omnem
1226 560 1413 605 terram
1439 544 1675 622 (Psalm.
1707 560 1914 613 Lxxxn,

312 662 377 701 ea:
400 647 612 719 interpr.
645 646 711 704 8.
744 643 1045 719 Hieronymi
1101 644 1303 700 diserta
1344 659 1380 698 α
1441 636 1661 713 Vulgata
1687 638 1729 713 ).
1790 639 1919 697 [late

312 740 429 799 ﬁeri
469 742 797 816 Propheta,
859 742 974 799 hate
1037 740 1312 813 Apostoll,
1376 738 1495 795 hac
1572 748 1917 793 successores

309 854 496 898 eorum
549 848 604 896 et
630 839 872 897 omnium
899 836 1282 894 catholicorum
1326 834 1543 893 Patrum
1595 838 1777 890 vetant
1819 831 1916 889 de-

310 943 459 991 cocta
510 951 526 989 :
587 941 649 990 et
724 933 860 991 tales
938 928 1385 1003 praesumptiones
1413 968 1432 997 ,
1488 923 1826 997 sacrilegium
1885 932 1913 963 τι

312 1039 438 1083 esse
506 1023 825 1097 dijudieant.
898 1023 1137 1094 Quorum
1196 1036 1297 1078 nos
1367 1028 1656 1092 sequentes
1732 1032 1914 1074 exem-

308 1115 396 1189 pla
425 1158 443 1185 ,
513 1131 703 1174 omnes
755 1114 890 1173 tales
940 1122 1377 1186 praesumptores,
1407 1123 1461 1170 et
1515 1108 1766 1170 Ecclesia:
1793 1107 1906 1182 (l7,

307 1228 360 1278 ιι.
394 1212 449 1275 4,
508 1209 698 1266 Omnes
745 1222 978 1283 raptores
1018 1208 1038 1283 )
1103 1219 1379 1280 raptores,
1439 1205 1458 1279 (
1502 1203 1713 1265 Hincm.
1757 1201 1906 1271 epist.

304 1318 418 1372 vnt,
462 1305 607 1359 editt.
678 1303 823 1376 Mog.
874 1303 1069 1360 Concit.
1123 1301 1469 1358 Carisiaccnse
1533 1300 1585 1354 in
1637 1299 1787 1370 epist.
1841 1297 1910 1352 ad

307 1398 572 1471 episcopos
630 1398 818 1456 Gallia
852 1397 874 1472 )
913 1407 1076 1471 atque
1121 1412 1340 1455 suarum
1395 1393 1708 1452 facultatum
1777 1391 1909 1457 alie-

305 1500 561 1560 natores,
609 1508 715 1548 una
757 1492 1031 1548 vobiscum
1061 1505 1091 1546 a
1142 1488 1418 1546 liminibus
1464 1495 1667 1543 sancta
1720 1486 1909 1541 matris

303 1585 563 1643 Ecclesia:
632 1588 1161 1652 anathematizatos,
1216 1583 1514 1656 apostolica
1587 1581 1906 1637 auctoritate
1950 1570 1965 1577 ⁷

197 1701 202 1705 -
301 1679 552 1752 pellimus
580 1721 598 1749 ,
670 1688 724 1736 et
759 1680 1077 1736 damnamus
1102 1722 1117 1746 ,

1195 1690 1358 1750 atque
1427 1676 1716 1748 sacrilegos
1787 1688 1908 1730 esse

2022 452 2149 523 ﬁdes
2188 466 2315 521 tua;
2343 467 2389 510 et
2443 466 2497 510 tu
2525 457 2801 529 aliquando
2852 474 3157 528 conversus,
3211 462 3461 532 conﬁrma
3511 468 3627 536 [ra-

2021 553 2121 601 trcs
2171 551 2284 607 suos
2336 547 2357 622 (
2410 547 2537 605 an.
2593 566 2708 606 xxn
2763 551 2808 623 ).
2865 551 3184 611 Consideret
3229 554 3407 627 itaque
3448 564 3630 614 vestra

2019 642 2289 699 excellens
2355 645 2630 714 prudentia
2679 662 2838 717 quam
2908 647 3104 704 bonum
3187 650 3258 704 sit
3337 649 3627 718 persiStero

2019 735 2072 789 in
2121 734 2519 806 dispensatione
2548 739 2699 794 vobis
2729 739 2930 795 credita
2965 748 3019 796 et
3052 743 3104 796 in
3135 741 3237 798 ﬁde
3258 752 3425 809 recta,
3456 754 3620 816 atque

2017 828 2285 884 hmreticis
2311 839 2365 886 et
2392 831 2597 889 aemulis
2617 830 2814 888 Christi
2845 849 3164 905 repugnare.
3197 845 3252 891 et
3275 851 3564 908 numquam
3587 853 3622 893 τι

2016 925 2259 982 veritatis
2325 927 2541 982 tramite
2587 928 2902 994 decliuem;
2950 931 3206 1000 quoniam
3257 930 3517 988 Dominus
3564 941 3621 988 ct

2017 1020 2262 1077 Salvator
2326 1026 2600 1091 omnium,
2666 1024 2823 1097 cujus
2856 1026 2989 1083 ﬁdes
3042 1034 3143 1095 est,
3178 1028 3267 1099 qui
3329 1043 3427 1098 pro
3458 1028 3620 1084 nobis

2016 1115 2152 1170 mori
2204 1132 2308 1171 non
2354 1116 2657 1186 dubitavit,
2716 1129 2769 1175 et
2822 1119 3038 1191 proprio
3089 1136 3187 1175 nos
3222 1136 3321 1176 suo
3389 1120 3625 1177 redemit

2014 1208 2294 1277 sanguine,
2317 1208 2475 1265 ﬁdem
2508 1209 2649 1267 beati
2678 1211 2826 1269 Petri
2857 1228 2963 1268 non
2994 1210 3323 1269 defecturam
3353 1212 3623 1285 promisit,

2012 1307 2066 1353 et
2089 1300 2413 1358 conﬁrmare
2477 1318 2600 1358 eum
2657 1304 2848 1361 fratres
2901 1319 3029 1361 suos
3084 1305 3362 1360 admonuit
3409 1323 3424 1362 :
3477 1306 3622 1377 quod

2011 1392 2337 1462 apostolicos
2364 1392 2681 1464 Pontiﬁces,
2728 1413 2865 1453 mea:
2912 1397 3219 1469 exiguitatis
3247 1399 3618 1469 praedecesso-

2012 1498 2123 1547 res.
2154 1486 2492 1543 conﬁdenter
2515 1487 2708 1546 fecisse
2735 1504 2954 1562 semper
2977 1492 3184 1547 cunctis
3210 1500 3294 1548 est
3317 1492 3612 1564 cognitum.

2012 1578 2250 1647 Quorum
2297 1590 2354 1638 et
2405 1583 2674 1655 pttslllitas
2707 1600 2843 1653 mea,
2899 1584 3025 1642 licet
3068 1587 3240 1656 impar
3268 1597 3324 1644 et
3350 1589 3570 1644 minima
3596 1630 3612 1655 ,

2010 1687 2108 1743 pro
2134 1683 2390 1745 suscepto
2440 1685 2636 1740 tamen,
2672 1675 2849 1731 divina
2881 1676 3192 1749 dignatione
3218 1720 3234 1747 ,
3270 1678 3609 1747 ministerio,

295 1770 832 1842 judimmus.Etnon
857 1774 1029 1827 solum
1057 1787 1174 1839 eos,
1203 1769 1297 1826 sed
1325 1782 1514 1825 omnes
1566 1766 1907 1823 consentien-
1935 1765 1983 1826 B
2014 1760 2340 1840 pedissequa
2396 1770 2546 1839 cupit
2588 1770 2844 1826 existere.
2898 1771 2994 1827 Vre
3063 1773 3206 1828 enim
3253 1773 3360 1827 erit
3410 1773 3566 1830 nobis
3599 1816 3615 1840 ,

303 1873 385 1919 tes
405 1864 485 1920 eis
505 1881 519 1925 ;
540 1864 674 1932 Quia
701 1880 802 1919 non
830 1864 997 1919 solum
1022 1864 1108 1933 qui
1133 1864 1327 1935 rath
1355 1861 1430 1917 rei
1462 1860 1790 1935 judicantur,
1819 1859 1911 1916 sed

301 1956 453 2011 etiam
477 1957 565 2027 qui
588 1957 907 2013 consentiunt
936 1955 1276 2029 facientibus(
1306 1954 1458 2012 Rom.
1499 1969 1517 2011 ι
1547 1955 1590 2024 ).
1620 1953 1725 2009 Par
1766 1952 1910 2011 enim

297 2062 457 2120 poena
480 2057 535 2103 et
563 2057 783 2119 agentes
807 2057 859 2102 et
892 2047 1292 2102 consentientes
1340 2038 1770 2115 comprehendit.
1808 2039 1911 2098 Vos

299 2160 441 2214 ergo,
464 2143 672 2214 fratres,
696 2142 904 2214 vigilate
938 2150 985 2199 et
1031 2150 1193 2198 orate.
1233 2138 1462 2195 Vinliter
1494 2139 1649 2212 agite,
1694 2146 1741 2193 et
1788 2152 1907 2193 con-

300 2235 561 2308 fortamini
606 2236 660 2291 in
712 2234 954 2303 Domino,
1005 2244 1049 2289 et
1106 2232 1278 2288 omnia
1326 2241 1508 2300 vestra,
1558 2228 1709 2301 juxta
1763 2228 1911 2303 Apo-

298 2330 515 2396 stolum,
546 2328 602 2384 in
630 2329 881 2385 charitate
932 2327 1103 2402 ﬁant(
1130 2325 1148 2382 l
1173 2324 1295 2384 Cor.
1326 2341 1434 2382 xw.
1461 2326 1482 2397 )
1532 2324 1573 2378 Α
1602 2335 1747 2381 recta
1778 2337 1909 2396 ergo

299 2423 412 2495 (M.
441 2439 493 2493 q.
526 2423 579 2492 1,
630 2423 672 2477 Α
716 2432 856 2478 recta
905 2439 1060 2495 ergo;
1089 2430 1134 2478 et
1180 2421 1235 2476 in
1273 2418 1459 2474 decret.
1496 2414 1686 2472 Felicis
1713 2414 1906 2489 papas)

299 2519 405 2576 ﬁde
452 2528 507 2575 et
565 2520 866 2591 apostolico
927 2514 1143 2575 tramite
1219 2526 1438 2588 pr0pter
1492 2516 1655 2572 ullam
1722 2531 1908 2589 perse-

297 2613 569 2669 cutionem
650 2613 815 2669 nolite
879 2611 1170 2680 recedere,
1225 2610 1461 2666 scientes
1531 2610 1650 2681 quia
1679 2650 1695 2679 ,
1753 2606 1905 2681 juxta

297 2703 592 2760 Salvatoris
621 2705 937 2760 sententiam
960 2747 974 2773 ,
1026 2705 1159 2760 beati
1193 2713 1307 2759 sunt
1332 2702 1420 2774 qui
1447 2702 1845 2773 persecutionem
1871 2700 1901 2741 δ

300 2797 564 2868 patiuntur
631 2808 836 2870 propter
882 2797 1133 2867 iustitiam
1196 2795 1422 2871 (Matth.
1492 2811 1528 2851 v
1555 2795 1600 2866 ).
1643 2795 1768 2851 Baiae
1823 2803 1906 2854 est

298 2889 683 2960 Apostolorum
742 2890 858 2945 viva
947 2890 1162 2946 traditio
1221 2888 1473 2962 (Agatho
1529 2888 1598 2944 ad
1664 2890 1901 2959 imperat.

299 2979 476 3037 Const.
504 2990 609 3038 act.
655 2994 729 3049 vt,
782 2981 986 3038 concilii
1030 2980 1140 3039 (ΖΡ.
1184 2980 1425 3037 adversus
1462 2979 1828 3036 Honotltelitas
1858 2978 1912 3052 ),-

299 3074 417 3131 haec
442 3089 568 3131 vera
594 3073 829 3131 cbaritas
853 3092 995 3148 qute,
1030 3074 1369 3146 praedicanda
1396 3083 1500 3144 est,
1549 3081 1606 3130 et
1632 3073 1902 3146 praecipue

2010 1860 2102 1931 qui
2156 1860 2316 1933 hujus
2364 1862 2648 1919 ministerii
2688 1878 2826 1921 onus
2869 1873 3176 1936 susceptum
3226 1865 3523 1934 habemus,
3572 1866 3622 1922 si

1976 1954 2296 2013 -veritatem
2363 1956 2656 2019 Salvatoris
2732 1957 2902 2013 nostri
2960 1956 3085 2013 Jesu
3143 1957 3342 2013 Christi
3373 1999 3387 2022 ,
3454 1973 3618 2029 quam

2018 2046 2261 2120 Apostoli
2331 2050 2807 2121 prtcdicaveruut,
2864 2052 3157 2122 przedicare
3221 2054 3622 2128 neglexerimus

2012 2141 2066 2214 (l
2111 2140 2233 2197 Cor.
2265 2153 2365 2210 ιχ).
2435 2142 2530 2200 Va:
2590 2145 2694 2201 erit
2750 2145 2944 2213 nobis,
2978 2147 3022 2202 si
3068 2147 3284 2203 silentio
3333 2147 3617 2203 veritatem

2012 2236 2474 2305 oppresserimus,
2501 2252 2663 2307 quam
2690 2252 2915 2309 erogare
2944 2239 3316 2294 nummulariis
3337 2239 3615 2309 jubemur,

2011 2325 2063 2380 id
2090 2334 2174 2382 est
2200 2326 2535 2384 Christianos
2560 2328 2788 2400 populos
2814 2329 3059 2386 imbuere
3086 2339 3142 2386 et
3168 2329 3368 2387 docere
3395 2331 3414 2404 (
3442 2332 3616 2389 ΜαιΙι.

2013 2419 2213 2492 xxv).
2317 2418 2451 2489 Quid
2512 2419 2563 2474 in
2631 2420 2800 2491 ipsius
2870 2420 3071 2478 Christi
3168 2421 3347 2478 futuro
3419 2423 3617 2480 dicturi

2009 2526 2195 2568 sumus
2224 2512 2492 2579 examine,
2542 2512 2590 2567 si
2634 2528 2943 2570 sermonum
3003 2513 3118 2585 ejus
3167 2517 3445 2571 veritatem
3488 2531 3619 2574 con-

2012 2604 2289 2661 fundimur
2343 2607 2674 2678 prtedicare?
2703 2608 2842 2676 Quid
2898 2613 3001 2666 erit
3053 2609 3120 2664 de
3172 2609 3325 2666 nobis
3368 2625 3489 2666 cum
3540 2610 3612 2675 de

2006 2699 2313 2761 commissis
2364 2700 2519 2756 nobis
2564 2701 2846 2757 animabus
2901 2711 2955 2757 et
3005 2701 3073 2758 de
3114 2700 3294 2757 ol‘llcio
3354 2712 3611 2774 suscepto

2009 2792 2275 2846 rationem
2326 2791 2505 2860 justus
2551 2791 2722 2864 judex
2775 2788 3023 2849 Christus
3084 2793 3345 2849 Dominus
3418 2804 3606 2851 noster

2005 2885 2297 2943 districtum
2324 2887 2565 2958 exegerit
2595 2884 2746 2957 (Luc.
2773 2885 2919 2958 tm)?
2943 2886 3091 2953 Ideo,
3155 2884 3368 2953 fratres,
3429 2885 3619 2944 hortor

2007 2978 2094 3053 (8.
2127 2977 2232 3034 Leo
2261 3021 2277 3047 ,
2331 2979 2503 3049 Epist.
2564 2996 2583 3035 ι
2635 2980 2877 3036 adversus
2922 2979 3153 3036 Manich.
3194 2979 3213 3052 )
3263 2980 3615 3039 dilectionem

2002 3081 2261 3142 vestram,
2326 3072 2599 3130 obstestor
2648 3080 2704 3129 et
2754 3088 2949 3129 moneo
3008 3083 3065 3128 ut
3123 3089 3224 3146 qua
3274 3071 3482 3129 debetis
3558 3081 3618 3131 et

297 3166 565 3239 diligenda
594 3184 659 3225 ac
683 3167 935 3238 fovenda,
977 3177 1137 3241 atque
1165 3166 1483 3224 ﬁducialiter
1532 3166 1601 3223 ab
1655 3167 1906 3223 omnibus
1932 3164 1977 3227 C
2013 3166 2239 3238 potestis
2303 3165 2667 3224 sollicitudine
2697 3209 2711 3234 ,
2778 3167 3010 3240 vigiletis
3080 3166 3148 3223 ad
3213 3165 3616 3239 investigandos

299 3260 550 3317 tenenda.
607 3262 732 3316 Haec
761 3270 945 3318 sancta
998 3271 1054 3319 et
1103 3261 1399 3332 apostolica
1449 3269 1624 3316 mater
1656 3261 1897 3316 omnium

297 3353 648 3411 ecclesiarum
692 3351 892 3411 Christi
945 3353 1217 3424 Ecclesia,
1266 3369 1387 3427 quae
1438 3369 1534 3426 per
1584 3354 1677 3410 Dei
1723 3355 1899 3411 omni-

301 3452 536 3522 potentis
591 3451 817 3522 gratiam
886 3467 916 3507 a
968 3451 1181 3508 tramite
1242 3449 1553 3518 apostolica:
1595 3449 1901 3506 traditionis

298 3559 588 3614 numquam
619 3559 832 3601 errasse
860 3544 1141 3615 probatur,
1159 3559 1259 3600 nec
1275 3543 1548 3600 lnereticis
1573 3542 1900 3600 novitatibus

298 3636 640 3706 depravanda
672 3648 694 3675 ο
722 3637 1000 3693 succubuit
1025 3653 1039 3692 :
1085 3635 1206 3702 sed,
1232 3646 1289 3691 ut
1315 3637 1367 3691 in
1397 3635 1621 3693 exordio
1648 3649 1895 3691 normam

300 3735 424 3793 ﬁdei
449 3736 759 3807 apostolicat
811 3735 1046 3807 percepit
1102 3734 1169 3790 ab
1211 3733 1519 3790 auctoribus
1561 3718 1704 3800 suis,
1748 3731 1898 3802 Apo-

298 3831 560 3887 stolorum
608 3830 811 3886 Christi
872 3830 1243 3902 principibus,
1311 3830 1509 3885 illibata
1587 3828 1695 3884 ﬁne
1740 3836 1899 3884 tenus

299 3930 501 3990 manet,
533 3921 827 3979 secundum
856 3922 1023 3993 ipsius
1065 3921 1275 3977 Domini
1324 3920 1623 3979 Salvatoris
1650 3920 1891 3976 divinam

301 4014 739 4087 pollicitationem
772 4057 788 4084 ,
837 4014 927 4087 qui
968 4012 1352 4085 discipulorum
1397 4028 1615 4071 suorum
1668 4011 1895 4086 principi

301 4109 354 4163 in
396 4108 508 4163 suis
557 4106 701 4163 fatus
747 4116 832 4164 est
875 4106 1208 4178 Evangeliis:
1258 4105 1432 4174 Petre,
1467 4106 1753 4176 inquiens,
1782 4121 1897 4163 cccc

299 4197 525 4255 Satanas
570 4200 805 4272 expetivit
862 4207 916 4253 ut
980 4198 1222 4254 cribraret
1268 4213 1376 4268 vos,
1425 4198 1555 4254 sicut
1602 4199 1688 4271 qui
1711 4199 1898 4254 cribrat

2003 3259 2286 3317 hmreticos
2311 3270 2369 3318 et
2392 3262 2641 3318 inimicos
2666 3271 2867 3317 sancta:
2912 3262 3003 3318 Dei
3034 3261 3296 3319 Ecclesiae
3326 3271 3379 3317 et
3405 3278 3434 3316 a
3465 3261 3616 3319 sanis

2003 3354 2293 3421 mentibus,
2333 3370 2402 3411 ne
2430 3355 2597 3426 pestis
2627 3356 2741 3410 lnee
2763 3355 2926 3411 latius
2967 3354 3286 3426 divulgetur,
3318 3354 3613 3411 severitate

2001 3465 2106 3522 qua
2160 3450 2386 3521 potestis
2432 3466 2529 3522 pro
2574 3449 2777 3506 viribus
2837 3449 3154 3519 extirpetis;
3212 3448 3506 3520 quoniam,
3558 3454 3619 3504 ut

2002 3543 2276 3600 habebita
2321 3544 2432 3600 Deo
2459 3543 2636 3615 dignae
2690 3542 3141 3599 remunerationis
3191 3542 3469 3612 praemium
3522 3541 3619 3612 qui

2004 3634 2336 3706 diligentius,
2386 3635 2530 3706 quod
2587 3635 2655 3689 ad
2686 3634 2917 3690 salutem
2948 3633 3255 3690 commissae
3293 3633 3397 3689 sibi
3436 3633 3616 3704 plebis

2002 3727 2268 3800 proﬁciat,
2310 3726 2471 3785 fuerit
2508 3738 2764 3784 executus
2789 3769 2804 3796 ,
2838 3728 2907 3784 ita
2953 3738 3076 3783 ante
3121 3726 3355 3783 tribunal
3396 3722 3610 3780 Domini

2000 3819 2069 3877 de
2105 3831 2256 3878 reatu
2287 3821 2625 3893 negligentia:
2648 3836 2708 3877 se
2735 3836 2839 3877 non
2872 3820 3065 3892 poterit
3090 3833 3351 3876 excusare
3375 3816 3619 3888 quicum-

1998 3930 2103 3987 que
2163 3916 2374 3987 plebem
2440 3928 2591 3972 suatn
2647 3925 2835 3971 contra
2889 3913 3167 3986 sacrilege
3250 3909 3621 3983 persuasionis

1998 4017 2247 4066 auctores
2313 4007 2546 4065 noluerit
2605 4006 2897 4064 custodire.
2964 4006 3097 4062 Data
3140 4003 3388 4061 kalendis
3433 4000 3621 4074 aprilis

2001 4119 2145 4160 anno
2166 4102 2297 4170 Q52,
2329 4102 2505 4159 adhuc
2534 4102 2744 4159 vivente
2770 4098 3045 4171 Cornelio,
3064 4098 3218 4157 Gallo
3239 4105 3297 4155 et
3323 4094 3622 4153 Volusiano

2002 4196 2133 4252 viris
2165 4196 2477 4252 clarissimis
2499 4195 2832 4253 consulibus.

1538 4288 1924 4352 LECTIONES
1961 4288 2383 4349 VARIANTES.

371 4364 399 4428 9
433 4359 573 4428 Alias
597 4363 928 4428 Sacrilegium
944 4364 1179 4428 judicent.

364 4422 396 4463 δ
428 4424 565 4479 Alias
600 4422 1053 4479 Perturbation'em.

342 4532 637 4553 Ml

2088 4388 2112 4417 °
2150 4381 2289 4440 Alias
2308 4385 2577 4451 depravata

644 4527 3618 4556 Μ

1284 4598 1845 4686 DECRETA
1899 4603 2233 4690 LUCII
2297 4605 2653 4708 PAP/E,

1497 4737 1595 4795 EX
1633 4738 1990 4800 GRATIANO
2028 4743 2430 4803 DESUMPTA.

1679 4857 2238 4883 -—-—--———_-'

299 4918 341 4978 Ι.
407 4918 585 4994 Ofﬁcio
638 4928 685 4975 et
737 4918 980 4989 beneficio
1032 4919 1259 4994 privetur
1297 4917 1605 4994 cpiscopus,
1657 4918 1991 4990 presbyterD

373 4990 477 5077 vel:
505 4993 774 5059 diaconus,
838 5004 1048 5047 uxorem
1117 4990 1417 5063 suscipiens,
1490 4991 1568 5046 uel
1623 5000 1912 5061 susceptam

376 5073 620 5120 retinens.

373 5155 599 5212 Ministri
627 5153 786 5226 (Dist.
818 5154 910 5281 Slj
943 5154 1148 5220 altaris,
1180 5153 1483 5227 presbyteri
1514 5154 1633 5211 sive
1660 5150 1909 5223 diaconi,

392 5227 663 5281 dominica
695 5226 831 5281 tales
858 5244 887 5281 e
914 5226 1127 5281 ieantnr
1156 5226 1354 5281 ol‘ﬁcia.
1384 5227 1472 5281 oui
1512 5226 1909 5281 conlimntiam

301 5227 368 5284 ad
392 5227 663 5283 dominica
695 5226 831 5282 tales
858 5226 1127 5298 eligantur
1156 5226 1359 5291 ol'lieia,
1384 5227 1472 5298 qui
1512 5226 1909 5283 conlimntiam

301 5309 540 5355 servent.
593 5298 651 5354 Si
675 5314 804 5354 vero
854 5307 975 5370 post
1003 5296 1415 5370 ordinationem
1449 5314 1598 5354 suam
1630 5298 1912 5370 ministros

301 5370 591 5442 contigerit
641 5368 873 5442 propria:
923 5368 1109 5425 uxoris
1160 5369 1414 5425 invadere
1456 5370 1657 5442 cubile,
1690 5369 1915 5428 sacrarii

303 5460 412 5499 non
444 5441 651 5498 intrant
693 5441 904 5503 limina,
957 5456 1133 5512 neque
1166 5442 1390 5496 sacrarii
1420 5441 1714 5512 portitores
1758 5442 1911 5508 liant,

303 5530 484 5585 neque
514 5513 687 5568 altare
717 5515 1063 5585 contingant,
1090 5528 1266 5582 neque
1295 5514 1364 5566 ab
1384 5513 1737 5585 olfurentibus
1765 5514 1918 5569 holo-

304 5584 482 5643 causti
511 5585 842 5641 oblationem
872 5584 1190 5654 suscipiant,
1228 5600 1402 5652 neque
1429 5584 1493 5638 ad
1516 5584 1781 5639 Dominici
1801 5599 1918 5641 cor-

308 5658 464 5730 poris
490 5656 797 5730 portinuem
825 5656 1107 5730 accedant,
1142 5671 1316 5727 neque
1341 5656 1721 5730 propinquent,
1743 5672 1918 5730 neque

306 5726 430 5785 sine
459 5726 680 5800 majoris
717 5738 867 5801 natu
902 5726 1241 5801 auctoritate
1273 5729 1473 5797 majora
1506 5739 1693 5801 gerant
1715 5726 1917 5801 ofﬁcia,

308 5796 700 5863 urceum'sane
725 5800 793 5859 ad
823 5799 992 5859 altare
1021 5797 1107 5858 vel
1133 5796 1489 5859 ealiccmnon
1511 5796 1793 5859 salierunt.

2499 4939 2571 4980 EX
2613 4938 2805 4982 ElSDEﬂ
2844 4939 3121 4983 DBCRETIS.

2014 5035 2404 5164 ..ἐξιᾶσι-ἕσας
2432 5048 2783 5097 matronarum
2810 5040 3072 5097 domicilia
3103 5043 3432 5114 frequentans
3459 5043 3618 5118 depo-

2086 5223 2332 5300 Clericus
2362 5225 2522 5300 (Diat.
2559 5226 2652 5293 81)
2675 5228 2823 5285 solus
2849 5228 2916 5285 ad
2964 5228 3178 5286 feminae
3211 5230 3629 5290 tabernaculum

2016 5310 2124 5351 non
2157 5298 2399 5373 accedat,
2439 5315 2614 5373 neque
2647 5301 2958 5373 frequenter
2989 5313 3246 5372 prejteret
3274 5305 3390 5359 sine
3411 5306 3636 5373 majoris

2017 5377 2144 5447 [tatu
2159 5370 2459 5447 sacerdotis
2477 5371 2744 5447 jussione.
2758 5371 2872 5447 ﬂeo
2898 5370 3050 5447 solus,
3070 5373 3359 5447 presbyter
3375 5370 3634 5433 cuntsola

2019 5438 2216 5519 femina
2240 5438 2449 5519 fabulas
2473 5438 2868 5519 iniseeat.ﬁec
2906 5438 3347 5519 archidiaconus,
3375 5448 3476 5502 Sub
3501 5463 3640 5519 prte-

2022 5520 2169 5586 textu
2200 5514 2516 5569 humilitatis
2545 5523 2638 5569 aut
2683 5513 2872 5586 ofﬁc-ii,
2903 5513 3223 5586 frequenter
3277 5517 3441 5573 intret
3472 5513 3643 5577 domi-

2020 5582 2143 5638 cilia
2171 5592 2562 5651 matronarum,
2589 5595 2679 5640 aut
2724 5585 2863 5643 forte
2892 5603 2983 5654 per
3009 5582 3247 5645 'rlericos
3297 5603 3387 5645 aut
3417 5590 3641 5648 domes-

2024 5657 2700 5733 ticos_mat_r0tne__ntandet
2729 5657 2930 5730 aliquid
2954 5660 3289 5733 sect-etest
3325 5662 3451 5733 quid
3480 5663 3645 5731 agni-

2025 5736 2134 5781 tum
2159 5726 2343 5795 l‘ucrit,
2372 5736 2427 5786 et
2449 5729 2538 5787 ille
2558 5726 2880 5802 deponatur,
2908 5742 2961 5787 et
2978 5731 3070 5788 illa
3096 5726 3379 5790 liminibus
3394 5726 3651 5793 ecclesiae

2024 5807 2287 5858 arceatur.
