4008 6320
518 348 626 413 995

1491 349 1927 411 ROMANORUM
1957 349 2121 409 PON'I

2229 352 2370 409 CUM
2408 352 2791 416 ΕΡΙΞΤΟΕΑΕ.
3690 359 3780 424 991

522 477 674 527 ratus
700 465 1082 535 contemnitur,
1106 465 1407 537 colligatur.
1456 464 1719 531 Sufﬁciat,
1778 469 1973 524 multos
2009 468 2118 524 illic
2144 470 2195 529 Α
2222 468 2344 523 dicit
2378 468 2629 526 Dominus
2658 486 2676 525 :
2707 470 2841 526 Ecce
2863 485 2956 543 ego
2979 485 3134 542 super
3182 476 3431 541 pastores,
3474 481 3519 528 et
3562 473 3781 546 inquiram

519 577 584 619 ex
627 561 880 619 fratribus
907 560 1108 617 nostris
1156 560 1313 616 anuis
1339 560 1454 617 istis
1497 562 1880 629 superioribus,
1931 575 2119 617 exces—

521 654 660 709 sisse
712 654 831 712 sine
861 668 1023 722 pace;
1058 653 1141 713 vel
1173 654 1386 709 caeteris
1415 652 1758 708 subveniatur
1787 655 1877 724 qui
1923 668 2116 723 super-

520 757 671 812 suut.
703 757 757 805 et
771 747 961 807 diebus
987 758 1012 787 ⁸
1040 763 1104 804 ac
1134 748 1383 804 noctibus
1404 749 1779 820 ingemiscant,
1805 758 1858 805 et
1882 748 2117 805 divinam

517 853 583 894 ac
627 850 903 909 paternam
954 839 1379 896 misericordiam
1433 839 1807 910 deprecantes,
1867 840 2116 896 solatium

521 943 722 991 nostra
751 933 1121 1004 opitulationis
1146 944 1464 1006 exposcuut.
1489 934 1695 991 Idcirco
1734 936 1901 1001 enim,
1951 933 2120 991 frater

517 1026 855 1094 cbarissime,
889 1026 1170 1094 coniosum
1212 1042 1408 1098 corpus
1450 1037 1533 1083 est
1567 1027 1936 1090 sacerdomm.
1984 1042 2117 1084 con-

517 1119 717 1177 cordia:
744 1129 945 1177 mutum
971 1120 1181 1190 glutino
1208 1129 1369 1191 atque
1399 1122 1619 1176 unitatis
1651 1121 1862 1176 vinculo
1889 1122 2119 1192 copula-

517 1221 651 1277 tum,
682 1213 807 1273 utsi
837 1212 959 1283 quis
988 1227 1052 1269 ex
1071 1212 1299 1284 collegio
1324 1223 1512 1270 nostro
1533 1213 1782 1270 haeresim
1811 1214 2009 1283 facere,
2063 1224 2119 1272 et

513 1321 730 1378 gregem
760 1306 963 1364 ωινίΛί
998 1306 1237 1363 lacerare
1266 1317 1321 1363 et
1349 1318 1562 1364 vastare
1621 1310 1928 1374 tentaverit,
1983 1309 2115 1366 sub-

515 1402 733 1455 veniant
768 1402 972 1464 caueri.
1009 1409 1062 1455 et
1083 1403 1231 1471 quasi
1261 1413 1505 1472 pastores
1555 1401 1763 1458 utiles”
1791 1413 1846 1459 et
1898 1404 2113 1459 miseri-

516 1497 729 1562 cordes,
762 1510 890 1551 oves
946 1494 1241 1550 dominicas
1296 1497 1349 1551 in
1410 1512 1625 1568 gregem
1667 1497 1943 1565 colligant.
1975 1496 2115 1563 Quid

517 1589 661 1644 enim
703 1588 748 1642 si
788 1588 843 1644 in
898 1587 1030 1642 mari
1081 1596 1267 1657 portus
1307 1588 1522 1660 aliquis,
1579 1589 1964 1645 munitionibus
2011 1590 2124 1646 suis

516 1682 689 1755 ruptis
715 1680 964 1747 infestus,
983 1690 1041 1739 et
1063 1683 1403 1754 periculosus
1431 1699 1552 1740 esse
1576 1685 1802 1741 navibus
1823 1697 1845 1727 ο
1867 1687 2120 1756 cceperit;

518 1794 700 1836 nonne
738 1780 1053 1851 navigantes
1104 1780 1172 1836 ad
1220 1780 1355 1836 alios
1401 1781 1678 1851 proximos
1730 1793 1915 1851 portus
1960 1794 2124 1835 naves

2220 578 2334 616 ουεε
2362 579 2499 616 meas
2524 564 2590 617 de
2630 563 2865 619 manibus
2920 581 3095 619 001⁸1111
3121 577 3169 620 et
3212 576 3435 620 avertam
3477 581 3559 621 ευι
3598 578 3648 622 ιιι
3693 587 3778 626 non

2224 666 2432 724 pascant
2454 672 2569 711 oves
2598 674 2735 712 meas
2759 674 2777 711 :
2798 668 2845 712 et
2884 659 3000 729 jam
3044 675 3145 713 non
3183 668 3388 726 poscent
3411 676 3515 725 eas,
3566 669 3610 715 et
3632 672 3783 718 extra.

2222 755 2341 809 Imm
2385 772 2469 811 eas
2517 757 2582 811 de
2617 775 2703 812 ore
2752 772 2949 823 eorum,
2994 768 3040 813 et
3092 774 3298 828 pascam
3337 774 3424 815 eas
3472 774 3582 813 cunt
3613 760 3788 830 judicio

2222 849 2439 915 (Ezeelt.
2474 867 2655 916 xxxiv.
2687 850 2768 924 4).
2798 852 2936 909 Cum
2971 868 3100 923 ergo
3126 852 3430 921 pastoribus
3478 852 3679 918 talibus.
3707 868 3785 924 per

2222 958 2356 1014 quos
2383 944 2672 1000 Dominicte
2700 960 2829 1001 oves
2856 948 3196 1017 negliguntur
3215 956 3269 1018 et
3300 952 3542 1016 pereunt,
3584 946 3657 1002 sic
3700 946 3785 1003 Do-

2222 1037 2400 1091 minus
2426 1036 2976 1108 comminetur;quid
3022 1053 3121 1093 nos
3169 1036 3313 1093 aliud
3353 1036 3533 1093 facere
3579 1045 3781 1107 oportet,

2222 1129 2388 1186 frater
2439 1130 2777 1196 cbarissime,
2832 1146 2993 1199 quam
3036 1130 3354 1202 colligendis
3400 1139 3457 1187 et
3516 1128 3786 1186 referendis

2222 1226 2423 1281 Christi
2457 1225 2647 1282 ovibus
2674 1225 2940 1280 exhibere
2991 1223 3320 1294 diligentiam
3368 1223 3599 1293 plenam,
3623 1230 3675 1279 et
3715 1238 3789 1280 ea-

2224 1320 2407 1375 randis
2436 1321 2707 1389 lapsorum
2733 1318 3045 1374 vulneribus
3063 1327 3301 1387 paternae
3328 1318 3546 1389 pietatis
3564 1316 3789 1374 adhibere

2224 1413 2571 1478 medicinam,
2608 1411 2824 1483 quando
2880 1410 3139 1466 Dominus
3184 1410 3237 1464 in
3288 1409 3577 1480 Evangelia
3605 1417 3792 1466 moueat

2226 1515 2279 1560 et
2307 1506 2450 1560 dicat
2475 1522 2487 1557 :
2516 1503 2571 1559 Ν
2576 1522 2640 1560 ou
2661 1516 2734 1560 est
2765 1522 2895 1575 opus
2919 1506 3060 1559 sanis
3086 1503 3334 1572 ntedieus,
3358 1504 3450 1559 sed
3475 1503 3602 1558 male
3626 1502 3792 1559 habea-

2228 1598 2361 1654 tibus
2389 1598 2608 1671 (Matth.
2638 1614 2712 1662 ιχ,
2752 1598 2838 1669 ιε)
2852 1599 2875 1649 ‘t
2891 1596 3024 1652 Nam
3041 1606 3097 1652 et
3116 1598 3160 1651 si
3183 1606 3427 1666 pastores
3448 1596 3598 1653 multi
3618 1610 3793 1661 sursus,

2226 1709 2391 1748 unum
2425 1702 2602 1746 tamen
2644 1706 2862 1761 gregem
2914 1690 3205 1760 pascimus,
3250 1698 3307 1744 et
3352 1703 3484 1744 oves
3531 1688 3795 1752 universas,

2228 1802 2364 1857 quas
2385 1785 2633 1841 Christus
2664 1784 2924 1853 sanguine
2944 1797 3046 1838 suo
3076 1790 3131 1838 et
3160 1781 3413 1851 passimte
3429 1780 3685 1852 qutesivit,
3705 1780 3796 1837 col-

518 1887 642 1927 suas
664 1872 919 1944 dirigunt,
953 1874 1040 1929 ubi
1083 1874 1153 1929 sit
1184 1882 1330 1929 tutus
1358 1882 1411 1928 et
1462 1873 1712 1928 salutaris
1766 1873 2017 1927 introitus
2071 1883 2125 1926 et
2155 1877 2201 1938 B
2229 1878 2397 1949 ligere
2418 1887 2474 1931 et
2496 1878 2677 1931 fovere
2706 1875 2991 1942 debemus,
3022 1890 3121 1929 nec
3147 1876 3255 1945 pati
3285 1873 3555 1946 supplices
3575 1882 3627 1929 et
3645 1872 3798 1928 dolen-

517 1965 678 2018 statio
697 1966 923 2020 secura?
950 1976 1043 2020 aut
1064 1966 1109 2020 si
1143 1967 1194 2019 in
1222 1966 1305 2020 via
1338 1964 1613 2021 stabulum
1651 1965 1866 2037 aliquod
1890 1965 2122 2021 obsideri

518 2066 574 2111 et
604 2058 773 2113 teneri
805 2075 833 2112 a
858 2058 1159 2113 latronibus
1188 2059 1437 2123 euenerit,
1465 2067 1522 2111 ut
1560 2059 1801 2128 quisquis
1851 2057 2126 2128 ingressus

518 2149 1089 2213 literit,insidiantium
1113 2149 1223 2206 illic
1252 2150 1599 2205 infestatione
1625 2151 1905 2220 capiatur;
1937 2164 2119 2206 nonne

518 2253 890 2299 commeantes
916 2284 930 2306 ,
980 2241 1082 2299 hac
1110 2241 1367 2313 opinione
1406 2252 1716 2311 comperta,
1756 2239 1967 2297 stabula
2021 2241 2123 2297 alia

518 2335 573 2390 in
626 2333 821 2392 itinere
874 2344 1134 2405 appetunt
1191 2334 1413 2400 tutiora,
1468 2332 1560 2389 ubi
1605 2333 1715 2389 sint
1767 2333 1870 2389 tida
1938 2332 2126 2404 hospi-

520 2429 590 2482 tia
629 2438 682 2484 et
723 2428 1062 2499 receptacula
1103 2426 1536 2483 commeantibus
1595 2426 1745 2481 tuta?
1788 2426 1940 2495 Quod
1984 2441 2127 2481 nunc

518 2536 641 2578 esse
690 2520 829 2592 apud
873 2536 971 2577 nos
1006 2520 1190 2589 debet,
1240 2520 1407 2595 frater
1456 2519 1797 2589 charissime,
1826 2530 1883 2575 ut
1936 2521 2126 2576 fratres

519 2624 752 2684 nostros,
783 2615 873 2687 qui
900 2615 1082 2670 vitatis
1108 2614 1364 2671 Marciani
1393 2613 1628 2682 scopulis
1652 2622 1840 2683 petunt
1868 2612 2125 2668 Ecclesia:

519 2718 707 2778 portus
732 2710 1017 2775 salutares,
1047 2708 1409 2777 suspiciamus
1434 2706 1501 2761 ad
1532 2721 1632 2762 nos
1662 2716 1907 2783 prompta
1933 2715 1989 2762 et
2016 2705 2113 2761 be-

520 2796 678 2873 nigna
708 2801 1063 2869 humanitate,
1093 2809 1149 2856 et
1187 2801 1455 2857 stabulum
1508 2800 1936 2855 commeantibus
1989 2816 2126 2870 prm-

518 2898 744 2957 beamus
797 2896 901 2954 tale
928 2896 1089 2968 quale
1119 2904 1203 2952 est
1234 2900 1286 2951 in
1317 2894 1636 2966 Evangelia,
1675 2911 1782 2967 quo
1817 2910 1848 2950 a
1890 2894 2120 2951 latroni-

528 2991 627 3047 bus
655 2990 879 3046 sauciati
899 2998 954 3044 et
981 2988 1247 3043 vulnerati
1275 2989 1474 3059 suscipi
1498 2997 1554 3044 et
1579 2986 1748 3043 foveri
1774 2998 1830 3043 et
1861 2988 2021 3044 tutari
2049 2989 2118 3045 ab

519 3080 816 3138 stabulario
845 3080 1053 3151 possint
1080 3078 1262 3154 (Luca:
1283 3080 1362 3144 ι).

590 3187 680 3244 iV.
710 3189 842 3259 Qua:
870 3197 956 3245 est
973 3188 1117 3245 enim
1158 3187 1330 3258 major
1356 3196 1449 3243 aut
1469 3188 1660 3244 melior
1698 3204 1825 3245 cura
1859 3188 2123 3260 praeposi-

2233 1982 2311 2027 tes
2365 1970 2555 2025 fratres
2611 1978 2826 2025 nostros
2881 1968 3175 2026 crudeliter
3224 1968 3452 2040 despici,
3508 1976 3562 2024 et
3604 1965 3799 2036 superba

2229 2063 2585 2137 quorumdam
2645 2065 3064 2133 praesumptione
3113 2045 3344 2128 calcari,
3398 2077 3522 2117 cum
3578 2063 3800 2133 scriptura

2229 2159 2299 2212 sit
2325 2176 2338 2212 :
2375 2156 2480 2212 Ille
2498 2166 2690 2222 autent,
2720 2157 2803 2224 qui
2835 2165 3111 2210 contumax
3131 2165 3223 2220 est,
3245 2158 3322 2210 vir
3353 2155 3668 2226 suijactttns,
3699 2153 3803 2207 nihil

2230 2251 2439 2306 omnino
2469 2249 2842 2321 perﬁciet:qui
2865 2249 3098 2305 dilatavit
3123 2258 3386 2320 tamquam
3420 2250 3573 2323 inferi
3608 2250 3803 2305 animum

2228 2364 2377 2401 suam
2406 2345 2678 2417 (Hobaeuc
2707 2362 2767 2414 ll,
2796 2344 2850 2417 ν)
2884 2363 2898 2397 :
2928 2354 2985 2401 et
3005 2343 3269 2417 ejusmodi
3303 2344 3551 2400 homines
3582 2344 3804 2399 Dominus

2229 2441 2283 2495 in
2318 2439 2577 2509 Evanglio
2607 2455 2706 2495 suo
2730 2438 2915 2508 culpet
2940 2447 2997 2494 et
3044 2438 3261 2493 damnet
3289 2437 3478 2495 dicens
3513 2454 3528 2494 :
3584 2434 3680 2492 Vos
3709 2436 3805 2492 estis

2228 2535 2314 2603 qui
2332 2533 2637 2604 justiﬁcatis
2663 2550 2750 2588 vos
2772 2533 2823 2588 in
2846 2542 3120 2603 conspectu
3146 2532 3433 2587 hominum.
3481 2530 3617 2587 Deus
3665 2541 3805 2586 autem

2230 2627 2477 2697 dignoscit
2508 2627 2667 2681 corda
2687 2636 2852 2682 vestra
2882 2643 2900 2681 :
2928 2626 3171 2697 quoniam
3219 2625 3359 2693 quod
3404 2624 3656 2681 excelsum
3679 2634 3741 2679 est
3760 2623 3803 2678 in

2229 2719 2536 2786 hominibus,
2568 2720 2822 2774 eaecratio
2866 2733 2939 2774 est
2978 2720 3030 2773 in
3071 2730 3344 2789 conspectu
3380 2717 3477 2774 Dei
3500 2717 3672 2793 (Larte
3714 2731 3805 2783 ιιι,

2229 2811 2340 2886 15).
2375 2811 2720 2871 Execrabiles
2775 2825 2829 2870 et
2879 2813 3229 2870 detestabiles
3264 2812 3398 2868 dicit
3449 2828 3570 2869 esse
3615 2810 3698 2883 qui
3721 2808 3806 2865 sibi

2230 2908 2496 2978 placeant,
2530 2908 2619 2979 qui
2651 2907 2839 2964 tumidi
2868 2918 2925 2964 et
2954 2907 3122 2963 inflati
3150 2906 3359 2978 aliquid
3391 2908 3494 2961 sibi
3522 2914 3805 2977 arroganter

2227 3011 2526 3057 assumant.
2580 3002 2659 3057 Ex
2708 3003 2899 3073 quibus
2946 3017 3069 3057 cum
3100 3000 3404 3056 Marcianus
3433 3014 3559 3056 esse
3585 2996 3801 3063 coeperit,

2228 3104 2282 3152 et
2307 3110 2366 3151 se
2394 3095 2691 3153 Novatiano
2730 3094 3087 3167 coniungens,
3120 3094 3469 3150 adversarius
3524 3092 3803 3149 misericor-

2227 3190 2329 3246 dia:
2357 3200 2408 3245 et
2434 3191 2647 3260 pietatis
2671 3189 2978 3256 exstiterit;
3006 3188 3329 3246 sententiam
3373 3203 3486 3244 non
3532 3187 3689 3253 dicat,
3731 3182 3808 3241 sed

521 3292 697 3335 torum
725 3276 776 3347 ἀ,
818 3296 978 3350 quam
1006 3280 1248 3350 diligenti
1289 3280 1653 3336 sollicitudine
1677 3290 1734 3335 et
1789 3282 1997 3337 medela
2038 3296 2125 3336 sa—
2151 3286 2196 3351 C
2229 3283 2457 3354 accipiat
2487 3301 2500 3338 :
2536 3297 2638 3339 nec
2665 3284 2746 3339 sic
2770 3291 2893 3355 agat
2919 3284 3072 3354 quasi
3103 3284 3217 3351 ipse
3242 3281 3575 3352 judicaverit
3608 3282 3674 3337 de
3710 3277 3808 3335 col-

518 3371 657 3428 luhri
683 3370 930 3429 fovendis
947 3381 1002 3427 et
1028 3372 1423 3432 conservandis
1441 3372 1630 3428 ovibus
1657 3373 1979 3444 providere?
2000 3388 2121 3429 cum

520 3465 784 3523 Dominus
813 3464 1067 3538 loquatur
1092 3474 1147 3521 et
1172 3463 1316 3521 dicat
1352 3484 1365 3521 :
1392 3464 1545 3533 Quod
1573 3466 1893 3534 inﬁrmatam
1917 3476 1989 3523 est
2020 3483 2122 3521 non

518 3559 864 3629 confortastia,
895 3567 944 3614 et
963 3557 1101 3624 quod
1130 3556 1265 3612 male
1291 3557 1469 3613 habuit
1499 3574 1600 3613 non
1638 3557 2028 3622 corroboratis,
2074 3568 2124 3613 et

517 3651 655 3722 quod
681 3651 1078 3705 contribulatum
1107 3660 1183 3705 est
1227 3666 1330 3705 non
1373 3650 1755 3718 consolidastis,
1790 3661 1836 3705 et
1880 3652 2017 3722 quod
2044 3669 2126 3707 er-

516 3744 648 3800 ravit
688 3760 793 3800 non
843 3744 1142 3808 revocastis.
1200 3752 1245 3799 et
1275 3743 1410 3817 quod
1451 3742 1600 3813 periit
1650 3760 1751 3799 non
1808 3743 2126 3812 inquisistis:

516 3848 563 3893 et
594 3836 841 3904 diapente
858 3845 979 3893 sunt
1007 3851 1121 3893 oves
1143 3849 1288 3899 mete,
1328 3852 1385 3890 eo
1406 3836 1544 3907 quod
1564 3852 1668 3890 non
1710 3836 1810 3891 sint
1865 3846 2129 3905 pastores;

516 3939 564 3984 et
584 3934 734 4002 facta
758 3940 878 3985 sunt
906 3933 961 3985 in
983 3942 1322 3985 comesturam
1343 3930 1579 3985 omnibus
1607 3930 1776 3985 bestiis
1797 3932 1911 4002 agri
1946 3942 1994 3985 et
2024 3948 2127 3986 non

518 4022 617 4095 fuit
636 4023 723 4094 qui
746 4023 1043 4095 inquireret,
1071 4037 1231 4099 neque
1254 4023 1342 4095 qui
1379 4032 1657 4079 revocaret.
1690 4021 1973 4093 PrOpterea
2018 4024 2128 4078 Iuec

2225 3377 2367 3448 legio
2389 3358 2753 3445 sacerdotum,
2786 3376 3002 3450 quando
3026 3378 3141 3449 ipse
3169 3376 3238 3433 sit
3260 3376 3329 3433 ab
3360 3376 3627 3434 universis
3651 3385 3808 3432 sacer-

2226 3471 2441 3528 dotibus
2452 3471 2746 3543 judicatus.

2298 3651 2365 3709 ν.
2388 3650 2703 3709 Servandus
2748 3660 2835 3707 est
2878 3651 3022 3706 enim
3070 3662 3479 3707 antecessorum
3529 3658 3807 3706 nostrorum

2229 3745 2510 3802 beatorum
2547 3755 2844 3818 martyrum
2884 3741 3121 3800 Cornelii
3151 3755 3205 3801 et
3235 3744 3385 3802 Lucii
3439 3744 3616 3802 honor
3640 3741 3809 3817 glorio-

2231 3853 2325 3895 sus
2356 3856 2368 3893 :
2398 3853 2626 3908 quorum
2652 3840 2972 3894 memoriam
2999 3854 3122 3894 cum
3151 3853 3251 3893 nos
3279 3837 3632 3905 bonoremus,
3662 3834 3809 3892 multo

2232 3930 2401 4003 magis
2432 3940 2509 3997 tu,
2536 3934 2700 3987 frater
2724 3932 3063 3998 charissime,
3107 3929 3468 3987 honorificare
3515 3939 3572 3987 et
3616 3939 3810 3985 servare

2229 4024 2492 4096 gravitate
2541 4034 2597 4079 et
2639 4027 2956 4083 auctoritate
3000 4035 3088 4083 tua
3140 4024 3327 4093 debes,
3372 4026 3468 4099 qui
3508 4022 3729 4083 vicarius
3768 4025 3810 4077 et

1723 4117 2109 4176 LECTIONLS
2149 4120 2236 4176 VA
2247 4120 2566 4177 RIANTES.

585 4212 613 4277 ξι
646 4211 1026 4277 Supersuatque
1051 4211 1303 4277 et‘diehus
1328 4213 1487 4264 Oxon.

584 4268 617 4315 ι
654 4268 761 4335 Otia
787 4268 1010 4339 pastores
1032 4274 1184 4327 utiles
1212 4278 1331 4326 Ver.

2294 4216 2320 4279 ‘3
2357 4214 2711 4279 Navigantibus
2739 4218 2859 4266 Ver.

2294 4276 2323 4318 ἆ
2358 4276 2509 4341 Major
2533 4287 2783 4345 pastorum
2817 4283 2935 4330 νιν.
2963 4279 3097 4331 Fax.

1831 4358 2193 4418 VARIORUM
2233 4361 2465 4417 NOTAL‘.

593 4451 755 4506 Annis
782 4451 895 4507 istis
922 4451 1289 4523 superioribus.
1336 4450 1463 4506 Haec
1502 4451 1753 4523 loquendi
1797 4451 1933 4508 ratio
1974 4453 2116 4508 Mar-

520 4526 733 4579 cianum
768 4539 876 4579 non
903 4524 970 4580 ab
989 4539 1095 4578 nno
1118 4534 1323 4579 tantum
1345 4539 1487 4579 anno
1503 4522 1782 4579 Novatiani
1814 4526 2003 4581 Incresi
2025 4527 2121 4579 ad-

521 4594 932 4678 d.ict.'ttm_fuisse
975 4597 1191 4678 indicat.
1234 4594 1341 4678 sed
1371 4606 1425 4648 ιιι
1455 4611 1576 4677 eum
1617 4607 1740 4650 ante
1773 4594 1918 4678 duos.
1955 4613 2117 4678 ευριπ·
2146 4618 2198 4678 D
2224 4618 2378 4678 sua...
2456 4602 2692 4678 colligere
2733 4612 2797 4678 et

520 4665 695 4722 rior'es
737 4665 875 4722 hanc
920 4668 1115 4721 sectari
1147 4666 1379 4737 coopisse
1405 4667 1746 4738 sentiamus,
1792 4669 1919 4722 nihil
1951 4665 2115 4738 cogit.

520 4738 655 4795 Cum
688 4748 864 4793 autem
895 4737 1174 4793 Novatiani
1205 4738 1435 4792 μριιίδιιιει
1468 4754 1649 4794 menso
1676 4737 1836 4793 Junio
1865 4740 1990 4794 anni
2014 4737 2114 4795 '251

522 4809 761 4866 nondum
794 4818 1046 4865 exortum
1070 4820 1318 4880 ponatur,
1353 4812 1597 4880 sequitur
1620 4822 1673 4863 ut
1698 4809 1996 4865 Marcianus
2013 4811 2122 4865 No-

523 4883 725 4938 vatiani
763 4880 956 4937 hieresi
990 4898 1096 4937 non
1128 4881 1286 4952 longe
1324 4891 1447 4953 post
1489 4882 1638 4936 initia
1668 4883 1782 5009 ρὲις
1804 4882 2119 4938 :ttlttteserit.

1737 4968 2000 5009 OUS'I‘AN'I‘.

1737 4968 2000 5009 OUSTAN'I‘.

597 5022 827 5079 Glutlno.
853 5023 1079 5094 Quidam
1105 5022 1224 5079 libri
1257 5035 1468 5080 veteres
1499 5034 1553 5081 et
1591 5027 1821 5092 allllttlttl’
1850 5027 2119 5081 editiones

524 5095 723 5168 habent
748 5096 960 5167 glutine.
991 5098 1083 5152 Sic
1103 5098 1264 5168 etiam
1285 5097 1493 5168 legebat
1523 5096 1812 5168 veneriotts
1835 5098 2123 5168 episcopus

528 5167 882 5240 Vercetleusis
930 5170 981 5222 ιιι
1024 5168 1163 5222 libro
1209 5167 1274 5240 de
1321 5167 1527 5222 Unitate
1568 5167 1832 5221 Ecclesite.
1890 5167 2124 5240 Utraque

526 5238 689 5293 lectio
718 5239 854 5293 bona
881 5249 981 5295 est.
1014 5244 1189 5310 Atque
1214 5238 1283 5293 ob
1315 5254 1433 5294 eam
1457 5253 1674 5293 causam
1715 5249 1923 5295 mutare
1946 5238 2123 5295 uolui-

525 5325 667 5366 mus.
694 5310 891 5365 BALUZ.

603 5381 831 5435 Obsideri
860 5392 903 5436 et
944 5383 1118 5436 teneri.
1150 5380 1207 5435 In
1238 5381 1487 5451 vulgatis,
1521 5379 1567 5435 si
1593 5381 1722 5436 edit.
1758 5381 1931 5438 Oxon.
1977 5385 2125 5440 exci-

528 5453 664 5578 pias,
687 5454 899 5507 obtineri
922 5465 967 5508 et
999 5454 1188 5508 teneri:
1219 5468 1365 5508 mera
1390 5452 1702 5521 tautologia.
1724 5452 1801 5508 Ex
1823 5470 1925 5509 ms.
1958 5454 2122 5511 Corb.

554 5542 583 5577 ιι
624 5523 753 5578 edit.
799 5523 949 5578 Utton
1004 5526 1309 5578 rt'Sliltlltlm
1357 5534 1442 5578 est
1486 5524 1704 5578 obsideri
1743 5536 1788 5578 et
1842 5529 2017 5578 teneri.
2069 5529 2122 5578 lu

554 5542 583 5577 ιι
624 5523 753 5579 edit.
799 5523 949 5580 Oxon
1004 5526 1309 5580 rt-Stitntum
1357 5534 1442 5578 est
1486 5524 1704 5579 obsideri
1743 5536 1788 5578 et
1842 5529 2017 5582 teneri.
2068 5529 2125 5584 lu

528 5595 679 5667 Colb.
716 5595 942 5667 legimus
972 5597 1186 5651 obtineri
1213 5607 1259 5651 et
1287 5596 1527 5651 obsideri.
1552 5595 1858 5652 Consum.

616 5665 813 5722 Vitatis.
844 5668 1015 5741 Aliter
1046 5667 1228 5722 Batuz.
1259 5667 1476 5724 laetati.
1519 5666 1596 5723 Ita
1644 5684 1747 5741 nos
1793 5671 2128 5741 reposuimus

529 5754 629 5811 pro
651 5754 717 5811 eo
741 5740 884 5811 quod
904 5740 1167 5811 Manutius
1194 5749 1250 5795 et
1277 5741 1365 5794 alii
1396 5752 1519 5811 post
1538 5755 1660 5795 eum
1687 5739 1974 5796 ediderunt
2002 5745 2128 5807 vita-

532 5809 619 5866 tis.
655 5809 1105 5866 Eutettdationctn
1134 5822 1370 5867 nostram
1398 5809 1733 5868 conﬁrmant
1770 5821 1980 5870 veteres
2009 5816 2126 5873 edi-

536 5883 712 5939 tiones
737 5892 793 5940 et
814 5894 1044 5954 quatuOr
1070 5881 1197 5936 libri
1226 5892 1458 5954 veteres.
1489 5882 1684 5938 Bawz.

612 5954 699 6013 Ν.
732 5987 804 5999 -
832 5953 1159 6029 Reforendis.
1200 5953 1401 6010 Manut.
1451 5956 1772 6027 reperiendis.
1812 5956 2016 6017 Pamel.
2048 5974 2130 6014 re-

2225 4457 2467 4530 vocandis
2495 4475 2505 4508 :
2536 4457 2681 4530 quod
2733 4458 2926 4514 deinde
2971 4466 3264 4530 retentum.
3318 4454 3651 4514 Concinnius
3694 4465 3803 4530 mss.

2227 4527 2381 4584 Colb.
2424 4527 2591 4603 Corli.
2638 4541 2741 4585 etc.
2778 4531 3085 4603 refovendis.
3120 4531 3208 4583 Sic
3255 4529 3447 4603 iul”ra,_
3474 4529 3605 4585 θυαε
3634 4528 3805 4581 uniuer-

2863 4606 3031 4672 fovere
3080 4603 3337 4655 debentur.
3406 4599 3712 4672 Consum.
3747 4622 3806 4636 —-

2227 4670 2680 4743 Refovendisflta
2733 4670 2928 4728 habent
2984 4688 3175 4728 omnes
3219 4673 3486 4730 editiones
3527 4670 3803 4729 Patttrliana

2226 4746 2578 4813 antiquiores.
2638 4745 2904 4800 Pamelius
2932 4745 3088 4813 igitur
3116 4746 3341 4799 mutavit
3376 4754 3430 4798 et
3455 4745 3801 4798 auctoritatem

2229 4816 2347 4891 libri
2376 4815 2828 4891 (latnberouonsis
2848 4828 3063 4891 secutus
3090 4820 3308 4885 scripsn
3329 4815 3652 4891 revocandis,
3674 4813 3801 4891 aiens

2227 4901 2286 4940 se
2316 4885 2452 4940 lianc
2483 4888 2763 4943 lectionem
2799 4888 3051 4957 praeferre
3074 4891 3287 4943 excusis
3317 4889 3593 4947 omnibus.
3631 4886 3679 4957 iu
3702 4885 3799 4952 qui-

2228 4957 2325 5011 bus
2347 4961 2423 5011 ait
2444 4959 2541 5025 logi
2564 4955 2885 5027 reperiendis.
2924 4960 2980 5015 lu
3011 4975 3116 5029 quo
3146 4961 3327 5027 lapsus
3367 4959 3509 5013 haud
3537 4955 3691 5029 dubie
3713 4965 3801 5007 me-

2210 5031 2412 5097 moriae
2440 5030 2533 5084 fuit
2569 5032 2619 5084 ιιι
2666 5033 2920 5087 Patnelio.
2964 5030 3096 5085 Nam
3140 5046 3330 5085 manes
3377 5028 3565 5085 excusi
3615 5036 3797 5081 veteres

2231 5099 2428 5154 habent
2458 5103 2740 5167 refovendis
2761 5146 2774 5164 .
2806 5120 3030 5171 eantque
3054 5104 3216 5158 etiam
3249 5103 3533 5156 lt-etiotietn
3562 5098 3795 5171 exhibent

2230 5187 2322 5226 sex
2352 5165 2675 5241 exemplaria
2694 5186 2890 5229 vetera.
2915 5165 2981 5230 Ut
3009 5189 3229 5230 minime
3250 5173 3485 5229 dubitari
3513 5165 3799 5244 poSs'itquin

2231 5243 2347 5298 iure
2375 5246 2443 5298 sit
2472 5261 2594 5299 vera
2629 5246 2808 5301 lectio.
2839 5246 3022 5300 Codex
3052 5244 3314 5300 Fuxensis
3342 5243 3797 5314 habet'repmon-

2230 5315 2330 5369 dia.
2362 5314 2668 5371 Lertionem
2702 5334 2863 5387 porro
2894 5334 3051 5388 quam
3080 5335 3180 5372 nos
3224 5308 3796 5373 revocavitnus'ctmﬁr'

2230 5397 2376 5458 munt
2416 5403 2477 5443 ea
2520 5404 2641 5458 qua:
2696 5406 2821 5444 mox
2873 5405 3188 5456 sequuntur,
3234 5406 3349 5444 oves
3392 5389 3648 5443 universas
3692 5392 3795 5458 qm

2232 5457 2463 5515 Christus
2488 5456 2733 5530 sanguine
2770 5478 2863 5517 suo
2891 5474 2937 5516 et
2975 5463 3211 5532 passione
3248 5460 3476 5532 quesivit
3518 5456 3795 5528 colligere“

2231 5532 2421 5602 fovere.
2456 5532 2651 5589 BALUZ.

2303 5600 2568 5672 Per/iciet.
2614 5602 2792 5657 Codex
2822 5602 2977 5661 Colb.
3004 5621 3127 5660 cum
3154 5602 3316 5660 Corb.
3364 5598 3791 5673 proﬁciet.ASupra

2233 5668 2420 5746 tanien
2440 5676 2534 5736 En.
2552 5692 2628 5741 XI,
2651 5675 2715 5730 atl
2740 5674 2956 5730 Curuel.
2993 5694 3046 5732 ll.
3073 5677 3127 5741 5,
3157 5685 3332 5733 exstat
3356 5668 3788 5746 perﬁcietﬁousr.

2306 5744 2623 5821 Exsecratio.
2659 5747 2799 5821 idem
2822 5747 2991 5821 codex
3014 5747 3309 5815 Fuxeusis,
3330 5742 3623 5821 execrabile.
3646 5742 3789 5821 Quam

2234 5817 2519 5892 lectionem
2549 5819 2869 5892 continuare
2899 5820 3145 5892 videntur
3174 5811 3450 5892 sequentia
3467 5858 3485 5886 ,
3516 5811 3790 5872 execrabile!

2232 5899 2279 5944 et
2306 5888 2629 5964 detestabiles
2646 5891 2769 5964 dicit
2793 5908 2917 5946 esse.
2949 5891 3148 5964 Bawz.
3251 5888 3270 5892 “
3304 5962 3315 5964 ᾼ
3685 5953 3710 5964 Α,

2307 5958 2446 6014 V.—-
2464 5960 2715 6019 Vicarius.
2733 5962 2809 6019 lta
2827 5963 3023 6036 passim
3042 5971 3262 6023 vocatur
3290 5962 3561 6021 Romanus
3578 5951 3786 6033 pontifex
