4008 6320
219 361 324 424 991

1677 355 2047 419 APPENDIX.

3416 353 3523 414 998

221 491 500 534 successor
526 491 711 534 eorum
751 486 778 515 τι
808 477 978 533 factus
1003 490 1080 533 es.
1131 477 1210 556 Illi
1240 477 1381 534 enim
1422 477 1564 549 pleni
1612 476 1813 547 Spiritu
1847 480 1891 539 A
1923 477 2262 532 manifestum
2304 486 2385 532 est
2420 491 2541 532 eum
2571 476 2802 548 Spiritus
2839 475 3009 532 sancti
3060 464 3341 532 veritatem
3397 489 3518 531 eum

224 570 335 633 Dei,
367 579 422 626 et
451 571 502 625 in
528 571 762 642 glorioso
780 572 1037 643 martyrio
1081 572 1385 634 Constituti,
1430 570 1660 625 dandam
1699 586 1820 626 esse

1927 574 2137 627 casteris
2177 588 2280 626 non
2329 584 2534 638 tenere,
2567 588 2723 644 quem
2753 571 2990 626 videmus
3032 571 3244 627 diversa
3298 569 3522 624 Sentire.

223 662 385 734 lapsis
408 679 590 733 pacein
622 674 967 732 censuerunt,
1011 674 1064 720 et
1090 664 1413 720 Pwnitentia
1435 676 1551 718 acta
1583 663 1816 718 fructum
1923 666 2176 736 Signilica
2211 668 2366 736 plane
2391 669 2543 724 nobis
2567 669 2685 737 quis
2711 669 2762 720 in
2789 668 2964 720 locum
2998 665 3250 720 Marciani
3299 664 3514 718 Arelate

221 758 724 814 communicationis
753 767 806 813 et
838 759 982 828 pacis
1010 760 1310 830 negandum
1341 774 1448 814 non
1482 773 1602 813 esse
1628 755 1821 811 litteris

221 851 332 906 suis
361 853 743 923 signaverunt;
771 869 928 923 quam
960 870 1073 908 rem
1115 868 1305 909 omnes
1359 855 1580 908 omnino
1630 852 1826 920 ubique

221 946 547 1000 censuimus.
579 945 766 1016 Neque
787 947 933 1002 enim
957 955 1165 1017 poterat
1195 963 1316 1003 esse
1341 947 1480 1016 apud
1506 959 1604 1001 nos
1632 960 1826 1002 sensus

221 1036 500 1106 diversus,
532 1038 586 1093 in
638 1039 832 1110 quibus
884 1055 1022 1096 unus
1071 1048 1217 1097 esset
1265 1040 1486 1113 Spiritus
1515 1038 1579 1094 ιιι
1611 1047 1663 1093 et
1708 1037 1830 1093 ideo

1929 759 2088 814 fuerit
2116 760 2456 828 substitutus,
2492 769 2548 815 ιιι
2567 759 2802 816 sciamus
2819 758 2884 813 ad
2903 773 3062 829 quem
3087 757 3279 811 fratres
3306 763 3522 811 nostros

1929 851 2160 922 dirigere
2188 862 2241 907 et
2275 853 2359 907 cui
2389 851 2626 907 Scribere
2674 850 2986 906 debeamus.
3041 849 3177 923 Opto
3235 859 3306 915 te,
3360 847 3532 907 frater

1931 947 2269 1014 cbarissime,
2305 961 2516 1018 semper
2542 945 2679 1002 bene
2705 945 2901 1001 valere.

1459 1130 1844 1189 LECTIONES
1884 1125 2298 1186 VARIANTES.

285 1226 314 1258 ⁸
346 1225 614 1279 Successor
638 1229 712 1280 eis
743 1230 863 1280 Ver.

2003 1224 2034 1263 ι)
2068 1224 2204 1275 Unus
2229 1229 2308 1274 est
2329 1222 2542 1287 Spiritus
2573 1225 2690 1274 Ver.

1555 1310 1920 1370 VARIORUM
1959 1309 2182 1367 NOTA'}.

223 1403 292 1477 ab
321 1404 555 1476 antiquis
591 1405 945 1474 scriptoribus
978 1405 1390 1472 ecclesiasticis,
1412 1417 1465 1462 et
1493 1406 1593 1477 ipsi
1616 1421 1830 1476 quoque

224 1474 464 1549 immani
492 1479 772 1546 pontiﬁces
811 1495 872 1534 so
911 1488 1173 1533 vocarunt
1201 1479 1429 1533 vicarios
1459 1474 1826 1549 apostolorum

223 1547 364 1602 Petri
392 1559 445 1602 et
477 1549 623 1606 Pauli
647 1561 700 1606 et
730 1550 956 1610 vicarios
981 1551 1292 1620 apostolica:
1319 1547 1654 1606 Sedis-Vide
1678 1559 1830 1604 notas

224 1629 438 1694 nostras
459 1622 526 1674 ad
549 1621 896 1694 Agobat'dum,
924 1639 1042 1693 pag.
1077 1622 1179 1694 ilo
1198 1665 1212 1690 ,
1240 1632 1292 1677 ct
1312 1623 1380 1676 ad
1410 1621 1612 1694 Lupum
1640 1620 1830 1694 Ferra-

222 1691 462 1760 ricnaem,
491 1693 756 1766 pag.425,
782 1703 836 1749 et
859 1691 1049 1749 tonuit
1080 1691 1632 1765 Cupitulariunt,'pag.
1668 1693 1826 1748 1285.

1489 1767 1685 1821 Bawz.

1933 1413 1989 1457 ut
2017 1403 2240 1457 diversus
2270 1401 2333 1456 sit
2377 1416 2549 1455 eorum
2592 1399 2756 1454 exitus
2786 1414 2998 1471 quorum
3026 1405 3099 1453 est
3128 1413 3229 1453 una
3268 1395 3534 1471 sententia.

1934 1475 2122 1530 Cicero
2164 1475 2217 1528 in
2243 1489 2279 1528 ll
2311 1473 2632 1542 Philippica:
2663 1471 2739 1526 Te
2777 1469 2952 1537 miror,
2986 1471 3190 1534 Antoni,
3226 1485 3398 1542 eorum
3429 1469 3539 1522 cici-

1939 1557 2047 1604 tutn
2077 1564 2176 1601 non
2204 1547 2554 1616 pertimescere
2580 1561 2798 1614 quorum
2822 1548 2960 1613 facta
2985 1543 3196 1616 imitere.
3228 1541 3424 1598 ΒΑιυι.

2012 1610 2288 1673 Μαιτὶὰηἱ.
2325 1618 2474 1676 Hunc
2500 1628 2549 1670 et
2578 1610 2959 1672 communione
2987 1615 3250 1683 privatum
3269 1625 3320 1667 et
3348 1630 3377 1665 a
3407 1610 3536 1683 sede

1937 1705 2030 1745 sua
2055 1691 2318 1758 dejectum
2345 1687 2507 1743 fuisse
2545 1687 2812 1753 colligitur
2839 1703 2868 1740 e
2899 1681 3171 1758 veteribus
3201 1681 3534 1758 Arelatensis

1938 1756 2179 1816 ecclesia-
2202 1760 2471 1832 diptycbis
2493 1775 2520 1812 a
2552 1759 2858 1814 Mabilionio
2879 1770 3065 1812 nostro
3078 1756 3270 1832 Annal.
3296 1763 3429 1810 tom.
3456 1769 3537 1818 ιιι,

301 1833 482 1908 Neque
506 1845 707 1904 poterat
736 1854 913 1894 tentus
944 1837 1192 1896 diversus.
1227 1839 1292 1894 Et
1322 1849 1497 1895 tamen
1532 1851 1716 1908 postea
1745 1835 1829 1908 di~
1861 1834 1908 1894 B
1939 1851 2058 1903 pag.
2084 1832 2210 1908 4.39.
2237 1829 2413 1908 editis.
2442 1833 2513 1908 in
2539 1833 2620 1884 Itis
2654 1845 2801 1885 certe
2843 1845 3035 1908 nomen
3059 1829 3174 1908 eius
3199 1868 3213 1892 ,
3242 1839 3542 1908 ponnsecus

222 1907 586 1993 versusninter
615 1908 938 1993 Cyprianum
973 1923 1026 1966 et
1056 1910 1390 1993 Stephanum
1421 1907 1740 1993 sensus-duit
1777 1907 1830 1993 in

223 1993 385 2053 causa
415 1978 672 2053 Baptismi
694 1981 1090 2053 iret-etieorum.
1122 1983 1485 2053 Hieronymus
1515 1981 1565 2035 in
1593 1978 1829 2046 Epistula

225 2050 296 2103 ad
317 2049 693 2120 Ctesiphontem
718 2052 975 2109 adversus
1005 2049 1352 2125 Pelagianos}
1383 2052 1493 2108 Nec
1525 2054 1637 2120 ﬁeri
1669 2059 1833 2113 potest

232 2157 2960 2188 ΨΜ

1935 1898 2096 1975 atque
2119 1905 2393 1975 Saturnini
2427 1905 2747 1957 Arianorum
2775 1901 3136 1975 antesignani,
3170 1899 3323 1975 cujus
3350 1898 3538 1975 fraude

1935 1969 2257 2048 ac'neqnitia
2279 1974 2509 2030 Hilarius
2543 1975 2868 2048 i’ictavensis
2905 1969 3187 2042 episeopus
3229 1972 3281 2025 in
3323 1969 3542 2025 exilium

1934 2059 2086 2103 actus
2110 2043 2221 2113 est,
2249 2047 2468 2101 minime
2495 2056 2792 2115 comparet.
2816 2043 3128 2100 Consum.

1381 2264 1610 2390 AP
1638 2257 2372 2394 PENDIX.

370 2462 962 2550 EPISTOL/E
1021 2462 1794 2550 DECRETALES
1843 2461 1940 2545 S.
2007 2458 2630 2544 STEPHANO
2689 2458 3410 2548 ADSCRIPT/E.

1643 2603 2146 2634 Mm—

229 2704 566 2762 EPISTOLA
615 2706 638 2763 Ι
677 2705 1022 2763 STEPHANI
1070 2703 1274 2762 PAPIE
1314 2705 1458 2762 lAD
1501 2702 1841 2760 HlLAIiIUM

829 2799 1230 2857 EPISCOPUM.

232 2910 620 2952 ABGUIENTUII.
641 2925 711 2935 —
732 2895 832 2962 Qui
859 2897 956 2950 sint
979 2896 1218 2967 infames,
1259 2904 1305 2950 et
1331 2896 1418 2965 qui
1443 2896 1512 2950 ad
1541 2897 1730 2966 gradus
1757 2912 1839 2952 ec-

310 2967 616 3022 clesiasticos
646 2968 722 3021 vel
747 2968 814 3021 ad
841 2969 1216 3022 accusationem
1248 2985 1349 3022 non
1380 2969 1482 3024 sint
1511 2970 1811 3024 admittendi
1825 2987 1845 3035 ;

307 3051 354 3094 et
385 3041 447 3093 de
467 3040 769 3096 vestimentis
796 3041 1164 3107 ministrarum,
1195 3051 1249 3093 ut
1274 3050 1476 3094 sacrata
1501 3042 1623 3098 sint.

307 3131 352 3188 l.
395 3133 496 3202 Qui
523 3135 630 3190 sint
673 3134 920 3200 infames,
954 3135 1037 3190 vel
1064 3133 1154 3204 qui
1186 3134 1253 3191 ad
1279 3133 1478 3204 gradus
1499 3135 1833 3191 ecclesiasti-

240 3241 362 3295 cos,
413 3228 528 3283 sive
559 3226 627 3283 ad
656 3228 1055 3283 accusationem
1082 3244 1189 3282 non
1219 3236 1344 3282 sunt
1366 3227 1703 3286 admittendi.

312 3317 377 3373 ll.
412 3318 484 3373 De
506 3318 806 3374 reverentia
867 3319 1167 3390 praepositis
1196 3318 1525 3376 exhibenda.

311 3409 400 3466 lii.
451 3411 527 3467 De
556 3413 892 3469 vestimentis
917 3414 1321 3471 ecclesiasticis.

239 3539 602 3584 υιιεοτιεειιιο
632 3543 825 3582 FRATRI
873 3544 1048 3592 Ατουε
1086 3545 1360 3585 FAMILIARI
1401 3545 1565 3586 AIICO
1607 3543 1845 3598 ιιιιΛιιιο,

289 3634 595 3676 ετΕΡιιΑΝυε
626 3636 928 3690 EPISCOPUS,
961 3639 1156 3678 ΙΝΤΙΙΑΕ
1185 3639 1500 3680 (ΞΙΑΙΙΙΤΛΤΙΘ
1530 3639 1798 3680 SALUTEM.

314 3733 650 3806 Quamquam
680 3752 892 3807 sperem
927 3736 1014 3808 (S.
1037 3735 1158 3802 Leo,
1191 3739 1342 3806 epist.
1372 3738 1465 3809 46)
1499 3736 1846 3794 dilectionem

242 3834 392 3881 tuam
419 3828 486 3882 ad
518 3846 678 3886 omne
707 3847 843 3901 opus
873 3832 1068 3884 bonum
1098 3846 1220 3886 esse
1250 3832 1522 3899 devotam,
1546 3841 1724 3888 tamen
1757 3848 1851 3902 pro

244 3919 630 3987 familiaritate,
646 3938 748 3992 qua
769 3923 923 3976 nobis
941 3922 1259 3991 coniunctus
1271 3939 1390 3980 esse
1406 3923 1772 3994 cognosceris,
1795 3932 1852 3979 ut

249 4020 338 4066 tua
362 4014 627 4068 efﬁcacior
644 4015 732 4068 iiat
750 4016 1029 4082 industria,
1053 4031 1348 4086 congruum
1381 4019 1536 4074 nobis
1570 4020 1740 4072 visum
1769 4028 1853 4073 est

248 4103 350 4159 bas
369 4103 711 4160 fraternitatis
735 4108 938 4161 litteras
957 4118 1061 4162 tua:
1078 4109 1351 4164 dilectioni
1372 4109 1571 4164 debere
1591 4110 1850 4181 dirigere.

248 4196 526 4252 MOuetnus
546 4211 615 4263 te,
637 4198 800 4254 frater
817 4200 1160 4266 charissima,
1181 4218 1398 4273 semper
1424 4205 1475 4258 in
1497 4205 1652 4258 bonis
1671 4220 1856 4258 mane-

247 4306 333 4358 re,
348 4299 402 4346 et
424 4307 452 4344 a
475 4292 627 4345 malis
645 4307 856 4358 cavere;
875 4310 995 4349 cum
1014 4295 1170 4353 bonis
1185 4309 1238 4354 et
1257 4307 1416 4352 rectae
1433 4295 1554 4352 fidei
1575 4313 1639 4352 ac
1657 4307 1856 4354 Sancta:

249 4384 675 4438 conversationis
705 4384 1012 4443 hominibus
1038 4389 1255 4446 assidue
1297 4404 1440 4457 esse,
1476 4398 1530 4444 et
1565 4405 1595 4446 a
1633 4405 1853 4460 perver-

248 4475 350 4540 sis,
384 4490 446 4529 ac
477 4475 702 4532 fratrum
745 4479 1172 4545 insidiatoribus,
1213 4481 1316 4536 nisi
1343 4492 1400 4536 ut
1424 4497 1518 4537 eos
1543 4493 1856 4548 convertas,

249 4578 308 4624 et
346 4568 413 4623 ad
450 4571 793 4626 concordiam
837 4573 1084 4641 reducas,
1131 4577 1402 4644 separari;
1455 4577 1726 4646 quoniam,
1798 4587 1857 4633 ιιι

1873 3223 1921 3288 C

1946 2703 2141 2756 amicus
2164 2701 2366 2773 agnitus
2393 2711 2484 2758 est.
2511 2701 2538 2756 Ι
2547 2721 2578 2757 η
2604 2703 2752 2759 labiis
2772 2705 2878 2759 suis
2899 2705 3127 2759 indulcat
3155 2705 3408 2770 inimicus,
3431 2714 3476 2760 et
3500 2706 3555 2760 in

1948 2795 2100 2850 corde
2121 2811 2212 2850 suo
2234 2795 2522 2862 insidiatur,
2540 2808 2593 2850 ut
2620 2797 2872 2851 subvertat
2899 2807 2945 2852 te
2969 2799 3020 2851 in
3043 2802 3258 2868 foveam.
3280 2797 3346 2850 Et
3367 2797 3454 2868 qui
3479 2806 3554 2852 te-

1953 2893 2122 2962 tigerit
2146 2893 2328 2963 picem,
2347 2891 2697 2959 inquinabitur
2717 2891 2779 2945 ab
2807 2909 2885 2946 ea.
2903 2889 2972 2945 Et
3000 2894 3086 2963 qui
3111 2892 3558 2946 communicaverit

1949 2989 2188 3056 superbo,
2225 2997 2246 3022 ο
2277 2986 2516 3040 induatur
2560 2987 2817 3056 superbia.
2883 2985 3100 3041 Pondus
3129 3003 3282 3058 super
3309 3003 3364 3040 se
3403 2985 3556 3053 tollit,

1951 3081 2039 3150 qui
2069 3081 2346 3134 honestiori
2373 3098 2426 3135 se
2453 3082 2816 3135 communicat.
2869 3079 3064 3136 Ditiori
3101 3091 3146 3136 te
3198 3097 3260 3135 ne
3292 3077 3451 3152 fuerit
3475 3097 3560 3135 so-

1951 3177 2081 3230 cius.
2141 3176 2277 3242 Quid
2301 3176 2693 3230 communicabit
2735 3176 2953 3232 cacab’us
2980 3177 3048 3230 ad
3075 3176 3232 3231 ollam
3257 3177 3282 3230 ?
3332 3175 3554 3244 Quando

1953 3284 2007 3322 se
2036 3268 2336 3336 colliserint,
2377 3270 2750 3341 confringetur.
2811 3267 2963 3324 Dives
3003 3270 3192 3342 injuste
3235 3279 3349 3340 aget
3381 3278 3428 3322 et
3455 3272 3559 3340 fre—

1954 3375 2074 3429 met,
2120 3378 2314 3432 pauper
2359 3373 2528 3417 autent
2570 3361 2720 3418 laesus
2758 3363 2957 3417 tacebit.
3021 3361 3081 3418 Si
3124 3363 3340 3434 largitus
3381 3361 3561 3434 fueris,

1954 3467 2174 3512 assumat
2227 3464 2311 3522 te;
2355 3466 2401 3510 et
2444 3457 2489 3511 si
2533 3473 2632 3512 non
2681 3457 2939 3524 habuerit,
3001 3457 3312 3529 derelinquet
3369 3465 3434 3511 te.
3505 3455 3566 3512 Si

1956 3548 2128 3617 habet,
2183 3549 2411 3603 convivet
2456 3558 2641 3617 tecum,
2690 3560 2735 3604 et
2775 3548 3036 3605 evacuabit
3095 3561 3162 3615 te,
3215 3560 3264 3605 et
3306 3550 3420 3620 ipse
3465 3564 3566 3604 non

1956 3642 2143 3697 dolebit
2195 3659 2349 3712 super
2391 3651 2469 3706 te;
2513 3643 2555 3696 ti
2595 3645 2910 3698 necessarius
2948 3643 3030 3697 illi
3081 3643 3259 3716 fueris,
3317 3642 3566 3712 supplan-

1957 3736 2079 3790 tubit
2123 3747 2186 3801 te,
2236 3747 2282 3790 et
2315 3735 2581 3790 subridens
2615 3753 2756 3802 spem
2805 3736 2963 3801 dabit,
3004 3753 3224 3791 narrans
3271 3735 3360 3789 tibi
3405 3736 3556 3802 bona,

1957 3841 2002 3887 et
2055 3833 2186 3887 dicet
2228 3848 2244 3885 :
2280 3831 2418 3899 Quid
2475 3849 2603 3902 opus
2655 3842 2728 3887 est
2780 3832 2911 3887 tibi?
2962 3830 3031 3886 Et
3088 3829 3366 3903 confundet
3421 3837 3468 3884 te
3513 3831 3568 3884 in

1958 3925 2084 3980 cibit
2113 3926 2238 3992 suis,
2269 3925 2429 3979 donec
2461 3936 2509 3978 te
2533 3925 2797 3978 exinaniat
2828 3925 2904 3978 bis
2946 3934 2993 3979 et
3020 3933 3125 3989 ter;
3153 3934 3200 3977 et
3223 3924 3274 3977 in
3297 3921 3568 3977 novissimo

1960 4017 2203 4071 deridebit
2253 4026 2318 4070 te.
2390 4015 2578 4071 Postea
2623 4017 2821 4078 videns,
2869 4017 3183 4087 derelinquat
3229 4029 3299 4082 te,
3340 4024 3571 4085 “caput

1960 4125 2106 4162 suum
2128 4108 2339 4163 movebit
2368 4108 2437 4162 ad
2467 4119 2531 4162 te.
2594 4108 2886 4163 Humiliare
2914 4106 3045 4163 Deo.
3074 4118 3123 4162 et
3151 4118 3360 4178 expecta
3386 4122 3571 4160 manus

1962 4205 2088 4275 ejus.
2140 4205 2384 4270 Attende,
2450 4199 2530 4259 ne
2557 4205 2792 4260 seductus
2836 4202 2863 4242 ἀ
2903 4205 2956 4258 in
3001 4204 3214 4259 stultitia
3268 4203 3571 4257 humilieris.

1970 4294 2096 4349 Noli
2129 4312 2236 4350 esse
2267 4297 2474 4352 humilis
2516 4298 2570 4352 in
2600 4297 2856 4369 sapientia
2887 4304 2996 4365 tua,
3043 4311 3128 4363 ne,
3175 4295 3492 4363 humiliatus,
3519 4296 3574 4348 in

1962 4389 2228 4445 stultitiam
2283 4392 2562 4448 seducaric.
2631 4392 2924 4448 Aduocatuc
2971 4409 3005 4448 a
3056 4392 3360 4462 potentiore,
3412 4390 3575 4445 disce-

1965 4480 2029 4535 de
2061 4497 2079 4534 :
2108 4498 2172 4536 ex
2192 4482 2286 4536 hoc
2313 4485 2446 4537 enim
2473 4485 2637 4553 "regis
2665 4493 2712 4537 te
2735 4483 3028 4539 advocabit.
3079 4482 3164 4538 Ne
3187 4483 3453 4552 inprobus
3482 4483 3572 4549 sic,

1968 4588 2031 4626 ne
2057 4573 2378 4646 impingaris,
2418 4584 2464 4628 et
2491 4592 2553 4630 ne
2590 4576 2740 4648 longe
2793 4578 2861 4631 sic
2888 4576 2952 4630 ab
2979 4592 3057 4648 eo,
3093 4585 3118 4612 θ
3160 4586 3206 4631 et
3235 4593 3320 4630 cat
3357 4578 3411 4630 in
3442 4576 3575 4630 obli-

252 4660 331 4717 ait
358 4661 674 4733 Apostolus,
706 4677 1038 4738 corrumpunt
1068 4667 1224 4723 bonos
1253 4685 1419 4724 mores
1440 4670 1690 4740 colloquia
1723 4667 1861 4723 mala
1890 4638 2184 4722 D'vionem.
2237 4664 2320 4720 Ne
2355 4669 2572 4724 retineas
2618 4685 2686 4723 ea;
2719 4666 2736 4705 ί
2779 4685 2923 4740 wqua
2951 4669 3090 4739 loqui
3116 4685 3231 4724 cum
3270 4669 3380 4734 illo,
3416 4677 3460 4726 et
3515 4685 3578 4722 ne

255 4755 304 4828 (i
332 4753 453 4812 Cor.
489 4756 604 4828 xv).
651 4759 715 4813 Et
741 4760 853 4830 ipsa
885 4776 979 4829 per
1005 4778 1066 4817 se
1103 4760 1312 4818 Veritas
1342 4762 1471 4819 dicit
1515 4780 1528 4816 :
1580 4761 1642 4815 Si
1681 4762 1861 4817 oculus

256 4861 380 4907 tum
428 4854 848 4910 scandalizaverit
875 4866 938 4920 te,
991 4872 1110 4911 erue
1162 4873 1277 4910 eum
1318 4867 1365 4912 et
1408 4858 1606 4927 prajicc
1634 4859 1724 4912 ab:
1778 4869 1843 4914 te.

259 4947 404 5006 Etsi
435 4967 616 5006 manus
663 4963 746 5005 tua
784 4951 1210 5006 scandalizaverit
1258 4961 1325 5020 te,
1382 4952 1620 5007 abscinde
1657 4971 1786 5018 eant,
1821 4964 1868 5010 et

260 5047 456 5117 projice
480 5046 567 5100 abs
595 5057 658 5100 te.
716 5045 965 5101 Similiter
994 5056 1041 5100 et
1072 5045 1136 5100 de
1168 5047 1295 5115 pede
1317 5047 1575 5117 agendum
1615 5058 1710 5110 est,
1745 5051 1869 5118 quia

260 5144 447 5198 melius
486 5152 559 5198 est
590 5142 696 5204 tibi,
739 5144 936 5196 luscum
981 5152 1069 5196 aut
1093 5143 1333 5196 claudum
1360 5144 1555 5198 intrare
1572 5145 1623 5197 in
1654 5159 1870 5216 regnum

261 5237 527 5294 caelorum.
551 5253 701 5307 quant
729 5237 858 5291 duos
889 5237 1088 5300 oculos,
1120 5247 1208 5290 aut
1235 5241 1364 5291 duas
1404 5255 1605 5296 manus.
1629 5248 1716 5293 aut
1745 5238 1873 5292 duos

262 5329 420 5400 pedes
441 5330 702 5382 nubentem
731 5328 860 5381 ntitti
892 5330 944 5384 in
972 5329 1258 5398 gehennam
1298 5330 1430 5398 ignis
1458 5329 1672 5401 (.llattlt.
1699 5344 1826 5384 xvm
1853 5344 1870 5394 ;

262 5420 463 5485 Mam,
484 5419 582 5492 ix).
602 5421 665 5475 Et
693 5422 742 5475 in
762 5422 1142 5477 Eccicsiastico
1170 5422 1438 5478 invenitur
1458 5423 1595 5478 itbro
1617 5441 1628 5477 :
1650 5425 1714 5478 In
1732 5424 1876 5477 bonis

259 5517 363 5574 viri
389 5516 581 5569 inimici
603 5514 872 5570 illinuln
901 5517 1108 5571 tristitia
1145 5533 1262 5574 vero
1298 5529 1344 5573 et
1389 5520 1440 5574 in
1488 5520 1686 5574 malitia
1735 5519 1876 5574 illius

1971 4760 2149 4814 credas
2180 4761 2351 4816 multis
2372 4763 2534 4817 rerbis
2563 4763 2724 4817 illius.
2786 4761 2872 4818 Ea:
2896 4765 3056 4818 multa
3078 4764 3210 4817 enim
3236 4763 3438 4832 loquela
3469 4771 3580 4818 ten-

1974 4857 2096 4910 tabit
2117 4867 2181 4920 te,
2212 4868 2256 4910 et
2286 4858 2548 4912 subridens
2584 4857 2914 4931 interrogabit
2943 4869 2989 4911 te
3017 4858 3080 4911 de
3120 4856 3428 4911 absconditis
3456 4856 3576 4910 tuis.

1974 4945 2196 5002 humilia
2213 4948 2416 5005 animus
2441 4949 2581 5006 illius
2611 4950 2926 5005 conservabit
2955 4949 3104 5005 verba
3126 4959 3236 5014 tua,
3260 4957 3305 5002 et
3329 4965 3428 5002 non
3457 4963 3580 5018 par-

1975 5050 2052 5096 cet
2114 5041 2176 5095 de
2220 5043 2417 5096 malitia
2464 5053 2511 5097 et
2560 5043 2624 5098 de
2667 5045 2904 5100 vinculis.
2954 5043 3089 5102 Cave
3125 5043 3236 5110 tibi,
3285 5052 3332 5100 et
3382 5040 3584 5098 attende

1978 5134 2250 5205 diligenter
2301 5137 2499 5191 auditui
2530 5147 2636 5205 tuo,
2687 5141 2925 5209 quoniam
2973 5155 3088 5192 cum
3126 5137 3448 5193 subvercionc
3495 5146 3585 5190 tua

1979 5233 2230 5288 ambulas.
2300 5234 2526 5292 Audiens
2571 5253 2686 5293 vero
2727 5237 2819 5292 illa
2860 5238 3007 5303 quasi
3056 5236 3109 5291 in
3157 5234 3370 5302 caninis,
3403 5232 3514 5288 vide
3535 5241 3584 5286 et

1980 5327 2233 5398 vigilabis.
2289 5329 2444 5387 Omni
2473 5335 2576 5387 vita
2606 5343 2694 5388 tua
2724 5335 2881 5405 dilige
2918 5333 3108 5399 Deum,
3142 5343 3194 5389 et
3219 5335 3397 5388 invoca
3437 5331 3587 5386 illum

1980 5421 2035 5474 in
2066 5425 2230 5474 salute
2273 5431 2381 5477 tua.
2448 5422 2612 5480 Omne
2631 5427 2825 5480 animal
2852 5426 3019 5498 diligit
3058 5425 3224 5480 simile
3270 5425 3388 5492 sibi,
3437 5425 3510 5478 sic
3535 5431 3584 5477 et

1983 5514 2148 5569 omnis
2192 5516 2342 5571 homo
2369 5520 2657 5589 proximum
2697 5519 2811 5576 sibi.
2871 5516 3050 5576 Omnis
3091 5534 3214 5574 caro
3261 5516 3332 5572 ad
3369 5514 3586 5572 similem

1523 5607 1910 5668 LiiCTlONES
1949 5605 2368 5666 VAiiiAN'I'ES.

331 5698 360 5763 ξ
382 5694 464 5763 Al.
486 5695 662 5763 induet,
681 5701 982 5763 superbiam.

330 5758 363 5802 ιί
385 5759 469 5811 ΔΙ.
491 5758 764 5814 stultitiam.

2042 5706 2156 5733 εΔι

2042 5706 2068 5733 ε
2153 5729 2156 5732 .

2040 5764 2065 5807 ί
2093 5695 2253 5815 $313?
2256 5737 2416 5828 ieqtto,
2439 5769 2492 5816 ut
2512 5762 2563 5817 in
2584 5765 2779 5831 uulgata
2794 5777 2920 5819 vera.

1606 5849 1969 5908 VARIORUM
1999 5850 2232 5908 ΝΟΤᾸΕ.

247 5946 268 6020 ξ
339 5941 793 6019 Eustochium
846 5953 901 6001 et
942 5959 1193 6016 sequens,
1225 5945 1529 6020 nonisecus
1565 5951 1646 6023 ac:
1675 5945 2070 6018 praecedentes,
2106 5943 2418 6002 adulterinae
2451 5945 2578 6002 viris
2606 5945 2826 6004 eruditis
2860 5956 3164 6005 censentur.
