4026 6328
248 286 384 349 1001

1719 278 1939 347 APPEN
1950 286 2061 345 [ΠΧ

3416 293 3555 356 1002

245 408 582 469 norificcntia
632 415 687 465 et
711 406 993 466 honestate
1019 423 1049 467 a
1086 407 1460 467 sacerdotibus
1496 406 1839 480 reliquisque
1866 408 1921 470 Α
2018 407 2121 463 nisi
2148 406 2216 461 ad
2241 404 2430 462 Sedem
2456 404 2791 476 apostolicam
2818 404 2973 479 fuerit
3005 406 3353 477 appellatum;
3400 420 3449 465 et
3490 414 3554 468 de

247 505 506 563 Ecclesia:
537 504 798 559 ministris
829 504 1155 570 celebratur,
1180 514 1232 561 et
1260 513 1468 560 sacrata
1499 502 1697 560 debent
1723 518 1848 560 esse

247 608 304 656 et
327 597 573 655 honesta.
614 598 817 668 Quibus
837 597 959 653 aliis
989 598 1041 654 in
1067 598 1272 663 usibus,
1296 613 1419 655 cum
1453 596 1585 665 Deo,
1611 595 1847 667 ejusque

250 692 470 750 servitio
486 701 797 749 consecrata
824 700 880 749 et
905 691 1151 748 dedicata
1180 693 1308 759 sint,
1339 705 1501 747 nemo
1530 689 1694 746 debet
1723 688 1848 756 frui,

250 801 410 859 quam
454 784 836 841 ecclesiasticis
885 793 941 841 et
993 784 1103 841 Deo
1152 783 1327 856 dignis
1352 782 1564 838 officiis.
1598 782 1729 849 Quae
1752 794 1853 837 nec

250 882 321 938 ab
368 880 489 936 aliis
530 879 730 937 debent
788 879 1028 951 contingi
1071 888 1163 934 aut
1210 878 1338 934 ferri
1393 877 1495 932 nisi
1546 892 1577 932 a
1630 874 1854 933 sacratis

248 972 594 1038 hominibus,
667 988 736 1029 ne
799 972 933 1028 ultio
987 987 1107 1043 quas
1146 969 1433 1026 Baltbazar
1486 983 1669 1041 regem
1725 982 1852 1040 per-

250 1067 441 1135 cussit,
482 1082 646 1137 super
703 1066 820 1123 hare
861 1064 1321 1139 transgredientes
1354 1074 1408 1120 et
1462 1063 1587 1119 talia
1644 1078 1854 1135 prmsu-

252 1170 463 1219 mentes
541 1161 722 1216 veniet
794 1158 1013 1228 divina,
1084 1167 1139 1216 et
1200 1173 1456 1216 corruere
1529 1172 1626 1214 eos
1694 1156 1856 1212 faciat

253 1256 447 1314 divinae
499 1253 718 1310 ultionis
765 1253 966 1325 justum
1022 1251 1291 1324 ﬂagellum
1342 1251 1410 1307 ad
1459 1251 1583 1306 ima.
1634 1248 1855 1306 Hrecil-

261 1350 329 1406 lis
364 1348 635 1420 partibus,
670 1347 865 1417 quibus
902 1348 1129 1402 moraris
1151 1388 1167 1414 ,
1213 1354 1268 1401 et
1298 1346 1351 1401 in
1377 1344 1628 1401 omnibus
1662 1343 1856 1415 quibus

254 1442 515 1514 potueris,
547 1441 758 1495 etinctis
792 1448 917 1495 nota
945 1439 1126 1504 facito,
1151 1447 1205 1494 et
1233 1437 1527 1494 observare
1557 1434 1854 1506 apostolica

253 1536 509 1593 mandato
539 1534 890 1601 auctoritate;
933 1533 1057 1605 quia
1104 1539 1160 1588 et
1201 1532 1369 1586 nostri
1399 1530 1662 1602 nobisque
1704 1543 1856 1585 com-

251 1631 403 1687 missi
434 1629 485 1683 in
514 1637 695 1683 sancta
713 1626 1007 1699 apostolica
1030 1635 1082 1681 et
1106 1624 1397 1680 universali
1431 1622 1698 1689 Ecclesia,
1731 1637 1855 1677 om-

252 1737 353 1780 nes
383 1721 498 1777 luec
526 1719 839 1785 observare,
882 1733 1025 1773 nunc
1050 1726 1104 1773 et
1146 1715 1340 1771 futuris
1371 1713 1704 1784 temporibus
1733 1727 1858 1782 pro-

254 1817 381 1873 fessi
428 1826 573 1872 sunt.
612 1815 706 1871 His
731 1815 981 1870 brevcter
1012 1812 1138 1879 tuis,
1184 1810 1370 1876 frater,
1401 1807 1686 1879 magnifice
1732 1822 1853 1863 res-
1882 1812 1932 1874 B

251 1909 417 1981 poudi
460 1908 674 1964 litteris.
714 1906 920 1975 Quibus
970 1915 1057 1960 tua
1097 1903 1313 1960 dilectio
1372 1902 1443 1957 ita
1489 1901 1753 1967 societur,
1801 1907 1859 1954 ut

255 2005 387 2062 nihil
414 2004 467 2060 in
499 2001 585 2059 his
614 2017 733 2073 quae
756 2000 823 2056 ad
866 1998 1187 2055 universalis
1215 1995 1475 2052 Ecclesiae
1512 2003 1708 2049 statum
1739 2006 1861 2063 per-

252 2102 469 2168 tinent,
528 2106 623 2153 aut
670 2095 834 2152 dubie
893 2103 1081 2166 agatur
1137 2101 1229 2147 aut
1280 2090 1519 2162 segniter
1568 2087 1678 2161 (S.
1730 2084 1856 2142 Leo.

256 2195 403 2267 epist.
421 2191 590 2262 XLVI).
617 2188 687 2245 Et
713 2205 835 2246 cum
866 2187 960 2243 tali
985 2185 1354 2243 moderatione
1383 2190 1606 2254 agantur
1630 2186 1821 2237 cuneta
1842 2221 1858 2247 ,

257 2299 317 2345 ut
349 2304 448 2344 nec
470 2284 857 2341 benevolentire
887 2290 1090 2356 partes,
1115 2296 1214 2337 nec
1237 2278 1459 2350 justitize
1489 2275 1857 2347 negligantur,

259 2381 354 2438 sed
400 2379 604 2451 absque
640 2392 989 2449 personarum
1020 2373 1331 2444 acceptione
1377 2370 1618 2426 divinum
1662 2368 1717 2422 in
1747 2382 1863 2422 om-

259 2474 418 2530 nibus
445 2472 701 2544 judicium
744 2469 1029 2540 cogitetur.
1060 2465 1212 2534 Quod
1254 2475 1311 2520 ut
1347 2473 1492 2520 recta
1523 2461 1864 2518 observantia

260 2566 438 2623 valeat
458 2563 737 2631 custodiri,
756 2561 1034 2618 catholica:
1052 2560 1299 2631 primitus
1317 2566 1562 2614 servetur
1582 2554 1707 2612 fidei
1729 2556 1864 2610 inte-

260 2660 447 2733 gritas.
481 2657 550 2714 Et
569 2656 689 2729 quia
711 2672 806 2727 per
827 2654 1003 2711 omnia
1031 2663 1254 2725 angusta
1276 2661 1330 2708 et
1356 2659 1501 2707 arcta
1518 2650 1601 2704 via
1620 2664 1738 2720 qua:
1768 2647 1867 2704 du-

261 2755 335 2809 cit
359 2752 425 2808 ad
448 2752 634 2816 vitam,
668 2763 842 2821 neque
875 2749 929 2805 in
951 2746 1221 2803 sinistram
1247 2759 1423 2817 neque
1453 2745 1509 2800 in
1529 2742 1770 2799 dextram
1799 2741 1867 2796 ab

260 2847 378 2920 ejus
404 2846 619 2903 tramite
647 2843 912 2901 devictur.

333 2942 465 2997 Data
489 2938 680 3011 quinto
706 2954 877 2995 nonas
897 2937 1045 3005 maii,
1066 2936 1356 2994 Valeriano
1380 2940 1435 2990 et
1460 2924 1760 2997 Gallican'o,
1788 2927 1870 2983 vi-

262 3033 337 3092 ris
367 3033 707 3100 clarissimis,
732 3031 1044 3089 consulibus
1068 3029 1251 3103 (Annis
1274 3028 1405 3094 254,
1435 3025 1546 3082 255
1572 3032 1619 3079 et
1644 3019 1797 3092 257).

855 3144 1189 3204 ΕΡΙΞΤΟΙιΑ
1222 3142 1266 3199 ΙΙ

809 3276 1065 3319 STEPHANI
1112 3273 1260 3315 PARS
1302 3273 1342 3312 Ῑο

265 3387 661 3444 Aneuuttu'runt.
690 3378 861 3433 --De
932 3376 1233 3451 expulsione
1273 3373 1651 3447 episcOporum,
1724 3376 1772 3424 et
1813 3379 1872 3423 ut

335 3478 580 3552 quidquid
636 3476 691 3531 in
730 3474 942 3530 sacratis
981 3471 1090 3526 Deo
1128 3469 1275 3525 rebus
1303 3479 1352 3525 et
1376 3466 1630 3539 episcopis
1684 3463 1873 3534 injuste

338 3576 526 3649 agitur,
555 3589 648 3647 pro
674 3568 943 3643 sacrilegio
974 3567 1328 3639 reputabitur;
1356 3574 1402 3620 et
1440 3573 1493 3618 ut
1534 3577 1632 3633 per
1679 3560 1874 3631 scripta

336 3669 531 3725 nullius
545 3665 802 3721 accusatio
831 3663 1158 3736 suscipiatur,
1179 3669 1225 3715 et
1253 3658 1317 3715 de
1337 3657 1453 3714 aliis
1476 3654 1707 3728 pluribus
1722 3661 1874 3723 atque

338 3763 548 3819 utilibus
576 3760 762 3815 causis.

267 3856 310 3911 I.
343 3854 418 3911 De
446 3850 853 3909 accusationibus
882 3848 1224 3905 sacerdotum.

265 3949 333 4005 Il.
360 3947 435 4002 De
454 3946 703 4017 episcopis
722 3944 870 3999 rebus
884 3946 989 3999 suis
1009 3939 1301 4011 expoliatis,
1323 3946 1411 3992 aut
1434 3953 1467 3991 a
1486 3936 1605 3991 sede
1621 3935 1800 4005 pulsis.

264 4039 356 4098 III.
389 4040 450 4098 Si
471 4040 585 4111 quis
610 4038 872 4109 episcopos
897 4034 977 4091 vel
1005 4044 1200 4090 actores
1232 4033 1335 4087 sive
1369 4032 1660 4101 defensores
1692 4027 1874 4084 Eccle-

352 4136 478 4200 siae,
521 4143 788 4204 antequam
832 4148 917 4187 eos
960 4129 1254 4186 charitative
1306 4127 1603 4192 conveniat,
1640 4139 1882 4180 accusare

342 4226 722 4301 praesumpserit
736 4267 752 4292 ,
775 4233 829 4278 ut
850 4224 916 4280 sit
959 4220 1266 4295 puniendus.

266 4323 359 4381 IV.
393 4323 494 4390 Qui
520 4338 621 4376 non
640 4319 854 4376 debeant
889 4317 1090 4372 admitti
1118 4316 1187 4371 ad
1211 4315 1601 4370 accusationem.

266 4418 334 4473 γ.
368 4417 756 4474 Accusationem
808 4431 898 4486 per
946 4412 1136 4484 scripta
1173 4427 1278 4466 non
1328 4408 1743 4479 suscipiendam,
1785 4421 1877 4462 nec

357 4512 607 4568 absentem
630 4524 776 4581 posse
794 4506 1027 4562 accusari
1044 4505 1120 4560 vel
1138 4519 1395 4567 accusare,
1414 4519 1505 4557 nec
1521 4500 1700 4558 debere
1716 4501 1794 4572 pri
1798 4516 1882 4555 us-

356 4623 506 4681 quam
528 4606 694 4661 locum
713 4604 932 4675 accipiat
952 4600 1232 4672 deferendi.

271 4700 360 4757 VI.
381 4698 459 4755 De
488 4698 791 4773 primatibus
819 4706 867 4750 et
894 4692 1322 4764 ntetropolitanis,
1355 4700 1402 4746 et
1427 4691 1490 4747 de
1517 4690 1732 4763 negotiis
1766 4688 1880 4761 epi-

345 4808 615 4859 scoporum
640 4790 709 4845 ad
734 4792 874 4862 ipsos
898 4787 1197 4858 referendis.

272 4884 384 4943 VII.
420 4885 488 4942 Ut
526 4884 793 4956 episcOpus
842 4890 1129 4947 accusatus,
1175 4879 1238 4935 ab
1279 4878 1513 4935 omnibus
1558 4876 1882 4951 comprovin-

343 4980 560 5036 cialibus
589 4977 840 5048 episcopis
877 4976 1137 5031 audiatur.

272 5072 408 5132 VIII.
459 5070 530 5128 Ut
559 5072 724 5128 omnis
743 5071 1003 5126 accusatio
1043 5070 1179 5125 intra
1206 5068 1520 5141 provinciam
1565 5067 1883 5130 terminetur,

2025 499 2431 555 accusationibus
2449 498 2797 553 criminalibus
2820 499 3112 572 implicatis,
3134 500 3213 557 vel
3231 517 3412 574 sponte
3431 523 3556 562 con-

2026 594 2202 664 fessis,
2232 602 2320 646 aut
2343 592 2465 647 olim
2489 592 2728 648 inimicis.

1954 683 2046 743 IX.
2077 684 2141 742 Si
2178 687 2391 740 clericus
2433 685 2727 757 episcopum
2760 686 3101 755 accusaverit,
3160 698 3247 744 aut
3285 690 3558 748 insidiatus

2135 782 2308 851 fuerit.

1955 870 2026 928 X.
2071 870 2131 929 Si
2170 871 2288 927 laici
2329 888 2409 928 res
2450 874 2817 931 ecclesiasticas
2852 875 3149 948 dispensare
3192 879 3422 938 debeant.

1956 965 2047 1021 XI.
2082 963 2162 1021 De
2183 970 2412 1037 personis
2436 979 2809 1025 accusatorum.

1954 1057 2072 1115 XII.
2102 1057 2181 1113 De
2203 1060 2639 1119 criminationibus
2666 1064 2962 1131 doctorum,
2990 1066 3068 1121 vel
3088 1070 3227 1135 quod
3254 1071 3437 1128 divinis
3469 1091 3561 1130 vo-

2030 1151 2169 1206 cibus
2190 1152 2421 1209 damnati
2454 1157 2718 1229 episcopos
2754 1176 2857 1214 non
2892 1172 3103 1231 possunt
3137 1181 3382 1224 arcusare
3406 1169 3484 1224 vel
3514 1170 3569 1224 in

2031 1264 2114 1302 eos
2142 1249 2422 1319 testiﬁcari.

1958 1378 2282 1426 STEPHANUS,
2322 1379 2538 1423 SANC’I‘E
2579 1384 2918 1427 APOSTOLICE
2972 1389 3039 1428 ΕΤ
3081 1389 3427 1434 UNIVEIISALIS
3470 1393 3569 1433 ΒΟ·

2031 1474 2192 1514 [ANJK
2228 1473 2498 1516 εοοιεειλε
2549 1478 2851 1531 EPISCOPUS,
2901 1480 3128 1523 OMNIBUS
3172 1484 3272 1524 PER
3311 1486 3568 1528 DIVEBSAS

2030 1568 2696 1612 PBOVINCIASCONSTITUTIS
2718 1573 3001 1627 EPISCOPIS,
3023 1576 3073 1616 IN
3087 1578 3283 1620 DOMINO
3298 1579 3566 1622 SALUTEM.

2033 1667 2328 1724 Plurimum
2356 1668 2653 1738 gaudemus
2673 1668 2727 1725 in
2755 1670 2979 1726 Domino
2994 1672 3081 1746 (S.
3113 1672 3236 1729 Leo.
3268 1679 3419 1747 epist.
3451 1676 3567 1750 XL),

1962 1769 2016 1818 et
2028 1762 2081 1816 in
2095 1761 2238 1817 dono
2250 1762 2436 1832 gratia:
2450 1763 2616 1832 ipsius
2629 1763 2944 1834 gloriamur,
2961 1766 3103 1836 quod
3126 1767 3261 1824 fides
3278 1779 3452 1824 vestra
3470 1785 3567 1841 per

1962 1855 2101 1910 bona
2120 1870 2283 1921 opera
2305 1854 2819 1926 crescitmagnilice,
2850 1866 2905 1913 et
2929 1857 3185 1914 dilatatur
3210 1862 3565 1932 amplissime,

1962 1947 2055 2003 sed
2085 1948 2245 2003 nimis
2275 1946 2565 2019 afﬂigimur
2587 1961 2639 2003 et
2673 1950 2987 2005 tribulamur
3016 1951 3085 2006 de
3126 1960 3303 2007 vestra
3342 1968 3572 2025 oppres-

1962 2040 2136 2107 sione,
2158 2056 2320 2112 super
2345 2056 2446 2111 qna
2468 2041 2707 2097 crebrior
2728 2045 3149 2099 commeantium
3179 2060 3350 2116 usque
3370 2046 3439 2101 ad
3470 2060 3570 2102 nos

1963 2129 2190 2186 fratrum
2230 2147 2409 2186 sermo
2445 2132 2684 2202 perlatus
2722 2140 2808 2188 est
2845 2132 3041 2206 (Idem,
3064 2136 3213 2205 epist.
3250 2151 3475 2193 Lxxxvu
3521 2145 3572 2192 et

1964 2222 2123 2295 seq.).
2149 2221 2266 2278 Non
2286 2232 2597 2293 oportuerat
2627 2223 2844 2293 quidem
2869 2225 2938 2279 ab
2965 2225 3068 2281 illis
3086 2241 3113 2277 a
3134 2227 3329 2297 quibus
3358 2237 3573 2285 susten-

1965 2325 2082 2372 tare
2109 2326 2159 2371 et
2190 2317 2388 2387 portari
2434 2325 2596 2388 atque
2635 2303 2887 2372 honorari
2928 2316 3236 2374 debueratis
3281 2321 3443 2375 tantis
3472 2335 3570 2377 vos

1967 2408 2410 2480 Oppressionibus
2458 2409 2693 2465 concuti.
2724 2409 3060 2481 Quapmpter
3087 2412 3449 2467 necessarium
3488 2422 3574 2470 est

1967 2511 2057 2571 ut,
2086 2504 2310 2560 remotis
2351 2505 2534 2559 talium
2569 2504 3132 2575 tergiversationibus,
3160 2506 3356 2576 quibus
3402 2522 3570 2564 vene-

1969 2612 2100 2654 nosa
2125 2598 2324 2652 malitia
2346 2596 2595 2665 revelari,
2622 2607 2803 2669 atque,
2824 2596 3099 2653 obscurari
3124 2598 3336 2653 bonitas
3357 2607 3411 2653 et
3430 2599 3574 2655 veri-

1972 2703 2051 2747 tas
2079 2691 2217 2746 solet
2239 2689 2431 2766 (Idem,
2454 2690 2604 2759 epist.
2632 2690 2828 2760 xxxv),
2856 2688 3239 2746 adminiculum
3262 2706 3368 2748 nou
3392 2692 3575 2747 modi-

1971 2799 2093 2841 cum
2126 2784 2279 2838 vobis
2303 2799 2331 2838 a
2359 2783 2609 2839 fidelibus
2632 2784 2995 2855 impendatur,
3020 2793 3183 2855 atque
3211 2784 3279 2841 ab
3298 2786 3396 2840 bac
3415 2800 3574 2856 apos-

1974 2877 2130 2933 tolica
2160 2877 2301 2933 Sede
2336 2875 2679 2948 suffragetur,
2732 2893 2870 2948 quos
2921 2892 3019 2949 per
3067 2879 3301 2933 divinam
3348 2879 3575 2949 gratiam

1971 2969 2170 3027 Christi
2199 2972 2402 3027 auxilio
2425 2971 2641 3042 dignum
2667 2980 2751 3027 est
2777 2970 3040 3042 adjuvari,
3076 2987 3144 3028 ne
3192 2974 3247 3028 in
3276 2973 3443 3028 totius
3472 2973 3579 3030 Ec-

1973 3066 2154 3123 clesiae
2206 3067 2667 3138 perturbationem
2723 3065 3038 3138 imprudens
3088 3068 3344 3138 procedat
3399 3068 3577 3125 inten-

1972 3158 2073 3223 tio,
2113 3167 2169 3214 et
2224 3174 2287 3214 ea
2328 3175 2448 3231 quae
2494 3175 2523 3212 a
2570 3159 2773 3215 sanctis
2829 3158 3317 3228 praedecessoribus
3355 3162 3579 3229 nostris,

1974 3261 2029 3310 et
2049 3253 2271 3325 reliquis
2317 3251 2519 3309 sanctis
2547 3251 2796 3308 Patribus
2822 3249 3023 3306 dudum
3047 3250 3259 3308 fuerant
3284 3251 3575 3322 prohibita,

1973 3350 2153 3407 denuo
2206 3346 2551 3404 reviviscaut.
2603 3345 2734 3401 Loci
2779 3360 3010 3417 namque
3075 3344 3244 3401 nostri
3290 3346 3389 3419 (S.
3422 3345 3576 3419 Greg.

1975 3444 2121 3517 epist.
2162 3459 2250 3507 XI,
2282 3441 2372 3497 lib.
2406 3439 2526 3512 xu)
2572 3439 3004 3496 consideratione
3049 3440 3465 3510 compellimur,
3511 3455 3577 3497 ea

1976 3554 2095 3610 quae
2128 3537 2194 3592 ad
2232 3536 2475 3592 notitiam
2514 3545 2754 3591 nostram
2800 3534 3133 3592 emendanda
3176 3544 3580 3605 pervenerunt,

1977 3641 2198 3704 propter
2228 3631 2510 3686 Dominum
2533 3645 2638 3685 non
2665 3630 3059 3701 derelinquere,
3088 3629 3183 3685 sed
3207 3629 3366 3701 digna
3395 3645 3582 3687 emen-

1978 3725 2195 3783 datione
2246 3724 2536 3795 corrigere.
2589 3723 2654 3778 Et
2701 3724 2745 3778 si
2795 3724 3142 3780 saecularibus
3193 3720 3387 3778 officiis
3444 3722 3581 3779 ordo

1977 3834 2109 3875 suus
2128 3860 2143 3887 ,
2170 3828 2226 3874 et
2251 3818 2442 3873 tradita
2469 3832 2496 3871 a
2525 3815 2818 3887 majoribus
2851 3816 3130 3886 disciplina
3162 3814 3423 3870 servanda
3463 3823 3579 3883 est,

1977 3912 2099 3984 quis
2134 3909 2270 3965 ferat
2312 3908 2707 3965 ecclesiasticos
2738 3907 2955 3963 ordines
2994 3905 3276 3961 temeraria
3313 3920 3579 3976 pra’sum-

1978 4004 2162 4076 ptione
2188 4000 2461 4070 confundi,
2481 4000 2661 4056 audita
2692 3998 2984 4071 negligere,
3008 4007 3063 4054 et
3095 3997 3448 4065 emendanda,
3471 4014 3579 4054 non

1980 4111 2137 4169 opem
2171 4094 2395 4152 ferendo
2411 4135 2426 4161 ,
2450 4104 2795 4165 postponere.

2047 4190 2092 4245 Ι.
2122 4188 2439 4246 Audivimus
2461 4186 2605 4242 enim
2638 4201 2732 4242 vos
2761 4202 2791 4240 a
2815 4185 3136 4257 quibusdam
3165 4187 3429 4255 accusari,
3472 4201 3582 4242 non

1978 4295 2086 4341 tam
2118 4299 2217 4355 pro
2256 4291 2431 4338 vestra
2486 4280 2665 4351 culpa,
2719 4294 2879 4351 quam
2914 4294 3011 4350 pro
3065 4294 3253 4335 eorum
3308 4280 3483 4348 libitu,
3528 4290 3588 4336 ut

1979 4388 2156 4436 vestra
2185 4392 2379 4447 rapere
2408 4375 2649 4445 possint:
2693 4383 2749 4430 et
2804 4374 2926 4431 ideo
2972 4389 3069 4430 vos
3114 4374 3275 4430 nimis
3319 4373 3483 4445 afﬂigi
3531 4384 3587 4433 et

1980 4472 2192 4530 concuti
2226 4473 2280 4527 in
2301 4479 2530 4534 tantum,
2569 4476 2626 4524 ut
2646 4469 2809 4525 etiam
2840 4484 2871 4524 a
2901 4468 3120 4525 sedibus
3149 4468 3384 4541 propriis
3414 4469 3586 4539 pella-

1983 4565 2135 4629 mini,
2164 4574 2220 4621 et
2247 4562 2338 4618 tali
2366 4562 2652 4618 occasione
2681 4560 2937 4616 Ecclesia:
2974 4560 3363 4632 facultatesque
3392 4571 3588 4617 vestra:

1903 4635 1959 4698 Ῑ)
1986 4669 2263 4716 vastantur
2289 4673 2349 4713 uc
2370 4655 2771 4728 depraedentur.
2790 4651 2922 4720 Ista,
2942 4653 3274 4719 cbarissimi,
3300 4668 3408 4708 non
3428 4667 3588 4724 opor-

1987 4765 2065 4815 tet
2092 4752 2231 4819 ﬁeri,
2282 4766 2382 4808 nec
2428 4750 2610 4807 denuo
2638 4749 2912 4820 replicari.
2948 4748 3152 4804 Tamen
3184 4762 3410 4804 necesse
3429 4755 3594 4804 estut

1985 4869 2108 4925 qua:
2130 4851 2289 4908 toties
2317 4855 2666 4919 usurpantur,
2716 4845 2915 4915 saepius
2944 4844 3273 4915 replicentur
3312 4853 3368 4900 et
3403 4843 3593 4914 prohi-

1990 4952 2240 5009 beantur.
2285 4944 2419 5002 Nam
2479 4939 2734 5014 quidquid
2789 4940 2843 4995 in
2900 4941 3127 4996 sacratis
3170 4939 3282 4995 Deo
3327 4940 3489 4994 rebus
3538 4947 3593 4995 et

1993 5040 2262 5122 episcopis
2290 5037 2489 5110 injuste
2514 5035 2711 5107 agitur,
2765 5046 2862 5103 pro
2908 5029 3193 5102 sacrilegio
3232 5030 3590 5101 reputabitur,

1592 5182 1683 5237 VA
1695 5174 1960 5237 BIOBUII
1988 5165 2220 5232 NOTAE.

275 5316 473 5376 tiones,
499 5326 635 5384 quos
671 5308 803 5366 dicit
827 5305 1082 5384 sacerdos
1113 5318 1235 5384 cum
1260 5314 1444 5384 sacras
1470 5306 1651 5384 vestes
1677 5294 1876 5384 indilit.

273 5367 533 5444 mines“
552 5383 852 5444 Diaconos,
898 5379 993 5434 lib.
1051 5394 1085 5433 ιι
1140 5372 1570 5449 VitteGregorii,
1611 5384 1731 5449 cap.
1786 5367 1880 5449 57,

274 5441 441 5515 refert
470 5454 790 5523 Gregorium
826 5441 1040 5522 papam,
1067 5447 1335 5523 interalia
1360 5441 1523 5523 dona,
1563 5441 1785 5523 misisse
1831 5441 1883 5491 in

275 5511 524 5601 Angliam
545 5511 865 5601 vestimenta
898 5511 1253 5601 sacerdotalia
1277 5526 1332 5573 et
1361 5514 1653 5601 clericalia.
1683 5511 1884 5601 ,ῚῚιροο

275 5581 517 5668 deret—us,
545 5599 638 5653 lib.
690 5612 729 5652 ιι
780 5595 952 5668 Hist,
1001 5608 1122 5661 cap.
1171 5590 1266 5668 j27,
1316 5586 1559 5668 lucininit
1613 5581 1889 5668 cujusdam

274 5655 443 5730 vestis
478 5655 646 5727 sacra:
700 5683 860 5739 quam
915 5655 1300 5739 Constantinus
1351 5658 1580 5739 Macario
1635 5655 1896 5739 episcopo

277 5725 446 5804 misit.
484 5725 651 5798 'Adde
702 5725 869 5811 quod,
925 5737 1114 5793 libror
1154 5742 1335 5811 contra
1367 5728 1666 5811 Pelagium,
1709 5725 1900 5811 scribit
1996 5730 2148 5811 usus,

279 5819 665 5889 Hieronymus,
714 5806 1023 5885 episcopos,
1074 5806 1423 5878 presbyteros
1467 5810 1629 5875 atque
1680 5810 1898 5854 omnem

684 5909 971 5979 νλτιιοι.
1018 5900 1131 5966 III.

1982 5289 2194 5346 clerum
2223 5280 2277 5335 in
2307 5270 2569 5346 sacrificii
2593 5263 3065 5346 administratione
3087 5261 3332 5346 candidis
3359 5265 3597 5346 vestibus

1985 5336 2282 5417 uti-siititos
2309 5347 2494 5401 fuisse.
2555 5342 2735 5410 Itaque
2772 5337 2874 5392 hoc
2924 5336 2990 5389 de
3041 5336 3209 5417 sacris
3255 5337 3596 5417 vestimentis

2292 5419 2590 5477 decretum,
2642 5406 2746 5497 non
2791 5417 2994 5497 tantum
3025 5406 3092 5461 ab
3149 5409 3266 5475 ipso
3320 5407 3598 5489 ipsinsque

1992 5478 2310 5575 quibusdam
2372 5482 2806 5575 antecessqribus
2860 5480 2995 5533 bene
3068 5493 3133 5531 ac
3210 5478 3598 5535 convenienter

2194 5569 2204 5575 .
2436 5567 2497 5575 ,_.
2553 5571 2624 5575 ac“
2676 5554 2830 5575 λαμ-..
2865 5560 2975 5575 ...ιιι
3005 5564 3142 5575 οιΑ-ιιι
3172 5558 3434 5575 οηιηηι-...η
3473 5554 3598 5575 ..-Ιη-

1995 5554 2391 5648 ὖίυιηηιςςιιιιιιι
2420 5567 2523 5648 est,
2551 5555 2645 5609 sed
2671 5554 2835 5648 eti:in
2865 5560 2977 5633 toto
3005 5564 3145 5633 pene
3172 5558 3434 5648 terrarum
3469 5554 3601 5648 mbo

1998 5620 2250 5703 ῧὶιὶίἰῖυέιέ
2270 5630 2486 5703 saeculis
2512 5620 2786 5703 recgptnm
2810 5621 2930 5703 fuit,
2955 5636 3018 5676 ac
3033 5620 3266 5703 pro_iiide_
3283 5622 3602 5703 earumdem

2180 5691 2332 5782 quasi
2359 5691 2889 5782 quiindiﬂ'ere'nssit
2932 5709 3042 5782 ‘non
3085 5691 3187 5746 nisi
3218 5692 3287 5782 ab
3333 5692 3602 5752 haereticis

1999 5763 2265 5860 rejicitdr,
2293 5763 2395 5833 vel.
2408 5773 2567 5845 plane
2593 5768 2898 5840 negligitur.
2932 5765 3190 5822 Sangam.
3224 5763 3343 5821 Βιῃ,

2850 5855 2930 5925 32
