4008 6320
440 270 585 331 1003

1189 258 1553 324 ΕΡΙΒΤΟΙΑΕ
1591 259 2043 321 DECRETALES
2077 260 2133 319 S.
2174 258 2538 319 STEPHANO
2565 254 2991 319 ADSCPJPTAL‘.

3590 253 3717 315 1004

438 389 565 460 quia
595 390 802 443 sacrata
830 386 972 449 sunt,
1006 387 1062 437 et
1089 379 1275 437 violari
1308 397 1337 436 a
1370 396 1638 455 quoquam
1678 397 1784 436 non
1811 379 2031 436 debent.
2061 380 2112 442 Α
2213 379 2279 436 γ.
2314 379 2423 435 Eos
2465 394 2678 451 quoque
2722 378 2848 435 dico
2894 372 3374 433 anathematizatos
3427 385 3551 429 esse
3601 387 3723 444 quos

516 480 580 538 ll.
607 479 796 535 Nullus
821 478 963 532 enim
991 474 1367 546 episcOporum
1402 474 1480 544 ('2,
1512 492 1562 546 q.
1594 473 1649 528 2.
1679 471 1872 527 Nullus
1901 472 2035 544 cpis~

2143 473 2377 546 episeopi
2407 475 2519 529 suis
2546 474 2762 541 scriptis
2791 471 3383 529 anathematizaveruut
3402 512 3417 533 ,
3442 478 3534 523 aut
3552 483 3728 527 eorum

445 574 737 650 ceperunt),
767 572 896 628 dum
936 571 1048 625 suis
1103 569 1263 624 fuerit
1309 568 1473 624 rebus
1516 567 1841 638 capoliatus,
1875 574 1966 621 aut
2006 580 2039 620 a
2139 575 2338 621 statuta
2361 567 2835 623 anathematizauit.
2861 566 2966 622 Per
2986 564 3187 634 scripta
3218 562 3356 636 (λιι.
3380 560 3440 632 8)
3461 561 3601 616 enim
3623 562 3730 616 uul-

444 669 576 725 sede
614 664 827 740 propria
859 663 1095 736 qualibet
1121 660 1407 718 occasione
1432 661 1617 733 pulsus
1639 703 1654 728 ,
1689 660 1850 716 debet
1876 674 2040 713 accu-

445 764 585 828 sari,
619 770 712 817 aut
745 776 774 815 a
806 774 1073 831 quoquam
1104 758 1154 814 ei
1198 765 1379 830 potest
1419 758 1623 811 crimen
1666 755 1824 826 objici
1846 796 1861 820 ,
1892 755 2043 825 prius

450 870 609 927 quam
646 853 994 924 integerrime
1029 861 1363 907 restauretur
1397 847 1616 923 (Concil.
1650 847 1803 904 Rom.
1837 864 1895 904 tu
1920 858 2040 914 etv,

445 947 537 1004 sub
575 946 865 1018 ngmac.;
896 941 1094 1016 Hadr.)
1128 961 1141 997 :
1174 952 1230 999 et
1258 942 1436 997 omnia
1464 957 1583 1014 quas
1606 940 1683 996 illi
1711 941 1886 997 ablata
1913 956 2048 1012 quo-

445 1054 675 1111 cumque
714 1037 931 1110 iugenio
972 1037 1205 1103 fuerant,
1237 1035 1449 1108 legibus
1490 1035 1963 1105 redintegrenlur,
1993 1042 2050 1089 et

444 1131 563 1202 ipse
585 1130 818 1203 propria:
847 1126 965 1184 sedi
991 1128 1289 1199 etpristino
1314 1126 1476 1195 statui
1507 1125 1822 1197 regulariter
1851 1112 2048 1181 redda-

446 1235 565 1290 tur,
591 1225 664 1280 ita
690 1231 748 1279 ut
777 1236 966 1278 omnes
1004 1221 1378 1292 possessiones
1407 1228 1464 1275 et
1491 1226 1680 1275 cuncta
1718 1216 1818 1273 sibi
1856 1216 2053 1288 injuste

445 1316 644 1383 ablata,
667 1322 831 1385 atque
871 1312 1078 1369 fructus
1104 1325 1313 1380 omnes,
1340 1320 1467 1367 ante
1509 1319 1718 1380 captam
1756 1311 2053 1365 accusatio-

449 1424 612 1477 nem,
642 1409 899 1479 primates
943 1415 998 1462 et
1025 1405 1265 1478 synodus
1287 1404 1543 1476 episcopo
1590 1402 1659 1458 de
1707 1417 1815 1473 quo
1857 1402 2052 1474 agitur,

448 1503 687 1560 funditus
732 1502 1056 1565 restituant;
1089 1501 1212 1572 quia
1242 1498 1346 1555 hoc
1384 1513 1491 1554 non
1523 1497 1697 1553 solum
1725 1496 2055 1553 ecclesiasti-

449 1614 527 1657 ca:
545 1640 562 1667 ,
590 1596 689 1655 sed
717 1596 881 1653 etiam
925 1595 1108 1651 saeculi
1138 1594 1289 1662 leges
1315 1592 1432 1649 fieri
1460 1592 1771 1664 prohibent.

525 1689 611 1747 Ill.
662 1688 849 1759 Neque
909 1686 1104 1758 aliquis
1153 1702 1364 1751 eorum,
1429 1696 1524 1741 aut
1591 1685 1942 1743 ecclesiarum
1970 1701 2061 1742 ac-

2143 658 2229 715 lus
2259 670 2281 697 ο
2314 660 2587 715 accusatio
2613 659 2959 730 suscipiatur,
2986 657 3080 715 sed
3113 656 3332 728 propria
3352 669 3507 719 voce,
3533 654 3578 708 si
3608 653 3729 725 legi-

2147 752 2275 808 tima
2297 761 2349 807 et
2368 751 2633 823 condigna
2660 752 2991 808 accusatoris
3020 763 3248 822 persona
3272 748 3455 813 fuerit,
3480 754 3734 817 praesente

2147 845 2400 901 videlicet
2424 862 2509 912 eo,
2536 860 2695 917 quem
2742 860 3000 902 accusare
3053 843 3359 909 desiderat;
3411 841 3540 912 quia
3571 840 3735 896 nullus

2148 941 2343 997 absens
2366 951 2457 998 aut
2486 941 2726 997 accusari
2754 951 2931 1013 potest
2950 948 3043 996 aut
3069 953 3342 995 accusare.
3360 935 3555 992 Nullus
3577 944 3737 992 tamen

2151 1034 2359 1106 praefati
2399 1035 2605 1091 ordinis
2632 1036 2713 1091 vir
2741 1033 2983 1092 accusari
3023 1042 3201 1105 potest
3237 1030 3480 1106 (Hincm.
3509 1046 3625 1102 cap.
3656 1028 3734 1096 15,

2154 1126 2245 1183 lib.
2288 1127 2392 1199 Lv)
2420 1170 2434 1196 ,
2466 1137 2559 1184 aut
2602 1129 2935 1199 respondere
2976 1128 3091 1182 suis
3132 1124 3547 1183 accusatoribus
3594 1122 3742 1179 debet

2155 1221 2468 1293 priusquam
2514 1223 2837 1294 regulariter
2876 1237 2909 1277 a
2954 1236 3055 1278 suo
3105 1220 3337 1291 primate
3384 1226 3610 1274 vocatus
3648 1216 3738 1286 sit,

2159 1310 2447 1385 locumque
2504 1312 2833 1370 defendendi
2885 1322 2942 1371 et
2982 1311 3010 1349 ά
3055 1310 3363 1384 inquirendi
3420 1309 3649 1381 accipiat
3683 1308 3742 1365 ad

2158 1405 2436 1463 abluenda
2462 1407 2716 1463 crimina.
3308 1448 3321 1463 .

2239 1500 2324 1557 Vl.
2354 1500 2493 1556 Nulli
2527 1499 2698 1574 (Idem
2720 1516 2878 1571 supra
2901 1499 2956 1556 in
2981 1498 3136 1555 Decr.
3170 1497 3368 1555 Aniceti
3414 1494 3590 1569 papa)
3617 1495 3745 1551 enim

2164 1595 2565 1665 metropolitani
2591 1602 2686 1650 aut
2708 1593 2801 1650 alii
2824 1592 3062 1664 episcOpi
3091 1591 3438 1664 appellentur
3476 1591 3744 1660 primates,

2167 1687 2270 1743 nisi
2314 1688 2369 1743 hi
2399 1687 2523 1759 quis
2558 1688 2760 1759 primas
2797 1689 2955 1743 sedes
2993 1696 3181 1743 tenent
3208 1685 3409 1757 (Hadr.
3444 1684 3565 1741 coll.
3592 1680 3678 1755 25)
3703 1690 3749 1739 et

452 1793 631 1841 torum
654 1783 740 1840 vel
760 1780 1106 1836 defensorum
1132 1778 1329 1849 (Hadr.
1358 1778 1478 1834 coll.
1512 1795 1629 1849 cap.
1660 1778 1714 1846 2,
1749 1794 1812 1833 ex
1839 1780 2059 1847 eam”,
2092 1778 2141 1846 B
2170 1796 2395 1852 quorum
2433 1779 2683 1837 civitates
2722 1780 2926 1851 anitiqui
2958 1781 3216 1851 primates
3252 1794 3376 1835 esse
3416 1784 3748 1833 censuerunt.

452 1893 595 1933 conc.
626 1890 658 1928 v
695 1871 1119 1943 Aurelianensis)
1169 1871 1235 1927 ad
1274 1871 1483 1942 aliquos
1517 1872 1663 1941 prius
1697 1872 1938 1927 accusari
1978 1872 2065 1928 de-

452 1971 575 2037 bet,
605 1983 766 2040 quam
814 1966 917 2038 ipsi
960 1965 1278 2022 cbaritative
1302 1966 1384 2021 bis
1422 1975 1515 2021 aut
1556 1976 1639 2023 ter
1678 1969 1745 2022 ab
1771 1968 1851 2023 eis
1882 1969 1973 2039 qui
2007 1984 2067 2025 se

455 2062 615 2121 laesos
634 2059 925 2128 aestimant,
946 2060 1031 2115 vel
1054 2074 1151 2115 eos
1180 2074 1278 2130 pro
1306 2056 1586 2131 aliquibus
1607 2061 1875 2116 erratibus
1896 2062 2068 2116 corri-

453 2171 584 2227 pere
608 2156 854 2226 cupiunt,
873 2155 1282 2222 conveniantur,
1315 2164 1373 2213 ut
1414 2155 1483 2209 ab
1512 2155 1593 2210 eis
1622 2166 1715 2211 aut
1746 2156 2064 2213 familiarem

454 2248 915 2316 emendationem,
946 2258 1039 2303 aut
1062 2234 1262 2317 justam
1286 2249 1589 2320 percipiant
1629 2252 2063 2309 excusationem.

456 2341 609 2411 Quod
632 2343 722 2413 qui
749 2341 1173 2412 praesumpserit,
1204 2342 1482 2397 liminibus
1531 2352 1779 2399 arceatur
1808 2344 2068 2401 Ecclesiae

456 2449 626 2505 usque
651 2433 718 2489 ad
740 2433 1060 2504 condignam
1091 2434 1531 2490 satisfactionem.

528 2525 620 2582 lV.
651 2525 1010 2582 Accusatores
1039 2526 1109 2597 (5
1129 2567 1143 2593 ,
1176 2543 1227 2597 ιι.
1260 2526 1326 2594 5,
1362 2526 1730 2594 Accusatores;
1755 2539 1802 2583 et
1832 2546 1990 2599 supra
2015 2532 2069 2585 in

458 2619 616 2675 Decr.
648 2617 987 2690 TelesOpltori
1011 2628 1060 2673 et
1087 2617 1244 2689 Julii)
1269 2634 1403 2675 vero
1430 2627 1485 2675 et
1525 2623 1899 2678 accusationes
1934 2638 2069 2694 quas

460 2712 646 2770 saeculi
678 2713 823 2784 leges
874 2728 983 2768 non
1014 2712 1298 2783 recipiunt,
1357 2722 1413 2767 et
1458 2722 1837 2769 antecessores
1894 2716 2067 2771 nostri

463 2805 878 2879 prohibuerunt,
908 2814 964 2861 et
993 2820 1094 2861 nos
1122 2805 1530 2861 submovemus.
1554 2804 1746 2861 Nullus
1769 2808 1915 2863 enim
1939 2808 2071 2865 alie-

464 2903 658 2973 nigena
687 2908 783 2956 aut
808 2908 1092 2956 accusator
1118 2914 1307 2957 eorum
1338 2899 1431 2955 fiat
1471 2911 1561 2955 aut
1600 2900 1787 2972 judex.
1837 2902 1988 2959 Unde
2017 2914 2073 2960 et

461 2995 531 3051 de
563 2994 699 3051 Loth
728 2992 986 3063 scriptum
1032 3002 1156 3049 est:
1180 2992 1454 3065 Ingressus
1482 3010 1536 3049 es
1566 3004 1619 3048 ut
1649 2995 1865 3064 advena,
1922 3013 2073 3051 nunt-

470 3088 591 3160 quid
620 3098 673 3142 ut
703 3088 898 3155 iudices
930 3084 1084 3160 (Gen.
1108 3086 1261 3159 XIX)?
1291 3086 1589 3141 Accusator
1628 3096 1809 3143 autem
1864 3100 2073 3145 vestro-

2168 1873 2379 1944 Reliqui
2430 1889 2592 1940 vero,
2623 1874 2713 1944 qui
2760 1885 2989 1929 caeteras
3026 1873 3480 1944 metropolitauas
3528 1871 3752 1927 civitates

2167 1967 2349 2038 adepti
2396 1978 2538 2032 sunt,
2573 1983 2678 2023 non
2730 1968 3016 2038 primates,
3064 1969 3159 2023 sed
3205 1977 3297 2022 aut
3340 1966 3749 2036 archiepiscopi,

2170 2072 2262 2118 aut
2294 2062 2689 2133 metropolitani
2719 2073 2996 2118 vocentur.
3028 2060 3199 2118 Urbes
3228 2059 3407 2135 (Dist.
3437 2060 3510 2118 90
3530 2101 3546 2126 ,
3578 2056 3752 2126 Urbes,

2170 2158 2257 2209 sed
2282 2156 2373 2210 sub
2399 2156 2603 2210 nomine
2630 2153 2795 2221 Lucii,
2821 2171 2923 2209 non
2951 2153 3228 2224 Stephani)
3250 2154 3398 2211 enim
3431 2160 3489 2209 et
3518 2152 3632 2207 loca
3659 2153 3759 2223 qui-

2170 2248 2271 2303 bus
2296 2247 2553 2319 primates
2582 2248 2874 2319 praesidere
2900 2247 3104 2302 debent
3130 2263 3269 2303 nona
3299 2244 3606 2312 modernis,
3634 2253 3654 2283 θ
3676 2242 3760 2301 sed

2172 2342 2335 2396 etiam
2389 2340 2573 2397 multis
2613 2349 2741 2395 ante
2776 2338 3103 2407 adventum,
3150 2339 3351 2396 Chrisxi
3402 2346 3531 2394 sunt
3574 2345 3761 2393 statuta:

2174 2435 2539 2505 temporibus,
2570 2448 2795 2504 quorum
2835 2433 3122 2504 primates,
3170 2433 3335 2489 etiam
3385 2430 3651 2502 gentiles,
3679 2442 3761 2500 pro

2176 2527 2470 2597 majoribus
2507 2527 2669 2581 etiam
2726 2525 2958 2597 negotiis
2995 2524 3358 2596 appellabant.
3393 2523 3453 2578 lu
3486 2522 3618 2593 ipsis
3652 2534 3762 2575 vero

2178 2619 2399 2679 urbibus
2426 2628 2549 2690 post
2577 2616 2773 2673 Christi
2827 2618 3140 2683 adventum,
3181 2615 3439 2687 Apostoli
3475 2625 3530 2672 et
3572 2626 3764 2670 succes-

2180 2730 2333 2771 sores
2364 2730 2550 2770 eorum
2603 2712 2935 2783 patriarchas
2968 2713 3055 2769 vel
3082 2712 3338 2783 primates
3369 2706 3765 2782 posuerunt,“

2188 2826 2329 2878 quos
2368 2807 2745 2879 episcoporum
2792 2807 3028 2876 negotia,
3059 2806 3205 2861 salva
3260 2806 3314 2863 in
3345 2804 3604 2860 omnibus
3629 2816 3765 2872 apos-

2180 2901 2341 2956 tolica
2380 2898 2730 2967 anetoritate,
2762 2907 2816 2955 et
2854 2899 3088 2970 majores
3137 2912 3344 2966 causae,
3379 2907 3507 2969 post
3535 2893 3765 2967 apostoli-

2177 3010 2295 3049 cam
2323 2994 2517 3049 Sedem
2561 3003 2688 3048 sunt
2734 2991 3055 3049 referendae.
3087 2992 3152 3046 Et
3179 2993 3323 3058 licet,
3369 2991 3633 3061 Apostolo
3662 3000 3767 3058 pro-

2180 3087 2399 3145 hibente
2430 3088 2473 3161 (ι
2492 3089 2613 3144 Cor.
2642 3087 2742 3159 νι),
2777 3088 2915 3141 inter
2937 3085 3274 3142 Christianos
3300 3100 3410 3140 non
3441 3085 3667 3141 debeant
3696 3097 3768 3138 ac-

479 3197 598 3236 rum
628 3180 808 3235 nullus
834 3180 904 3235 sit
932 3194 1122 3235 servus
1152 3177 1347 3249 (Hadr.
1375 3178 1498 3234 coll.
1529 3181 1686 3235 uariis
1717 3183 1858 3252 cap.)
1891 3191 1985 3237 aut
2017 3183 2080 3237 li-
2112 3206 2157 3269 ρ
2192 3185 2503 3239 cusationes
2551 3182 2813 3246 exerceri,
2853 3180 2948 3235 sed
2992 3181 3035 3234 si
3062 3179 3338 3250 prohiberi
3376 3194 3489 3234 non
3537 3176 3764 3249 poterint,

474 3274 681 3342 bertns,
709 3275 957 3345 nullaque
1001 3285 1251 3343 suspecta
1297 3289 1528 3344 persona
1570 3285 1663 3331 aut
1700 3276 1933 3331 infamis.
1968 3277 2078 3333 Re-

473 3368 741 3437 pellantur
764 3368 926 3423 etiam
954 3367 1325 3423 cohabitantes
1357 3367 1610 3435 inimicis,
1636 3379 1691 3425 et
1709 3386 1899 3433 omnes
1920 3371 2077 3439 laici;

473 3460 601 3531 quia
632 3459 1032 3516 infestationem
1065 3460 1414 3532 blasphemia:
1449 3461 1663 3518 affectio
1704 3465 1956 3520 amicitia:
2002 3467 2088 3521 in-

474 3552 643 3607 citare
673 3552 832 3607 solet.
863 3550 975 3608 Nee
1003 3551 1078 3606 illi
1116 3554 1170 3607 in
1204 3563 1378 3608 vestra
1410 3564 1534 3609 sunt
1562 3557 1898 3627 suscipiendi
1928 3574 2086 3615 accu-

477 3645 687 3701 satione
726 3646 816 3716 qui
862 3661 957 3701 vos
1000 3645 1054 3701 in
1091 3661 1187 3701 sua
1225 3646 1410 3702 volunt
1450 3649 1692 3719 recipere
1736 3651 2087 3709 iufamatione

491 3747 516 3774 τι
544 3737 738 3794 Nullus
764 3736 791 3776 δ
813 3737 1099 3794 anathema
1128 3740 1454 3810 suscipiatur
1481 3740 1539 3813 (2
1563 3758 1615 3811 q.
1642 3740 1698 3795 2.
1730 3741 1928 3800 Nullus
1961 3763 2090 3801 ana-

484 3829 975 3903 thentatisatorum),
996 3844 1095 3885 nec
1121 3846 1150 3885 a
1177 3846 1446 3903 quoquam
1478 3833 1769 3891 credentur
1791 3852 1911 3910 quae
1931 3838 1998 3894 ab
2015 3841 2094 3899 eis

482 3925 568 3981 vel
598 3923 869 3993 dicuntur,
894 3926 978 3981 vel
1001 3926 1436 3983 conscribuntur.

2189 3278 2561 3333 accusationes
2587 3276 2959 3345 episcoiiorum
2975 3272 3042 3328 ad
3057 3279 3389 3329 memoratos
3424 3272 3675 3341 primates
3691 3272 3768 3322 de-

2189 3371 2319 3425 bent
2356 3370 2424 3425 ab
2459 3367 2863 3425 accusaturibus
2901 3365 3104 3422 deferri
3140 3363 3470 3421 studendum
3500 3373 3585 3421 est
3614 3374 3768 3417 tamen

2189 3463 2483 3533 episcopis,
2523 3472 2582 3517 ut
2623 3461 2949 3517 dissidentes
2992 3457 3190 3515 fratres
3242 3457 3420 3528 magis
3464 3457 3533 3512 ad
3575 3469 3769 3526 pacem,

2190 3574 2351 3630 quam
2400 3557 2468 3613 ad
2516 3556 2781 3627 judicium
2812 3553 2831 3594 ί
2865 3562 3218 3611 coerceantur
3246 3551 3432 3623 (Cone.
3479 3549 3653 3607 Certis.
3694 3562 3767 3616 tv,

2197 3670 2314 3724 cap.
2335 3653 2458 3722 26).
3404 3677 3408 3680 ’

2270 3747 2382 3803 VII.
2415 3746 2714 3818 Episc0pus
2760 3742 2952 3817 (Hadr.
3006 3741 3128 3798 coll.
3170 3741 3264 3806 9.5,
3294 3739 3389 3813 27)
3426 3747 3601 3796 autem
3638 3734 3771 3792 aliter

2200 3857 2308 3898 non
2342 3839 2505 3895 debet
2532 3837 2705 3894 audiri
2734 3849 2824 3895 aut
2858 3835 3108 3907 judicari,
3136 3833 3240 3890 nisi
3266 3834 3322 3890 in
3358 3829 3647 3903 praesentia
3670 3840 3770 3881 om-

2201 3937 2350 3991 nium
2381 3930 2951 4005 comprovincialium,
2978 3940 3033 3986 et
3072 3929 3142 3986 ab
3179 3926 3436 3984 omnibus
3460 3918 3773 3995 comprovin‘

1743 4086 2128 4149 LECTIONES
2171 4088 2589 4149 VARIANTES.

572 4246 597 4275 ⁸
625 4247 718 4297 Ms.
744 4244 917 4295 Nullus
940 4244 1090 4295 enim.
1119 4243 1283 4294 Hllrd.

570 4306 599 4347 δ
623 4307 706 4360 Al.
734 4309 1270 4359 anathematizatorum.

567 4376 590 4404 °
617 4369 992 4425 ALAocusatio.

2288 4252 2315 4290 (ἱ
2336 4249 2417 4301 ΑΙ.
2436 4249 2686 4300 abluendi.

2265 4315 2314 4379 'x‘j
2343 4311 2557 4366 Latinius
2574 4308 2688 4379 legit
2702 4312 2792 4364 sed
2811 4312 2927 4377 jam.
2954 4314 3001 4365 Η
3004 4313 3119 4364 ard.

2292 4375 2311 4412 ί
2340 4380 2421 4430 At.
2454 4375 2792 4428 cohortentur.

1826 4519 2187 4582 VARIOBUM
2218 4524 2447 4583 NO'LE.

576 4683 752 4766 lll.-—-
776 4683 1017 4766 Actorum
1054 4680 1152 4766 uel.
1199 4678 1451 4766 Episcopi
1476 4680 1730 4736 dicuntur
1769 4690 1980 4766 actores
2010 4685 2112 4766 Ec-
2137 4696 2191 4756 υ
2218 4687 2383 4766 la_tum
2424 4697 2558 4766 “est.
2593 4686 2729 4766 _Non
2784 4696 2990 4743 tantum
3036 4688 3197 4766 enim
3241 4685 3426 4766 Judaei
3480 4684 3575 4766 sed
3639 4680 3772 4766 etiam

508 4758 687 4813 clesia:
709 4771 725 4820 ;
748 4755 870 4835 quia
910 4753 1042 4835 ipsis
1072 4753 1189 4835 lege
1229 4754 1521 4835 apostolica
1554 4768 1758 4835 reruni_
1788 4756 2116 4835 ecclesiasti-
2137 4750 2180 4756 ’⁷
2218 4758 2458 4835 {Egyptii
2501 4760 2785 4835 utebantur
2811 4776 2876 4815 eo
2907 4761 3126 4835 nomine
3150 4770 3310 4835 atque
3350 4759 3596 4835 primaria
3628 4750 3775 4831 digiti-

512 4822 1123 4906 caruu_u__administpatio
1150 4864 1164 4888 ,
1214 4839 1338 4906 cura
1369 4836 1422 4906 et
1467 4825 1797 4906 tlispenSatio
1829 4830 2115 4906 commissa
2221 4822 2525 4906 tabi-Nam
2551 4829 2853 4885 Herodotus
2874 4847 2997 4885 cum
3046 4832 3154 4901 agit
3196 4822 3263 4886 de
3316 4822 3487 4886 sacris
3533 4822 3775 4906 ὧεςριξφ

518 4910 618 4979 est.
654 4898 933 4979 Videqua:
964 4895 1204 4979 diximus
1234 4897 1286 4949 in
1315 4897 1455 4979 nptis
1482 4896 1548 4949 ad
1570 4898 1802 4979 primum
1834 4899 2116 4979 epistolam
2221 4919 2363 4965 rum,
2394 4901 2473 4979 (l)
2505 4903 2837 4979 patriarchas
2876 4905 2994 4957 illus
3023 4895 3263 4957 ndminat
3292 4905 3381 4973 qui
3412 4904 3686 4971 principem
3709 4895 3772 4973 l0-

519 4966 1074 5049 Aleujtudriiverbis,
1106 4983 1260 5049 quam
1299 4968 1368 5020 ad
1397 4968 1709 5023 sacerdotes.
1766 4968 1958 5049 Seven
2002 4971 2116 5025 Buv.
2223 4990 2343 5049 cum
2380 4966 2652 5049 ius-acris
2694 4985 2895 5029 tenent.
2930 4975 3154 5045 Insuper
3196 4966 3323 5029 usus
3352 4966 3431 5029 est
3480 4987 3546 5027 eo
3584 4966 3775 5049 ἠιξιηίῐξθ

596 5039 957 5115 lV.—_lilullus
984 5034 1271 5115 alienigena
1294 5048 1400 5115 _ant
1427 5050 1696 5115 accusator
1716 5056 1892 5115 eorum
1921 5042 2015 5115 ﬁat
2034 5054 2122 5115 aut
2226 5044 2532 5100 Hadrianus
2561 5047 2873 5115 imperator,
2906 5046 2946 5099 Τ
2955 5034 3124 5115 rajzini
3148 5061 3453 5109 successor,
3500 5045 3550 5097 in
3581 5034 3773 5115 epistula

528 5113 723 5192 Index.
756 5112 888 5194 Vide
929 5121 1084 5194 natas
1115 5109 1357 5194 epistohe
1387 5112 1591 5194 primze
1616 5111 1877 5193 enaclcti,
1910 5107 2117 5194 verbis,
2227 5115 2571 5194 ad_Ser\-ium
2594 5107 2878 5194 certantem
2908 5119 2975 5172 de
3012 5107 3392 5189 Egyptiorum
3436 5107 3769 5194 inconstantia.

530 5186 795 5266 peregrina
838 5177 1222 5266 judiciat‘etc.
1246 5222 1261 5247 ,
1305 5177 1433 5237 item
1481 5181 1659 5238 verbis
1698 5184 1938 5251 quoniam
1984 5177 2121 5254 Apa-
2233 5188 2346 5252 ubi,
2383 5199 2517 5266 teste
2547 5188 2733 5242 lt'lavio
2760 5188 3016 5266 \Vospico
3047 5177 3461 5266 iii'TSatpr-uino,
3492 5187 3601 5240 ha'c
3645 5177 3773 5266 verba

534 5244 674 5335 stult;
704 5244 1035 5335 etc.‘Ssv-eu.
1058 5244 1177 5308 BIN.
1219 5244 1257 5335 ς
1331 5332 1339 5335 Α
1627 5322 1668 5335 η
1711 5244 1720 5251 ⁷
1769 5325 1779 5335 _
2030 5244 2040 5254 ’
2231 5244 2345 5335 ait;
2370 5258 2469 5335 Ille
2500 5261 2613 5335 ipse
2637 5244 2931 5335 patriarcha
2972 5277 3086 5335 cunt
3117 5244 3491 5335 indi'gyptuin
3517 5256 3702 5335 venerit.
3724 5244 3773 5335 Ui

602 5326 767 5381 VL—
787 5327 1117 5406 Appellantur
1152 5324 1447 5406 pt'intates,_
1474 5335 1579 5406 etc.
1626 5322 2123 5406 [locnlncocaqucc
2229 5322 2693 5406 qliisASera'pidém
2740 5332 2975 5399 adorare,
3032 5334 3093 5406 al)
3136 5334 3252 5386 aliis
3280 5322 3485 5406 capitur
3532 5326 3770 5406 Cluiliuqu

535 5398 603 5472 de
634 5384 937 5472 numero'et
966 5384 1171 5472 urigine
1199 5384 1631 5472 patriarchalimu
1656 5397 1863 5472 seditim
1887 5384 2121 5472 diximus
2229 5384 2381 5471 Quml
2402 5384 2482 5457 Van
2526 5384 2825 5472 imperator
2859 5384 2986 5459 vere
3041 5384 3261 5471 dixerit,
3417 5404 3493 5472 de,
3531 5384 3769 5472 (ιιιίιξιιξλέξ

535 5470 589 5525 iu
620 5468 759 5549 notis
788 5468 853 5523 ad
886 5455 1529 5549 tuepi‘stolaiu.Anacleti
1583 5469 2122 5549 conlirmanturzita~
2229 5455 2916 5549 ἷῆιθιιὶερξιάιιιῖιᾼ-ξίιζ’γίαὲ
2953 5455 3260 5532 [dar—titubat,
3284 5455 3650 5531 anuoﬁChi'isti
3690 5455 3772 5518 153

534 5556 637 5612 que
664 5540 784 5595 vide
809 5556 926 5610 qua:
951 5539 1143 5612 ibidem
1169 5538 1425 5594 diximus.
1455 5539 1659 5612 Seven.
1703 5539 1820 5593 Bis.
2229 5562 2379 5600 num.
2403 5538 2493 5601 ⁷15
2533 5555 2586 5601 et
2629 5546 2714 5601 14.
2742 5545 2947 5603 Seven.
2982 5547 3099 5602 Bm.

605 5613 833 5682 Quarum
884 5611 1125 5682 primates
1180 5612 1333 5664 etiam
1359 5610 1584 5682 gentiles.
1622 5612 1770 5668 Sicut
1798 5612 1899 5666 alia
1932 5613 2112 5678 multa,

526 5686 599 5742 ita
632 5681 793 5742 etiam
834 5681 1266 5754 antiquissimum
1300 5684 1421 5754 hoc
1464 5696 1660 5754 nomen
1711 5692 1872 5754 atque
1915 5684 2116 5754 prima-

900 5696 1495 5779 }.f91‘.§§3.'.'.‘l$"'3..3195."
1502 5696 2116 5779 (ἔφθὲηὲἶῖἒῗὲκνῖξῗῗῒ
2228 5700 2369 5779 -..(ἕ),
2386 5699 2494 5779 1%.“,
2507 5715 2607 5779 9°“
2618 5702 2861 5779 ἓθκυηιακ
2874 5704 3001 5770 θνιιά
3019 5703 3342 5767 Ηθτοάυιιω»
3361 5710 3413 5758 ει
3432 5700 3625 5757 Βποιιίο
3640 5696 3771 5749 mm

529 5771 639 5815 tum
681 5766 735 5814 et
778 5750 1202 5827 patriarcharum
1244 5750 1470 5809 feliciter
1513 5755 1563 5809 in
1620 5750 2120 5811 Ecclesiam'trans-
2225 5750 2853 5827 animusanimi“
2875 5750 3001 5770 ""
3019 5750 3613 5767 ’⁷“’“”””’“”””⁷“
3694 5790 3695 5795 η

2225 5762 2400 5827 aliquis
2425 5763 2561 5815 fecit.
2618 5762 2762 5816 Lais.

3910 1652 3928 2101 ἴ
