4008 6320
493 327 631 388 1007

1227 306 1589 371 EPISTOLE
1630 296 2082 364 DECRETALES
2121 295 2179 356 S.
2219 289 2584 354 STEPIIANO
2611 281 3054 347 ADSCRIPTIE.

3575 272 3597 342 ἷ
3637 276 3753 338 1008

490 433 823 511 delinquenti
880 428 1032 489 fratri
1075 426 1208 484 nihil
1261 443 1358 499 per
1407 425 1623 497 pietatis
1679 433 1735 478 et
1787 421 2092 476 clementia:

2202 445 2306 489 tam
2338 447 2488 488 suam
2516 429 2813 486 Ecclesiam
2831 468 2846 492 ,
2880 423 3122 498 pretioso
3148 415 3400 475 videlicet
3420 416 3658 488 sanguine
3675 433 3754 474 suo

491 535 727 594 officium
761 529 877 585 vult
917 523 1277 583 condonare?
1331 522 1580 578 Profecto
1625 529 1848 573 necesse
1905 521 1991 568 est
2039 522 2095 565 ut

493 631 730 687 :estimet
755 641 816 682 se
839 624 1000 679 talem
1032 623 1084 676 in
1104 617 1311 689 judicio
1344 617 1512 672 Deum
1544 621 1921 680 experturum,
1965 621 2089 660 cum

493 735 620 784 ante
640 719 988 796 justijudicis
1018 713 1254 771 tribunal
1303 711 1468 766 fuerit
1493 706 1841 765 constitutus,
1873 698 2094 772 qualem

489 833 555 876 se
600 790 752 872 fratri
794 790 908 868 suo
957 805 1300 865 exhibuerit:
1355 800 1496 855 Nam
1521 815 1621 870 qua
1660 811 1897 851 mensura
1935 790 2095 846 mensi

495 909 768 983 fuerimus,
837 903 1016 959 eadem
1065 897 1354 954 rentetietur
1399 893 1545 948 nobis
1597 889 1812 963 (Matth.
1857 887 1973 957 vn).
2032 885 2096 939 Et

492 1003 734 1060 Joannes
760 996 1038 1068 apostolus
1065 1001 1117 1048 et
1149 987 1478 1058 evangelista
1507 985 1581 1040 ait
1605 1002 1619 1040 :
1648 983 2096 1053 Quioditfratrem

501 1111 675 1159 suum,
701 1087 958 1146 homicida
981 1093 1071 1142 est.
1102 1082 1168 1138 Et
1188 1082 1327 1138 scitis
1353 1082 1475 1151 quia
1498 1077 1662 1131 omnis
1689 1073 1948 1128 homicida
1992 1088 2095 1125 non

497 1188 648 1244 habet
692 1187 851 1240 vitam
898 1192 1143 1237 ceternam
1191 1177 1246 1230 in
1302 1191 1356 1228 se
1382 1179 1668 1226 manentem
1701 1168 1752 1241 (ι
1785 1167 1944 1221 Joan.
1990 1163 2092 1237 tv).

493 1279 830 1340 Vostamen,
876 1273 970 1328 ﬁlii
1017 1267 1344 1332 eliarissimi,
1400 1265 1681 1319 hortamur
1713 1270 1768 1314 ut
1823 1259 2095 1329 patienter

495 1372 642 1428 mala
671 1370 826 1424 vobis
857 1367 1000 1422 illata
1046 1363 1256 1419 Domini
1287 1357 1619 1414 adminiculo
1643 1355 1892 1424 portetis,
1930 1361 1978 1407 et
2013 1351 2095 1406 his

492 1463 804 1538 apostolicis
831 1463 1112 1532 prreceptis
1139 1455 1272 1509 tales
1314 1451 1497 1520 procul
1549 1447 1768 1518 pellite,
1813 1461 1884 1500 ne
1941 1459 2094 1498 more

492 1536 690 1616 canino
737 1568 836 1610 vos
884 1552 1126 1607 lacerare
1154 1556 1248 1601 aut
1287 1543 1541 1600 mordere
1570 1541 1805 1594 valeant.
1852 1536 2092 1591 Memen-

493 1647 804 1718 tote,etiam
826 1642 1138 1715 quia,juxta
1163 1634 1570 1706 Psalmographi
1590 1647 1774 1687 vocem
1801 1629 1885 1700 (S.
1912 1627 2087 1694 Bonif.

491 1761 576 1808 ep.
605 1740 754 1809 XXVI)
784 1735 953 1792 Homo
969 1734 1098 1788 sicut
1116 1735 1308 1803 faenum
1330 1728 1438 1782 dies
1459 1732 1594 1796 ejus,
1620 1736 1663 1778 et
1687 1733 1741 1777 ut
1765 1725 1860 1794 ﬂos
1889 1721 2002 1792 agri
2025 1719 2094 1773 ita

2200 527 2556 596 redemptam,
2583 534 2639 580 et
2664 539 2784 586 nos,
2817 521 2908 592 qui
2935 517 3181 575 eamdem
3223 523 3460 570 sanctam
3488 512 3748 568 Eccle~iam

2198 621 2414 683 docere,
2464 633 2675 688 regere,
2726 625 2944 687 portare
2980 625 3034 669 et
3081 612 3214 666 tueri
3243 610 3532 674 debemus,
3557 608 3620 662 de
3644 622 3759 677 pra:-

2198 714 2356 770 dictis
2381 709 2822 783 oppressionibus
2875 718 2928 764 et
2970 703 3356 762 tentationibus
3385 701 3538 768 hujus
3603 698 3762 754 saeculi

2201 821 2472 876 nequam,
2515 815 2680 874 atque
2735 801 2805 858 de
2847 799 3101 853 omnibus
3143 793 3556 851 necessitatibus
3594 791 3763 846 nostris

2200 896 2626 954 misericorditer
2653 903 2827 959 eruat,
2853 903 2906 946 ut
2936 907 3104 946 sermo
3138 888 3229 942 Dei
3260 895 3433 941 currat
3458 885 3508 957 (ι
3530 884 3640 939 Cor.
3668 883 3761 952 xv)

2199 1003 2248 1048 et
2273 990 2608 1061 glorilicetur
2634 988 2930 1058 gloriosum
2980 982 3332 1053 Evangelium
3383 977 3587 1034 Domini
3619 976 3762 1031 nosni

2197 1083 2326 1140 Jesu
2356 1080 2588 1145 Christi;
2619 1088 2675 1135 et
2700 1079 2868 1149 gratia
2900 1076 3018 1147 ejus
3048 1076 3101 1129 in
3143 1075 3298 1128 nobis
3349 1085 3515 1125 vacua
3545 1083 3642 1123 non
3669 1066 3760 1132 fiat,

2200 1178 2402 1235 uesine
2425 1178 2597 1230 fructu
2624 1171 2917 1242 Evangelii,
2937 1167 3078 1241 quod
3105 1165 3274 1223 absit!
3318 1163 3528 1219 steriles
3561 1161 3611 1216 in
3635 1175 3765 1215 cons-

2199 1283 2354 1345 pectu
2385 1273 2473 1327 Dei
2503 1281 2860 1342 appareamus
2881 1307 2898 1332 ,
2925 1273 2980 1321 et
3011 1264 3165 1318 vacui
3199 1261 3432 1315 filiorum
3465 1259 3765 1327 filiorumque

2199 1381 2427 1422 numero
2455 1374 2813 1424 revertamur,
2844 1374 2944 1415 nec
2971 1358 3040 1414 de
3063 1353 3389 1412 abscondito
3416 1354 3631 1420 talento,
3681 1352 3767 1406 Do-

2199 1460 2348 1516 mino
2380 1457 2650 1518 veniente,
2709 1455 2785 1508 rei
2818 1466 2936 1508 esse
2980 1449 3310 1521 judicemur.
3335 1446 3440 1500 Ista
3472 1447 3610 1500 enim
3649 1458 3768 1498 sem-

2177 1543 2297 1625 ‘per
2346 1550 2550 1607 invidet
2593 1549 2781 1604 Satau.
2831 1545 2898 1599 Et
2935 1543 3140 1598 idcirco
3193 1541 3328 1595 tales
3376 1537 3652 1592 adversum
3688 1549 3768 1589 nos

2199 1646 2424 1702 suscitat
2454 1643 2543 1713 qui
2619 1655 2720 1696 nos
2767 1646 3016 1710 premant
3056 1645 3112 1691 et
3150 1633 3440 1699 suffocent,
3489 1641 3544 1684 ut
3591 1628 3769 1683 Domini

2200 1753 2331 1794 oves
2356 1737 2560 1805 absque
2600 1734 2756 1788 nobis
2805 1732 2998 1802 rapiat,
3024 1731 3091 1800 {et
3115 1730 3166 1782 in
3200 1726 3327 1789 ima,
3373 1740 3481 1781 non
3509 1722 3763 1780 existenti-

494 1832 692 1906 ﬂorebit
718 1828 892 1902 (Psal.
921 1825 1038 1895 cu).
1062 1825 1127 1880 Et
1151 1821 1437 1892 Apostolus
1463 1820 1534 1873 ait
1559 1837 1573 1874 :
1603 1816 1759 1871 Totus
1791 1814 2010 1868 mundus
2039 1811 2092 1865 in
2124 1820 2170 1879 Β
2201 1832 2301 1888 bus
2359 1827 2667 1900 mmor-Ibus
2721 1825 2809 1894 qui
2873 1838 2970 1879 eus
3003 1821 3314 1877 ευειοὼωη
3382 1826 3438 1872 ει
3489 1814 3767 1879 defendam,

494 1926 722 1996 maligno
745 1922 941 1993 positus
970 1928 1041 1972 est
1064 1917 1108 1988 (1
1130 1914 1288 1970 Joan.
1314 1912 1391 1986 v).
1428 1911 1583 1968 Unde
1607 1923 1890 1980 precamur
1914 1921 1984 1962 ne
2013 1915 2094 1959 ta-

491 2014 829 2074 les'tnultum
861 2011 1115 2076 timeatis,
1139 2009 1263 2081 quia
1293 2005 1521 2062 infames
1543 2012 1703 2070 sunt,
1732 2011 1788 2058 et
1816 2016 1922 2056 non
1955 1998 2096 2054 mul-

491 2123 608 2168 tum
631 2108 787 2165 vobis
817 2122 1014 2164 nocere
1042 2113 1292 2178 possunt,
1320 2102 1443 2173 quia
1472 2114 1662 2155 eorum
1693 2113 1793 2151 vox
1821 2094 2093 2152 exstincta

491 2213 578 2260 est
602 2219 617 2268 ;
648 2201 905 2275 quoniam
935 2200 1013 2255 sic
1038 2197 1151 2254 odit
1183 2196 1323 2250 Deus
1345 2208 1440 2250 eos
1462 2191 1704 2264 (Proclus
1725 2189 1794 2242 ad
1817 2189 2092 2243 Damnum.

426 2287 436 2290 ’
479 2295 668 2356 Hadr.
688 2297 810 2351 coll.
832 2294 925 2366 7i)
950 2294 1042 2364 qui
1071 2291 1331 2347 adversus
1351 2297 1562 2357 patrum
1595 2288 1897 2351 invasores,
1922 2283 2012 2354 qui
2041 2282 2094 2337 in

491 2390 698 2446 mundo
721 2398 900 2459 patres
926 2395 1237 2448 armantur,
1267 2392 1326 2437 ut
1353 2379 1572 2435 infamia
1602 2387 1728 2432 sunt
1770 2377 1964 2432 notati.
1996 2381 2096 2430 Ar—

492 2486 716 2541 mamini
749 2498 878 2553 ergo
906 2483 988 2536 his
1016 2475 1329 2550 apostolicis
1369 2470 1711 2528 adminiculis
1754 2479 1943 2524 contra
1976 2481 2096 2534 eos,

493 2587 550 2635 et
581 2577 773 2648 Spiritu
816 2571 1100 2646 principali
1149 2570 1398 2624 roborate
1427 2565 1589 2621 corda
1631 2573 1842 2628 vestra,
1868 2571 1926 2615 ut
1957 2559 2098 2614 Deus

493 2672 583 2743 qui
616 2685 714 2725 vos
748 2678 993 2738 pastores
1019 2665 1071 2719 in
1111 2662 1308 2734 populo
1330 2674 1429 2714 suo
1452 2657 1628 2713 vocari
1653 2655 1839 2718 voluit,
1869 2668 1975 2708 non
2005 2666 2098 2707 ne-

492 2767 758 2842 gligentes
787 2771 878 2816 aut
902 2757 1132 2830 tepidos,
1159 2764 1251 2811 aut
1278 2754 1417 2823 lupis
1455 2747 1984 2822 supervenientibus,
2016 2745 2099 2802 fu-

491 2862 708 2936 gientes
733 2856 993 2917 inveniat,
1023 2851 1120 2908 sed
1171 2848 1423 2916 exemplo
1456 2845 1582 2900 boni
1630 2843 1860 2913 pastoris
1882 2883 1898 2908 ,
1929 2855 2100 2910 agnos

491 2935 697 3027 pariter
726 2967 850 3006 cum
879 2947 1140 3004 matribus
1171 2956 1223 3000 et
1257 2942 1380 2997 filiis
1409 2957 1473 2994 ac
1503 2938 1715 2994 filiabus
1743 2936 1980 2991 viriliter
2005 2935 2101 2990 de-

493 3047 790 3106 fensantcs.
821 3053 983 3112 atque
1015 3047 1256 3094 sanctam
1286 3046 1512 3090 matrem
1541 3032 1841 3088 Ecclesium
1873 3030 2103 3086 fideliter

495 3146 863 3209 reportantes,
904 3147 1117 3202 semper
1146 3130 1407 3186 inveniat.
1439 3127 1506 3182 Et
1527 3140 1850 3196 quamquam
1881 3124 1966 3196 (S.
1997 3123 2102 3179 Bo-

495 3231 595 3302 nif.
639 3246 722 3298 ep.
754 3229 885 3297 xxv)
926 3224 1035 3280 dies
1079 3223 1206 3277 mali
1257 3223 1393 3288 sint,
1445 3237 1531 3275 vos
1578 3229 1744 3274 tamen
1794 3218 1950 3272 nolite
1995 3218 2174 3281 esseC

495 3323 879 3393 imprudentes,
927 3319 1017 3374 sed
1063 3316 1407 3388 intelligente:
1455 3330 1571 3385 qua:
1619 3314 1682 3367 sit
1731 3313 1967 3367 voluntas
2009 3310 2101 3365 Dei

498 3419 717 3494 (Ephes.
773 3415 850 3490 v).
901 3415 1263 3484 Quamobrem
1321 3409 1721 3482 confortamini,
1767 3417 1816 3461 et
1868 3415 1996 3460 state
2049 3406 2104 3459 in

494 3513 622 3582 ﬁde,
655 3510 868 3565 viriliter
896 3518 1124 3579 agentes,
1149 3523 1210 3560 ac
1230 3505 1403 3560 omnia
1431 3512 1597 3557 vestra
1625 3503 1679 3556 in
1703 3500 1952 3554 charitate
1975 3498 2104 3566 [iant

497 3602 698 3678 (lCor.
739 3600 904 3674 XVI),
960 3612 1015 3656 et
1058 3598 1354 3655 secundum
1408 3607 1656 3651 sanctum
1708 3591 2099 3664 Evangelium,

494 3699 549 3753 in
580 3698 824 3770 patientia
853 3704 1018 3750 vestra
1041 3690 1360 3762 possidebitis
1386 3690 1587 3742 animas
1605 3697 1796 3742 vestras
1827 3685 1958 3758 (Luc
1979 3685 2101 3758 λιι).

493 3790 876 3848 Recordamini
901 3802 1116 3860 quoque
1137 3796 1448 3841 sanctorum
1473 3786 1856 3850 Apostolorum
1890 3790 1944 3835 et
1970 3779 2105 3836 Proa

495 3885 780 3956 phetarum
808 3899 823 3947 ;
857 3891 912 3938 et
938 3881 1062 3952 quia
1092 3877 1318 3933 multum
1350 3877 1735 3930 laboraverunt
1764 3873 1815 3927 in
1851 3874 2100 3939 Domino,

493 3979 623 4036 ideo
649 3975 833 4048 adepti
863 3984 992 4030 sunt
1031 3972 1253 4044 praemia
1292 3971 1650 4040 sempiterna.
1692 3966 1900 4023 Scitote
1938 3967 2102 4020 etiam

496 4072 755 4145 quoniam
785 4070 938 4137 juxta
964 4066 1267 4123 Psalmistae
1290 4077 1505 4128 vocem,
1541 4061 1719 4115 multa:
1743 4059 2104 4113 tribulationes

496 4168 774 4234 iustorum,
832 4172 880 4218 et
926 4162 991 4216 de
1045 4159 1277 4216 omnibus
1335 4159 1414 4211 his
1461 4155 1692 4210 liberabit
1722 4170 1809 4209 eos
1851 4152 2104 4207 Dominus

499 4258 676 4331 (Psal.
706 4254 928 4326 χχχιιι).
971 4255 1333 4324 Quapropter,
1383 4249 1475 4304 lilii
1517 4246 1863 4311 eharissimi,
1914 4246 2103 4300 horta-

496 4369 620 4410 mur
647 4367 743 4407 vos
769 4361 824 4407 et
867 4348 1222 4418 deprecamur
1248 4353 1308 4399 ut
1337 4343 1542 4398 crebris
1563 4341 1868 4396 orationum
1899 4348 2104 4394 vestra-

494 4462 618 4501 rum
650 4443 903 4516 precibus
932 4442 1098 4497 Deum
1127 4438 1387 4503 exoretis,
1413 4445 1471 4492 ut
1497 4434 1516 4508 (
1547 4434 1607 4491 S.
1639 4433 1841 4500 Bonif.,
1861 4430 2013 4504 ibid.)
2039 4433 2102 4486 li-

497 4537 753 4593 beremur
781 4549 880 4590 nOs
905 4543 959 4590 et
989 4548 1102 4599 vos,
1119 4532 1269 4602 juxta
1299 4531 1499 4585 dictum
1530 4526 1795 4597 Apostoli,
1823 4525 1886 4579 ab
1906 4528 2102 4598 impor-

2202 1941 2360 1981 ruere
2419 1923 2597 1978 faciat.
2646 1920 2758 1974 Vos
2808 1918 2969 1989 igitur
3030 1931 3124 1985 pro
3170 1913 3374 1967 viribus
3437 1911 3682 1975 laborate,
3728 1916 3770 1961 et

2201 2028 2353 2076 orate
2404 2025 2569 2086 atque
2643 2013 2862 2084 vigilate
2908 2026 2977 2066 ne
3023 2010 3138 2064 haec
3193 2010 3343 2073 fiant,
3417 2005 3643 2062 scientes
3691 2017 3769 2057 nos

2201 2131 2418 2185 semper
2486 2119 2703 2184 paratos
2766 2123 2888 2164 esse
2946 2108 2998 2162 in
3061 2103 3315 2161 omnibus
3378 2103 3770 2174 quibuscumque

2205 2209 2465 2264 Dominus
2505 2220 2663 2275 posse
2715 2199 2928 2259 dederit
2992 2199 3186 2265 modis,
3229 2196 3388 2253 vobis
3432 2210 3586 2266 opem
3635 2192 3769 2258 ferre,

2200 2301 2328 2358 licet
2367 2315 2465 2356 nos
2499 2298 2568 2353 ab
2622 2295 2754 2367 ipsis
2807 2293 3017 2350 aemulis
3069 2300 3272 2347 sanctae
3317 2289 3410 2344 Dei
3474 2285 3711 2342 Ecclesiae.
3732 2292 3773 2338 et

2203 2397 2404 2452 nostris
2437 2409 2544 2447 non
2571 2392 2742 2446 simus
2795 2389 3047 2460 excepti;
3077 2397 3134 2443 et
3187 2383 3570 2441 tribulationes
3624 2378 3774 2437 cordis

2205 2489 2373 2544 nostri
2403 2502 2503 2559 pro
2534 2493 2719 2541 nostra
2741 2494 2797 2540 et
2826 2495 3003 2538 vestra
3050 2480 3421 2540 tribulatione.
3476 2478 3588 2532 sive
3614 2475 3766 2529 ovium

2203 2583 2359 2637 nobis
2409 2580 2847 2640 commissarum.
2905 2573 3198 2630 admodum
3250 2572 3361 2627 sint
3416 2570 3647 2625 dilatata.
3687 2565 3776 2619 Vos

2203 2688 2418 2744 quoque
2461 2671 2813 2728 obsecramus
2844 2678 2902 2722 ut
2942 2667 3240 2738 iujunctum
3291 2662 3450 2718 vobis
3505 2678 3533 2716 a
3583 2658 3776 2715 Domino

2205 2766 2513 2820 famulatum
2547 2780 2653 2819 non
2706 2761 3014 2833 negligatis,
3074 2769 3128 2816 et
3179 2773 3375 2816 omnes
3427 2767 3704 2826 oppressos
3735 2760 3778 2807 et

2205 2869 2429 2915 cunctos
2474 2859 2568 2914 Dei
2597 2873 2805 2921 servos,
2835 2867 3001 2926 atque
3044 2855 3372 2926 generaliter
3399 2866 3588 2906 omnes
3623 2847 3778 2904 Chris-

2196 2950 2407 3016 'tianos,
2442 2961 2600 3023 prout
2629 2951 2892 3006 Dominus
2917 2965 3080 3020 posse
3116 2948 3350 3013 dederit,
3385 2945 3656 3015 adjuvare,
3684 2947 3778 2995 stu-

2207 3049 2380 3104 deatis
2425 3047 2510 3114 (S.
2553 3046 2732 3115 Bonif.
2775 3061 2858 3115 ep.
2889 3047 3040 3110 xxvi)
3073 3052 3131 3097 ut
3158 3053 3286 3098 ante
3331 3038 3566 3096 tribunal
3605 3032 3778 3092 Christi

2209 3139 2541 3204 mercedem,
2567 3136 2807 3194 habeatis
2820 3146 3157 3208 perpetuam.
3178 3135 3244 3188 Et
3261 3133 3461 3189 scitote
3475 3129 3613 3202 quod
3631 3139 3780 3182 memo

2207 3238 2285 3292 ria
2313 3247 2494 3290 vestra
2528 3249 2711 3290 coram
2748 3233 2859 3288 Deo
2888 3241 2973 3287 est
2995 3231 3234 3286 assidue.
3262 3227 3397 3284 Nam
3418 3269 3434 3292 ,
3461 3221 3780 3297 quemadmo-

2207 3331 2334 3386 dum
2361 3330 2610 3385 dolentes
2632 3326 3014 3397 cognoscimns
3046 3339 3141 3379 vos
3171 3323 3237 3379 ab
3260 3322 3464 3390 iniquis
3485 3329 3539 3375 et
3567 3314 3779 3373 scelestis

2208 3422 2522 3478 hominibus
2549 3420 2851 3480 obturbari.
2883 3419 2955 3474 ita
2972 3418 3226 3472 continuo
3249 3414 3405 3469 vobis
3427 3410 3777 3479 compatimur,

2209 3517 2376 3572 Deum
2403 3525 2624 3571 orantes
2654 3531 2751 3584 pro
2779 3512 3097 3568 liberatione
3123 3526 3185 3565 ac
3212 3507 3588 3565 sublevatione
3613 3511 3778 3558 vestra:

2211 3609 2548 3674 afflictionis,
2602 3623 2721 3678 quae
2759 3605 2912 3661 vobis
2947 3605 3114 3676 (unde
3144 3602 3385 3674 graviter
3437 3597 3698 3670 angimur)
3723 3589 3777 3647 ab

2207 3703 2405 3774 iniquis
2430 3703 2621 3757 indies
2649 3701 2940 3770 irrogatur.
2976 3697 3044 3752 Et
3085 3705 3211 3751 ante
3243 3709 3476 3764 corpora
3514 3686 3773 3762 Apostolo-

2207 3813 2325 3853 rum
2377 3812 2473 3867 pro
2521 3795 2674 3851 vobis
2704 3809 2894 3865 preces
2949 3793 3082 3846 fiunt
3131 3789 3394 3860 quotidie.
3426 3796 3483 3842 ut
3531 3797 3585 3842 et
3614 3797 3700 3838 vos
3724 3779 3776 3835 li-

2205 3891 2468 3948 beremini
2509 3891 2576 3945 ab
2607 3885 2929 3960 importunis
2958 3894 3014 3942 et
3057 3883 3210 3939 malis
3241 3881 3553 3936 hominibus
3596 3872 3776 3933 Domini

2207 3986 2432 4050 auxilio,
2465 3995 2520 4040 et
2549 4000 2679 4040 oves
2742 3983 2895 4038 vobis
2951 3978 3260 4037 couunissre
3281 3977 3348 4033 ad
3377 3991 3571 4047 pascua
3589 3981 3776 4027 aeterna:

2207 4079 2328 4133 vita:
2349 4093 2454 4132 una
2486 4077 2762 4130 vobiscum
2797 4073 3115 4144 perveniant
3143 4069 3500 4139 sempiterna.
3537 4064 3776 4121 Unitatem

2207 4181 2261 4227 et
2295 4168 2732 4227 communionem
2764 4166 2847 4239 (8.
2891 4165 3068 4235 Bonif.
3106 4179 3188 4232 ep.
3225 4166 3303 4227 vt)
3338 4158 3642 4215 dilectionis
3670 4165 3774 4207 ves-

2209 4275 2326 4332 tra),
2356 4265 2623 4319 valentem
2651 4273 2812 4333 atque
2839 4261 3213 4330 proficientem
3243 4257 3296 4311 in
3315 4256 3545 4310 salutem
3567 4249 3774 4307 omnium

2207 4361 2570 4434 populorum,
2615 4358 2840 4414 Creator
2884 4357 3126 4411 omnium
3174 4351 3534 4422 populorum,
3579 4345 3772 4402 Creator

2206 4463 2446 4515 omnium
2476 4457 2621 4513 Deus
2645 4453 2992 4524 omnipotens
3015 4463 3312 4506 memorem
3347 4446 3518 4503 nostri
3537 4435 3772 4500 teternali-

2209 4565 2290 4614 ter
2313 4556 2604 4613 custodiat.
2637 4555 2832 4610 Amen.

498 4631 634 4686 tunis
659 4641 707 4684 et
735 4629 883 4682 malis
915 4625 1222 4691 hominibus,
1251 4629 1370 4695 quia
1393 4642 1494 4679 non
1525 4641 1750 4680 ominum
1777 4636 1849 4681 est
1883 4624 2011 4694 ﬁdes
2038 4621 2104 4694 (Il
2128 4617 2181 4678 D
2280 4651 2409 4704 nam
2438 4648 2596 4704 nonis
2618 4647 2826 4716 amnis,
2851 4643 3139 4700 Valeriam
3160 4650 3208 4697 ει
3234 4637 3504 4700 Gallieno,
3530 4627 3652 4688 viris
3676 4624 3769 4682 da-

498 4725 678 4782 Thess.
703 4723 802 4797 ιιι).
826 4723 1090 4795 Flagitate
1115 4723 1278 4778 etiam
1303 4730 1359 4775 ut
1391 4720 1532 4776 Dens
1556 4730 1609 4773 et
1640 4721 1898 4774 Dominus
1920 4730 2106 4774 noster

495 4819 589 4895 qui
618 4827 701 4877 est
730 4815 997 4889 refugium
1029 4829 1344 4887 pauperum,
1377 4824 1434 4870 et
1459 4828 1583 4886 Spes
1613 4812 1918 4881 humilium,
1947 4826 2106 4870 sauc-

2208 4743 2464 4812 rissiinis,
2497 4741 2817 4801 consulibus
2848 4741 3020 4812 (Anno
3045 4735 3238 4792 Christi
3271 4730 3425 4803 235).

2015 5282 2276 5335 +3660-
