  <div class='ocr_page' id='page_1' title='image "/cluster/home/n/w/nwhite01/storage/ocr_20150623/3/hvd.32044015471212/554.png"; bbox 0 0 4008 6320; ppageno 0'>
   <div class='ocr_carea' id='block_1_1' title="bbox 330 367 3628 430">
    <p class='ocr_par' dir='ltr' id='par_1_1' title="bbox 330 367 3628 430">
     <span class='ocr_line' id='line_1_1' title="bbox 330 367 3628 430; baseline 0.002 -45"><span class='ocrx_word' id='word_1_1' title='bbox 330 367 3628 430; x_wconf 46' lang='grc' dir='ltr'><strong>ῇῂ-ῇ-Ἧ</strong></span> 
     </span>
     <span class='ocr_line' id='line_1_2' title="bbox 1393 411 3131 430; baseline -0.005 -1"><span class='ocrx_word' id='word_1_2' title='bbox 1393 415 2473 430; x_wconf 59' lang='lat' dir='ltr'><strong>m~—.—_————-————</strong></span> <span class='ocrx_word' id='word_1_3' title='bbox 2529 411 3131 423; x_wconf 71' lang='lat' dir='ltr'><strong>-——_——.——I—-—_</strong></span> 
     </span>
    </p>
   </div>
   <div class='ocr_carea' id='block_1_2' title="bbox 411 553 3363 790">
    <p class='ocr_par' dir='ltr' id='par_1_2' title="bbox 411 553 3363 790">
     <span class='ocr_line' id='line_1_3' title="bbox 411 553 3363 790; baseline -0.003 -65"><span class='ocrx_word' id='word_1_4' title='bbox 411 587 472 658; x_wconf 65' lang='grc' dir='ltr'>θ</span> <span class='ocrx_word' id='word_1_5' title='bbox 588 555 1235 790; x_wconf 51' lang='lat' dir='ltr'><strong>ACTA</strong></span> <span class='ocrx_word' id='word_1_6' title='bbox 1371 558 1702 722; x_wconf 89' lang='lat' dir='ltr'><strong>ET</strong></span> <span class='ocrx_word' id='word_1_7' title='bbox 1829 553 3363 718; x_wconf 78' lang='lat' dir='ltr'><strong>MONUMENTA</strong></span> 
     </span>
    </p>
   </div>
   <div class='ocr_carea' id='block_1_3' title="bbox 309 899 3599 1064">
    <p class='ocr_par' dir='ltr' id='par_1_3' title="bbox 309 899 3599 1064">
     <span class='ocr_line' id='line_1_4' title="bbox 309 899 3599 1064; baseline 0.002 -7"><span class='ocrx_word' id='word_1_8' title='bbox 309 899 1035 1057; x_wconf 58' lang='lat' dir='ltr'><strong>CELEBERRIMIE</strong></span> <span class='ocrx_word' id='word_1_9' title='bbox 1079 922 1212 1051; x_wconf 85' lang='lat' dir='ltr'><strong>DE</strong></span> <span class='ocrx_word' id='word_1_10' title='bbox 1257 916 2004 1051; x_wconf 65' lang='lat' dir='ltr'><strong>HERETICORUM</strong></span> <span class='ocrx_word' id='word_1_11' title='bbox 2051 919 2714 1050; x_wconf 83' lang='lat' dir='ltr'><strong>BAPTISMATE</strong></span> <span class='ocrx_word' id='word_1_12' title='bbox 2769 918 3599 1064; x_wconf 68' lang='lat' dir='ltr'><strong>IllSPUTATIllNIS.</strong></span> 
     </span>
    </p>
   </div>
   <div class='ocr_carea' id='block_1_4' title="bbox 1365 1214 2532 1349">
    <p class='ocr_par' dir='ltr' id='par_1_4' title="bbox 1365 1214 2532 1349">
     <span class='ocr_line' id='line_1_5' title="bbox 1365 1214 2532 1349; baseline 0.002 -2"><span class='ocrx_word' id='word_1_13' title='bbox 1365 1215 1818 1347; x_wconf 81' lang='lat' dir='ltr'><strong>PARS</strong></span> <span class='ocrx_word' id='word_1_14' title='bbox 1923 1214 2532 1349; x_wconf 83' lang='lat' dir='ltr'><strong>PRIMA.</strong></span> 
     </span>
    </p>
   </div>
   <div class='ocr_carea' id='block_1_5' title="bbox 471 1535 3427 1629">
    <p class='ocr_par' dir='ltr' id='par_1_5' title="bbox 471 1535 3427 1629">
     <span class='ocr_line' id='line_1_6' title="bbox 471 1535 3427 1629; baseline 0.001 -15"><span class='ocrx_word' id='word_1_15' title='bbox 471 1537 1068 1617; x_wconf 64' lang='lat' dir='ltr'><strong>PRIECIPUA</strong></span> <span class='ocrx_word' id='word_1_16' title='bbox 1122 1535 1658 1613; x_wconf 83' lang='lat' dir='ltr'><strong>VETERUM</strong></span> <span class='ocrx_word' id='word_1_17' title='bbox 1717 1537 2443 1614; x_wconf 85' lang='lat' dir='ltr'><strong>MONUMENTA</strong></span> <span class='ocrx_word' id='word_1_18' title='bbox 2497 1541 2734 1629; x_wconf 68' lang='lat' dir='ltr'><strong>QUAE</strong></span> <span class='ocrx_word' id='word_1_19' title='bbox 2781 1540 3427 1619; x_wconf 82' lang='lat' dir='ltr'><strong>SUPEBSUNT</strong></span> 
     </span>
    </p>
   </div>
   <div class='ocr_carea' id='block_1_6' title="bbox 1271 1766 2599 1834">
    <p class='ocr_par' dir='ltr' id='par_1_6' title="bbox 1271 1766 2599 1834">
     <span class='ocr_line' id='line_1_7' title="bbox 1271 1766 2599 1834; baseline 0 -4"><span class='ocrx_word' id='word_1_20' title='bbox 1271 1768 1371 1830; x_wconf 87' lang='lat' dir='ltr'><strong>DE</strong></span> <span class='ocrx_word' id='word_1_21' title='bbox 1412 1766 1922 1830; x_wconf 82' lang='lat' dir='ltr'><strong>BAPTISMATE</strong></span> <span class='ocrx_word' id='word_1_22' title='bbox 1964 1766 2599 1834; x_wconf 69' lang='lat' dir='ltr'><strong>HERETICORUM.</strong></span> 
     </span>
    </p>
   </div>
   <div class='ocr_carea' id='block_1_7' title="bbox 1904 1985 2680 2028">
    <p class='ocr_par' dir='ltr' id='par_1_7' title="bbox 1904 1985 2680 2028">
     <span class='ocr_line' id='line_1_8' title="bbox 1904 1985 2680 2028; baseline 0.001 0"><span class='ocrx_word' id='word_1_23' title='bbox 1904 1985 2505 2028; x_wconf 78' lang='lat' dir='ltr'><strong>oo——-——-—-—</strong></span> <span class='ocrx_word' id='word_1_24' title='bbox 2623 2003 2680 2015; x_wconf 89' lang='lat'><strong><em>--</em></strong></span> 
     </span>
    </p>
   </div>
   <div class='ocr_carea' id='block_1_8' title="bbox 933 2162 1849 2282">
    <p class='ocr_par' dir='ltr' id='par_1_8' title="bbox 933 2164 1849 2282">
     <span class='ocr_line' id='line_1_9' title="bbox 933 2164 1849 2282; baseline -0.003 -33"><span class='ocrx_word' id='word_1_25' title='bbox 933 2167 1024 2249; x_wconf 92' lang='lat' dir='ltr'><strong>s.</strong></span> <span class='ocrx_word' id='word_1_26' title='bbox 1075 2165 1657 2282; x_wconf 77' lang='lat' dir='ltr'><strong>STEPHANI</strong></span> <span class='ocrx_word' id='word_1_27' title='bbox 1711 2164 1849 2247; x_wconf 89' lang='lat' dir='ltr'><strong>PA</strong></span> 
     </span>
    </p>
   </div>
   <div class='ocr_carea' id='block_1_9' title="bbox 1968 2162 2894 2282">
    <p class='ocr_par' dir='ltr' id='par_1_9' title="bbox 1968 2162 2894 2252">
     <span class='ocr_line' id='line_1_10' title="bbox 1968 2162 2894 2252; baseline 0.005 -5"><span class='ocrx_word' id='word_1_28' title='bbox 1968 2165 2032 2248; x_wconf 82' lang='lat' dir='ltr'>E</span> <span class='ocrx_word' id='word_1_29' title='bbox 2088 2162 2236 2247; x_wconf 90' lang='grc' dir='ltr'><strong>ΕΤ</strong></span> <span class='ocrx_word' id='word_1_30' title='bbox 2288 2165 2894 2252; x_wconf 80' lang='lat' dir='ltr'><strong>MARTYRIS</strong></span> 
     </span>
    </p>
   </div>
   <div class='ocr_carea' id='block_1_10' title="bbox 1378 2399 2479 2465">
    <p class='ocr_par' dir='ltr' id='par_1_10' title="bbox 1378 2399 2479 2465">
     <span class='ocr_line' id='line_1_11' title="bbox 1378 2399 2479 2465; baseline 0 -1"><span class='ocrx_word' id='word_1_31' title='bbox 1378 2437 1383 2442; x_wconf 91' lang='lat'><strong><em>-</em></strong></span> <span class='ocrx_word' id='word_1_32' title='bbox 1404 2399 1939 2464; x_wconf 70' lang='lat' dir='ltr'><strong>DECRETOBI/E</strong></span> <span class='ocrx_word' id='word_1_33' title='bbox 1984 2399 2479 2465; x_wconf 79' lang='lat' dir='ltr'><strong>SENTENTUE.</strong></span> 
     </span>
    </p>
   </div>
   <div class='ocr_carea' id='block_1_11' title="bbox 911 2612 1323 2671">
    <p class='ocr_par' dir='ltr' id='par_1_11' title="bbox 911 2612 1323 2671">
     <span class='ocr_line' id='line_1_12' title="bbox 911 2612 1323 2671; baseline 0.005 -2"><span class='ocrx_word' id='word_1_34' title='bbox 911 2612 1301 2671; x_wconf 72' lang='lat' dir='ltr'><strong>PROCEMIUM</strong></span> <span class='ocrx_word' id='word_1_35' title='bbox 1312 2657 1323 2671; x_wconf 94' lang='lat'><strong>.</strong></span> 
     </span>
    </p>
   </div>
   <div class='ocr_carea' id='block_1_12' title="bbox 341 2773 1870 2846">
    <p class='ocr_par' dir='ltr' id='par_1_12' title="bbox 341 2773 1870 2846">
     <span class='ocr_line' id='line_1_13' title="bbox 341 2773 1870 2846; baseline 0 -15"><span class='ocrx_word' id='word_1_36' title='bbox 341 2773 645 2831; x_wconf 87' lang='lat' dir='ltr'><strong>Dolendum</strong></span> <span class='ocrx_word' id='word_1_37' title='bbox 690 2789 820 2830; x_wconf 84' lang='lat' dir='ltr'><strong>sane</strong></span> <span class='ocrx_word' id='word_1_38' title='bbox 859 2782 942 2830; x_wconf 90' lang='lat' dir='ltr'><strong>est</strong></span> <span class='ocrx_word' id='word_1_39' title='bbox 984 2774 1050 2829; x_wconf 89' lang='lat' dir='ltr'><strong>ad</strong></span> <span class='ocrx_word' id='word_1_40' title='bbox 1092 2789 1192 2829; x_wconf 91' lang='lat' dir='ltr'><strong>nos</strong></span> <span class='ocrx_word' id='word_1_41' title='bbox 1233 2789 1400 2846; x_wconf 89' lang='lat' dir='ltr'><strong>usque</strong></span> <span class='ocrx_word' id='word_1_42' title='bbox 1440 2789 1546 2830; x_wconf 90' lang='lat' dir='ltr'><strong>non</strong></span> <span class='ocrx_word' id='word_1_43' title='bbox 1585 2773 1870 2831; x_wconf 83' lang='lat' dir='ltr'><strong>devenisse</strong></span> 
     </span>
    </p>
   </div>
   <div class='ocr_carea' id='block_1_13' title="bbox 264 2870 1869 2941">
    <p class='ocr_par' dir='ltr' id='par_1_13' title="bbox 264 2870 1869 2941">
     <span class='ocr_line' id='line_1_14' title="bbox 264 2870 1869 2941; baseline 0.002 -18"><span class='ocrx_word' id='word_1_44' title='bbox 264 2885 635 2941; x_wconf 87' lang='lat' dir='ltr'><strong>quascumque</strong></span> <span class='ocrx_word' id='word_1_45' title='bbox 666 2871 717 2924; x_wconf 94' lang='lat' dir='ltr'><strong>in</strong></span> <span class='ocrx_word' id='word_1_46' title='bbox 748 2871 831 2923; x_wconf 89' lang='lat' dir='ltr'><strong>his</strong></span> <span class='ocrx_word' id='word_1_47' title='bbox 863 2885 1040 2924; x_wconf 84' lang='lat' dir='ltr'><strong>rerum</strong></span> <span class='ocrx_word' id='word_1_48' title='bbox 1083 2871 1496 2940; x_wconf 73' lang='lat' dir='ltr'><strong>tempestatibus</strong></span> <span class='ocrx_word' id='word_1_49' title='bbox 1525 2870 1869 2926; x_wconf 90' lang='lat' dir='ltr'><strong>beatissimus</strong></span> 
     </span>
    </p>
   </div>
   <div class='ocr_carea' id='block_1_14' title="bbox 262 2962 1868 3034">
    <p class='ocr_par' dir='ltr' id='par_1_14' title="bbox 262 2962 1868 3034">
     <span class='ocr_line' id='line_1_15' title="bbox 262 2962 1868 3034; baseline 0.001 -16"><span class='ocrx_word' id='word_1_50' title='bbox 262 2963 569 3034; x_wconf 81' lang='lat' dir='ltr'><strong>Stephanus</strong></span> <span class='ocrx_word' id='word_1_51' title='bbox 597 2962 731 3032; x_wconf 86' lang='lat' dir='ltr'><strong>papa</strong></span> <span class='ocrx_word' id='word_1_52' title='bbox 775 2963 792 3017; x_wconf 95' lang='lat' dir='ltr'><strong>l</strong></span> <span class='ocrx_word' id='word_1_53' title='bbox 833 2964 1050 3033; x_wconf 85' lang='lat' dir='ltr'><strong>scripsit</strong></span> <span class='ocrx_word' id='word_1_54' title='bbox 1091 2965 1384 3032; x_wconf 88' lang='lat' dir='ltr'><strong>epistolas.</strong></span> <span class='ocrx_word' id='word_1_55' title='bbox 1416 2965 1532 3020; x_wconf 92' lang='lat' dir='ltr'><strong>sive</strong></span> <span class='ocrx_word' id='word_1_56' title='bbox 1561 2965 1628 3020; x_wconf 88' lang='lat' dir='ltr'><strong>ad</strong></span> <span class='ocrx_word' id='word_1_57' title='bbox 1660 2966 1868 3020; x_wconf 80' lang='lat' dir='ltr'><strong>Africa-</strong></span> 
     </span>
    </p>
   </div>
   <div class='ocr_carea' id='block_1_15' title="bbox 264 3055 1867 3127">
    <p class='ocr_par' dir='ltr' id='par_1_15' title="bbox 264 3055 1867 3127">
     <span class='ocr_line' id='line_1_16' title="bbox 264 3055 1867 3127; baseline 0.001 -17"><span class='ocrx_word' id='word_1_58' title='bbox 264 3073 388 3121; x_wconf 87' lang='lat' dir='ltr'><strong>nos,</strong></span> <span class='ocrx_word' id='word_1_59' title='bbox 407 3057 520 3112; x_wconf 84' lang='lat' dir='ltr'><strong>sive</strong></span> <span class='ocrx_word' id='word_1_60' title='bbox 537 3057 602 3110; x_wconf 81' lang='lat' dir='ltr'><strong>ad</strong></span> <span class='ocrx_word' id='word_1_61' title='bbox 617 3055 920 3112; x_wconf 83' lang='lat' dir='ltr'><strong>Orientales</strong></span> <span class='ocrx_word' id='word_1_62' title='bbox 947 3058 1231 3126; x_wconf 79' lang='lat' dir='ltr'><strong>epi5r0pos</strong></span> <span class='ocrx_word' id='word_1_63' title='bbox 1251 3075 1264 3122; x_wconf 93' lang='lat'><strong>;</strong></span> <span class='ocrx_word' id='word_1_64' title='bbox 1285 3058 1579 3127; x_wconf 89' lang='lat' dir='ltr'><strong>quinimmo</strong></span> <span class='ocrx_word' id='word_1_65' title='bbox 1593 3070 1645 3113; x_wconf 90' lang='lat' dir='ltr'><strong>et</strong></span> <span class='ocrx_word' id='word_1_66' title='bbox 1669 3059 1867 3114; x_wconf 85' lang='lat' dir='ltr'><strong>miran-</strong></span> 
     </span>
    </p>
   </div>
   <div class='ocr_carea' id='block_1_16' title="bbox 263 3151 1865 3223">
    <p class='ocr_par' dir='ltr' id='par_1_16' title="bbox 263 3151 1865 3223">
     <span class='ocr_line' id='line_1_17' title="bbox 263 3151 1865 3223; baseline 0.001 -17"><span class='ocrx_word' id='word_1_67' title='bbox 263 3153 394 3206; x_wconf 85' lang='lat' dir='ltr'><strong>dum</strong></span> <span class='ocrx_word' id='word_1_68' title='bbox 440 3151 642 3206; x_wconf 89' lang='lat' dir='ltr'><strong>nullam</strong></span> <span class='ocrx_word' id='word_1_69' title='bbox 684 3153 935 3218; x_wconf 84' lang='lat' dir='ltr'><strong>omnino,</strong></span> <span class='ocrx_word' id='word_1_70' title='bbox 969 3153 1212 3223; x_wconf 84' lang='lat' dir='ltr'><strong>exceptis</strong></span> <span class='ocrx_word' id='word_1_71' title='bbox 1237 3165 1440 3207; x_wconf 89' lang='lat' dir='ltr'><strong>tantum</strong></span> <span class='ocrx_word' id='word_1_72' title='bbox 1471 3153 1713 3223; x_wconf 82' lang='lat' dir='ltr'><strong>pauculis</strong></span> <span class='ocrx_word' id='word_1_73' title='bbox 1737 3168 1865 3208; x_wconf 90' lang='lat' dir='ltr'><strong>sen-</strong></span> 
     </span>
    </p>
   </div>
   <div class='ocr_carea' id='block_1_17' title="bbox 263 3243 1862 3316">
    <p class='ocr_par' dir='ltr' id='par_1_17' title="bbox 263 3243 1862 3316">
     <span class='ocr_line' id='line_1_18' title="bbox 263 3243 1862 3316; baseline 0 -16"><span class='ocrx_word' id='word_1_74' title='bbox 263 3245 480 3306; x_wconf 88' lang='lat' dir='ltr'><strong>tentiis.</strong></span> <span class='ocrx_word' id='word_1_75' title='bbox 508 3243 870 3311; x_wconf 84' lang='lat' dir='ltr'><strong>superfuisse;</strong></span> <span class='ocrx_word' id='word_1_76' title='bbox 909 3259 1030 3299; x_wconf 90' lang='lat' dir='ltr'><strong>cum</strong></span> <span class='ocrx_word' id='word_1_77' title='bbox 1062 3247 1265 3302; x_wconf 84' lang='lat' dir='ltr'><strong>interea</strong></span> <span class='ocrx_word' id='word_1_78' title='bbox 1295 3262 1393 3302; x_wconf 89' lang='lat' dir='ltr'><strong>nec</strong></span> <span class='ocrx_word' id='word_1_79' title='bbox 1416 3247 1598 3301; x_wconf 82' lang='lat' dir='ltr'><strong>oblivii</strong></span> <span class='ocrx_word' id='word_1_80' title='bbox 1640 3247 1862 3316; x_wconf 81' lang='lat' dir='ltr'><strong>injuria,</strong></span> 
     </span>
    </p>
   </div>
   <div class='ocr_carea' id='block_1_18' title="bbox 260 3339 1864 3413">
    <p class='ocr_par' dir='ltr' id='par_1_18' title="bbox 260 3339 1864 3413">
     <span class='ocr_line' id='line_1_19' title="bbox 260 3339 1864 3413; baseline 0.002 -19"><span class='ocrx_word' id='word_1_81' title='bbox 260 3355 362 3394; x_wconf 87' lang='lat' dir='ltr'><strong>nec</strong></span> <span class='ocrx_word' id='word_1_82' title='bbox 383 3339 650 3395; x_wconf 88' lang='lat' dir='ltr'><strong>edacitate</strong></span> <span class='ocrx_word' id='word_1_83' title='bbox 674 3349 976 3409; x_wconf 85' lang='lat' dir='ltr'><strong>temporum</strong></span> <span class='ocrx_word' id='word_1_84' title='bbox 1001 3340 1299 3396; x_wconf 80' lang='lat' dir='ltr'><strong>exciderint</strong></span> <span class='ocrx_word' id='word_1_85' title='bbox 1332 3343 1572 3397; x_wconf 89' lang='lat' dir='ltr'><strong>nonnulli</strong></span> <span class='ocrx_word' id='word_1_86' title='bbox 1606 3357 1864 3413; x_wconf 91' lang='lat' dir='ltr'><strong>quorum-</strong></span> 
     </span>
    </p>
   </div>
   <div class='ocr_carea' id='block_1_19' title="bbox 259 3432 1864 3506">
    <p class='ocr_par' dir='ltr' id='par_1_19' title="bbox 259 3432 1864 3506">
     <span class='ocr_line' id='line_1_20' title="bbox 259 3432 1864 3506; baseline 0.003 -20"><span class='ocrx_word' id='word_1_87' title='bbox 259 3432 387 3486; x_wconf 91' lang='lat' dir='ltr'><strong>dam</strong></span> <span class='ocrx_word' id='word_1_88' title='bbox 415 3447 806 3503; x_wconf 80' lang='lat' dir='ltr'><strong>anonymorum</strong></span> <span class='ocrx_word' id='word_1_89' title='bbox 837 3433 997 3487; x_wconf 87' lang='lat' dir='ltr'><strong>libelli</strong></span> <span class='ocrx_word' id='word_1_90' title='bbox 1027 3434 1186 3504; x_wconf 81' lang='lat' dir='ltr'><strong>longe</strong></span> <span class='ocrx_word' id='word_1_91' title='bbox 1214 3435 1560 3501; x_wconf 86' lang='lat' dir='ltr'><strong>humiliores,</strong></span> <span class='ocrx_word' id='word_1_92' title='bbox 1589 3435 1864 3506; x_wconf 84' lang='lat' dir='ltr'><strong>multoque</strong></span> 
     </span>
    </p>
   </div>
   <div class='ocr_carea' id='block_1_20' title="bbox 261 3525 1860 3596">
    <p class='ocr_par' dir='ltr' id='par_1_20' title="bbox 261 3525 1860 3596">
     <span class='ocr_line' id='line_1_21' title="bbox 261 3525 1860 3596; baseline 0.001 -15"><span class='ocrx_word' id='word_1_93' title='bbox 261 3525 504 3581; x_wconf 86' lang='lat' dir='ltr'><strong>exilinris</strong></span> <span class='ocrx_word' id='word_1_94' title='bbox 547 3526 784 3591; x_wconf 86' lang='lat' dir='ltr'><strong>tenoris,</strong></span> <span class='ocrx_word' id='word_1_95' title='bbox 827 3539 891 3580; x_wconf 92' lang='lat' dir='ltr'><strong>ac</strong></span> <span class='ocrx_word' id='word_1_96' title='bbox 919 3527 1214 3592; x_wconf 88' lang='lat' dir='ltr'><strong>momenti;</strong></span> <span class='ocrx_word' id='word_1_97' title='bbox 1249 3542 1480 3596; x_wconf 86' lang='lat' dir='ltr'><strong>cumque</strong></span> <span class='ocrx_word' id='word_1_98' title='bbox 1506 3529 1722 3582; x_wconf 86' lang='lat' dir='ltr'><strong>aliunde</strong></span> <span class='ocrx_word' id='word_1_99' title='bbox 1753 3537 1860 3582; x_wconf 85' lang='lat' dir='ltr'><strong>tota</strong></span> 
     </span>
    </p>
   </div>
   <div class='ocr_carea' id='block_1_21' title="bbox 258 3620 1860 3692">
    <p class='ocr_par' dir='ltr' id='par_1_21' title="bbox 258 3620 1860 3692">
     <span class='ocr_line' id='line_1_22' title="bbox 258 3620 1860 3692; baseline 0.002 -18"><span class='ocrx_word' id='word_1_100' title='bbox 258 3622 328 3674; x_wconf 90' lang='lat' dir='ltr'><strong>ab</strong></span> <span class='ocrx_word' id='word_1_101' title='bbox 355 3621 476 3675; x_wconf 92' lang='lat' dir='ltr'><strong>imis</strong></span> <span class='ocrx_word' id='word_1_102' title='bbox 503 3620 720 3675; x_wconf 83' lang='lat' dir='ltr'><strong>sedibus</strong></span> <span class='ocrx_word' id='word_1_103' title='bbox 743 3622 811 3674; x_wconf 90' lang='lat' dir='ltr'><strong>ob</strong></span> <span class='ocrx_word' id='word_1_104' title='bbox 837 3621 1210 3692; x_wconf 78' lang='lat' dir='ltr'><strong>gravissimam</strong></span> <span class='ocrx_word' id='word_1_105' title='bbox 1243 3622 1380 3677; x_wconf 87' lang='lat' dir='ltr'><strong>hanc</strong></span> <span class='ocrx_word' id='word_1_106' title='bbox 1411 3623 1557 3677; x_wconf 89' lang='lat' dir='ltr'><strong>litem</strong></span> <span class='ocrx_word' id='word_1_107' title='bbox 1586 3632 1860 3679; x_wconf 89' lang='lat' dir='ltr'><strong>commota</strong></span> 
     </span>
    </p>
   </div>
   <div class='ocr_carea' id='block_1_22' title="bbox 258 3711 1860 3784">
    <p class='ocr_par' dir='ltr' id='par_1_22' title="bbox 258 3711 1860 3784">
     <span class='ocr_line' id='line_1_23' title="bbox 258 3711 1860 3784; baseline 0.002 -16"><span class='ocrx_word' id='word_1_108' title='bbox 258 3711 503 3768; x_wconf 69' lang='lat' dir='ltr'><strong>Ecclesia</strong></span> <span class='ocrx_word' id='word_1_109' title='bbox 530 3713 710 3777; x_wconf 80' lang='lat' dir='ltr'><strong>fuerit,</strong></span> <span class='ocrx_word' id='word_1_110' title='bbox 744 3713 976 3784; x_wconf 88' lang='lat' dir='ltr'><strong>indeque</strong></span> <span class='ocrx_word' id='word_1_111' title='bbox 1013 3713 1065 3768; x_wconf 92' lang='lat' dir='ltr'><strong>in</strong></span> <span class='ocrx_word' id='word_1_112' title='bbox 1097 3723 1338 3769; x_wconf 88' lang='lat' dir='ltr'><strong>sanctam</strong></span> <span class='ocrx_word' id='word_1_113' title='bbox 1365 3715 1508 3769; x_wconf 90' lang='lat' dir='ltr'><strong>Petri</strong></span> <span class='ocrx_word' id='word_1_114' title='bbox 1554 3715 1748 3771; x_wconf 87' lang='lat' dir='ltr'><strong>Sedem</strong></span> <span class='ocrx_word' id='word_1_115' title='bbox 1781 3717 1860 3770; x_wconf 90' lang='lat' dir='ltr'><strong>in-</strong></span> 
     </span>
    </p>
   </div>
   <div class='ocr_carea' id='block_1_23' title="bbox 257 3807 1857 3876">
    <p class='ocr_par' dir='ltr' id='par_1_23' title="bbox 257 3807 1857 3876">
     <span class='ocr_line' id='line_1_24' title="bbox 257 3807 1857 3876; baseline 0.003 -18"><span class='ocrx_word' id='word_1_116' title='bbox 257 3815 437 3868; x_wconf 86' lang='lat' dir='ltr'><strong>tenta,</strong></span> <span class='ocrx_word' id='word_1_117' title='bbox 462 3821 813 3875; x_wconf 69' lang='lat' dir='ltr'><strong>(puerumque</strong></span> <span class='ocrx_word' id='word_1_118' title='bbox 835 3807 1158 3875; x_wconf 80' lang='lat' dir='ltr'><strong>pontiﬁcalia</strong></span> <span class='ocrx_word' id='word_1_119' title='bbox 1202 3807 1417 3876; x_wconf 89' lang='lat' dir='ltr'><strong>placita,</strong></span> <span class='ocrx_word' id='word_1_120' title='bbox 1451 3807 1739 3862; x_wconf 81' lang='lat' dir='ltr'><strong>decretave</strong></span> <span class='ocrx_word' id='word_1_121' title='bbox 1765 3823 1857 3862; x_wconf 82' lang='lat' dir='ltr'><strong>ar-</strong></span> 
     </span>
    </p>
   </div>
   <div class='ocr_carea' id='block_1_24' title="bbox 255 3899 1857 3971">
    <p class='ocr_par' dir='ltr' id='par_1_24' title="bbox 255 3899 1857 3971">
     <span class='ocr_line' id='line_1_25' title="bbox 255 3899 1857 3971; baseline 0 -17"><span class='ocrx_word' id='word_1_122' title='bbox 255 3902 421 3955; x_wconf 78' lang='lat' dir='ltr'><strong>rectis</strong></span> <span class='ocrx_word' id='word_1_123' title='bbox 447 3901 663 3954; x_wconf 88' lang='lat' dir='ltr'><strong>auribus</strong></span> <span class='ocrx_word' id='word_1_124' title='bbox 690 3901 933 3970; x_wconf 85' lang='lat' dir='ltr'><strong>accipere</strong></span> <span class='ocrx_word' id='word_1_125' title='bbox 959 3899 1227 3956; x_wconf 87' lang='lat' dir='ltr'><strong>debuerit.</strong></span> <span class='ocrx_word' id='word_1_126' title='bbox 1270 3900 1348 3954; x_wconf 89' lang='lat' dir='ltr'><strong>Eu</strong></span> <span class='ocrx_word' id='word_1_127' title='bbox 1383 3916 1512 3971; x_wconf 85' lang='lat' dir='ltr'><strong>ergo</strong></span> <span class='ocrx_word' id='word_1_128' title='bbox 1550 3900 1857 3971; x_wconf 82' lang='lat' dir='ltr'><strong>diligentius</strong></span> 
     </span>
    </p>
   </div>
   <div class='ocr_carea' id='block_1_25' title="bbox 253 3992 1932 4076">
    <p class='ocr_par' dir='ltr' id='par_1_25' title="bbox 253 3992 1932 4076">
     <span class='ocr_line' id='line_1_26' title="bbox 253 3992 1932 4076; baseline 0 -28"><span class='ocrx_word' id='word_1_129' title='bbox 253 3992 553 4062; x_wconf 78' lang='lat' dir='ltr'><strong>colligenda</strong></span> <span class='ocrx_word' id='word_1_130' title='bbox 585 4004 728 4059; x_wconf 87' lang='lat' dir='ltr'><strong>Sunt,</strong></span> <span class='ocrx_word' id='word_1_131' title='bbox 762 4003 1023 4064; x_wconf 83' lang='lat' dir='ltr'><strong>quotquot</strong></span> <span class='ocrx_word' id='word_1_132' title='bbox 1045 3994 1398 4058; x_wconf 84' lang='lat' dir='ltr'><strong>emerserint,</strong></span> <span class='ocrx_word' id='word_1_133' title='bbox 1421 3993 1676 4064; x_wconf 84' lang='lat' dir='ltr'><strong>Stephani</strong></span> <span class='ocrx_word' id='word_1_134' title='bbox 1697 3993 1853 4064; x_wconf 75' lang='lat' dir='ltr'><strong>Papa:</strong></span> <span class='ocrx_word' id='word_1_135' title='bbox 1885 4018 1932 4076; x_wconf 80' lang='grc' dir='ltr'><strong>Β</strong></span> 
     </span>
    </p>
   </div>
   <div class='ocr_carea' id='block_1_26' title="bbox 249 4084 1856 4157">
    <p class='ocr_par' dir='ltr' id='par_1_26' title="bbox 249 4084 1856 4157">
     <span class='ocr_line' id='line_1_27' title="bbox 249 4084 1856 4157; baseline -0.001 -16"><span class='ocrx_word' id='word_1_136' title='bbox 249 4085 533 4141; x_wconf 55' lang='lat' dir='ltr'><strong>sentt-ntim-</strong></span> <span class='ocrx_word' id='word_1_137' title='bbox 565 4102 632 4141; x_wconf 83' lang='lat' dir='ltr'><strong>ex</strong></span> <span class='ocrx_word' id='word_1_138' title='bbox 668 4085 910 4155; x_wconf 87' lang='lat' dir='ltr'><strong>epistolis</strong></span> <span class='ocrx_word' id='word_1_139' title='bbox 950 4085 1203 4157; x_wconf 83' lang='lat' dir='ltr'><strong>Cypriani</strong></span> <span class='ocrx_word' id='word_1_140' title='bbox 1241 4095 1294 4139; x_wconf 87' lang='lat' dir='ltr'><strong>et</strong></span> <span class='ocrx_word' id='word_1_141' title='bbox 1332 4084 1626 4139; x_wconf 85' lang='lat' dir='ltr'><strong>Firmiliani</strong></span> <span class='ocrx_word' id='word_1_142' title='bbox 1669 4099 1856 4141; x_wconf 72' lang='lat' dir='ltr'><strong>excer-</strong></span> 
     </span>
    </p>
   </div>
   <div class='ocr_carea' id='block_1_27' title="bbox 209 4179 1850 4251">
    <p class='ocr_par' dir='ltr' id='par_1_27' title="bbox 209 4179 1850 4251">
     <span class='ocr_line' id='line_1_28' title="bbox 209 4179 1850 4251; baseline 0.002 -19"><span class='ocrx_word' id='word_1_143' title='bbox 209 4185 216 4190; x_wconf 83' lang='grc'><em>’</em></span> <span class='ocrx_word' id='word_1_144' title='bbox 252 4191 397 4250; x_wconf 63' lang='lat' dir='ltr'><strong>plan;</strong></span> <span class='ocrx_word' id='word_1_145' title='bbox 447 4182 714 4250; x_wconf 87' lang='lat' dir='ltr'><strong>palmares</strong></span> <span class='ocrx_word' id='word_1_146' title='bbox 760 4195 922 4251; x_wconf 90' lang='lat' dir='ltr'><strong>porro</strong></span> <span class='ocrx_word' id='word_1_147' title='bbox 965 4196 1028 4234; x_wconf 88' lang='lat' dir='ltr'><strong>ac</strong></span> <span class='ocrx_word' id='word_1_148' title='bbox 1069 4181 1262 4234; x_wconf 87' lang='lat' dir='ltr'><strong>merito</strong></span> <span class='ocrx_word' id='word_1_149' title='bbox 1301 4179 1458 4234; x_wconf 72' lang='lat' dir='ltr'><strong>dicta:</strong></span> <span class='ocrx_word' id='word_1_150' title='bbox 1498 4181 1850 4247; x_wconf 66' lang='lat' dir='ltr'><strong>decretoriaz,</strong></span> 
     </span>
    </p>
   </div>
   <div class='ocr_carea' id='block_1_28' title="bbox 251 4273 1853 4344">
    <p class='ocr_par' dir='ltr' id='par_1_28' title="bbox 251 4273 1853 4344">
     <span class='ocr_line' id='line_1_29' title="bbox 251 4273 1853 4344; baseline 0 -16"><span class='ocrx_word' id='word_1_151' title='bbox 251 4273 451 4344; x_wconf 84' lang='lat' dir='ltr'><strong>quippe</strong></span> <span class='ocrx_word' id='word_1_152' title='bbox 481 4290 626 4343; x_wconf 80' lang='lat' dir='ltr'><strong>que,</strong></span> <span class='ocrx_word' id='word_1_153' title='bbox 663 4273 788 4329; x_wconf 90' lang='lat' dir='ltr'><strong>licet</strong></span> <span class='ocrx_word' id='word_1_154' title='bbox 820 4273 943 4328; x_wconf 90' lang='lat' dir='ltr'><strong>hinc</strong></span> <span class='ocrx_word' id='word_1_155' title='bbox 972 4282 1025 4328; x_wconf 89' lang='lat' dir='ltr'><strong>et</strong></span> <span class='ocrx_word' id='word_1_156' title='bbox 1055 4273 1179 4328; x_wconf 90' lang='lat' dir='ltr'><strong>hinc</strong></span> <span class='ocrx_word' id='word_1_157' title='bbox 1210 4273 1564 4328; x_wconf 81' lang='lat' dir='ltr'><strong>renitentibus</strong></span> <span class='ocrx_word' id='word_1_158' title='bbox 1605 4273 1853 4328; x_wconf 65' lang='lat' dir='ltr'><strong>nniximae</strong></span> 
     </span>
    </p>
   </div>
   <div class='ocr_carea' id='block_1_29' title="bbox 249 4366 1849 4437">
    <p class='ocr_par' dir='ltr' id='par_1_29' title="bbox 249 4366 1849 4437">
     <span class='ocr_line' id='line_1_30' title="bbox 249 4366 1849 4437; baseline 0.001 -17"><span class='ocrx_word' id='word_1_159' title='bbox 249 4382 315 4422; x_wconf 90' lang='lat' dir='ltr'><strong>ac</strong></span> <span class='ocrx_word' id='word_1_160' title='bbox 360 4367 718 4421; x_wconf 71' lang='lat' dir='ltr'><strong>meritissima:</strong></span> <span class='ocrx_word' id='word_1_161' title='bbox 759 4368 1095 4421; x_wconf 89' lang='lat' dir='ltr'><strong>auctoritatis</strong></span> <span class='ocrx_word' id='word_1_162' title='bbox 1133 4366 1295 4431; x_wconf 88' lang='lat' dir='ltr'><strong>viris,</strong></span> <span class='ocrx_word' id='word_1_163' title='bbox 1329 4367 1598 4437; x_wconf 81' lang='lat' dir='ltr'><strong>ingentem</strong></span> <span class='ocrx_word' id='word_1_164' title='bbox 1631 4366 1849 4422; x_wconf 88' lang='lat' dir='ltr'><strong>demum</strong></span> 
     </span>
    </p>
   </div>
   <div class='ocr_carea' id='block_1_30' title="bbox 253 4461 1849 4532">
    <p class='ocr_par' dir='ltr' id='par_1_30' title="bbox 253 4461 1849 4532">
     <span class='ocr_line' id='line_1_31' title="bbox 253 4461 1849 4532; baseline -0.001 -16"><span class='ocrx_word' id='word_1_165' title='bbox 253 4464 403 4517; x_wconf 78' lang='lat' dir='ltr'><strong>litem</strong></span> <span class='ocrx_word' id='word_1_166' title='bbox 436 4461 756 4517; x_wconf 86' lang='lat' dir='ltr'><strong>diremerint</strong></span> <span class='ocrx_word' id='word_1_167' title='bbox 783 4479 844 4516; x_wconf 89' lang='lat' dir='ltr'><strong>ac</strong></span> <span class='ocrx_word' id='word_1_168' title='bbox 880 4461 1040 4532; x_wconf 88' lang='lat' dir='ltr'><strong>paulo</strong></span> <span class='ocrx_word' id='word_1_169' title='bbox 1072 4471 1192 4532; x_wconf 86' lang='lat' dir='ltr'><strong>post</strong></span> <span class='ocrx_word' id='word_1_170' title='bbox 1220 4461 1414 4515; x_wconf 79' lang='lat' dir='ltr'><strong>fuerint</strong></span> <span class='ocrx_word' id='word_1_171' title='bbox 1452 4461 1520 4515; x_wconf 93' lang='lat' dir='ltr'><strong>ab</strong></span> <span class='ocrx_word' id='word_1_172' title='bbox 1548 4461 1692 4516; x_wconf 91' lang='lat' dir='ltr'><strong>onmi</strong></span> <span class='ocrx_word' id='word_1_173' title='bbox 1720 4475 1849 4530; x_wconf 88' lang='lat' dir='ltr'><strong>qua-</strong></span> 
     </span>
    </p>
   </div>
   <div class='ocr_carea' id='block_1_31' title="bbox 248 4553 1849 4626">
    <p class='ocr_par' dir='ltr' id='par_1_31' title="bbox 248 4553 1849 4626">
     <span class='ocr_line' id='line_1_32' title="bbox 248 4553 1849 4626; baseline 0 -16"><span class='ocrx_word' id='word_1_174' title='bbox 248 4572 356 4626; x_wconf 89' lang='lat' dir='ltr'><strong>que</strong></span> <span class='ocrx_word' id='word_1_175' title='bbox 402 4567 545 4625; x_wconf 88' lang='lat' dir='ltr'><strong>patet</strong></span> <span class='ocrx_word' id='word_1_176' title='bbox 597 4555 838 4610; x_wconf 86' lang='lat' dir='ltr'><strong>Ecclesia</strong></span> <span class='ocrx_word' id='word_1_177' title='bbox 888 4565 1155 4626; x_wconf 82' lang='lat' dir='ltr'><strong>acceptae,</strong></span> <span class='ocrx_word' id='word_1_178' title='bbox 1203 4555 1464 4624; x_wconf 72' lang='lat' dir='ltr'><strong>amplexa:</strong></span> <span class='ocrx_word' id='word_1_179' title='bbox 1509 4553 1736 4609; x_wconf 88' lang='lat' dir='ltr'><strong>ﬁrmiter</strong></span> <span class='ocrx_word' id='word_1_180' title='bbox 1786 4570 1849 4610; x_wconf 88' lang='lat' dir='ltr'><strong>ac</strong></span> 
     </span>
    </p>
   </div>
   <div class='ocr_carea' id='block_1_32' title="bbox 247 4646 1848 4720">
    <p class='ocr_par' dir='ltr' id='par_1_32' title="bbox 247 4646 1848 4720">
     <span class='ocr_line' id='line_1_33' title="bbox 247 4646 1848 4720; baseline -0.001 -16"><span class='ocrx_word' id='word_1_181' title='bbox 247 4659 513 4720; x_wconf 87' lang='lat' dir='ltr'><strong>perpetuo</strong></span> <span class='ocrx_word' id='word_1_182' title='bbox 555 4658 802 4704; x_wconf 66' lang='lat' dir='ltr'><strong>servatae.</strong></span> <span class='ocrx_word' id='word_1_183' title='bbox 835 4647 958 4703; x_wconf 70' lang='lat' dir='ltr'><strong>Haec</strong></span> <span class='ocrx_word' id='word_1_184' title='bbox 987 4663 1118 4704; x_wconf 87' lang='lat' dir='ltr'><strong>vero</strong></span> <span class='ocrx_word' id='word_1_185' title='bbox 1162 4647 1332 4703; x_wconf 80' lang='lat' dir='ltr'><strong>Sancti</strong></span> <span class='ocrx_word' id='word_1_186' title='bbox 1372 4647 1649 4703; x_wconf 82' lang='lat' dir='ltr'><strong>Pontiﬁcis</strong></span> <span class='ocrx_word' id='word_1_187' title='bbox 1691 4646 1848 4703; x_wconf 72' lang='lat' dir='ltr'><strong>effata</strong></span> 
     </span>
    </p>
   </div>
   <div class='ocr_carea' id='block_1_33' title="bbox 246 4739 1846 4811">
    <p class='ocr_par' dir='ltr' id='par_1_33' title="bbox 246 4739 1846 4811">
     <span class='ocr_line' id='line_1_34' title="bbox 246 4739 1846 4811; baseline 0.001 -17"><span class='ocrx_word' id='word_1_188' title='bbox 246 4739 376 4794; x_wconf 88' lang='lat' dir='ltr'><strong>dum</strong></span> <span class='ocrx_word' id='word_1_189' title='bbox 409 4754 439 4794; x_wconf 91' lang='lat' dir='ltr'><strong>e</strong></span> <span class='ocrx_word' id='word_1_190' title='bbox 470 4739 762 4795; x_wconf 84' lang='lat' dir='ltr'><strong>Firmiliani</strong></span> <span class='ocrx_word' id='word_1_191' title='bbox 803 4740 997 4795; x_wconf 88' lang='lat' dir='ltr'><strong>litteris</strong></span> <span class='ocrx_word' id='word_1_192' title='bbox 1037 4741 1374 4811; x_wconf 88' lang='lat' dir='ltr'><strong>potissimum</strong></span> <span class='ocrx_word' id='word_1_193' title='bbox 1413 4743 1685 4804; x_wconf 84' lang='lat' dir='ltr'><strong>eruimus.</strong></span> <span class='ocrx_word' id='word_1_194' title='bbox 1717 4756 1846 4796; x_wconf 84' lang='lat' dir='ltr'><strong>neu-</strong></span> 
     </span>
    </p>
   </div>
   <div class='ocr_carea' id='block_1_34' title="bbox 246 4833 1880 4907">
    <p class='ocr_par' dir='ltr' id='par_1_34' title="bbox 246 4833 1880 4907">
     <span class='ocr_line' id='line_1_35' title="bbox 246 4833 1880 4907; baseline 0.002 -19"><span class='ocrx_word' id='word_1_195' title='bbox 246 4833 447 4903; x_wconf 80' lang='lat' dir='ltr'><strong>liquam</strong></span> <span class='ocrx_word' id='word_1_196' title='bbox 480 4835 531 4888; x_wconf 91' lang='lat' dir='ltr'><strong>in</strong></span> <span class='ocrx_word' id='word_1_197' title='bbox 561 4835 742 4889; x_wconf 91' lang='lat' dir='ltr'><strong>animo</strong></span> <span class='ocrx_word' id='word_1_198' title='bbox 782 4845 865 4890; x_wconf 86' lang='lat' dir='ltr'><strong>est</strong></span> <span class='ocrx_word' id='word_1_199' title='bbox 890 4837 1058 4905; x_wconf 83' lang='lat' dir='ltr'><strong>ipsam</strong></span> <span class='ocrx_word' id='word_1_200' title='bbox 1087 4836 1384 4891; x_wconf 88' lang='lat' dir='ltr'><strong>Firmiliani</strong></span> <span class='ocrx_word' id='word_1_201' title='bbox 1425 4837 1706 4907; x_wconf 84' lang='lat' dir='ltr'><strong>epistolam</strong></span> <span class='ocrx_word' id='word_1_202' title='bbox 1749 4852 1880 4902; x_wconf 41' lang='lat' dir='ltr'><strong>aug</strong></span> 
     </span>
    </p>
   </div>
   <div class='ocr_carea' id='block_1_35' title="bbox 245 4926 1838 5002">
    <p class='ocr_par' dir='ltr' id='par_1_35' title="bbox 245 4926 1838 5002">
     <span class='ocr_line' id='line_1_36' title="bbox 245 4926 1838 5002; baseline 0.004 -22"><span class='ocrx_word' id='word_1_203' title='bbox 245 4926 538 4982; x_wconf 84' lang='lat' dir='ltr'><strong>thenticam</strong></span> <span class='ocrx_word' id='word_1_204' title='bbox 569 4937 660 4981; x_wconf 91' lang='lat' dir='ltr'><strong>aut</strong></span> <span class='ocrx_word' id='word_1_205' title='bbox 688 4937 858 4983; x_wconf 88' lang='lat' dir='ltr'><strong>ratam</strong></span> <span class='ocrx_word' id='word_1_206' title='bbox 901 4929 1121 4986; x_wconf 88' lang='lat' dir='ltr'><strong>habere.</strong></span> <span class='ocrx_word' id='word_1_207' title='bbox 1166 4931 1294 4986; x_wconf 78' lang='lat' dir='ltr'><strong>Esto</strong></span> <span class='ocrx_word' id='word_1_208' title='bbox 1323 4930 1424 4985; x_wconf 89' lang='lat' dir='ltr'><strong>sub</strong></span> <span class='ocrx_word' id='word_1_209' title='bbox 1446 4931 1629 5002; x_wconf 85' lang='lat' dir='ltr'><strong>judice</strong></span> <span class='ocrx_word' id='word_1_210' title='bbox 1663 4932 1725 4986; x_wconf 91' lang='lat' dir='ltr'><strong>lis</strong></span> <span class='ocrx_word' id='word_1_211' title='bbox 1752 4932 1838 4986; x_wconf 91' lang='lat' dir='ltr'><strong>in-</strong></span> 
     </span>
    </p>
   </div>
   <div class='ocr_carea' id='block_1_36' title="bbox 243 5022 1838 5093">
    <p class='ocr_par' dir='ltr' id='par_1_36' title="bbox 243 5022 1838 5093">
     <span class='ocr_line' id='line_1_37' title="bbox 243 5022 1838 5093; baseline 0.004 -20"><span class='ocrx_word' id='word_1_212' title='bbox 243 5028 426 5086; x_wconf 75' lang='lat' dir='ltr'><strong>tegra,</strong></span> <span class='ocrx_word' id='word_1_213' title='bbox 457 5029 771 5093; x_wconf 87' lang='lat' dir='ltr'><strong>tantumque</strong></span> <span class='ocrx_word' id='word_1_214' title='bbox 809 5022 1036 5078; x_wconf 78' lang='lat' dir='ltr'><strong>velimus</strong></span> <span class='ocrx_word' id='word_1_215' title='bbox 1077 5023 1266 5089; x_wconf 89' lang='lat' dir='ltr'><strong>liceat,</strong></span> <span class='ocrx_word' id='word_1_216' title='bbox 1311 5039 1374 5079; x_wconf 81' lang='lat' dir='ltr'><strong>ex</strong></span> <span class='ocrx_word' id='word_1_217' title='bbox 1425 5025 1526 5079; x_wconf 90' lang='lat' dir='ltr'><strong>hoc</strong></span> <span class='ocrx_word' id='word_1_218' title='bbox 1569 5028 1715 5080; x_wconf 88' lang='lat' dir='ltr'><strong>tonte</strong></span> <span class='ocrx_word' id='word_1_219' title='bbox 1753 5027 1838 5081; x_wconf 87' lang='lat' dir='ltr'><strong>vel</strong></span> 
     </span>
    </p>
   </div>
   <div class='ocr_carea' id='block_1_37' title="bbox 236 5116 1836 5190">
    <p class='ocr_par' dir='ltr' id='par_1_37' title="bbox 236 5116 1836 5190">
     <span class='ocr_line' id='line_1_38' title="bbox 236 5116 1836 5190; baseline 0.004 -20"><span class='ocrx_word' id='word_1_220' title='bbox 236 5116 402 5170; x_wconf 89' lang='lat' dir='ltr'><strong>dubio</strong></span> <span class='ocrx_word' id='word_1_221' title='bbox 443 5117 523 5171; x_wconf 85' lang='lat' dir='ltr'><strong>vel</strong></span> <span class='ocrx_word' id='word_1_222' title='bbox 562 5117 862 5174; x_wconf 66' lang='lat' dir='ltr'><strong>disturbato</strong></span> <span class='ocrx_word' id='word_1_223' title='bbox 902 5119 1189 5175; x_wconf 88' lang='lat' dir='ltr'><strong>exhaurire</strong></span> <span class='ocrx_word' id='word_1_224' title='bbox 1227 5119 1522 5176; x_wconf 90' lang='lat' dir='ltr'><strong>sententias</strong></span> <span class='ocrx_word' id='word_1_225' title='bbox 1561 5121 1678 5176; x_wconf 90' lang='lat' dir='ltr'><strong>illas</strong></span> <span class='ocrx_word' id='word_1_226' title='bbox 1718 5137 1836 5190; x_wconf 67' lang='lat' dir='ltr'><strong>quae</strong></span> 
     </span>
    </p>
   </div>
   <div class='ocr_carea' id='block_1_38' title="bbox 234 5209 1835 5283">
    <p class='ocr_par' dir='ltr' id='par_1_38' title="bbox 234 5209 1835 5283">
     <span class='ocr_line' id='line_1_39' title="bbox 234 5209 1835 5283; baseline 0.004 -22"><span class='ocrx_word' id='word_1_227' title='bbox 234 5209 596 5264; x_wconf 85' lang='lat' dir='ltr'><strong>venerandam</strong></span> <span class='ocrx_word' id='word_1_228' title='bbox 639 5211 858 5282; x_wconf 78' lang='lat' dir='ltr'><strong>Sapiunt</strong></span> <span class='ocrx_word' id='word_1_229' title='bbox 902 5221 1256 5277; x_wconf 87' lang='lat' dir='ltr'><strong>vetustatem,</strong></span> <span class='ocrx_word' id='word_1_230' title='bbox 1285 5227 1526 5283; x_wconf 89' lang='lat' dir='ltr'><strong>quasque</strong></span> <span class='ocrx_word' id='word_1_231' title='bbox 1568 5214 1716 5268; x_wconf 82' lang='lat' dir='ltr'><strong>vafer</strong></span> <span class='ocrx_word' id='word_1_232' title='bbox 1755 5213 1835 5268; x_wconf 90' lang='lat' dir='ltr'><strong>in-</strong></span> 
     </span>
    </p>
   </div>
   <div class='ocr_carea' id='block_1_39' title="bbox 232 5303 1984 5402">
    <p class='ocr_par' dir='ltr' id='par_1_39' title="bbox 232 5303 1984 5402">
     <span class='ocr_line' id='line_1_40' title="bbox 232 5303 1984 5402; baseline 0.005 -46"><span class='ocrx_word' id='word_1_233' title='bbox 232 5303 542 5370; x_wconf 87' lang='lat' dir='ltr'><strong>terpollator</strong></span> <span class='ocrx_word' id='word_1_234' title='bbox 566 5320 630 5358; x_wconf 79' lang='lat' dir='ltr'><strong>ex</strong></span> <span class='ocrx_word' id='word_1_235' title='bbox 657 5305 890 5375; x_wconf 90' lang='lat' dir='ltr'><strong>antiquis</strong></span> <span class='ocrx_word' id='word_1_236' title='bbox 917 5305 1287 5362; x_wconf 87' lang='lat' dir='ltr'><strong>instrumentis</strong></span> <span class='ocrx_word' id='word_1_237' title='bbox 1315 5305 1370 5361; x_wconf 90' lang='lat' dir='ltr'><strong>in</strong></span> <span class='ocrx_word' id='word_1_238' title='bbox 1407 5307 1618 5363; x_wconf 87' lang='lat' dir='ltr'><strong>novella</strong></span> <span class='ocrx_word' id='word_1_239' title='bbox 1637 5310 1832 5363; x_wconf 81' lang='grc' dir='ltr'><strong>νοθείων</strong></span> <span class='ocrx_word' id='word_1_240' title='bbox 1863 5335 1908 5400; x_wconf 77' lang='lat' dir='ltr'>C</span> 
     </span>
    </p>
   </div>
   <div class='ocr_carea' id='block_1_40' title="bbox 226 5393 1031 5472">
    <p class='ocr_par' dir='ltr' id='par_1_40' title="bbox 226 5393 1031 5472">
     <span class='ocr_line' id='line_1_41' title="bbox 226 5393 1031 5472; baseline 0.007 -25"><span class='ocrx_word' id='word_1_241' title='bbox 226 5393 497 5466; x_wconf 79' lang='lat' dir='ltr'><strong>farragine</strong></span> <span class='ocrx_word' id='word_1_242' title='bbox 527 5396 805 5454; x_wconf 87' lang='lat' dir='ltr'><strong>intrudere</strong></span> <span class='ocrx_word' id='word_1_243' title='bbox 838 5400 1031 5472; x_wconf 89' lang='lat' dir='ltr'><strong>potuit.</strong></span> 
     </span>
    </p>
   </div>
   <div class='ocr_carea' id='block_1_41' title="bbox 333 5585 1715 5663">
    <p class='ocr_par' dir='ltr' id='par_1_41' title="bbox 333 5585 1715 5663">
     <span class='ocr_line' id='line_1_42' title="bbox 333 5585 1715 5663; baseline 0.007 -23"><span class='ocrx_word' id='word_1_244' title='bbox 333 5585 477 5641; x_wconf 83' lang='lat' dir='ltr'><strong>Unus</strong></span> <span class='ocrx_word' id='word_1_245' title='bbox 503 5603 564 5640; x_wconf 88' lang='lat' dir='ltr'><strong>ac</strong></span> <span class='ocrx_word' id='word_1_246' title='bbox 593 5589 902 5644; x_wconf 74' lang='lat' dir='ltr'><strong>necessarius</strong></span> <span class='ocrx_word' id='word_1_247' title='bbox 930 5591 1388 5646; x_wconf 78' lang='lat' dir='ltr'><strong>controversiarum</strong></span> <span class='ocrx_word' id='word_1_248' title='bbox 1427 5591 1549 5661; x_wconf 86' lang='lat' dir='ltr'><strong>ﬁdei</strong></span> <span class='ocrx_word' id='word_1_249' title='bbox 1573 5592 1715 5663; x_wconf 73' lang='lat' dir='ltr'><strong>linis.</strong></span> 
     </span>
    </p>
   </div>
   <div class='ocr_carea' id='block_1_42' title="bbox 287 5702 1822 5777">
    <p class='ocr_par' dir='ltr' id='par_1_42' title="bbox 287 5702 1822 5777">
     <span class='ocr_line' id='line_1_43' title="bbox 287 5702 1822 5777; baseline 0.003 -18"><span class='ocrx_word' id='word_1_250' title='bbox 287 5702 595 5772; x_wconf 78' lang='lat' dir='ltr'><strong>Stephanus</strong></span> <span class='ocrx_word' id='word_1_251' title='bbox 634 5704 702 5758; x_wconf 87' lang='lat' dir='ltr'><strong>de</strong></span> <span class='ocrx_word' id='word_1_252' title='bbox 731 5707 1076 5777; x_wconf 89' lang='lat' dir='ltr'><strong>episcopatus</strong></span> <span class='ocrx_word' id='word_1_253' title='bbox 1102 5707 1183 5761; x_wconf 90' lang='lat' dir='ltr'><strong>sui</strong></span> <span class='ocrx_word' id='word_1_254' title='bbox 1217 5706 1334 5762; x_wconf 89' lang='lat' dir='ltr'><strong>loco</strong></span> <span class='ocrx_word' id='word_1_255' title='bbox 1362 5707 1624 5777; x_wconf 78' lang='lat' dir='ltr'><strong>gloriatur</strong></span> <span class='ocrx_word' id='word_1_256' title='bbox 1660 5717 1716 5762; x_wconf 92' lang='lat' dir='ltr'><strong>et</strong></span> <span class='ocrx_word' id='word_1_257' title='bbox 1759 5723 1822 5764; x_wconf 89' lang='lat' dir='ltr'><strong>se</strong></span> 
     </span>
    </p>
   </div>
   <div class='ocr_carea' id='block_1_43' title="bbox 208 5796 1816 5872">
    <p class='ocr_par' dir='ltr' id='par_1_43' title="bbox 208 5796 1816 5872">
     <span class='ocr_line' id='line_1_44' title="bbox 208 5796 1816 5872; baseline 0.005 -24"><span class='ocrx_word' id='word_1_258' title='bbox 208 5796 612 5851; x_wconf 88' lang='lat' dir='ltr'><strong>successionem</strong></span> <span class='ocrx_word' id='word_1_259' title='bbox 665 5796 808 5853; x_wconf 88' lang='lat' dir='ltr'><strong>Petri</strong></span> <span class='ocrx_word' id='word_1_260' title='bbox 855 5807 1040 5854; x_wconf 87' lang='lat' dir='ltr'><strong>tenere</strong></span> <span class='ocrx_word' id='word_1_261' title='bbox 1089 5800 1396 5866; x_wconf 89' lang='lat' dir='ltr'><strong>contendit,</strong></span> <span class='ocrx_word' id='word_1_262' title='bbox 1446 5815 1608 5869; x_wconf 89' lang='lat' dir='ltr'><strong>super</strong></span> <span class='ocrx_word' id='word_1_263' title='bbox 1656 5816 1816 5872; x_wconf 89' lang='lat' dir='ltr'><strong>quem</strong></span> 
     </span>
    </p>
   </div>
   <div class='ocr_carea' id='block_1_44' title="bbox 205 5889 1736 5968">
    <p class='ocr_par' dir='ltr' id='par_1_44' title="bbox 205 5889 1736 5968">
     <span class='ocr_line' id='line_1_45' title="bbox 205 5889 1736 5968; baseline 0.008 -25"><span class='ocrx_word' id='word_1_264' title='bbox 205 5889 552 5944; x_wconf 76' lang='lat' dir='ltr'><strong>fundamenta</strong></span> <span class='ocrx_word' id='word_1_265' title='bbox 583 5893 824 5948; x_wconf 35' lang='lat' dir='ltr'><strong>ecclesia:</strong></span> <span class='ocrx_word' id='word_1_266' title='bbox 851 5895 1043 5948; x_wconf 76' lang='lat' dir='ltr'><strong>collata</strong></span> <span class='ocrx_word' id='word_1_267' title='bbox 1077 5903 1202 5950; x_wconf 85' lang='lat' dir='ltr'><strong>sunt</strong></span> <span class='ocrx_word' id='word_1_268' title='bbox 1229 5893 1470 5966; x_wconf 82' lang='lat' dir='ltr'><strong>(Firmil.</strong></span> <span class='ocrx_word' id='word_1_269' title='bbox 1507 5895 1676 5968; x_wconf 76' lang='lat' dir='ltr'><strong>Epist.</strong></span> <span class='ocrx_word' id='word_1_270' title='bbox 1695 5895 1736 5968; x_wconf 83' lang='lat'><strong>).</strong></span> 
     </span>
    </p>
   </div>
   <div class='ocr_carea' id='block_1_45' title="bbox 1894 2618 2792 2676">
    <p class='ocr_par' dir='ltr' id='par_1_45' title="bbox 1894 2618 2792 2676">
     <span class='ocr_line' id='line_1_46' title="bbox 1894 2618 2792 2676; baseline -0.004 0"><span class='ocrx_word' id='word_1_271' title='bbox 1894 2618 1947 2676; x_wconf 84' lang='grc' dir='ltr'><strong>Α</strong></span> <span class='ocrx_word' id='word_1_272' title='bbox 2731 2618 2792 2673; x_wconf 87' lang='lat' dir='ltr'><strong>ll.</strong></span> 
     </span>
    </p>
   </div>
   <div class='ocr_carea' id='block_1_46' title="bbox 2397 2732 3164 2807">
    <p class='ocr_par' dir='ltr' id='par_1_46' title="bbox 2397 2732 3164 2807">
     <span class='ocr_line' id='line_1_47' title="bbox 2397 2732 3164 2807; baseline 0.007 -21"><span class='ocrx_word' id='word_1_273' title='bbox 2397 2732 2641 2789; x_wconf 82' lang='lat' dir='ltr'><strong>Palmare</strong></span> <span class='ocrx_word' id='word_1_274' title='bbox 2657 2735 2800 2807; x_wconf 76' lang='lat' dir='ltr'><strong>juris</strong></span> <span class='ocrx_word' id='word_1_275' title='bbox 2831 2738 3164 2806; x_wconf 83' lang='lat' dir='ltr'><strong>principium.</strong></span> 
     </span>
    </p>
   </div>
   <div class='ocr_carea' id='block_1_47' title="bbox 2046 2847 3577 2921">
    <p class='ocr_par' dir='ltr' id='par_1_47' title="bbox 2046 2847 3577 2921">
     <span class='ocr_line' id='line_1_48' title="bbox 2046 2847 3577 2921; baseline 0.004 -19"><span class='ocrx_word' id='word_1_276' title='bbox 2046 2847 2102 2902; x_wconf 87' lang='lat' dir='ltr'><strong>Si</strong></span> <span class='ocrx_word' id='word_1_277' title='bbox 2143 2847 2266 2918; x_wconf 86' lang='lat' dir='ltr'><strong>quis</strong></span> <span class='ocrx_word' id='word_1_278' title='bbox 2295 2863 2424 2918; x_wconf 84' lang='lat' dir='ltr'><strong>ergo</strong></span> <span class='ocrx_word' id='word_1_279' title='bbox 2453 2863 2484 2903; x_wconf 93' lang='lat' dir='ltr'><strong>a</strong></span> <span class='ocrx_word' id='word_1_280' title='bbox 2514 2865 2851 2921; x_wconf 90' lang='lat' dir='ltr'><strong>quacumque</strong></span> <span class='ocrx_word' id='word_1_281' title='bbox 2882 2850 3076 2908; x_wconf 63' lang='lat' dir='ltr'><strong>habresi</strong></span> <span class='ocrx_word' id='word_1_282' title='bbox 3105 2854 3314 2908; x_wconf 91' lang='lat' dir='ltr'><strong>venerit</strong></span> <span class='ocrx_word' id='word_1_283' title='bbox 3344 2853 3413 2908; x_wconf 89' lang='lat' dir='ltr'><strong>ad</strong></span> <span class='ocrx_word' id='word_1_284' title='bbox 3444 2868 3544 2908; x_wconf 90' lang='lat' dir='ltr'><strong>nos</strong></span> <span class='ocrx_word' id='word_1_285' title='bbox 3564 2897 3577 2921; x_wconf 92' lang='lat'><strong>,</strong></span> 
     </span>
    </p>
   </div>
   <div class='ocr_carea' id='block_1_48' title="bbox 1973 2955 3581 3010">
    <p class='ocr_par' dir='ltr' id='par_1_48' title="bbox 1973 2955 3581 3010">
     <span class='ocr_line' id='line_1_49' title="bbox 1973 2955 3581 3010; baseline 0.005 -16"><span class='ocrx_word' id='word_1_286' title='bbox 1973 2955 2119 2996; x_wconf 73' lang='lat' dir='ltr'><strong>NIHIL</strong></span> <span class='ocrx_word' id='word_1_287' title='bbox 2147 2956 2457 2995; x_wconf 72' lang='lat' dir='ltr'><strong>INNOVETUR</strong></span> <span class='ocrx_word' id='word_1_288' title='bbox 2477 2984 2492 3008; x_wconf 85' lang='lat'><strong>,</strong></span> <span class='ocrx_word' id='word_1_289' title='bbox 2525 2957 2624 2998; x_wconf 74' lang='lat' dir='ltr'><strong>NlSl</strong></span> <span class='ocrx_word' id='word_1_290' title='bbox 2655 2959 2791 3007; x_wconf 83' lang='lat' dir='ltr'><strong>QUOD</strong></span> <span class='ocrx_word' id='word_1_291' title='bbox 2821 2960 3096 3000; x_wconf 74' lang='lat' dir='ltr'><strong>&#39;I&#39;BADI&#39;I&#39;UII</strong></span> <span class='ocrx_word' id='word_1_292' title='bbox 3128 2962 3248 3010; x_wconf 78' lang='lat' dir='ltr'><strong>EST,</strong></span> <span class='ocrx_word' id='word_1_293' title='bbox 3295 2956 3352 3001; x_wconf 94' lang='lat' dir='ltr'><strong>ut</strong></span> <span class='ocrx_word' id='word_1_294' title='bbox 3390 2963 3581 3002; x_wconf 86' lang='lat' dir='ltr'><strong>manus</strong></span> 
     </span>
    </p>
   </div>
   <div class='ocr_carea' id='block_1_49' title="bbox 1972 3032 3578 3108">
    <p class='ocr_par' dir='ltr' id='par_1_49' title="bbox 1972 3032 3578 3108">
     <span class='ocr_line' id='line_1_50' title="bbox 1972 3032 3578 3108; baseline 0.004 -22"><span class='ocrx_word' id='word_1_295' title='bbox 1972 3032 2049 3086; x_wconf 93' lang='lat' dir='ltr'><strong>illi</strong></span> <span class='ocrx_word' id='word_1_296' title='bbox 2100 3034 2410 3101; x_wconf 88' lang='lat' dir='ltr'><strong>imponatur</strong></span> <span class='ocrx_word' id='word_1_297' title='bbox 2456 3035 2507 3088; x_wconf 92' lang='lat' dir='ltr'><strong>in</strong></span> <span class='ocrx_word' id='word_1_298' title='bbox 2557 3035 2962 3105; x_wconf 73' lang='lat' dir='ltr'><strong>pmnitentinm,</strong></span> <span class='ocrx_word' id='word_1_299' title='bbox 3015 3053 3137 3092; x_wconf 90' lang='lat' dir='ltr'><strong>cum</strong></span> <span class='ocrx_word' id='word_1_300' title='bbox 3185 3038 3285 3108; x_wconf 84' lang='lat' dir='ltr'><strong>ipsi</strong></span> <span class='ocrx_word' id='word_1_301' title='bbox 3339 3039 3578 3093; x_wconf 61' lang='lat' dir='ltr'><strong>ha&#39;retici</strong></span> 
     </span>
    </p>
   </div>
   <div class='ocr_carea' id='block_1_50' title="bbox 1971 3125 3574 3203">
    <p class='ocr_par' dir='ltr' id='par_1_50' title="bbox 1971 3125 3574 3203">
     <span class='ocr_line' id='line_1_51' title="bbox 1971 3125 3574 3203; baseline 0.003 -23"><span class='ocrx_word' id='word_1_302' title='bbox 1971 3125 2189 3196; x_wconf 89' lang='lat' dir='ltr'><strong>proprie</strong></span> <span class='ocrx_word' id='word_1_303' title='bbox 2220 3125 2537 3182; x_wconf 89' lang='lat' dir='ltr'><strong>alterutrum</strong></span> <span class='ocrx_word' id='word_1_304' title='bbox 2561 3129 2626 3183; x_wconf 91' lang='lat' dir='ltr'><strong>ad</strong></span> <span class='ocrx_word' id='word_1_305' title='bbox 2651 3144 2709 3183; x_wconf 87' lang='lat' dir='ltr'><strong>se</strong></span> <span class='ocrx_word' id='word_1_306' title='bbox 2731 3131 3010 3186; x_wconf 87' lang='lat' dir='ltr'><strong>venientes</strong></span> <span class='ocrx_word' id='word_1_307' title='bbox 3036 3147 3139 3186; x_wconf 93' lang='lat' dir='ltr'><strong>non</strong></span> <span class='ocrx_word' id='word_1_308' title='bbox 3167 3131 3459 3203; x_wconf 84' lang='lat' dir='ltr'><strong>baptizent,</strong></span> <span class='ocrx_word' id='word_1_309' title='bbox 3479 3133 3574 3186; x_wconf 87' lang='lat' dir='ltr'><strong>sed</strong></span> 
     </span>
    </p>
   </div>
   <div class='ocr_carea' id='block_1_51' title="bbox 1969 3221 3261 3296">
    <p class='ocr_par' dir='ltr' id='par_1_51' title="bbox 1969 3221 3261 3296">
     <span class='ocr_line' id='line_1_52' title="bbox 1969 3221 3261 3296; baseline 0.005 -21"><span class='ocrx_word' id='word_1_310' title='bbox 1969 3222 2332 3276; x_wconf 90' lang='lat' dir='ltr'><strong>communicet</strong></span> <span class='ocrx_word' id='word_1_311' title='bbox 2364 3231 2568 3276; x_wconf 90' lang='lat' dir='ltr'><strong>tantum</strong></span> <span class='ocrx_word' id='word_1_312' title='bbox 2597 3221 2794 3295; x_wconf 85' lang='lat' dir='ltr'><strong>(Cypr.</strong></span> <span class='ocrx_word' id='word_1_313' title='bbox 2825 3223 2997 3294; x_wconf 77' lang='lat' dir='ltr'><strong>Epist.</strong></span> <span class='ocrx_word' id='word_1_314' title='bbox 3028 3239 3200 3280; x_wconf 73' lang='lat' dir='ltr'><strong>LXXIV</strong></span> <span class='ocrx_word' id='word_1_315' title='bbox 3221 3229 3261 3296; x_wconf 90' lang='lat'><strong>).</strong></span> 
     </span>
    </p>
   </div>
   <div class='ocr_carea' id='block_1_52' title="bbox 2016 3453 3518 3526">
    <p class='ocr_par' dir='ltr' id='par_1_52' title="bbox 2016 3453 3518 3526">
     <span class='ocr_line' id='line_1_53' title="bbox 2016 3453 3518 3526; baseline 0.003 -18"><span class='ocrx_word' id='word_1_316' title='bbox 2016 3453 2326 3509; x_wconf 81' lang='lat' dir='ltr'><strong>Traditionis</strong></span> <span class='ocrx_word' id='word_1_317' title='bbox 2357 3455 2668 3526; x_wconf 71' lang='lat' dir='ltr'><strong>Apostolicw</strong></span> <span class='ocrx_word' id='word_1_318' title='bbox 2699 3456 3042 3512; x_wconf 76' lang='lat' dir='ltr'><strong>testimonium</strong></span> <span class='ocrx_word' id='word_1_319' title='bbox 3071 3458 3135 3512; x_wconf 84' lang='lat' dir='ltr'><strong>de</strong></span> <span class='ocrx_word' id='word_1_320' title='bbox 3163 3457 3518 3513; x_wconf 73' lang='lat' dir='ltr'><strong>luereticorum</strong></span> 
     </span>
    </p>
   </div>
   <div class='ocr_carea' id='block_1_53' title="bbox 2599 3538 3245 3622">
    <p class='ocr_par' dir='ltr' id='par_1_53' title="bbox 2599 3538 3245 3622">
     <span class='ocr_line' id='line_1_54' title="bbox 2599 3538 3245 3622; baseline 0.008 -18"><span class='ocrx_word' id='word_1_321' title='bbox 2599 3551 2924 3622; x_wconf 78' lang='lat' dir='ltr'><strong>baptismate.</strong></span> <span class='ocrx_word' id='word_1_322' title='bbox 3233 3538 3245 3554; x_wconf 51' lang='grc'><strong>⁸</strong></span> 
     </span>
    </p>
   </div>
   <div class='ocr_carea' id='block_1_54' title="bbox 2040 3688 3567 3760">
    <p class='ocr_par' dir='ltr' id='par_1_54' title="bbox 2040 3688 3567 3760">
     <span class='ocr_line' id='line_1_55' title="bbox 2040 3688 3567 3760; baseline 0.002 -19"><span class='ocrx_word' id='word_1_323' title='bbox 2040 3688 2269 3755; x_wconf 86' lang='lat' dir='ltr'><strong>...Quasi</strong></span> <span class='ocrx_word' id='word_1_324' title='bbox 2293 3688 2531 3758; x_wconf 77' lang='lat' dir='ltr'><strong>Apostoli</strong></span> <span class='ocrx_word' id='word_1_325' title='bbox 2547 3703 2641 3744; x_wconf 89' lang='lat' dir='ltr'><strong>eos</strong></span> <span class='ocrx_word' id='word_1_326' title='bbox 2657 3689 2746 3760; x_wconf 91' lang='lat' dir='ltr'><strong>qui</strong></span> <span class='ocrx_word' id='word_1_327' title='bbox 2765 3688 2834 3742; x_wconf 88' lang='lat' dir='ltr'><strong>ab</strong></span> <span class='ocrx_word' id='word_1_328' title='bbox 2857 3688 3049 3744; x_wconf 67' lang='lat' dir='ltr'><strong>haeresi</strong></span> <span class='ocrx_word' id='word_1_329' title='bbox 3071 3689 3286 3744; x_wconf 88' lang='lat' dir='ltr'><strong>veniant</strong></span> <span class='ocrx_word' id='word_1_330' title='bbox 3306 3688 3567 3760; x_wconf 85' lang='lat' dir='ltr'><strong>baptizari</strong></span> 
     </span>
    </p>
   </div>
   <div class='ocr_carea' id='block_1_55' title="bbox 1966 3779 3564 3854">
    <p class='ocr_par' dir='ltr' id='par_1_55' title="bbox 1966 3779 3564 3854">
     <span class='ocr_line' id='line_1_56' title="bbox 1966 3779 3564 3854; baseline 0.004 -20"><span class='ocrx_word' id='word_1_331' title='bbox 1966 3779 2343 3849; x_wconf 89' lang='lat' dir='ltr'><strong>prohibuerint</strong></span> <span class='ocrx_word' id='word_1_332' title='bbox 2371 3791 2427 3836; x_wconf 87' lang='lat' dir='ltr'><strong>et</strong></span> <span class='ocrx_word' id='word_1_333' title='bbox 2464 3779 2568 3837; x_wconf 89' lang='lat' dir='ltr'><strong>hoc</strong></span> <span class='ocrx_word' id='word_1_334' title='bbox 2596 3781 3009 3838; x_wconf 87' lang='lat' dir='ltr'><strong>custodiendum</strong></span> <span class='ocrx_word' id='word_1_335' title='bbox 3050 3783 3282 3854; x_wconf 88' lang='lat' dir='ltr'><strong>posteris</strong></span> <span class='ocrx_word' id='word_1_336' title='bbox 3323 3780 3564 3840; x_wconf 80' lang='lat' dir='ltr'><strong>tradide~</strong></span> 
     </span>
    </p>
   </div>
   <div class='ocr_carea' id='block_1_56' title="bbox 1963 3870 2619 3944">
    <p class='ocr_par' dir='ltr' id='par_1_56' title="bbox 1963 3870 2619 3944">
     <span class='ocr_line' id='line_1_57' title="bbox 1963 3870 2619 3944; baseline 0.003 -19"><span class='ocrx_word' id='word_1_337' title='bbox 1963 3871 2073 3926; x_wconf 88' lang='lat' dir='ltr'><strong>rint</strong></span> <span class='ocrx_word' id='word_1_338' title='bbox 2101 3872 2121 3943; x_wconf 84' lang='lat'>(</span> <span class='ocrx_word' id='word_1_339' title='bbox 2145 3871 2350 3927; x_wconf 82' lang='lat' dir='ltr'><strong>Firmil.</strong></span> <span class='ocrx_word' id='word_1_340' title='bbox 2387 3870 2556 3943; x_wconf 80' lang='lat' dir='ltr'><strong>Epist.</strong></span> <span class='ocrx_word' id='word_1_341' title='bbox 2579 3872 2619 3944; x_wconf 89' lang='lat'><strong>).</strong></span> 
     </span>
    </p>
   </div>
   <div class='ocr_carea' id='block_1_57' title="bbox 2710 3966 2801 4024">
    <p class='ocr_par' dir='ltr' id='par_1_57' title="bbox 2710 3966 2801 4024">
     <span class='ocr_line' id='line_1_58' title="bbox 2710 3966 2801 4024; baseline 0.022 -3"><span class='ocrx_word' id='word_1_342' title='bbox 2710 3966 2801 4024; x_wconf 82' lang='grc' dir='ltr'><strong>ιν.</strong></span> 
     </span>
    </p>
   </div>
   <div class='ocr_carea' id='block_1_58' title="bbox 2280 4080 3234 4157">
    <p class='ocr_par' dir='ltr' id='par_1_58' title="bbox 2280 4080 3234 4157">
     <span class='ocr_line' id='line_1_59' title="bbox 2280 4080 3234 4157; baseline 0.007 -23"><span class='ocrx_word' id='word_1_343' title='bbox 2280 4080 2584 4136; x_wconf 78' lang='lat' dir='ltr'><strong>Testimonii</strong></span> <span class='ocrx_word' id='word_1_344' title='bbox 2614 4083 2887 4139; x_wconf 75' lang='lat' dir='ltr'><strong>intrinseca</strong></span> <span class='ocrx_word' id='word_1_345' title='bbox 2917 4096 3234 4157; x_wconf 82' lang='lat' dir='ltr'><strong>argumenta.</strong></span> 
     </span>
    </p>
   </div>
   <div class='ocr_carea' id='block_1_59' title="bbox 2033 4215 3560 4291">
    <p class='ocr_par' dir='ltr' id='par_1_59' title="bbox 2033 4215 3560 4291">
     <span class='ocr_line' id='line_1_60' title="bbox 2033 4215 3560 4291; baseline 0.009 -20"><span class='ocrx_word' id='word_1_346' title='bbox 2033 4215 2340 4287; x_wconf 89' lang='lat' dir='ltr'><strong>Stephanus</strong></span> <span class='ocrx_word' id='word_1_347' title='bbox 2375 4229 2428 4272; x_wconf 87' lang='lat' dir='ltr'><strong>et</strong></span> <span class='ocrx_word' id='word_1_348' title='bbox 2468 4218 2558 4290; x_wconf 89' lang='lat' dir='ltr'><strong>qui</strong></span> <span class='ocrx_word' id='word_1_349' title='bbox 2588 4219 2662 4274; x_wconf 92' lang='lat' dir='ltr'><strong>illi</strong></span> <span class='ocrx_word' id='word_1_350' title='bbox 2693 4222 3072 4291; x_wconf 89' lang='lat' dir='ltr'><strong>consentiunt,</strong></span> <span class='ocrx_word' id='word_1_351' title='bbox 3105 4225 3440 4281; x_wconf 86' lang='lat' dir='ltr'><strong>contendunt</strong></span> <span class='ocrx_word' id='word_1_352' title='bbox 3476 4227 3560 4284; x_wconf 89' lang='lat' dir='ltr'><strong>di-</strong></span> 
     </span>
    </p>
   </div>
   <div class='ocr_carea' id='block_1_60' title="bbox 1959 4310 3558 4380">
    <p class='ocr_par' dir='ltr' id='par_1_60' title="bbox 1959 4310 3558 4380">
     <span class='ocr_line' id='line_1_61' title="bbox 1959 4310 3558 4380; baseline 0.009 -19"><span class='ocrx_word' id='word_1_353' title='bbox 1959 4310 2270 4365; x_wconf 87' lang='lat' dir='ltr'><strong>missionem</strong></span> <span class='ocrx_word' id='word_1_354' title='bbox 2317 4321 2658 4380; x_wconf 85' lang='lat' dir='ltr'><strong>peccatorum</strong></span> <span class='ocrx_word' id='word_1_355' title='bbox 2699 4323 2753 4368; x_wconf 90' lang='lat' dir='ltr'><strong>et</strong></span> <span class='ocrx_word' id='word_1_356' title='bbox 2797 4316 3087 4371; x_wconf 91' lang='lat' dir='ltr'><strong>secundam</strong></span> <span class='ocrx_word' id='word_1_357' title='bbox 3130 4319 3463 4376; x_wconf 85' lang='lat' dir='ltr'><strong>nativitatem</strong></span> <span class='ocrx_word' id='word_1_358' title='bbox 3503 4321 3558 4376; x_wconf 90' lang='lat' dir='ltr'><strong>in</strong></span> 
     </span>
    </p>
   </div>
   <div class='ocr_carea' id='block_1_61' title="bbox 1958 4404 3557 4483">
    <p class='ocr_par' dir='ltr' id='par_1_61' title="bbox 1958 4404 3557 4483">
     <span class='ocr_line' id='line_1_62' title="bbox 1958 4404 3557 4483; baseline 0.008 -25"><span class='ocrx_word' id='word_1_359' title='bbox 1958 4404 2335 4460; x_wconf 64' lang='lat' dir='ltr'><strong>haereticorum</strong></span> <span class='ocrx_word' id='word_1_360' title='bbox 2380 4405 2646 4477; x_wconf 89' lang='lat' dir='ltr'><strong>baptismo</strong></span> <span class='ocrx_word' id='word_1_361' title='bbox 2685 4411 3015 4478; x_wconf 88' lang='lat' dir='ltr'><strong>procedere,</strong></span> <span class='ocrx_word' id='word_1_362' title='bbox 3048 4411 3186 4481; x_wconf 90' lang='lat' dir='ltr'><strong>apud</strong></span> <span class='ocrx_word' id='word_1_363' title='bbox 3217 4427 3355 4483; x_wconf 91' lang='lat' dir='ltr'><strong>quos</strong></span> <span class='ocrx_word' id='word_1_364' title='bbox 3392 4414 3557 4470; x_wconf 88' lang='lat' dir='ltr'><strong>etiam</strong></span> 
     </span>
    </p>
   </div>
   <div class='ocr_carea' id='block_1_62' title="bbox 1957 4497 3559 4575">
    <p class='ocr_par' dir='ltr' id='par_1_62' title="bbox 1957 4497 3559 4575">
     <span class='ocr_line' id='line_1_63' title="bbox 1957 4497 3559 4575; baseline 0.004 -23"><span class='ocrx_word' id='word_1_365' title='bbox 1957 4497 2056 4567; x_wconf 89' lang='lat' dir='ltr'><strong>ipsi</strong></span> <span class='ocrx_word' id='word_1_366' title='bbox 2085 4497 2410 4555; x_wconf 79' lang='lat' dir='ltr'><strong>confitentur</strong></span> <span class='ocrx_word' id='word_1_367' title='bbox 2439 4500 2695 4570; x_wconf 87' lang='lat' dir='ltr'><strong>Spiritum</strong></span> <span class='ocrx_word' id='word_1_368' title='bbox 2724 4513 2968 4556; x_wconf 85' lang='lat' dir='ltr'><strong>sanctum</strong></span> <span class='ocrx_word' id='word_1_369' title='bbox 2997 4519 3100 4557; x_wconf 92' lang='lat' dir='ltr'><strong>non</strong></span> <span class='ocrx_word' id='word_1_370' title='bbox 3129 4517 3272 4571; x_wconf 87' lang='lat' dir='ltr'><strong>esse,</strong></span> <span class='ocrx_word' id='word_1_371' title='bbox 3305 4505 3559 4575; x_wconf 74' lang='lat' dir='ltr'><strong>simulque</strong></span> 
     </span>
    </p>
   </div>
   <div class='ocr_carea' id='block_1_63' title="bbox 1957 4591 3558 4665">
    <p class='ocr_par' dir='ltr' id='par_1_63' title="bbox 1957 4591 3558 4665">
     <span class='ocr_line' id='line_1_64' title="bbox 1957 4591 3558 4665; baseline 0.007 -21"><span class='ocrx_word' id='word_1_372' title='bbox 1957 4605 2121 4644; x_wconf 90' lang='lat' dir='ltr'><strong>unum</strong></span> <span class='ocrx_word' id='word_1_373' title='bbox 2163 4591 2318 4647; x_wconf 88' lang='lat' dir='ltr'><strong>nobis</strong></span> <span class='ocrx_word' id='word_1_374' title='bbox 2355 4606 2518 4663; x_wconf 85' lang='lat' dir='ltr'><strong>atque</strong></span> <span class='ocrx_word' id='word_1_375' title='bbox 2563 4594 2830 4648; x_wconf 77' lang='lat' dir='ltr'><strong>luereticis</strong></span> <span class='ocrx_word' id='word_1_376' title='bbox 2870 4593 3133 4665; x_wconf 87' lang='lat' dir='ltr'><strong>baptisma</strong></span> <span class='ocrx_word' id='word_1_377' title='bbox 3181 4611 3396 4653; x_wconf 91' lang='lat' dir='ltr'><strong>esse....</strong></span> <span class='ocrx_word' id='word_1_378' title='bbox 3435 4596 3558 4655; x_wconf 83' lang='lat' dir='ltr'><strong>Non</strong></span> 
     </span>
    </p>
   </div>
   <div class='ocr_carea' id='block_1_64' title="bbox 1954 4687 3553 4760">
    <p class='ocr_par' dir='ltr' id='par_1_64' title="bbox 1954 4687 3553 4760">
     <span class='ocr_line' id='line_1_65' title="bbox 1954 4687 3553 4760; baseline 0.006 -22"><span class='ocrx_word' id='word_1_379' title='bbox 1954 4693 2142 4755; x_wconf 89' lang='lat' dir='ltr'><strong>putant</strong></span> <span class='ocrx_word' id='word_1_380' title='bbox 2179 4687 2530 4756; x_wconf 73' lang='lat' dir='ltr'><strong>quaerendum</strong></span> <span class='ocrx_word' id='word_1_381' title='bbox 2573 4701 2694 4741; x_wconf 86' lang='lat' dir='ltr'><strong>esse</strong></span> <span class='ocrx_word' id='word_1_382' title='bbox 2732 4688 2852 4756; x_wconf 89' lang='lat' dir='ltr'><strong>quis</strong></span> <span class='ocrx_word' id='word_1_383' title='bbox 2891 4689 2961 4742; x_wconf 93' lang='lat' dir='ltr'><strong>sit</strong></span> <span class='ocrx_word' id='word_1_384' title='bbox 3001 4690 3089 4743; x_wconf 89' lang='lat' dir='ltr'><strong>ille</strong></span> <span class='ocrx_word' id='word_1_385' title='bbox 3115 4690 3206 4759; x_wconf 87' lang='lat' dir='ltr'><strong>qui</strong></span> <span class='ocrx_word' id='word_1_386' title='bbox 3244 4691 3553 4760; x_wconf 82' lang='lat' dir='ltr'><strong>baptizave-</strong></span> 
     </span>
    </p>
   </div>
   <div class='ocr_carea' id='block_1_65' title="bbox 1951 4779 3554 4855">
    <p class='ocr_par' dir='ltr' id='par_1_65' title="bbox 1951 4779 3554 4855">
     <span class='ocr_line' id='line_1_66' title="bbox 1951 4779 3554 4855; baseline 0.004 -22"><span class='ocrx_word' id='word_1_387' title='bbox 1951 4780 2063 4844; x_wconf 89' lang='lat' dir='ltr'><strong>rit,</strong></span> <span class='ocrx_word' id='word_1_388' title='bbox 2101 4794 2167 4834; x_wconf 89' lang='lat' dir='ltr'><strong>eo</strong></span> <span class='ocrx_word' id='word_1_389' title='bbox 2196 4779 2339 4850; x_wconf 89' lang='lat' dir='ltr'><strong>quod</strong></span> <span class='ocrx_word' id='word_1_390' title='bbox 2367 4783 2456 4850; x_wconf 85' lang='lat' dir='ltr'><strong>qui</strong></span> <span class='ocrx_word' id='word_1_391' title='bbox 2488 4780 2871 4848; x_wconf 86' lang='lat' dir='ltr'><strong>baptizaverit,</strong></span> <span class='ocrx_word' id='word_1_392' title='bbox 2903 4782 3127 4850; x_wconf 72' lang='lat' dir='ltr'><strong>gratiam</strong></span> <span class='ocrx_word' id='word_1_393' title='bbox 3159 4785 3414 4853; x_wconf 88' lang='lat' dir='ltr'><strong>consequi</strong></span> <span class='ocrx_word' id='word_1_394' title='bbox 3457 4798 3554 4855; x_wconf 87' lang='lat' dir='ltr'><strong>po-</strong></span> 
     </span>
    </p>
   </div>
   <div class='ocr_carea' id='block_1_66' title="bbox 1952 4871 3551 4934">
    <p class='ocr_par' dir='ltr' id='par_1_66' title="bbox 1952 4871 3551 4934">
     <span class='ocr_line' id='line_1_67' title="bbox 1952 4871 3551 4934; baseline 0.006 -9"><span class='ocrx_word' id='word_1_395' title='bbox 1952 4871 2114 4926; x_wconf 90' lang='lat' dir='ltr'><strong>tuerit</strong></span> <span class='ocrx_word' id='word_1_396' title='bbox 2155 4873 2398 4926; x_wconf 87' lang='lat' dir='ltr'><strong>invocata</strong></span> <span class='ocrx_word' id='word_1_397' title='bbox 2428 4871 2691 4928; x_wconf 84' lang='lat' dir='ltr'><strong>Trinitate</strong></span> <span class='ocrx_word' id='word_1_398' title='bbox 2731 4874 3006 4928; x_wconf 87' lang='lat' dir='ltr'><strong>numinum</strong></span> <span class='ocrx_word' id='word_1_399' title='bbox 3046 4874 3222 4930; x_wconf 88' lang='lat' dir='ltr'><strong>Patris</strong></span> <span class='ocrx_word' id='word_1_400' title='bbox 3251 4887 3306 4931; x_wconf 90' lang='lat' dir='ltr'><strong>et</strong></span> <span class='ocrx_word' id='word_1_401' title='bbox 3336 4875 3457 4932; x_wconf 87' lang='lat' dir='ltr'><strong>Filii</strong></span> <span class='ocrx_word' id='word_1_402' title='bbox 3495 4889 3551 4934; x_wconf 86' lang='lat' dir='ltr'><strong>et</strong></span> 
     </span>
    </p>
   </div>
   <div class='ocr_carea' id='block_1_67' title="bbox 1946 4965 3547 5041">
    <p class='ocr_par' dir='ltr' id='par_1_67' title="bbox 1946 4965 3547 5041">
     <span class='ocr_line' id='line_1_68' title="bbox 1946 4965 3547 5041; baseline 0.005 -21"><span class='ocrx_word' id='word_1_403' title='bbox 1946 4965 2178 5036; x_wconf 90' lang='lat' dir='ltr'><strong>Spiritus</strong></span> <span class='ocrx_word' id='word_1_404' title='bbox 2205 4968 2446 5021; x_wconf 90' lang='lat' dir='ltr'><strong>sancti...</strong></span> <span class='ocrx_word' id='word_1_405' title='bbox 2477 4967 2603 5022; x_wconf 80' lang='lat' dir='ltr'><strong>Vult</strong></span> <span class='ocrx_word' id='word_1_406' title='bbox 2629 4967 2934 5038; x_wconf 76' lang='lat' dir='ltr'><strong>Stephanus</strong></span> <span class='ocrx_word' id='word_1_407' title='bbox 2973 4968 3055 5023; x_wconf 89' lang='lat' dir='ltr'><strong>his</strong></span> <span class='ocrx_word' id='word_1_408' title='bbox 3084 4970 3174 5040; x_wconf 86' lang='lat' dir='ltr'><strong>qui</strong></span> <span class='ocrx_word' id='word_1_409' title='bbox 3205 4971 3344 5041; x_wconf 88' lang='lat' dir='ltr'><strong>apud</strong></span> <span class='ocrx_word' id='word_1_410' title='bbox 3373 4971 3547 5028; x_wconf 67' lang='lat' dir='ltr'><strong>haere-</strong></span> 
     </span>
    </p>
   </div>
   <div class='ocr_carea' id='block_1_68' title="bbox 1946 5061 3544 5134">
    <p class='ocr_par' dir='ltr' id='par_1_68' title="bbox 1946 5061 3544 5134">
     <span class='ocr_line' id='line_1_69' title="bbox 1946 5061 3544 5134; baseline 0.005 -19"><span class='ocrx_word' id='word_1_411' title='bbox 1946 5061 2079 5116; x_wconf 85' lang='lat' dir='ltr'><strong>licos</strong></span> <span class='ocrx_word' id='word_1_412' title='bbox 2122 5061 2479 5132; x_wconf 87' lang='lat' dir='ltr'><strong>baptizantnr,</strong></span> <span class='ocrx_word' id='word_1_413' title='bbox 2527 5061 2716 5119; x_wconf 84' lang='lat' dir='ltr'><strong>adesse</strong></span> <span class='ocrx_word' id='word_1_414' title='bbox 2767 5065 3107 5134; x_wconf 65' lang='lat' dir='ltr'><strong>prmsentiam</strong></span> <span class='ocrx_word' id='word_1_415' title='bbox 3153 5073 3208 5121; x_wconf 89' lang='lat' dir='ltr'><strong>et</strong></span> <span class='ocrx_word' id='word_1_416' title='bbox 3254 5067 3544 5123; x_wconf 57' lang='lat' dir='ltr'><strong>sanctimoo</strong></span> 
     </span>
    </p>
   </div>
   <div class='ocr_carea' id='block_1_69' title="bbox 1943 5153 3544 5227">
    <p class='ocr_par' dir='ltr' id='par_1_69' title="bbox 1943 5153 3544 5227">
     <span class='ocr_line' id='line_1_70' title="bbox 1943 5153 3544 5227; baseline 0.006 -19"><span class='ocrx_word' id='word_1_417' title='bbox 1943 5153 2086 5208; x_wconf 89' lang='lat' dir='ltr'><strong>niam</strong></span> <span class='ocrx_word' id='word_1_418' title='bbox 2131 5153 2400 5210; x_wconf 71' lang='lat' dir='ltr'><strong>Christi...</strong></span> <span class='ocrx_word' id='word_1_419' title='bbox 2450 5155 2673 5211; x_wconf 81' lang='lat' dir='ltr'><strong>Multum</strong></span> <span class='ocrx_word' id='word_1_420' title='bbox 2717 5158 2930 5227; x_wconf 78' lang='lat' dir='ltr'><strong>proiicit</strong></span> <span class='ocrx_word' id='word_1_421' title='bbox 2968 5173 3163 5214; x_wconf 90' lang='lat' dir='ltr'><strong>nomen</strong></span> <span class='ocrx_word' id='word_1_422' title='bbox 3204 5159 3440 5225; x_wconf 86' lang='lat' dir='ltr'><strong>Christi.</strong></span> <span class='ocrx_word' id='word_1_423' title='bbox 3484 5171 3544 5218; x_wconf 88' lang='lat' dir='ltr'><strong>ut</strong></span> 
     </span>
    </p>
   </div>
   <div class='ocr_carea' id='block_1_70' title="bbox 1943 5248 3537 5328">
    <p class='ocr_par' dir='ltr' id='par_1_70' title="bbox 1943 5248 3537 5328">
     <span class='ocr_line' id='line_1_71' title="bbox 1943 5248 3537 5328; baseline 0.007 -27"><span class='ocrx_word' id='word_1_424' title='bbox 1943 5248 2270 5319; x_wconf 89' lang='lat' dir='ltr'><strong>quicumque</strong></span> <span class='ocrx_word' id='word_1_425' title='bbox 2311 5261 2365 5304; x_wconf 92' lang='lat' dir='ltr'><strong>et</strong></span> <span class='ocrx_word' id='word_1_426' title='bbox 2409 5251 2734 5324; x_wconf 88' lang='lat' dir='ltr'><strong>ubicumque</strong></span> <span class='ocrx_word' id='word_1_427' title='bbox 2785 5252 2836 5306; x_wconf 92' lang='lat' dir='ltr'><strong>in</strong></span> <span class='ocrx_word' id='word_1_428' title='bbox 2881 5253 3101 5308; x_wconf 90' lang='lat' dir='ltr'><strong>nomine</strong></span> <span class='ocrx_word' id='word_1_429' title='bbox 3129 5252 3331 5310; x_wconf 88' lang='lat' dir='ltr'><strong>Christi</strong></span> <span class='ocrx_word' id='word_1_430' title='bbox 3361 5257 3537 5328; x_wconf 86' lang='lat' dir='ltr'><strong>bapti-</strong></span> 
     </span>
    </p>
   </div>
   <div class='ocr_carea' id='block_1_71' title="bbox 1988 5343 3537 5425">
    <p class='ocr_par' dir='ltr' id='par_1_71' title="bbox 1988 5343 3537 5425">
     <span class='ocr_line' id='line_1_72' title="bbox 1988 5343 3537 5425; baseline 0.008 -30"><span class='ocrx_word' id='word_1_431' title='bbox 1988 5353 2092 5400; x_wconf 77' lang='lat' dir='ltr'><strong>tlllS</strong></span> <span class='ocrx_word' id='word_1_432' title='bbox 2117 5343 2306 5412; x_wconf 83' lang='lat' dir='ltr'><strong>fuerit,</strong></span> <span class='ocrx_word' id='word_1_433' title='bbox 2328 5356 2692 5418; x_wconf 87' lang='lat' dir='ltr'><strong>consequatur</strong></span> <span class='ocrx_word' id='word_1_434' title='bbox 2717 5347 2899 5404; x_wconf 90' lang='lat' dir='ltr'><strong>statim</strong></span> <span class='ocrx_word' id='word_1_435' title='bbox 2920 5348 3149 5419; x_wconf 82' lang='lat' dir='ltr'><strong>gratiam</strong></span> <span class='ocrx_word' id='word_1_436' title='bbox 3169 5346 3372 5409; x_wconf 87' lang='lat' dir='ltr'><strong>Christi</strong></span> <span class='ocrx_word' id='word_1_437' title='bbox 3390 5349 3537 5425; x_wconf 80' lang='lat' dir='ltr'><strong>(Fir-</strong></span> 
     </span>
    </p>
   </div>
   <div class='ocr_carea' id='block_1_72' title="bbox 1928 5434 2628 5516">
    <p class='ocr_par' dir='ltr' id='par_1_72' title="bbox 1928 5434 2628 5516">
     <span class='ocr_line' id='line_1_73' title="bbox 1928 5434 2628 5516; baseline 0.007 -26"><span class='ocrx_word' id='word_1_438' title='bbox 1928 5437 2036 5491; x_wconf 81' lang='lat' dir='ltr'><strong>mit.</strong></span> <span class='ocrx_word' id='word_1_439' title='bbox 2065 5434 2469 5516; x_wconf 26' lang='lat' dir='ltr'><strong>Epistrpauim.</strong></span> <span class='ocrx_word' id='word_1_440' title='bbox 2500 5438 2541 5510; x_wconf 93' lang='lat'><strong>).</strong></span> <span class='ocrx_word' id='word_1_441' title='bbox 2621 5438 2628 5444; x_wconf 85' lang='grc'><strong>’</strong></span> 
     </span>
    </p>
   </div>
   <div class='ocr_carea' id='block_1_73' title="bbox 2713 5555 2779 5610">
    <p class='ocr_par' dir='ltr' id='par_1_73' title="bbox 2713 5555 2779 5610">
     <span class='ocr_line' id='line_1_74' title="bbox 2713 5555 2779 5610; baseline -0.015 0"><span class='ocrx_word' id='word_1_442' title='bbox 2713 5555 2779 5610; x_wconf 79' lang='grc' dir='ltr'><strong>ν.</strong></span> 
     </span>
    </p>
   </div>
   <div class='ocr_carea' id='block_1_74' title="bbox 2591 5668 2854 5730">
    <p class='ocr_par' dir='ltr' id='par_1_74' title="bbox 2591 5668 2854 5730">
     <span class='ocr_line' id='line_1_75' title="bbox 2591 5668 2854 5730; baseline 0.019 -6"><span class='ocrx_word' id='word_1_443' title='bbox 2591 5668 2854 5730; x_wconf 80' lang='lat' dir='ltr'><strong>Clausula.</strong></span> 
     </span>
    </p>
   </div>
   <div class='ocr_carea' id='block_1_75' title="bbox 1923 5821 3526 5877">
    <p class='ocr_par' dir='ltr' id='par_1_75' title="bbox 1923 5821 3526 5877">
     <span class='ocr_line' id='line_1_76' title="bbox 1923 5821 3526 5877; baseline 0.003 -14"><span class='ocrx_word' id='word_1_444' title='bbox 1923 5821 2158 5865; x_wconf 65' lang='lat' dir='ltr'><strong>EERESIS</strong></span> <span class='ocrx_word' id='word_1_445' title='bbox 2185 5823 2382 5873; x_wconf 69' lang='grc' dir='ltr'><strong>ρῠιυεω</strong></span> <span class='ocrx_word' id='word_1_446' title='bbox 2411 5822 2566 5863; x_wconf 72' lang='lat' dir='ltr'><strong>PARIT</strong></span> <span class='ocrx_word' id='word_1_447' title='bbox 2612 5823 2680 5863; x_wconf 78' lang='grc' dir='ltr'><strong>ΕΤ</strong></span> <span class='ocrx_word' id='word_1_448' title='bbox 2721 5824 2986 5877; x_wconf 60' lang='grc' dir='ltr'><strong>Ειινοθηυ</strong></span> <span class='ocrx_word' id='word_1_449' title='bbox 3030 5826 3319 5870; x_wconf 68' lang='lat' dir='ltr'><strong>ESPOSITOS</strong></span> <span class='ocrx_word' id='word_1_450' title='bbox 3349 5825 3526 5869; x_wconf 76' lang='grc' dir='ltr'><strong>Αιῖτεὶί</strong></span> 
     </span>
    </p>
   </div>
   <div class='ocr_carea' id='block_1_76' title="bbox 2200 5899 3416 5975">
    <p class='ocr_par' dir='ltr' id='par_1_76' title="bbox 2200 5899 3416 5975">
     <span class='ocr_line' id='line_1_77' title="bbox 2200 5899 3416 5975; baseline 0.003 -20"><span class='ocrx_word' id='word_1_451' title='bbox 2200 5914 2451 5956; x_wconf 73' lang='lat' dir='ltr'><strong>ECCLESIA</strong></span> <span class='ocrx_word' id='word_1_452' title='bbox 2478 5914 2711 5960; x_wconf 79' lang='lat' dir='ltr'><strong>soscmr</strong></span> <span class='ocrx_word' id='word_1_453' title='bbox 2739 5899 2986 5971; x_wconf 82' lang='lat' dir='ltr'><strong>(Firmil.</strong></span> <span class='ocrx_word' id='word_1_454' title='bbox 3020 5901 3189 5975; x_wconf 73' lang='lat' dir='ltr'><strong>Epist.</strong></span> <span class='ocrx_word' id='word_1_455' title='bbox 3216 5902 3256 5975; x_wconf 92' lang='lat'><strong>).</strong></span> <span class='ocrx_word' id='word_1_456' title='bbox 3283 5904 3416 5962; x_wconf 80' lang='lat' dir='ltr'><strong>Enn.</strong></span> 
     </span>
    </p>
   </div>
  </div>
