4026 6328
258 260 404 318 1015

261 468 536 527 cessitatis
563 480 689 524 ante
714 476 963 524 octavum
994 467 1137 524 diem
1170 466 1583 524 accelerandum
1617 482 1758 532 esse,
1791 469 1857 525 ad

260 560 619 636 quorumdam
656 561 1045 617 dubitationem
1096 578 1413 633 responsum
1460 579 1582 619 esse
1613 564 1857 621 videtur:

261 658 520 725 maxime,
563 657 685 727 quia
723 657 1009 712 concilium
1047 655 1177 712 illud
1206 667 1446 728 tempore
1473 656 1732 714 Ecclesiae
1769 674 1860 730 pa-

259 759 384 807 cato
410 749 761 814 celebratum,
791 764 897 804 non
918 750 1016 804 sub
1047 748 1231 814 Lucio,
1261 761 1320 804 ut
1349 749 1550 805 Veneta
1570 750 1735 807 editio
1766 750 1861 807 ha-

258 842 371 907 bet,
396 839 490 896 sed
511 842 686 910 potius
705 840 844 896 circa
875 842 1083 895 initium
1111 841 1379 897 Valeriani
1405 842 1643 897 habitum
1670 843 1857 911 fuisse,

256 945 408 991 certo
436 933 694 1004 colligere
722 933 900 988 liccat.
935 933 1123 1001 Qualis
1166 934 1255 989 illa
1287 934 1355 990 de
1383 935 1659 1007 Baptismo
1686 935 1861 991 inlan-

265 1030 503 1087 tnlorum
532 1029 901 1084 controversia
934 1027 1116 1093 fuerit,
1147 1045 1210 1085 ex
1239 1045 1325 1085 ιιι
1353 1029 1578 1101 cpistola
1605 1030 1856 1103 Cypriani

255 1121 326 1177 ad
355 1121 542 1176 Fidum
578 1122 950 1193 presbyterum
968 1121 1053 1177 ltic
1083 1122 1323 1192 subjecta
1345 1139 1675 1195 cognoscere
1708 1124 1851 1181 licet.

253 1252 545 1296 CYPBIANUS
612 1253 681 1293 ΕΤ
744 1253 950 1293 (ΞίΕΤΕΙὶΙ
1013 1253 1264 1295 εοιιεϐίε
1335 1254 1446 1318 QUI.
1493 1254 1547 1294 IN
1613 1254 1856 1295 CONCILIO

325 1348 638 1389 AFFUERUNT
662 1348 876 1390 ΝΠἋΕΒΟ
906 1349 1057 1399 LXVI,
1089 1348 1212 1388 Πῡο
1254 1350 1483 1389 FRATBIS
1518 1349 1779 1389 SALUTEM.

254 1445 647 1507 ARGUIENTUII.
678 1478 750 1489 —
781 1447 961 1502 Patres
991 1448 1211 1518 africani
1234 1464 1412 1521 pacem
1439 1465 1470 1502 a
1499 1448 1757 1521 Therapio
1784 1458 1857 1505 te-

329 1557 465 1597 mere
494 1556 815 1604 concessam,
846 1548 1011 1594 ratam
1042 1555 1150 1594 esse
1187 1548 1438 1595 statuunt.
1470 1571 1541 1581 —-
1566 1539 1853 1612 Infantiam

323 1634 475 1691 modo
504 1645 738 1690 natorum
761 1634 1058 1706 Baptisntus
1086 1634 1149 1690 ab
1168 1635 1345 1689 iisdem
1370 1636 1725 1693 stabilitur.-
1748 1635 1854 1693 Stt-

321 1728 638 1801 perstitiosus
665 1747 772 1785 mos
800 1730 1024 1798 infantes
1061 1729 1130 1784 ad
1168 1728 1400 1785 osculum
1442 1746 1544 1787 non
1582 1731 1852 1786 admittere

317 1834 437 1880 ante
461 1825 594 1881 diem
622 1836 854 1882 octavum
882 1834 1181 1887 notatur.-——
1198 1824 1366 1882 Nemo
1395 1842 1427 1881 a
1446 1825 1710 1897 Baptistae
1736 1829 1837 1880 int-

323 1917 619 1989 pcdiendus.

1399 254 1715 317 CONCILIA
1754 258 2373 322 CARTHAGINENSIA.

259 376 452 436 eodem
478 374 712 433 concilio
738 374 1071 447 Baptismum
1103 374 1487 431 infantulorum
1518 377 1569 431 in
1601 391 1729 432 casu
1767 393 1862 435 ne—
1886 381 1941 442 Α

3423 277 3562 336 1014

2037 379 2079 435 l.
2120 379 2370 451 Legimus
2401 382 2607 440 litteras
2636 390 2787 453 tuas,
2813 386 2980 443 frater
3000 386 3336 460 cltarissime,
3368 393 3563 465 quibus

1969 473 2284 543 significasti
2314 475 2381 531 de
2406 473 2625 532 Victore
2644 521 2658 545 ,
2695 488 2719 515 ιι
2749 478 3017 551 quondam
3049 481 3387 556 presbytero,
3415 487 3558 556 quod

1964 567 2035 631 ei,
2058 575 2343 639 antequam
2375 569 2747 639 paenitentiam
2771 570 2985 642 plenam
3009 574 3233 644 egisset,
3252 585 3305 630 et
3327 575 3555 633 Domino

1966 658 2096 725 Deo,
2131 660 2183 715 in
2211 677 2369 733 quem
2401 662 2741 734 deliquerat,
2775 664 3148 734 satisfecisset,
3177 676 3383 725 temere
3412 670 3556 728 'l‘be-

1963 754 2178 823 rapitis,
2232 755 2437 826 collega
2496 768 2700 823 noster,
2751 758 3039 814 lnnnaturo
3073 771 3312 832 tempore
3342 772 3395 818 et
3424 779 3561 835 pra:-

1966 859 2191 917 propera
2237 848 2583 906 festinatione
2631 866 2815 921 pacem
2874 851 3104 909 dederit.
3149 854 3280 922 Qua:
3325 873 3414 913 res
3462 872 3561 915 nos

1936 940 2095 994 ~satis
2137 940 2325 1005 movit,
2371 956 2649 998 recessum
2700 960 2822 999 esse
2850 960 2877 997 a
2906 943 3110 1000 decreti
3158 948 3326 1003 nostri
3370 958 3559 1006 aucto-

1960 1032 2141 1101 ritate,
2187 1046 2243 1090 ut
2286 1044 2413 1092 ante
2459 1038 2751 1109 legitimum
2801 1050 2855 1095 et
2900 1040 3114 1110 plenum
3149 1052 3360 1114 tempus
3401 1045 3561 1099 satis-

1961 1126 2230 1191 factionis,
2261 1136 2315 1183 et
2354 1129 2471 1185 sine
2516 1131 2679 1200 petitu
2722 1142 2774 1186 et
2811 1134 3137 1188 conscientia
3168 1134 3337 1205 plebis
3363 1177 3378 1201 ,
3414 1136 3560 1191 nulla

1961 1219 2277 1278 inllrmitate
2335 1234 2555 1293 urgente
2601 1240 2665 1281 ac
2711 1227 3030 1282 necessitate
3072 1238 3337 1298 cogente,
3366 1245 3464 1301 pax
3508 1232 3558 1285 ei

1958 1315 2373 1384 concederetur,
2413 1317 2507 1372 sed
2552 1318 2746 1373 librato
2804 1320 2942 1390 apml
3004 1335 3103 1375 nos
3160 1322 3249 1378 diu
3292 1324 3553 1393 consilio,

1957 1407 1986 1446 ι’
2014 1409 2145 1465 satis
2169 1411 2263 1464 fuit
2295 1410 2578 1483 objttrgare
2622 1412 2945 1485 Tltcrapitttn
2998 1417 3255 1488 collegam
3306 1431 3550 1475 nostrum

1957 1502 2099 1573 quod
2140 1512 2341 1559 temere
2384 1504 2485 1561 hoc
2524 1505 2711 1562 fecerit
2754 1518 2806 1563 et
2834 1508 3159 1567 instruxisse
3189 1527 3257 1567 ne
3287 1513 3410 1582 quid
3451 1514 3556 1570 tale

1956 1595 2021 1652 de
2049 1605 2245 1653 caetero
2286 1597 2463 1655 faciat.
2510 1601 2702 1657 Pacem
2753 1610 2928 1677 tamen
2978 1606 3480 1679 quomodocumque
3524 1625 3553 1664 a

1954 1690 2243 1747 sacerdote
2293 1691 2386 1749 Dei
2416 1694 2587 1749 semel
2617 1693 2792 1748 datam
2828 1710 2934 1751 non
2961 1700 3266 1769 putavimus
3304 1700 3556 1757 auferen-

1877 1783 2118 1853 Bdam,
2167 1800 2231 1841 ac
2276 1800 2372 1856 per
2433 1788 2532 1842 ltoc
2595 1786 2800 1845 Victori
2861 1793 3405 1851 communicationem
3451 1795 3555 1852 sibi

1955 1892 2269 1934 concessam
2322 1893 2581 1953 usurpare
2623 1883 2985 1953 permisimus.

1498 2036 1880 2095 LECTIONES
1920 2037 2332 2096 VABIANTES.

310 2156 339 2188 ⁸
374 2155 458 2209 Sic
492 2158 628 2207 Lam.
665 2155 791 2207 Bod.
835 2156 880 2217 t,
907 2154 953 2204 Ξ.
982 2154 1125 2208 Ebor.
1171 2156 1278 2208 ΝΟ.
1323 2158 1370 2218 1,
1413 2154 1461 2205 2.
1508 2153 1627 2207 Ver.
1666 2155 1844 2207 Bcncv.

245 2219 451 2274 Victore
474 2220 683 2284 quodam
708 2221 740 2270 Ι
743 2233 871 2284 mpr.
896 2232 1011 2283 nup.

2009 2152 2039 2193 ι)
2073 2155 2579 2229 pensiljgobjurgare
2618 2158 2919 2225 Therapium
2943 2161 3183 2229 collegam
3220 2172 3439 2217 nostrum
3460 2165 3554 2216 de-

1948 2220 2200 2271 crevimus
2222 2220 2332 2272 NC.
2358 2223 2407 2272 2.

1604 2328 1963 2387 VABIORUM
2005 2329 2233 2386 NOTAE.

323 2444 587 2518 Synodica
613 2445 721 2499 hinc
751 2442 1006 2518 Epistola.
1039 2442 1209 2518 Hujus
1248 2441 1492 2518 epistolae
1524 2438 1727 2518 mentio
1748 2458 1844 2518 ex-

252 2526 329 2573 tat
350 2508 487 2588 apud
514 2527 758 2571 sanctum
789 2508 1149 2588 Augustinum
1189 2514 1242 2569 in
1279 2514 1420 2570 libro
1440 2514 1507 2588 de
1535 2514 1716 2588 Gesjis
1744 2508 1844 2570 Pe-

252 2585 398 2657 lagii,
424 2604 541 2661 Cap.
574 2589 663 2651 ll,
684 2598 737 2641 et
765 2589 814 2641 in
848 2585 1203 2661 libroqnarto
1228 2595 1422 2641 contra
1454 2586 1602 2661 duas
1622 2585 1842 2661 Episto-

252 2663 334 2716 las
373 2658 803 2730 Pela'gianorum,
837 2674 957 2726 cap.
986 2659 1038 2723 8,
1076 2670 1129 2711 et
1159 2660 1209 2712 itt
1242 2673 1494 2713 sermone
1539 2658 1647 2713 291
1688 2673 1843 2715 novat

250 2731 520 2787 editionis.
578 2731 812 2786 Meminit
855 2730 1095 2799 ejusdem
1173 2732 1332 2783 etiam
1389 2730 1745 2801 llicronymns
1788 2731 1839 2785 in

249 2801 411 2859 Calce
453 2802 790 2872 Dialogorum
826 2801 1083 2857 adversus
1117 2801 1451 2872 Pelagianos.
1490 2800 1621 2855 Vide
1647 2801 1839 2856 librum

250 2874 465 2943 Georgii
497 2873 784 2928 Cassandri
816 2872 1074 2928 adversus
1107 2872 1504 2941 Anabaptistas.
1538 2872 1734 2927 waz.

325 2946 554 3001 Numero
584 2962 722 3003 1.th.
750 2943 959 2999 Viilesis
981 2945 1120 3014 quod
1162 2954 1286 3000 ante
1328 2955 1638 2999 annotatutn
1668 2953 1751 2999 est
1779 2944 1847 3000 ad

249 3016 455 3075 Concil.
492 3034 549 3079 tt.
578 3034 627 3088 p.
660 3018 778 3073 109.
815 3015 1022 3071 linum.

1947 2456 2177 2520 lapsum,
2217 2443 2458 2512 delectus
2485 2453 2603 2499 erat
2632 2444 2701 2520 de
2727 2445 2898 2520 gradu
2932 2446 3251 2520 presbyteri,
3290 2450 3429 2506 sicut
3466 2452 3547 2507 in-

1949 2515 2029 2569 l‘ra
2077 2516 2248 2578 Epist.
2301 2530 2443 2588 thv,
2512 2533 2631 2585 pag.
2682 2517 2809 2581 110,
2856 2515 3050 2588 legitur
3096 2515 3538 2577 Fortunatianttm

1947 2587 2209 2657 quondam
2229 2586 2371 2655 apud
2398 2602 2483 2640 vos
2505 2589 2839 2665 episcopatu.
2863 2586 3173 2647 Léctionem
3208 2608 3366 2663 porro
3386 2610 3545 2665 quam

1948 2674 2049 2712 nos
2080 2672 2399 2713 revocamus
2435 2657 2691 2713 exhibent
2724 2660 2841 2714 libri
2872 2671 3082 2717 veteres
3108 2672 3162 2718 et
3188 2657 3547 2722 vetustislima

1949 2722 2109 2802 hujus
2151 2729 2402 2802 epistolas
2451 2730 2637 2802 vet'sio
2670 2729 2888 2802 Sgriaca
2928 2749 3086 2802 qnam
3134 2744 3315 2789 servat
3360 2736 3549 2791 biblio-

1947 2801 2108 2877 tlteca
2150 2800 2481 2877 serenissimi
2514 2801 2672 2877 Ducis
2701 2799 3017 2877 Florentia},
3064 2806 3135 2859 uti
3173 2821 3272 2875 ego
3307 2809 3485 2877 accepi
3518 2825 3547 2864 a

1949 2875 2065 2946 [iro
2096 2872 2252 2946 istius
2292 2872 2572 2946 lingumet
2599 2874 2859 2946 bonarum
2892 2875 3188 2930 litterarum
3208 2872 3548 2946 peritissimo

1952 2943 2182 3020 Eusebio
2203 2941 2559 3020 lienandotio.
2582 2943 2681 3020 Δεἰς
2712 2944 3017 3020 ἰηρρέειυιει
3048 2941 3242 3002 Felicis
3261 2949 3418 3020 Papa:
3442 2950 3507 3005 Ill
3527 2995 3544 3020 ,

1952 3014 2019 3069 ad
2072 3017 2321 3089 Acacium
2348 3054 2363 3076 ,
2419 3015 2675 3084 quondam
2702 3014 2965 3089 episcopos
2989 3059 3004 3084 ,
3063 3035 3196 3072 nunc
3216 3014 3549 3078 vero-limiore

290 3085 809 3181 Fidofaptnelinsait
851 3103 955 3141 non
975 3087 1283 3181 potuissese
1304 3087 1540 3157 reperire
1559 3085 1750 3181 ﬂllnjtt
1774 3087 1841 3141 lo-
1870 3119 1914 3181 C
1951 3095 2002 3141 et
2034 3087 2388 3181 continuatione
2438 3088 2684 3181 ptrivatos.
2742 3085 2970 3181 fgissent
3020 3091 3248 3181 Ircpe‘rilri
3313 3092 3543 3177 plurima

249 3177 316 3218 co
332 3163 497 3217 Fidus
515 3162 671 3214 fuerit
701 3161 1005 3229 cpiscopus,
1029 3159 1320 3213 verisimile
1352 3169 1527 3212 tamen
1543 3173 1663 3213 esse
1681 3159 1843 3214 fuisse

244 3234 485 3289 vicinum
512 3231 977 3302 Therapii,qniﬁin
1008 3230 1216 3302 synodo
1252 3231 1424 3302 sancti
1452 3229 1704 3298 Cypriani
1745 3245 1809 3281 ('0

286 3307 597 3359 nominatur
620 3321 648 3358 a
672 3299 839 3376 Bulla.
862 3301 1009 3371 (Vid.
1040 3299 1200 3371 supra
1234 3300 1454 3376 Concill.
1486 3317 1579 3355 vn.
1608 3302 1789 3376 p.105
1819 3299 1840 3376 )

303 3376 526 3433 orellins
549 3377 752 3445 putavit
784 3374 947 3428 fuisse
978 3382 1181 3427 tantum
1212 3375 1603 3444 presbyterio".
1631 3374 1835 3428 Bawz.

247 3479 321 3490 -—
350 3451 435 3504 Ait
478 3446 801 3502 Pearsonins
836 3446 886 3498 itt
920 3445 1104 3499 Annal.
1136 3464 1147 3498 :
1178 3463 1197 3496 ι
1236 3445 1367 3499 Dum
1403 3445 1475 3498 illi
1520 3446 1571 3499 in
1607 3446 1839 3499 Concilio

249 3530 425 3581 erant.
443 3519 512 3572 all
533 3529 619 3573 itte
636 3527 759 3573 sunt
785 3532 811 3570 a
844 3516 1262 3586 Fidoepiscopo,
1287 3527 1343 3570 nt
1362 3515 1591 3581 videtur,
1621 3518 1837 3588 scripta:

250 3590 469 3653 littcrte,
511 3608 529 3641 ι
558 3591 621 3644 ad
645 3607 733 3644 an.
757 3589 896 3653 255,
921 3598 1051 3643 sect.
1086 3604 1158 3643 ιι.
1194 3588 1405 3643 Rourn.

327 3663 369 3718 Ι.
390 3694 461 3708 -
486 3660 687 3716 Victore
707 3662 963 3731 quondam
990 3660 1295 3731 presbytero.
1329 3660 1587 3729 lligaltius
1611 3660 1712 3714 ait:
1735 3659 1841 3716 Iste

258 3734 435 3789 Victor
449 3735 707 3803 quondam
720 3730 784 3787 in
807 3730 1035 3786 Ecclesia
1058 3730 1331 3803 presbyter,
1350 3731 1483 3784 male
1502 3742 1700 3786 servata
1712 3733 1835 3799 ﬁde,

249 3800 534 3862 Ecclesiam
564 3808 822 3870 amiserat,
869 3814 914 3859 et
949 3820 1143 3873 pacem.
1174 3800 1357 3867 Itaque
1385 3803 1476 3857 etsi
1506 3820 1679 3871 pacem
1708 3819 1835 3873 quo-

250 3880 634 3950 modocumque,
664 3881 758 3932 hoc
787 3887 857 3932 est
890 3873 1840 3950 pra'pmpera“Tltcrapiifestinatione

247 3944 755 4019 recepissetfntininte
775 3944 939 4002 tamen
962 3944 1125 4019 locum
1148 3948 1198 3999 in
1225 3944 1471 4010 Ecclesia,
1497 3949 1590 3999 hoc
1610 3956 1681 3999 est
1699 3963 1836 4014 pres~

249 4017 411 4092 byteri
445 4026 685 4077 honorent
711 4029 983 4090 receperat.
1020 4017 1155 4092 liene
1185 4019 1338 4092 igitur
1361 4060 1402 4092 ,__
1420 4029 1567 4087 atque
1595 4033 1656 4072 ea:
1685 4019 1838 4092 disci-

250 4087 394 4162 plina
438 4096 609 4154 veteri,
663 4087 862 4162 scripsit
918 4087 1220 4163 Cyprianus,
1256 4089 1318 4142 tle
1362 4087 1558 4163 Vicmre
1578 4090 1835 4163 quondam

249 4160 557 4238 presbytero,
575 4166 664 4238 qui
684 4160 815 4219 nunc
830 4160 1135 4238 inter'lulcos
1155 4161 1554 4238 communicabat
1570 4160 1831 4238 Ecclesiae.

248 4232 418 4290 Idemv
445 4232 789 4309 ergo'Victor
833 4236 895 4290 de
943 4235 1074 4309 laico
1122 4232 1415 4309 presbyter,
1452 4233 1519 4309 _de
1548 4235 1834 4309 presbytero

250 4309 469 4377 lapsus,
503 4305 588 4363 'de
648 4310 794 4375 lapso
860 4307 1143 4376 posuimus,
1201 4306 1264 4358 de
1328 4305 1831 4377 pwnitentelaicus.

250 4376 426 4449 supra
466 4380 875 4434 observavimus
925 4393 1028 4431 non
1080 4392 1295 4445 semper
1345 4377 1393 4429 itt
1426 4376 1835 4449 Erciesiaoliti-

250 4448 455 4515 nuisse,
485 4463 539 4506 ttt
572 4453 623 4507 in
656 4452 882 4505 clericos
909 4450 1303 4517 delinquentes,
1336 4448 1507 4501 Sttltlln
1540 4461 1633 4518 per
1664 4448 1828 4518 depo-

1948 3158 2193 3224 exetnpla
2214 3158 2428 3211 similia.
2460 3158 2737 3213 BALUZ.—
2755 3157 2982 3215 Clericis
3020 3157 3160 3215 haud
3202 3157 3417 3218 licuisse
3453 3167 3544 3225 qui

1947 3230 2324 3299 pmnitentiam
2363 3230 2597 3299 egissent
2620 3271 2635 3295 ,
2691 3232 2934 3300 recipere
2967 3232 3142 3286 locum
3171 3248 3325 3288 suum
3359 3235 3409 3288 in
3439 3235 3543 3290 Ec-

1945 3300 2133 3363 clesia,
2187 3301 2318 3354 Satis
2363 3301 2598 3355 ostendit
2621 3301 2869 3356 Basilidis
2910 3304 3219 3369 exemplum
3263 3306 3315 3360 in
3352 3306 3546 3364 litteris

1945 3371 2229 3444 Synodit‘is
2270 3372 2516 3442 proxime
2561 3382 2681 3439 post
2711 3371 2809 3427 bas
2838 3375 3186 3444 sequentibus
3211 3392 3543 3433 commemo-

1944 3454 2142 3497 ratnm.
2173 3444 2425 3514 Idemque
2455 3445 2608 3514 nobis
2640 3444 2911 3500 inculcant
2936 3463 3057 3500 cum
3092 3447 3352 3512 lligaltius
3382 3450 3542 3505 etiam

1943 3516 2069 3570 alibi
2100 3515 2153 3569 itt
2180 3512 2420 3586 [Votis'atl
2448 3512 2787 3586 Cyprianum,
2818 3525 2929 3571 tum
2954 3518 3329 3586 Albaspiniens
3358 3521 3542 3575 Obser-

1942 3598 2067 3660 vatt.
2094 3587 2157 3640 de
2193 3579 2450 3660 veteribus
2486 3579 2681 3660 Eccles.
2716 3586 2823 3660 Ril.
2856 3588 2946 3641 lib.
2982 3604 3037 3644 ll.
3073 3579 3191 3660 cap.
3222 3592 3311 3646 54.
3342 3602 3397 3646 et
3417 3593 3541 3647 Bitt-

1941 3658 2171 3736 ghanttts
2220 3658 2472 3725 Antiquit.
2509 3655 2713 3713 Ecclcs.
2769 3657 2961 3714 Christ.
3005 3660 3101 3717 lib.
3140 3655 3210 3729 ἰι,
3243 3677 3292 3718 c.
3326 3662 3381 3730 ἓ,
3415 3663 3478 3736 §§
3508 3666 3543 3719 2

1942 3739 1998 3785 et
2018 3730 2071 3785 4.
2105 3729 2313 3785 Bourn.

2012 3800 2223 3876 Temere
2273 3800 2566 3876 Tlterapius
2615 3801 2814 3875 collega
2876 3811 3067 3876 noster.
3130 3804 3380 3861 Baluzius
3421 3806 3541 3876 qui-

1942 3872 2065 3949 dem
2096 3874 2322 3927 duorum
2354 3873 2614 3927 librorum
2657 3872 2894 3949 veterum
2931 3875 3033 3929 lide
3066 3876 3255 3949 nixus,
3287 3891 3316 3931 a
3344 3872 3540 3949 quibus

1941 3945 2124 3999 aberat
2168 3960 2266 4017 vox
2319 3955 2539 4017 temere,
2573 3944 2817 3999 eamdem
2852 3956 2908 3999 ut
2938 3962 2965 3997 a
3002 3947 3170 4001 sciolo
3211 3944 3441 4017 quodam
3472 3964 3539 4004 ex

1941 4016 2290 4084 sequentibus
2307 4015 2568 4085 adjectam
2602 4016 2870 4085 neglexit;
2897 4032 3015 4085 qua:
3037 4034 3184 4081 vero,
3210 4015 3324 4087 ipso
3343 4020 3542 4076 fatente

1943 4089 2058 4141 viro
2087 4088 2423 4151 clarissimo,
2455 4088 2507 4141 in
2550 4087 2788 4159 pluribus
2830 4089 3103 4144 veteribus
3146 4093 3542 4159 exemplaribus

1941 4159 2113 4231 lectio
2144 4159 2357 4213 inventa
2408 4160 2529 4225 eSt,
2564 4158 2702 4213 hanc
2750 4174 2850 4231 ego
2892 4161 3113 4217 minime
3157 4162 3537 4218 eliminandam

1942 4230 2144 4298 putavi,
2177 4231 2475 4297 ΙὶΓὲυεΘΓΙῘΠὶ
2501 4246 2623 4286 cum
2656 4230 3128 4289 bene'convenit‘et
3158 4233 3273 4289 loco
3304 4236 3540 4291 vocabu-

1938 4301 2071 4357 lum.
2099 4303 2305 4357 Boum.
2325 4330 2398 4342 —-

2009 4373 2319 4448 Tlterapius.
2379 4372 2674 4448 Episcopus
2701 4372 2969 4448 Bnllensis
3008 4376 3058 4431 in
3091 4378 3362 4446 provincia
3409 4393 3536 4448 pro-

1938 4445 2229 4501 consulari.
2286 4446 2491 4517 Duplex
2544 4454 2723 4499 autem
2787 4445 2918 4510 fuit,
2961 4457 3018 4503 ιιι
3074 4450 3203 4504 alibi
3261 4445 3528 4516 diximus,

247 4523 498 4577 sitionem
523 4524 586 4577 ad
618 4523 1048 4578 communionem
1078 4516 1262 4573 laicam
1298 4516 1831 4573 attiitiadt'crleretttr.
1861 4516 1915 4576 D
1942 4517 2090 4572 Bnlla
2138 4520 2188 4571 in
2229 4532 2309 4589 ea,
2338 4516 2607 4584 provincia
2633 4558 2648 4582 ,
2683 4532 2785 4572 una
2812 4519 2951 4573 dicta
2991 4521 3307 4588 simpliciter
3337 4520 3488 4577 Bulla
3516 4563 3532 4589 ,

247 4590 473 4648 Constat
511 4595 781 4650 Victorem
813 4593 1048 4647 Ecclesia
1101 4592 1312 4663 pulsum
1352 4590 1416 4644 ad
1458 4591 1829 4660 paenitentiam

249 4680 477 4733 eamque
503 4666 762 4721 diutinam
792 4666 1106 4718 admissum.
1144 4662 1291 4717 Licet
1322 4678 1449 4717 vero
1477 4662 1682 4733 synodo
1714 4672 1833 4731 post

248 4737 478 4810 reditum
515 4736 783 4810 Cypriani,
806 4734 1069 4797 secunda,
1106 4735 1266 4803 lapsis
1296 4733 1365 4787 ob
1406 4734 1828 4802 persecutionem

249 4807 606 4876 ittgrnenten't'
645 4809 905 4863 indultum
933 4824 947 4871 ;
981 4817 1157 4860 tamen
1186 4821 1289 4859 non
1337 4820 1397 4859 ea
1441 4820 1592 4860 mens
1622 4817 1827 4873 patrum

249 4888 367 4933 erat
406 4890 480 4947 ut,
536 4896 665 4950 pace
705 4881 946 4933 restituta
986 4889 1032 4932 et
1064 4877 1206 4930 nulla
1244 4878 1536 4950 necessitate
1579 4889 1783 4948 cogente
1811 4920 1826 4941 ,

250 4947 545 5020 episcopus
572 4954 748 5006 omnia
802 4966 895 5020 pro
933 4951 1152 5003 arbitrio
1189 4950 1413 5003 laxaret.
1459 4947 1647 5003 Pacem
1688 4965 1828 5005 nunc

249 5023 495 5076 ecielesize
531 5019 809 5079 redditam
836 5022 1085 5092 frequens
1120 5021 1358 5091 synodus
1385 5020 1605 5092 indicat.
1631 5019 1825 5075 Fortu-

250 5094 500 5148 tzatianns
541 5096 721 5163 lapsus
768 5090 1022 5163 quondam
1059 5090 1321 5163 episcenos
1365 5090 1593 5153 dicitur,
1645 5094 1823 5147 statim

250 5164 350 5234 Ep.
386 5182 490 5221 va
517 5167 609 5238 (al.
663 5167 830 5238 thv).
865 5164 1178 5238 EELLUQ—
1201 5164 1531 5238 Quamquam
1556 5165 1826 5238 l’antelius

249 5233 815 5307 agnoscat'editiime's
869 5235 1178 5307 Manutiiet
1223 5233 1449 5290 Morellii
1484 5236 1599 5289 istic
1633 5236 1829 5290 habere

251 5306 508 5372 quondam
529 5351 542 5372 ,
578 5313 744 5380 magis
777 5320 949 5362 tamen
977 5309 1023 5359 ei
1061 5306 1255 5375 placuit
1281 5308 1436 5380 lectio
1459 5318 1699 5380 veterum
1725 5307 1834 5360 edi-

251 5380 473 5443 tionum,
507 5382 557 5434 in
576 5379 769 5451 quibus
798 5381 1053 5446 scriptum
1077 5388 1156 5451 est
1186 5379 1423 5447 quodam,
1444 5393 1561 5432 eam
1588 5379 1835 5434 videlicet

251 5451 322 5505 ob
366 5449 619 5519 cansmn,
647 5463 702 5506 ut
731 5453 820 5507 ille
850 5453 952 5507 ait.
985 5449 1124 5520 quod
1149 5451 1278 5503 Satis
1299 5458 1507 5520 constet
1528 5465 1591 5504 ex
1615 5466 1836 5520 sequen-

253 5521 398 5577 tibus
438 5523 614 5578 adltuc
652 5524 849 5579 vixisse
888 5519 1156 5578 Victorem
1192 5519 1561 5593 presbyterum
1584 5519 1706 5574 cum
1734 5520 1837 5593 Cy-

252 5594 474 5664 prianus
504 5596 641 5649 hanc
670 5595 950 5663 epistolam
994 5593 1273 5646 scriberet.
1303 5590 1452 5659 Quod
1482 5601 1564 5645 est
1602 5590 1840 5647 certissi-

257 5682 426 5736 tnnm.
452 5666 649 5722 Verum
676 5682 774 5719 vox
803 5665 1058 5736 quondam
1088 5678 1191 5717 non
1225 5664 1533 5736 accipienda
1555 5673 1636 5736 est
1662 5668 1713 5718 in
1740 5665 1843 5720 hoc

254 5735 377 5790 loco
409 5747 677 5808 tamquam
712 5733 932 5807 intelligi
960 5735 1177 5808 deberet
1222 5733 1288 5808 de
1318 5733 1804 5808 lt’ominedelnncto
1824 5776 1840 5803 ,

260 5807 357 5864 sed
404 5808 472 5867 de
526 5805 592 5866 eo
652 5809 741 5881 qui
786 5805 906 5863 cum
964 5805 1328 5877 paenitentiam
1375 5807 1671 5879 accepisset
1724 5819 1847 5881 post

1939 4592 2094 4658 cujus
2124 4590 2222 4643 iste
2249 4587 2293 4643 Τ
2299 4587 2549 4657 herapius
2573 4598 2689 4643 erat
2718 4592 3023 4661 episcoims,
3055 4587 3151 4645 alia
3183 4592 3331 4647 Bulla
3360 4587 3527 4661 regia.

1935 4660 2175 4735 Concilio
2218 4661 2624 4735 Carthagittensi
2678 4662 2779 4735 sub
2823 4660 3069 4717 Geuetlio
3116 4664 3357 4719 interluit
3401 4660 3533 4735 Epi-

1933 4734 2149 4804 gonius,
2196 4731 2481 4804 episcopus
2506 4731 2835 4804 Bullensium
2891 4738 3167 4804 regionum
3197 4777 3211 4801 ,
3255 4731 3535 4790 collationi

1934 4819 2063 4857 vero
2113 4803 2520 4871 Cartltagmensi
2579 4804 2717 4858 inter
2768 4803 3063 4861 catholicus
3118 4816 3173 4862 et
3237 4805 3535 4862 donatistas

1936 4875 2243 4930 Dominicns
2259 4889 2544 4944 episcopus
2565 4874 2891 4947 Bttllensiutn
2916 4879 3188 4947 regionum
3211 4877 3527 4945 catholicus,

1934 4956 1989 5002 et
2036 4947 2183 5001 Felix
2235 4947 2527 5019 Donatista,
2555 4946 2643 5019 qni
2675 4947 2724 4999 in
2756 4949 2921 5018 gestis
2969 4946 3188 5003 vocatur
3217 4949 3533 5019 simpliciter

1935 5021 2220 5090 episcopus
2250 5016 2533 5072 Bullensis.
2565 5016 2844 5075 BALUZIth.

2010 5092 2207 5145 Deci-eti
2263 5090 2445 5143 nostri.
2493 5090 2654 5145 Cous.
2707 5092 2903 5162 prioris
2947 5091 3205 5218 Etii‘stola:
3256 5108 3362 5149 Ltv.
3415 5092 3538 5149 init.

3062 5179 3225 5218 ouru.

3062 5179 3225 5219 OUTB.

2006 5233 2131 5291 Sine
2186 5235 2346 5304 petitu
2400 5242 2448 5288 et
2485 5233 2797 5289 conscientia
2848 5233 3027 5304 plebis.
3077 5237 3190 5293 Hoc
3237 5237 3533 5306 smpissime

1936 5306 2084 5373 dicit,
2117 5306 2486 5360 communicato
2523 5307 2674 5360 etiam
2710 5322 2825 5360 cum
2869 5307 3010 5375 plebe
3034 5309 3269 5363 concilio.
3300 5310 3533 5366 RIGALT.

2014 5376 2178 5453 Nulla
2227 5378 2523 5453 inﬁrmitate
2580 5387 2789 5453 umente
2838 5394 2897 5431 ac
2960 5381 3252 5453 necessitate
3303 5391 3538 5453 cogente.

1940 5450 2240 5524 Signilicari
2286 5452 2386 5524 hoc
2437 5449 2557 5505 loco
2601 5450 2861 5524 Anglicus
2899 5462 3081 5524 monet
3125 5449 3392 5524 interpres
3431 5453 3537 5508 duo

1943 5522 2275 5594 paenitentiae
2317 5522 2613 5576 laxamcnta
2641 5563 2654 5585 ,
2686 5537 2804 5594 qua:
2850 5521 2903 5576 in
2932 5521 3136 5577 duabus
3162 5521 3383 5594 synodis
3410 5539 3539 5579 con-

1945 5540 2275 5594 pwnueuuae
2317 5540 2613 5576 taxamcnta
2641 5563 2654 5585 ,
2686 5540 2804 5591 qua:
2851 5540 2903 5576 tn
2932 5540 3136 5577 uuaous
3162 5540 3187 5578 s
3229 5540 3383 5578 nouis
3410 5540 3539 5579 con-

1945 5609 2095 5650 cessa
2141 5591 2380 5654 inerant,
2414 5608 2640 5662 quorum
2683 5593 2910 5649 alterum
2940 5540 3278 5662 permittebat
3324 5594 3541 5652 absolu-

1948 5668 2170 5733 tionem,
2200 5680 2359 5736 quam
2386 5664 2632 5718 clinicam
2662 5665 2925 5731 vocat,de
2958 5668 3065 5720 vita
3098 5666 3543 5737 periclitantibus,

1948 5738 2175 5792 alterum
2211 5737 2531 5810 ignoscebat
2543 5737 2960 5810 paenitentibus,
2984 5738 3264 5810 ingruente
3293 5751 3545 5810 persecu-

1952 5810 2097 5867 tione
2146 5817 2201 5866 et
2269 5807 2639 5867 minitantibus
2699 5808 2898 5881 iniquis
2953 5807 3318 5882 temporibus.
3352 5808 3545 5866 Roura
