4008 6320
518 298 659 355 1615

1800 300 2150 370 BELIQUUE
2187 301 2457 361 SACRE.

3645 318 3756 378 10ιῦ

596 413 661 471 ll.
719 414 988 483 Quantum
1019 428 1146 471 vero
1175 413 1241 469 ad
1268 429 1483 471 causam
1535 415 1813 472 infantium
1863 417 2117 488 pertinet,
2145 425 2201 485 Α
2226 416 2461 474 declarat
2487 418 2643 475 nobis
2671 418 2866 477 divina:
2895 420 3189 494 Scriptura:
3214 422 3346 481 fides
3369 424 3608 486 Helisazus
3636 441 3653 470 ε
3680 448 3759 489 su.

520 523 657 580 quos
698 507 879 563 dixisti
926 511 1063 563 intra
1110 507 1408 566 secundum
1453 509 1537 565 vel
1571 509 1785 566 tertium
1831 510 1973 566 dicm
2009 526 2117 582 quo

520 604 631 658 nati
666 602 817 658 sintﬂ
846 605 1164 660 constitutos
1194 605 1450 677 baptizari
1479 620 1584 661 non
1614 618 1885 677 oportere,
1914 615 1968 662 et
1987 621 2117 662 con-

520 695 860 752 siderandam
882 713 1004 753 esse
1026 699 1197 769 legem
1230 696 1387 772 (Gen.
1412 715 1543 764 xvn,
1576 699 1663 770 l2)
1691 699 2116 755 circumcisionis

520 797 753 859 antiqua:
778 831 792 853 ,
841 798 898 843 ut
924 790 1062 844 intra
1101 800 1347 845 octavum
1396 790 1538 847 diem
1585 807 1706 848 eum
1734 792 1825 863 qui
1856 804 2009 847 natus
2034 801 2118 849 est

521 880 900 953 baptizandum
943 896 998 938 et
1032 883 1474 940 mnetificnndum
1514 900 1619 940 non
1659 894 1877 954 putares
1902 928 1917 954 ,
1961 886 2118 957 longe

520 973 665 1031 aliud
698 977 748 1031 in
785 978 1013 1033 concilio
1043 986 1229 1033 nostro
1269 978 1517 1033 omnibus
1566 979 1736 1034 visum
1779 990 1882 1035 est.
1927 979 1984 1034 ln
2016 978 2119 1035 hoc

520 1067 662 1122 enim
682 1069 821 1139 quod
847 1079 899 1124 tu
923 1071 1147 1140 putabas
1170 1070 1618 1142 esse,laciendum
1647 1087 1805 1128 nemo
1821 1073 2113 1141 consensit,

519 1160 616 1216 sed
672 1163 906 1218 universi
950 1166 1127 1235 potius
1169 1164 1528 1236 judicavimus
1575 1166 1703 1221 nulli
1747 1167 1949 1223 bomini
1991 1177 2117 1223 nato

517 1254 943 1311 misericordiam
970 1258 1061 1312 Dei
1088 1257 1115 1296 ι)
1144 1268 1197 1313 et
1225 1259 1450 1329 gratiam
1485 1258 1873 1331 denegandam.

591 1346 722 1402 Nam
764 1364 886 1403 cum
931 1350 1184 1406 Dominus
1230 1352 1282 1406 in
1339 1351 1631 1423 Evangrlio
1673 1367 1771 1407 suo
1798 1352 1940 1408 dicat
1963 1352 2115 1427 (Luc.

514 1455 604 1505 Ix,
637 1441 772 1515 56):
808 1441 974 1498 Filius
1022 1445 1243 1499 hominis
1286 1461 1388 1499 non
1435 1446 1569 1500 venit
1610 1447 1812 1501 animos
1855 1448 2119 1502 hominum

519 1536 751 1603 perdere,
789 1537 879 1590 sed
915 1538 1137 1601 salvare,
1187 1548 1444 1609 quantum
1491 1538 1543 1593 in
1588 1538 1744 1594 nobis
1773 1550 1873 1605 εει,
1909 1540 1953 1595 si
2001 1540 2117 1596 fieri

520 1637 734 1696 potest,
792 1629 936 1683 trulla
982 1631 1159 1684 anima
1217 1630 1489 1701 perdenda
1539 1642 1641 1686 est.
1680 1632 1818 1698 Quid
1872 1632 2014 1687 enim
2068 1632 2118 1689 ei

518 1716 673 1774 deest
712 1721 804 1791 qui
831 1723 999 1778 semel
1031 1724 1082 1777 in
1113 1733 1265 1779 utero
1297 1725 1389 1779 Dei
1423 1724 1669 1781 manibus
1700 1725 1958 1781 formatus
1985 1736 2068 1783 est
2096 1726 2119 1779 ’ἐ

2221 526 2315 582 per
2351 510 2609 568 infantem
2640 512 2814 569 viduae
2836 514 3003 571 filium
3026 517 3117 588 qui
3148 527 3390 576 mortuus
3410 519 3605 592 jaoebat
3626 524 3687 581 ita
3710 543 3759 584 se

2221 608 2389 663 Deum
2413 607 2709 677 deprecans
2734 612 3104 681 superstravit,
3124 622 3182 668 ut
3208 615 3367 686 capiti
3393 628 3543 687 caput
3563 628 3613 674 et
3635 618 3761 678 faciei

2218 698 2385 758 facies
2435 703 2829 775 applicaretur,
2876 714 2931 763 et
2976 707 3240 777 superfusi
3298 709 3506 766 Helisei
3562 715 3764 772 membra

2217 794 2441 865 singulis
2467 799 2665 867 parvuli
2704 798 2958 855 membris
2985 810 3041 856 et
3090 800 3253 871 pedes
3282 804 3764 879 pedibusjungereu-

2222 900 2306 945 tur
2328 890 2421 961 (IV
2454 891 2579 963 Reg.
2606 908 2679 960 tv,
2711 890 2821 964 54).
2855 893 2987 961 Quae
3013 911 3101 951 res
3128 898 3171 951 si
3203 898 3492 954 secundum
3518 901 3765 958 nativitatis

2221 992 2418 1038 nostra:
2458 993 2518 1039 et
2562 985 2807 1055 corporis
2846 969 3258 1058 inaequalitatem
3298 990 3573 1061 cogitetur,
3616 992 3768 1050 adulto

2220 1086 2271 1132 et
2299 1087 2555 1147 provecto
2585 1076 2762 1134 infans
2790 1095 2894 1134 non
2926 1090 3110 1151 posset
3139 1082 3363 1153 arquari,
3397 1101 3495 1140 nec
3531 1086 3770 1146 cohaerere

2218 1179 2275 1224 et
2300 1169 2551 1227 sufﬁcere
2579 1182 2797 1242 possent
2827 1189 2988 1244 parva
3008 1176 3247 1230 membra
3276 1176 3581 1247 majoribus.
3601 1178 3694 1235 Sed
3718 1181 3769 1236 il-

2220 1260 2290 1316 lic
2309 1262 2584 1334 arqualitas
2605 1264 2784 1319 divina
2816 1276 2871 1321 et
2900 1266 3159 1336 Spiritalis
3177 1268 3513 1341 exprimitur.
3536 1272 3668 1343 quod
3698 1288 3772 1344 pa-

2221 1369 2309 1410 res
2352 1363 2512 1426 atque
2558 1358 2794 1428 aequales
2841 1360 2950 1414 sint
2977 1376 3168 1417 omnes
3199 1362 3477 1429 homines,
3517 1366 3709 1434 quando
3749 1381 3773 1420 a

2225 1449 2334 1504 Deo
2349 1449 2516 1506 semel
2547 1448 2669 1506 facti
2699 1461 2845 1519 sunt,
2868 1462 2922 1507 et
2946 1454 3114 1523 possit
3135 1464 3265 1510 artas
3295 1465 3477 1513 nostra
3503 1456 3554 1512 in
3579 1454 3607 1494 ά
3632 1459 3777 1514 incre-

2224 1546 2422 1599 mentis
2458 1545 2704 1616 Corporis
2731 1547 3027 1602 secundum
3059 1549 3318 1604 steculum
3341 1592 3356 1617 ,
3390 1566 3495 1605 non
3523 1551 3776 1608 secundum

2226 1639 2391 1694 Deum
2427 1639 2625 1696 habere
2653 1641 2967 1708 discrimen;
2998 1643 3100 1697 nisi
3136 1644 3179 1698 si
3224 1655 3278 1699 et
3321 1646 3492 1715 gratia
3535 1645 3660 1717 ipsa,
3686 1662 3779 1717 qua

2224 1730 2505 1802 baptizatis
2546 1731 2727 1798 datur,
2773 1749 2872 1805 pro
2912 1743 3072 1789 aetate
3120 1736 3501 1808 accipientium
3536 1738 3615 1793 vel
3640 1739 3781 1792 minor

588 1811 756 1868 Nobis
796 1815 939 1870 enim
969 1825 1128 1888 atque
1154 1818 1324 1875 oculis
1359 1820 1560 1875 nostris
1585 1820 1881 1877 secundum
1906 1820 2117 1878 dierum
2148 1829 2196 1890 Β
2224 1823 2309 1878 vel
2325 1824 2498 1893 major
2523 1824 2795 1888 tribuitur.
2820 1841 2941 1881 cum
2969 1826 3201 1896 Spiritus
3220 1839 3440 1884 sanctus
3467 1843 3569 1883 non
3589 1828 3652 1884 de
3665 1843 3783 1884 men-

522 1905 861 1961 smcularium
892 1924 1107 1965 cursum
1139 1911 1385 1982 accipere
1414 1912 1503 1981 qui
1525 1914 1632 1967 nati
1664 1922 1789 1968 sunt
1811 1914 2117 1968 incremen-

521 2005 636 2052 tum
676 1998 942 2056 vidcntur.
976 2001 1241 2059 Craterum
1274 2021 1626 2077 qumcmnque
1652 2022 1683 2062 a
1710 2007 1822 2063 Deo
1853 2009 1991 2063 fiunt
2022 2008 2119 2065 Dei

522 2088 743 2149 factoris
770 2094 1047 2163 majestate
1074 2106 1128 2153 et
1154 2112 1319 2168 opere
1343 2100 1580 2169 perfecta
1611 2110 1756 2156 sunt.

593 2181 677 2239 ΙΙΙ.
710 2185 846 2241 Esse
887 2186 1119 2261 tlcniqttp
1142 2190 1281 2260 apud
1311 2206 1531 2258 omnes,
1562 2194 1682 2248 sive
1708 2192 1973 2261 infantes,
2007 2196 2121 2252 sive

521 2278 755 2348 majores
806 2290 966 2351 natu,
1011 2299 1170 2339 unam
1222 2283 1388 2340 divini
1448 2286 1689 2343 muneris
1753 2288 2115 2359 aequalitatem

2225 1929 2372 1981 sura,
2402 1914 2497 1971 sed
2524 1916 2592 1972 de
2622 1917 2818 1987 pietate
2851 1926 3014 1989 atque
3041 1919 3370 1990 indulgentia
3399 1932 3614 1991 paterna
3639 1936 3784 1992 aequa-

2227 2008 2293 2065 lis
2336 2010 2588 2065 omnibus
2641 2011 2962 2082 praebeatur.
3016 2011 3149 2067 Nam
3210 2011 3353 2083 (Gal.
3383 2030 3444 2081 ll,
3486 2014 3543 2087 6)
3585 2015 3708 2069 Deus
3744 2030 3787 2069 ut

2225 2118 2513 2177 personam
2544 2120 2650 2161 non
2680 2106 2894 2176 accipit,
2931 2106 3009 2161 sic
3034 2120 3137 2162 nec
3166 2115 3380 2162 aetatem
3412 2123 3536 2163 cum
3565 2122 3623 2163 se
3647 2108 3787 2163 omni-

2230 2198 2330 2257 bus
2372 2199 2441 2255 ad
2486 2198 2725 2257 caelestis
2749 2200 2935 2272 gratia:
2962 2201 3404 2259 consecutionem
3431 2202 3720 2275 aequalitate
3740 2201 3791 2256 li-

2223 2291 2372 2347 brata
2419 2291 2657 2362 pra-beat
2695 2302 2921 2363 patrem.

1738 2382 2123 2441 LECTIONES
2160 2382 2582 2441 VARIANTES.

530 2469 631 2582 y;
646 2468 801 2529 Quam
825 2474 924 2523 nati
949 2482 1061 2526 sunt
1090 2476 1213 2527 Bod.
1242 2478 1287 2537 1,
1314 2475 1363 2527 ‘2.
1388 2477 1496 2529 ΝΟ.
1526 2481 1571 2539 1,
1602 2476 1651 2527 2.
1689 2474 1834 2529 Ebor.
1864 2475 1970 2528 Lin.
2000 2479 2122 2529 Ben.

576 2593 606 2631 ι’
641 2596 975 2652 Misericordis
996 2599 1094 2652 Dei
1118 2603 1323 2665 gratiam
1347 2606 1552 2669 August.

2291 2479 2316 2507 °
2355 2476 2522 2535 Fides.
2553 2490 2667 2527 eum
2690 2478 2940 2529 Helisaeus
2962 2480 3095 2529 Lam.
3121 2479 3231 2530 ΝΟ.
3260 2482 3308 2537 1,
3333 2479 3385 2532 ‘3.

2292 2538 2321 2579 ὰ
2353 2540 2543 2590 Nostrae
2566 2540 2616 2590 in
2640 2543 2961 2593 incrementis
2984 2543 3119 2594 Lam.
3146 2542 3268 2595 Bod.
3291 2543 3338 2593 2.

1888 2668 1971 2722 VA
1980 2662 2245 2723 RIORUM
2284 2665 2517 2722 ΝΟΤᾸΞ.

593 2756 861 2833 ιζαριᾱζινὶ
888 2778 988 2816 non
1028 2773 1279 2831 oportere.
1316 2763 1391 2818 De
1422 2763 1697 2833 Baptismo
1724 2762 2008 2817 infantium
2039 2762 2122 2815 vi-

518 2827 588 2901 (ξιξ
614 2828 909 2897 Joseplnnn
944 2827 1345 2901 Vicecomitem,
1374 2836 1466 2889 lib.
1498 2827 1556 2901 it,
1584 2850 1705 2900 cap.
1741 2839 1789 2899 l,
1820 2835 1884 2888 de
1902 2834 2127 2899 antiquis

518 2897 779 2977 ligtptisnti
801 2901 1021 2977 Ritibtts,
1039 2917 1086 2959 et
1112 2906 1310 2974 scripta
1328 2897 1623 2977 Anglicana
1646 2897 1832 2960 Buceri
1854 2921 1973 2976 pag.
1996 2897 2124 2964 655.

522 2967 650 3035 667,
686 2967 811 3029 781.
843 2975 980 3030 Vide
1009 2967 1176 3031 etiam
1213 2967 1496 3031 t'raetattvnn
1542 2977 1796 3032 Florentii
1837 2967 2019 3033 Conrii
2066 2977 2130 3030 de

522 3042 676 3117 Statu
701 3044 1029 3113 parvulorum
1053 3049 1162 3101 sine
1202 3047 1468 3117 Baptismo
1508 3049 1877 3103 (lecedentiunt.
1921 3047 2121 3103 Bth.

593 3113 736 3191 ll_.——_
756 3116 1011 3191 Quantum
1030 3135 1145 3173 vero
1161 3122 1228 3173 ad
1246 3113 1449 3175 causam
1467 3121 1518 3174 in
1524 3122 1742 3191 fantium
1762 3121 1995 3189 pertinet.
2018 3119 2125 3173 Lo-

518 3200 617 3240 cus
638 3186 860 3246 insignis
882 3188 950 3244 de
976 3189 1250 3259 Baptismo
1266 3186 1809 3260 parvulorumeontra
1829 3191 2124 3259 Anabaplis

2230 2758 2484 2827 Ecclesia,
2519 2777 2608 2837 nec
2636 2762 2866 2837 conciliis
2894 2762 3203 2837 institutum,
3232 2766 3321 2817 sed
3355 2780 3558 2837 semper
3582 2771 3794 2837 retentum

2231 2841 2325 2895 est,
2360 2848 2460 2885 non
2492 2833 2590 2885 nisi
2629 2835 2931 2887 auctoritate
2973 2836 3258 2900 apostolica
3283 2833 3533 2889 traditum
3558 2835 3798 2890 rectissime

2231 2904 2474 2977 creditur.
2528 2903 2679 2958 Licet
2739 2905 2791 2959 in
2848 2905 3077 2977 concilio
3135 2907 3238 2962 boe
3298 2906 3699 2977 Cattltaginensi
3745 2904 3797 2960 66

2233 2975 2608 3043 episeopnrum
2647 3016 2662 3038 ,
2725 2975 2959 3030 omnibus
3034 2978 3195 3031 visum
3249 2980 3313 3031 sit
3379 2975 3526 3032 nulli
3571 2978 3795 3032 hominum

2232 3057 2352 3098 nato
2379 3046 2779 3120 misericordiam
2812 3046 2908 3120 Dei
2949 3057 2995 3101 et
3035 3058 3253 3118 gratiam
3290 3047 3679 3120 denegandam;
3709 3049 3799 3104 haec

2234 3130 2339 3170 n0n
2407 3118 2473 3171 ad
2534 3117 3010 3185 p:edobaptismum
3065 3117 3683 3175 statuendum—adducta
3728 3119 3796 3186 qui

2232 3188 2358 3261 olim
2400 3189 2663 3253 obtinuit;
2717 3190 2825 3261 sed
2863 3190 2927 3243 ad
2960 3188 3211 3245 Afrorum
3243 3192 3421 3246 hacin
3456 3209 3515 3247 re
3554 3193 3797 3261 jndaizau-

520 3261 799 3337 tas.cnjus
824 3261 1248 3337 tnemittitetiam
1269 3259 1390 3317 tom
1442 3280 1501 3327 ιι,
1534 3263 1626 3337 lib.
1657 3264 1720 3315 de
1736 3262 1936 3337 Lttpst}.
1962 3262 2126 3337 Ειιιιιτ
2153 3274 2198 3337 C
2236 3260 2365 3313 tiutn
2403 3275 2643 3337 ct‘l‘ttt‘ettt
2677 3259 3029 3337 rell-llendtnn
3064 3262 3293 3337 vibrata,
3318 3263 3409 3332 qui
3457 3263 3527 3337 ad
3557 3259 3797 3337 ﬁdienroc-

518 3329 644 3405 dem
668 3342 963 3405 agnoscunt
983 3332 1041 3387 D.
1059 3333 1295 3405 Cyrillus
1322 3329 1840 3405 llict'ositlymitanus
1864 3334 2127 3389 Catecliesi

520 3402 724 3474 mistag.
756 3418 794 3455 ι.
829 3403 969 3474 Greg
1022 3402 1149 3459 Nai.
1183 3404 1329 3460 Orat.
1364 3423 1421 3467 ιι,
1455 3408 1507 3460 in
1538 3402 1767 3460 sanctum
1799 3406 2125 3460 Lavacrum:

520 3471 714 3549 Chrys.
750 3474 895 3528 hom.
940 3471 1016 3529 ad
1054 3476 1377 3549 Neoploytos,
1416 3480 1562 3531 Ιιοιιι.
1602 3494 1675 3544 Iv,
1709 3480 1763 3532 in
1811 3478 1940 3532 Gen.
1980 3487 2035 3532 et
2071 3480 2125 3531 in

522 3542 672 3620 lfsal.
701 3561 815 3620 xlv,
856 3564 919 3601 ac
946 3542 1196 3603 Ambros.
1228 3542 1281 3604 in
1321 3542 1533 3604 Lucam.
1579 3542 1839 3605 Ettindcm
1876 3550 1935 3602 D.
1986 3550 2119 3620 Aug.

520 3614 592 3668 ab
621 3619 867 3672 universa
894 3620 1133 3677 Ecclesia
1162 3623 1504 3677 observatum
1549 3622 1709 3676 fuisse
1753 3631 1980 3675 testatur
2013 3614 2123 3675 fre-

520 3700 769 3765 quenter,
803 3702 1102 3765 praesertun
1130 3705 1309 3749 autem
1344 3695 1442 3765 Ep.
1480 3694 1548 3749 28
1574 3737 1589 3759 ,
1618 3694 1729 3763 jam
1755 3694 1894 3747 dicta
1927 3704 1982 3747 et
2025 3693 2117 3747 lib.

520 3774 601 3823 ιιι,
634 3758 697 3833 de
725 3758 914 3828 pecca'.
942 3762 1117 3818 Merit.
1158 3778 1206 3821 et
1227 3758 1451 3829 remisi”
1481 3782 1531 3821 c.
1564 3758 1635 3833 0';
1657 3767 1709 3824 7.
1738 3766 1795 3828 8,
1825 3771 1877 3830 9,
1912 3766 2000 3819 ubi
2035 3774 2119 3820 to.

522 3840 631 3884 tam
664 3830 776 3906 fere
808 3834 944 3889 banc
974 3837 1096 3891 citat
1129 3840 1432 3906 epistolam,
1462 3830 1730 3901 quomodo
1753 3838 1916 3892 etiam
1936 3838 2026 3892 lib.
2047 3852 2119 3901 tv,

520 3914 699 3979 contra
727 3905 1125 3979 duasiepistolas
1156 3905 1359 3979 Pelag.,
1385 3925 1433 3965 c.
1463 3912 1515 3971 8.
1537 3921 1591 3964 et
1623 3911 1714 3964 Itb.
1740 3920 1992 3973 tl,contra
2020 3909 2123 3963 Ju-

524 3972 658 4051 lian,
679 3990 728 4029 c.
764 3979 815 4051 ξ’).
847 3972 1146 4051 Continuat
1170 3972 1418 4037 eumdem
1442 3983 1771 4051 Baptismum
1788 3981 1887 4034 bac
1903 3989 2121 4036 senten-

522 4046 597 4098 tia
620 4046 872 4117 Cypriani
896 4050 1305 4115 etCollegat-um
1339 4055 1399 4108 D.
1434 4046 1679 4119 llieron.,
1709 4053 1809 4107 sub
1840 4053 1997 4107 linem
2025 4053 2116 4107 lib.

522 4132 603 4178 ιιι,
629 4119 819 4197 άὶιᾳιος.
854 4132 1031 4197 contra
1073 4122 1403 4197 Pelagianos.
1441 4125 1612 4180 Immo
1651 4124 1862 4180 Concil.
1899 4125 2114 4179 Milevit.

525 4202 649 4266 ean.
674 4191 727 4254 2,
761 4193 1102 4266 anathemate
1129 4191 1249 4251 eum
1272 4198 1514 4262 damnat,
1543 4198 1631 4266 qui
1662 4207 1818 4266 negat
1848 4198 2120 4264 baptizan-

524 4261 625 4315 dos
656 4265 906 4329 parvulos
947 4280 1194 4322 recentes
1222 4269 1289 4322 ab
1318 4271 1484 4324 uteris
1512 4261 1766 4323 matrimi.
1810 4261 1951 4322 Ante
1990 4284 2119 4323 vero

524 4332 589 4386 D.
621 4331 949 4405 Cyprianum
993 4339 1235 4405 ejusdem
1293 4340 1622 4394 mentionem
1660 4341 1880 4395 disertis
1938 4340 2119 4395 verbis

523 4418 764 4480 reperire
780 4418 883 4473 est,
910 4410 1048 4477 apud
1069 4409 1354 4480 Origenem
1386 4414 1438 4466 in
1459 4410 1619 4465 Leuit.
1648 4412 1791 4465 hom.
1823 4412 1874 4474 8,
1908 4413 1960 4464 in
1986 4410 2114 4467 Luc.

523 4484 580 4550 et
608 4477 660 4550 in
691 4475 855 4550 Epist.
887 4475 957 4532 ad
998 4475 1324 4550 Romjcap.
1377 4483 1443 4547 6;
1496 4483 1881 4537 'l‘ertnllianmn
1936 4483 2026 4536 lib.
2057 4484 2119 4537 de

523 4548 730 4613 Anima,
752 4549 1009 4624 lrcmuum
1032 4564 1210 4606 contra
1232 4548 1374 4608 Hier.
1398 4555 1491 4609 lib.
1518 4555 1573 4613 ti.
1593 4569 1713 4624 cap.
1740 4553 1830 4617 59;
1848 4553 2117 4609 Justinum

523 4628 682 4673 mart.
712 4633 902 4689 quaest.
938 4623 1027 4678 56.
1056 4624 1391 4680 Clementem
1419 4623 1716 4679 Rotnannm
1747 4628 1843 4680 lilt.
1872 4641 1945 4689 vr.
1984 4625 2119 4682 Con-

2235 3339 2433 3386 tavnm.
2461 3331 2854 3386 circumcisiuui
2886 3332 3014 3387 olim
3053 3331 3406 3400 pra‘stitutum
3434 3376 3449 3399 ,
3487 3336 3644 3389 ritum
3670 3335 3793 3388 illum

2230 3401 2586 3456 dttl‘erendum
2631 3403 2944 3458 censebant.
2992 3402 3221 3460 FELLUS.
3263 3435 3334 3444 —
3372 3404 3530 3459 Notat
3579 3406 3797 3460 Baluzius

2228 3488 2413 3527 vocem
2445 3473 2636 3528 deesse
2665 3475 2932 3540 omnibus,
2966 3491 3126 3545 quam
3159 3476 3312 3531 valde
3366 3478 3691 3545 superﬂuam
3725 3492 3797 3540 sp-

2228 3545 2425 3614 pellat,
2454 3548 2522 3617 in
2554 3552 2759 3609 septem
2790 3547 3066 3601 codicibus
3095 3549 3330 3617 antiquis
3350 3590 3364 3611 ,
3396 3557 3613 3603 exstare
3652 3559 3796 3602 tamen

2225 3616 2467 3690 aitapud
2503 3618 2886 3690 AugustinumL
2911 3617 3017 3673 Sed
3087 3618 3155 3674 de
3204 3616 3498 3675 itttllilitate
3542 3621 3655 3690 ejus
3692 3619 3797 3674 mihi

2226 3688 2402 3742 adhuc
2452 3703 2556 3741 non
2585 3697 2820 3742 constat.
2857 3688 3069 3745 Reum.

2300 3758 2465 3813 Αἠιια
2502 3760 2675 3812 anima
2709 3762 2967 3827 perdenda
2995 3772 3084 3815 est.
3118 3759 3259 3816 Citat
3301 3761 3447 3817 hunc
3473 3763 3647 3818 locum
3670 3776 3796 3818 sauc-

2228 3829 2673 3905 tusAngustinns
2705 3833 2755 3884 in
2784 3834 3011 3902 epistola
3032 3834 3098 3887 ad
3123 3833 3511 3905 llyeronimum
3531 3836 3595 3890 de
3621 3836 3798 3905 Origine

2225 3901 2549 3955 Attianorum.
2602 3902 2803 3958 Btth.

2297 3975 2589 4030 Secundum
2623 3974 2820 4028 dierum
2835 3977 3157 4031 swcnlarimn
3182 3994 3409 4033 cursum.
3429 3977 3520 4033 Sic
3553 3978 3681 4033 infra
3701 3977 3798 4033 ςδι-

2223 4046 2444 4098 cundum
2492 4048 2769 4108 swculum,
2800 4063 2901 4100 non
2947 4050 3223 4102 secundum
3269 4047 3458 4104 Deum.
3512 4050 3642 4104 Nam
3684 4050 3795 4115 apud

2225 4116 2391 4190 Deum
2460 4134 2563 4172 non
2617 4129 2726 4190 est
2762 4128 2996 4188 tempus.
3065 4120 3189 4175 Dies
3256 4120 3434 4190 agitur
3489 4121 3622 4176 dicit
3657 4136 3795 4176 sarcu-

2223 4187 2393 4252 lares,
2446 4190 2520 4244 uti
2581 4189 2648 4243 ab
2716 4187 3021 4245 hominibus
3084 4192 3138 4245 in
3193 4187 3393 4245 amento
3446 4202 3795 4249 nmnerantur.

3296 4263 3614 4320 RtGALTtUS.

2294 4334 2460 4390 lll.—
2485 4332 2663 4386 Vidua:
2694 4332 2878 4399 ﬁlium.
2907 4332 2979 4388 lla
3012 4343 3223 4390 veteres
3252 4336 3525 4391 t‘dttimtcs
3566 4345 3620 4391 et
3641 4347 3796 4390 omnes

2223 4406 2335 4461 fere
2378 4406 2496 4461 libri
2528 4414 2755 4459 veteres.
2790 4404 3059 4459 Pamelius
3097 4405 3265 4460 edidit
3327 4408 3499 4461 ridute
3542 4408 3797 4463 Sunamitis

2224 4479 2387 4547 ﬁlium
2450 4492 2517 4532 ex
2565 4477 2722 4547 unico
2783 4478 2969 4531 Codice
3026 4478 3354 4547 Anglicano,
3398 4477 3579 4534 fassus
3637 4493 3793 4532 vocmu

2224 4546 2509 4604 Somanitis
2545 4546 2838 4619 desiderari
2881 4549 2933 4601 in
2982 4546 3194 4603 caeteris
3235 4549 3475 4619 antiquis
3525 4551 3793 4605 codicibus.

2223 4621 2377 4691 Anin
2395 4620 2727 4686 scripserunt
2745 4617 3105 4673 Sunamitidis.
3123 4619 3233 4689 Ego
3250 4617 3438 4675 sustuli
3458 4621 3599 4676 banc
3618 4636 3792 4682 vocem,

519 4690 685 4769 ξίὲιιᾳ.
714 4672 1958 4769 saga},again?'ii"’ii;.;.1§;f'x;1;ag;.'ait.
1988 4672 2112 4769 £55.
2142 4672 2195 4731 Ι)
2220 4672 2380 4761 nam.
2396 4672 2546 4769 1.5.;
2564 4672 2750 4744 uunno
2778 4706 2897 4769 esse
2944 4706 3007 4769 ex
3048 4672 3795 4769 ςιυξξριυειφξᾸῖιῖέὲὀιέὲιζιαέ

516 4760 721 4840 Eccles.
758 4760 1093 4840 Hieran/tice.
1135 4772 1235 4833 Qui
1278 4768 1433 4823 Dion.
1471 4760 1550 4823 'ad
1602 4760 1943 4825 traditionem
1974 4760 2111 4840 Apo-

518 4837 931 4909 stolorumemn
962 4837 1147 4902 refert,
1178 4840 1242 4893 ad
1278 4855 1437 4909 quam
1469 4842 1717 4896 eumdern
1743 4844 1903 4896 etiam
1948 4837 2114 4898 refert

520 4905 671 4981 Orig.
700 4909 754 4961 in
774 4907 949 4981 Epist.
978 4912 1046 4962 ad
1070 4910 1222 4964 Rom.
1252 4905 1310 4964 et
1325 4912 1386 4965 D.
1413 4914 1550 4981 Aug.
1587 4911 1681 4967 lib.
1707 4929 1739 4967 Χ
1792 4913 1855 4967 de
1885 4913 2013 4969 Gen.
2046 4914 2115 4968 ad

520 4980 646 5046 litt.,
679 4996 729 5036 c.
758 4980 864 5048 25;
894 4990 950 5036 et
978 4982 1068 5037 lib.
1103 4997 1181 5050 Ix,
1216 4982 1279 5037 de
1298 4981 1455 5054 Bapt.
1496 4980 1674 5039 contra
1700 4983 1897 5111 galli".
1935 5000 1985 5040 c.
2022 4985 2116 5042 2s.

1742 5073 1905 5111 suae.

1742 5073 1905 5111 Ακει.

596 5122 1057 5193 Sanctiﬁcanduni.
1111 5126 1184 5180 lla
1212 5142 1403 5183 omnes
1449 5127 1714 5183 editiones
1759 5141 1887 5184 ante
1930 5129 2120 5186 Pame-

520 5193 718 5271 lianatn
756 5206 827 5271 et_
864 5197 1104 5271 plerique
1149 5199 1539 5271 libriivetures.
1590 5199 1859 5254 Pamelius
1900 5202 2119 5271 scripsit

520 5267 934 5342 sacriﬁcandum.
964 5267 1037 5322 Ita
1069 5271 1229 5324 etiam
1270 5270 1560 5342 Rigaltius,
1606 5273 1848 5340 quamvis
1882 5267 2114 5327 Goul'ar-

520 5340 653 5413 litis,
685 5339 957 5413 repudiata
1000 5342 1228 5413 lectione
1266 5339 1486 5397 Painelii
1512 5383 1527 5407 ,
1558 5339 1862 5411 scripsisset
1885 5344 2117 5413 sanctiﬁ-

519 5410 761 5483 pandum.
815 5410 974 5483 llanc
1027 5412 1291 5483 lectioncn
1348 5410 1882 5483 maluerunt’Angli.
1946 5410 2113 5471 Recte

518 5480 759 5553 quidem.
810 5481 906 5535 Est
951 5482 1094 5537 enim
1141 5486 1361 5551 Optima.
1405 5484 1540 5539 Vide
1581 5480 1873 5553 Epistulam
1924 5484 2013 5550 76,
2044 5486 2113 5542 ad

520 5550 791 5619 Magnum,
818 5568 936 5622 pag,
966 5554 1090 5608 152.
1126 5550 1249 5611 155.
1300 5556 1589 5611 BALUZIUS.

594 5621 930 5698 In___concilio
993 5636 1163 5698 n_ostro
1212 5628 1445 5681 omnibus
1497 5643 1659 5681 uisum
1707 5636 1798 5683 est.
1858 5628 2112 5698 Augusti-

523 5709 624 5769 _nu_s
667 5694 756 5749 lib.
812 5711 863 5769 tv
893 5694 956 5748 de
1000 5694 1155 5765 Bapt.
1188 5712 1367 5752 contra
1400 5698 1711 5759 Donntistas.
1741 5715 1862 5769 cap.
1893 5694 1986 5762 23.
2012 5701 2105 5767 24,

515 5766 797 5841 infantium
836 5767 1169 5841 Baptismum
1214 5770 1484 5827 traditioni
1531 5766 1843 5841 apostolica:
1902 5766 2105 5827 adscri-L

507 5838 605 5909 bit,
639 5839 775 5896 ltanc
820 5838 1061 5908 regulam
1113 5856 1460 5913 proponens:
1496 5838 1647 5909 Quod
1689 5843 1926 5901 universa
1970 5853 2105 5901 tenet

2222 4778 2345 4819 men
2382 4776 2468 4817 me
2495 4761 2640 4816 illam
2681 4762 2949 4831 reperisse
2971 4763 3025 4817 in
3065 4761 3310 4832 quinque
3338 4764 3497 4889 sbris
3532 4763 3790 4821 veteribus.

3380 4852 3540 4889 ALUZ.

3380 4852 3540 4891 ALUZ.

2292 4905 2720 4975 Ianualitatem.
2781 4905 3005 4963 Caetera:
3063 4905 3216 4961 editt.
3276 4922 3409 4976 quas
3471 4908 3580 4963 vidi
3634 4917 3792 4962 omnes

2222 4988 2444 5052 praeter,
2476 4978 2876 5052 Benedictinam
2931 4978 3027 5052 vel
3074 4976 3417 5046 (sanctitatem
3473 4981 3557 5035 vel
3599 4978 3793 5049 qualite-

2224 5049 2324 5106 iem
2363 5051 2592 5115 habent,
2625 5049 2718 5105 sed
2760 5051 2985 5104 fortasse
3015 5050 3298 5105 laetiunem
3333 5062 3606 5120 receptam
3643 5053 3692 5105 in
3722 5064 3792 5103 οοο

2223 5124 2432 5179 dicibus
2491 5124 2604 5178 suis
2659 5121 2869 5176 inVenit
2924 5120 3189 5176 Baluzius.
3221 5121 3486 5193 Caeterum
3535 5122 3788 5193 :enigmata

2224 5196 2412 5250 istlnec
2440 5195 2508 5249 ab
2537 5194 2743 5249 insania
2766 5193 2857 5264 illa
2892 5208 3057 5262 prove
3096 5196 3292 5247 absunt
3322 5190 3568 5264 Origcnis
3599 5190 3789 5249 etalio-

2223 5283 2342 5323 rum
2391 5283 2511 5337 qua:
2562 5265 2719 5321 (idem
2788 5263 3129 5342 historiarum
3180 5263 3451 5319 sacrarum
3503 5266 3789 5342 subvertere

2219 5353 2350 5394 ausa
2403 5336 2517 5403 est,
2568 5348 2625 5391 ut
2678 5337 2963 5408 mysticum
3022 5337 3330 5392 adstrucret
3388 5352 3610 5392 sensum
3662 5336 3788 5391 bbtis

2219 5412 2389 5488 sacris
2434 5410 2672 5488 ξὶυυσιιιὲ
2909 5480 2920 5488 _
3233 5478 3247 5488 _
3307 5479 3318 5488 _
3499 5478 3583 5488 η..
3698 5477 3720 5488 ν.

2286 5480 2595 5537 Discrimen.
2629 5480 2765 5535 Tres
2804 5479 2923 5534 libri
2975 5487 3185 5534 veteres
3233 5478 3433 5535 habent
3473 5478 3786 5546 differentiam

2214 5554 2290 5609 vel
2318 5555 2610 5619 discrimen,
2644 5555 2781 5608 alius
2804 5552 3097 5606 discrimen.
3129 5551 3208 5606 Ex
3241 5550 3508 5607 similibus
3541 5552 3784 5608 lonttbus.

2214 5635 2271 5680 ut
2309 5640 2455 5695 sa-pe
2474 5628 2800 5682 lltOlllllllIUS.
2821 5633 2937 5679 orta
2969 5633 3094 5677 sunt
3123 5632 3201 5678 tot
3229 5624 3484 5678 vocabula
3512 5634 3784 5693 synonyma

2210 5696 2351 5769 apud
2383 5700 2726 5768 Cyprianum.
2763 5696 2962 5769 DitLuz.

2286 5766 2521 5824 Prtelieat
2559 5782 2778 5839 patrem.
2816 5767 2891 5823 Ita
2933 5782 3122 5824 omnes
3175 5766 3288 5823 fere
3337 5766 3456 5823 libri
3505 5777 3709 5839 veteres
3742 5770 3786 5817 et

2207 5855 2399 5898 omnes
2436 5833 2719 5899 editiones.
2748 5845 2924 5911 Atque
2973 5855 3036 5897 ea
3085 5840 3247 5897 lectio
3288 5848 3372 5898 est
3422 5842 3640 5912 optima.
3666 5833 3778 5891 Nam
