4026 6328
305 290 445 349 1017

1438 289 1752 349 CONClLlA
1790 289 2415 350 CARTHAGINENSIA.

3471 293 3610 352 1018

376 404 470 461 IV.
503 403 637 461 Nam
665 415 718 463 et
744 406 887 478 quod
907 406 1189 479 vestigium
1230 408 1449 467 infantis
1476 411 1527 466 in
1555 410 1743 481 primis
1784 424 1904 480 par—
1933 417 1984 479 Λ
2009 410 2095 465 hic
2136 410 2255 465 dies
2293 418 2536 474 octavus,
2580 409 2633 467 id
2677 418 2783 480 est,
2816 420 2938 484 post
2976 383 3258 471 sabbatum
3303 412 3512 484 primus
3553 424 3608 471 et

308 510 395 557 tus
423 500 506 555 sui
542 499 733 557 diebus
775 503 1053 558 Constituti
1081 504 1340 560 mundum
1390 523 1495 560 non
1531 520 1657 562 esse
1682 504 1899 573 dixisti,

305 596 448 669 quod
479 598 848 670 unusquisque
891 611 1135 655 nostrum
1190 600 1365 657 adhuc
1399 601 1619 657 horreat
1668 616 1899 655 exoscu-

305 692 441 760 lari,
475 706 575 748 nec
602 691 706 747 hoc
731 702 980 765 putamus
1011 694 1078 748 ad
1105 695 1379 751 caelestem
1416 694 1642 766 gratiam
1670 693 1903 749 dandam

304 784 690 855 impedimento
752 801 875 842 esse
936 797 1208 857 oportere.
1271 786 1544 857 Scriptum
1614 796 1698 841 est
1756 785 1902 841 enim

307 877 441 950 (Tit.
472 895 520 943 ι,
559 880 643 947 15)
677 898 689 931 :
736 877 924 934 Omnia
953 879 1144 936 munda
1169 890 1285 934 sunt
1316 880 1541 934 mundis.
1569 878 1680 935 Nec
1708 878 1904 950 aliquis

304 983 547 1028 nostrmn
588 974 641 1029 id
690 975 851 1031 debet
903 976 1126 1031 horrere
1164 974 1305 1046 quod
1354 976 1494 1030 Dens
1543 974 1792 1047 dignatus
1820 983 1905 1030 est

302 1064 507 1124 facere.
535 1068 668 1125 Nam
710 1070 809 1125 etsi
837 1069 1017 1125 adhuc
1063 1070 1238 1126 infans
1271 1086 1299 1124 a
1351 1079 1502 1141 purltl
1547 1084 1717 1124 novus
1765 1078 1849 1124 est
1883 1110 1899 1134 ,

303 1175 412 1216 non
444 1165 515 1217 ita
555 1172 638 1219 est
665 1173 842 1220 tamen
870 1172 928 1219 ut
954 1163 1199 1235 quisdam
1231 1163 1463 1227 illumin
1504 1163 1677 1233 gratia
1726 1160 1902 1217 danda

301 1268 464 1331 atque
529 1258 581 1312 in
634 1272 764 1328 pace
814 1257 1059 1313 facienda
1109 1256 1335 1312 horrere
1382 1256 1578 1313 debeat
1625 1257 1899 1325 osculari,

301 1351 519 1425 quando
568 1351 620 1406 in
667 1351 855 1407 osculo
883 1349 1103 1406 infantis
1131 1349 1500 1421 unusquisque
1530 1358 1773 1404 nostrum
1805 1364 1903 1420 pro

300 1459 401 1501 eoa
455 1444 718 1516 religione
789 1445 933 1516 ipsas
1001 1443 1181 1500 adhuc
1234 1452 1484 1500 recentes
1552 1443 1645 1499 Dei
1712 1459 1902 1499 manus

304 1536 502 1594 debeat
530 1537 797 1609 cogitare,
822 1553 959 1609 quas
987 1538 1040 1593 in
1082 1538 1299 1594 homine
1328 1537 1492 1593 modo
1530 1536 1761 1593 formato
1789 1547 1815 1574 ει
1846 1547 1902 1595 et

297 1647 489 1688 recens
528 1633 760 1703 quodam
796 1633 956 1689 modo
985 1633 1374 1690 exosculamur
1400 1633 1613 1704 quando
1654 1633 1703 1688 id
1755 1633 1898 1704 quod

298 1725 445 1781 Deus
501 1724 631 1782 fecit
686 1727 1086 1800 amplectimur.
1143 1725 1275 1782 Nam
1338 1725 1537 1797 quodb
1584 1727 1639 1782 in
1683 1726 1899 1798 judaica

2006 503 2327 571 dominicus,
2360 505 2635 575 prmcessit
2664 507 2714 561 in
2764 506 3013 579 imagine.
3046 505 3176 575 Quae
3219 506 3397 580 imago
3424 522 3605 564 cessa-

2007 597 2083 652 vit
2130 596 2542 664 superveniente
2586 600 2925 669 postmodum
2964 601 3186 656 veritate
3212 612 3265 656 et
3291 601 3413 658 data
3446 602 3600 661 nobis

2006 689 2233 760 spiritali
2283 689 2714 747 circumcisione.

2080 784 2144 839 V.
2189 783 2415 855 Pr0pter
2439 785 2582 856 quod
2606 786 2876 843 neminem
2915 797 3165 860 putamus
3191 804 3220 844 a
3265 790 3436 860 gratia
3473 804 3608 846 con-

2006 879 2278 951 sequenda
2310 880 2717 949 impediendum
2742 898 2862 938 esse
2883 897 2946 938 ea
2979 883 3096 954 lege
3123 899 3244 955 quae
3269 884 3381 954 jam
3408 892 3607 940 statuta

2006 981 2111 1037 cst,
2142 987 2241 1028 nec
2289 974 2585 1042 spiritalem
2618 974 3086 1031 circumcisionem
3116 976 3364 1047 impediri
3403 975 3609 1033 carnali

2006 1067 2416 1123 circumcisione
2443 1066 2665 1131 debere.
2695 1068 2789 1123 sed
2815 1083 3031 1124 onmem
3064 1071 3287 1125 omnino
3330 1069 3606 1125 hominem

2005 1161 2395 1217 admittendum
2430 1176 2551 1218 esse
2577 1161 2643 1218 ad
2679 1163 2905 1233 gratiam
2933 1162 3153 1229 Christi,
3186 1164 3404 1236 quando
3424 1174 3477 1219 et
3502 1163 3606 1220 Pe-

2008 1266 2125 1312 trus
2172 1255 2224 1311 in
2269 1258 2419 1312 Actis
2447 1257 2818 1327 apostolorum
2848 1258 3097 1329 loquatur
3125 1267 3182 1313 et
3209 1258 3345 1312 dicat
3372 1256 3513 1331 (Act.
3547 1273 3606 1325 ι,

2005 1349 2100 1422 28)
2134 1369 2146 1405 :
2179 1350 2431 1406 Dominus
2478 1352 2602 1407 nti/ti
2646 1352 2776 1408 dixit
2814 1353 3066 1409 neminem
3108 1353 3365 1407 hominem
3406 1362 3430 1390 ε
3467 1368 3607 1408 com—

2004 1463 2208 1502 munem
2255 1446 2532 1501 dicendum
2574 1457 2622 1502 et
2652 1447 2995 1502 immundum.
3037 1444 3305 1505 Caeterum
3346 1449 3391 1504 si
3431 1448 3606 1505 homi-

2006 1552 2103 1595 nes
2146 1538 2407 1610 impedire
2436 1538 2639 1610 aliquid
2679 1538 2746 1594 ad
2777 1540 3216 1595 consecutionem
3258 1539 3444 1611 gratiae
3479 1554 3607 1611 pos-

2004 1641 2131 1698 set,
2188 1631 2361 1703 magis
2411 1632 2627 1687 adultos
2672 1641 2729 1687 et
2767 1641 3050 1701 provectos
3094 1641 3149 1688 et
3203 1632 3436 1702 majores
3475 1642 3601 1689 natu

2003 1734 2225 1796 possent
2268 1724 2532 1796 impedire
2571 1734 2784 1795 peccata
2831 1726 3100 1797 graviora.
3132 1725 3302 1781 Porro
3334 1734 3515 1781 autem
3554 1724 3603 1780 si

300 1819 717 1876 circumcisione
758 1821 961 1876 carnali
1008 1829 1231 1877 octavus
1270 1831 1293 1859 ο
1326 1819 1446 1875 dies
1474 1819 1896 1884 observabatur,
1928 1831 1977 1892 Β
2004 1819 2167 1874 etiam
2195 1818 2528 1889 gravissimis
2564 1815 2974 1883 fdelictoribns,
3010 1826 3064 1874 et
3089 1816 3145 1871 in
3179 1817 3343 1872 Deum
3373 1817 3600 1872 multum

292 1922 694 1967 sacramentum
740 1920 824 1968 est
874 1914 926 1968 in
967 1913 1153 1969 umbra
1199 1920 1360 1983 atque
1408 1910 1461 1966 iu
1513 1912 1742 1983 imagine
1769 1921 1897 1969 ante

293 2003 656 2075 praemissum,
677 2004 772 2058 sed
797 2005 1045 2060 veniente
1061 2004 1275 2059 Christo
1296 2004 1522 2059 veritate
1543 2003 1891 2073 completum.

289 2095 426 2153 Nam
457 2098 551 2169 qui
580 2108 802 2155 octavus
830 2098 968 2167 dies,
999 2099 1050 2154 id
1082 2107 1186 2163 est,
1220 2106 1342 2169 post
1366 2098 1646 2154 sabbatum
1689 2098 1893 2169 primus

291 2194 441 2260 dies,
473 2194 685 2251 futurus
714 2202 831 2249 erat
860 2190 886 2228 ἀ
916 2208 1023 2264 quo
1055 2191 1312 2247 Dominus
1342 2199 1683 2262 resurgeret,
1716 2200 1771 2247 ct
1795 2207 1893 2248 nos

292 2286 592 2344 vivificaret
617 2296 672 2343 et
700 2286 1166 2344 circumcisionem
1194 2284 1349 2342 nobis
1372 2284 1671 2356 spiritalem
1701 2283 1888 2350 daret;

2003 1923 2132 1968 ante
2177 1913 2547 1983 peccantibus,
2592 1926 2713 1967 cum
2761 1920 2943 1983 postea
2979 1909 3329 1978 crediderint,
3376 1909 3601 1966 remissa

1998 2006 2340 2077 peccatorum
2403 2005 2598 2073 datur,
2647 2012 2703 2061 et
2766 2020 2796 2061 a
2839 2005 3107 2077 baptismo
3149 2013 3309 2076 atque
3354 2019 3385 2058 a
3431 2003 3601 2075 gratia

1998 2116 2157 2158 nemo
2184 2101 2513 2172 prohibetur,
2543 2110 2746 2172 quanto
2776 2101 2946 2170 magis
2969 2099 3243 2171 prohiberi
3287 2113 3392 2154 non
3439 2097 3603 2154 debet

1996 2192 2189 2258 iulans,
2216 2194 2305 2264 qui
2338 2208 2528 2249 recens
2568 2201 2722 2248 natus
2762 2191 2893 2246 nihil
2923 2191 3181 2263 peccavit,
3211 2190 3314 2246 nisi
3340 2189 3481 2263 quod
3511 2204 3603 2247 se-

1994 2285 2231 2341 cundum
2287 2285 2457 2342 Adam
2506 2286 2796 2343 carnaliter
2837 2293 2996 2342 natus
3045 2283 3353 2356 contagium
3403 2283 3594 2342 mortis

1536 2376 1923 2436 LECTIONES
1959 2378 2048 2435 VA
2061 2379 2381 2437 RIANTES.

356 2474 382 2535 ξι
408 2470 661 2522 Recenter
678 2476 791 2521 nato
807 2473 1012 2535 August.
1031 2469 1231 2535 Recens
1245 2475 1358 2535 nato
1369 2469 1730 2535 quodammodo
1749 2472 1890 2525 Oxon

350 2532 383 2572 ι)
417 2535 621 2593 Quando
646 2535 779 2585 Lam.
809 2532 916 2584 NC.
946 2535 992 2584 1.
1022 2535 1146 2585 Bod.
1174 2534 1223 2582 2.
1253 2532 1396 2585 Ebori

353 2600 377 2630 ο
413 2597 793 2650 Circumcisione
825 2607 1026 2649 octavus
1056 2599 1193 2648 Lam.
1220 2596 1345 2648 Bod.
1370 2596 1417 2647 ‘2.
1443 2598 1492 2649 Ν
1500 2596 1553 2646 C.
1580 2598 1625 2647 1.

2059 2472 2085 2511 d
2124 2473 2315 2523 Primus
2340 2473 2532 2523 futurus
2556 2473 2688 2523 Lam.
2715 2470 2840 2522 Bod.
2871 2474 2913 2521 1.

2063 2540 2088 2568 θ
2123 2536 2386 2586 Neminem
2410 2549 2717 2585 communem
2748 2535 2870 2586 Bod.
2893 2538 2941 2585 Ξ.

2066 2597 2089 2639 ί
2125 2599 2430 2651 Delictorum
2460 2594 2584 2651 Tha.
2613 2596 2753 2650 Corb.

1653 2685 1741 2741 VA
1752 2686 2016 2747 RIORUM
2055 2684 2285 2743 NOT/E.

286 2789 496 2854 certum
555 2788 640 2835 est
696 2780 864 2836 Deum
930 2795 991 2836 se
1044 2780 1294 2854 omnibus
1348 2779 1654 2837 hominibus
1715 2796 1898 2854 aequa—

288 2852 418 2908 liter
459 2863 715 2908 nrmstare
761 2863 991 2922 patrem.
1044 2851 1311 2907 Estenim
1370 2864 1521 2922 pater
1566 2851 1794 2917 noster,
1842 2854 1894 2908 in

289 2924 484 2995 primis
514 2939 640 2979 vero
685 2938 871 2979 eorum
918 2923 1008 2993 (ιιιί
1050 2925 1275 2978 credunt
1302 2925 1352 2978 in
1400 2939 1545 2986 eum,
1591 2939 1776 2979 eorum
1804 2926 1894 2994 qui

287 3011 390 3068 per
441 3013 563 3049 eum
618 2996 936 3068 sanctificati
969 3002 1026 3050 et
1080 2995 1268 3064 gratia:
1314 2996 1574 3068 spiritalis
1618 2996 1895 3052 nativitate

292 3066 552 3134 reparati,
589 3066 679 3121 lilii
699 3068 815 3132 ejus
846 3082 967 3120 esse
993 3074 1294 3135 cmperunt,
1321 3076 1375 3121 ut
1403 3067 1477 3121 ait
1503 3079 1718 3121 sanctus
1746 3082 1892 3121 mar-

287 3150 374 3206 tyr
404 3138 541 3194 libro
575 3137 639 3192 de
686 3136 933 3193 Oratione
974 3137 1264 3205 Dominica,
1299 3153 1418 3207 pag.
1448 3138 1574 3193 206.
1609 3138 1677 3194 Et
1716 3149 1895 3194 tamen

2088 2780 2302 2835 Veritate
2325 2780 2651 2851 completum.
2702 2776 2945 2851 Quidam,
2981 2778 3101 2851 libri
3140 2788 3348 2835 veteres
3391 2790 3443 2836 el
3481 2778 3601 2836 edi-

2002 2855 2076 2908 lio
2105 2853 2330 2908 Morellii
2361 2850 2558 2907 habent
2586 2852 2639 2904 in
2674 2852 2896 2904 veritate.
2923 2850 3074 2918 Quod
3104 2860 3280 2922 potest
3327 2866 3449 2907 esse
3490 2867 3603 2907 me-

2000 2927 2212 2981 lius.—
2244 2924 2440 2979 BALUZ.
2485 2923 2637 2978 Adde
2663 2922 2938 2977 editionem
2986 2924 3287 2992 principem.
3320 2922 3529 2979 Roorn.

2074 2997 2201 3051 Post
2241 2996 2506 3050 sabbatum
2534 2995 2724 3053 primus
2749 3003 2798 3048 et
2841 2994 3146 3049 dominicus.
3189 2994 3432 3063 Magnum
3475 3003 3602 3051 ante

2000 3067 2100 3122 bos
2159 3068 2420 3122 ducentos
2477 3082 2648 3122 annos
2710 3067 2908 3121 bellum
2964 3080 3083 3120 cum
3136 3068 3367 3121 maxima
3425 3067 3600 3122 utrin-

1998 3155 2105 3208 que
2130 3140 2426 3194 acerbitate
2466 3148 2677 3209 gestum
2724 3147 2780 3192 et
2826 3147 3115 3208 pugnatum
3144 3150 3227 3193 est
3276 3139 3416 3194 inter
3460 3138 3601 3195 Pau-

287 3203 564 3265 Pamelius
608 3212 777 3280 magis
828 3209 1016 3278 prohat
1064 3203 1427 3276 conjecturam
1473 3208 1701 3264 Costerii
1753 3203 1966 3266 exis-C
2001 3203 2109 3265 lum
2171 3211 2240 3266 de
2299 3203 2708 3281 Middélburgo,
2780 3203 2869 3279 qui
2899 3203 3110 3281 'postea
3168 3209 3265 3264 fuit
3316 3211 3603 3280 episcopus

288 3284 530 3337 tiniantts
558 3280 845 3351 legendum
873 3295 996 3335 esse
1026 3296 1201 3351 parem
1225 3296 1500 3352 ;reamque
1524 3282 1894 3352 conjecturam

288 3353 582 3416 Pamelius,
619 3363 676 3406 ut
708 3354 823 3418 ipse
863 3353 957 3417 ait,
993 3353 1046 3407 in
1073 3368 1168 3407 sua
1197 3351 1435 3408 editione
1472 3355 1757 3421 posuisset.
1792 3354 1892 3407 nisi

286 3424 724 3481 Contradicentes
753 3424 1033 3479 habuisset
1075 3439 1265 3478 omnes
1290 3424 1456 3478 libros
1496 3424 1893 3491 ntannscriptos

286 3507 342 3552 et
373 3511 562 3552 omnes
588 3495 874 3552 editiones.
921 3495 1059 3567 Ego,
1087 3504 1264 3551 tamen
1292 3510 1479 3550 vocem
1511 3512 1687 3566 parem
1714 3495 1892 3567 reperi

286 3568 340 3623 in
378 3567 588 3623 duobus
634 3566 910 3623 codicibus
954 3566 1207 3636 antiquis.
1256 3567 1453 3621 Bacuz.

358 3638 451 3694 IV.
481 3639 760 3694 ——Adlnic
822 3640 1025 3693 [torreat
1088 3638 1391 3693 exosculari.
1448 3637 1708 3709 liigaltius
1775 3639 1888 3694 ait:

286 3709 473 3772 Fidus.
505 3711 573 3766 ad
603 3727 763 3782 quem
791 3721 872 3765 est
906 3713 1033 3782 tunc,
1059 3709 1282 3779 epistola
1320 3710 1604 3782 Cypriani,
1638 3711 1892 3766 horrebat

285 3782 519 3839 osculari
553 3780 741 3838 recens
769 3792 921 3838 natos
952 3780 1214 3846 infantes,
1246 3797 1365 3836 cum
1396 3783 1508 3835 suis
1535 3781 1891 3850 impedimen-

286 3855 358 3910 tis
403 3856 651 3924 prol'nsos
687 3856 871 3923 utique
918 3863 973 3906 ct
1001 3853 1235 3911 oblitos.
1270 3853 1503 3921 indeque
1534 3854 1586 3906 in
1637 3865 1888 3907 octavum

285 3941 316 3981 a
349 3936 500 3993 parto
546 3928 687 3981 diem
717 3925 919 3980 differri
970 3924 1298 3993 Baptismum
1328 3924 1563 3978 volebat.
1598 3925 1888 3988 llotrorem

286 3997 503 4052 discutit
545 3997 847 4068 Cyprianus
901 3996 1094 4068 iisdem
1143 3996 1473 4068 argumentis
1519 3997 1713 4061 quibus
1755 3994 1890 4050 Ter-

290 4069 544 4124 tullianus
593 4066 878 4123 Marcionis
911 4067 1146 4122 hacresin
1192 4066 1490 4121 Confutavit
1540 4069 1888 4121 exborrcntis

288 4140 411 4197 ﬁdei
452 4141 756 4196 christiana!
793 4139 1076 4195 articulum
1107 4153 1212 4208 quo
1229 4139 1520 4202 Christum,
1552 4136 1743 4192 Filittm
1771 4139 1883 4204 Dei,

286 4213 356 4269 de
391 4212 569 4268 Maria:
604 4212 841 4277 Virginis
890 4220 1042 4264 utero
1090 4226 1217 4264 vere
1265 4211 1537 4264 hominem
1570 4221 1753 4263 natum
1795 4224 1885 4264 as-

286 4287 537 4340 serimns.
571 4284 799 4337 Christus
826 4284 1005 4337 dilexit
1037 4282 1292 4335 hominem
1332 4281 1479 4334 illum
1506 4281 1559 4334 in
1602 4281 1885 4335 immundi-

287 4358 391 4423 (iis,
421 4357 474 4410 in
515 4368 655 4410 utero
685 4357 1032 4426 coagulatum,
1064 4353 1209 4426 illum
1242 4352 1574 4421 perpudemla
1603 4355 1881 4426 prolatum,

283 4427 432 4482 illum
464 4445 553 4495 per
572 4424 794 4481 ludibria
845 4425 1113 4495 nutritum.
1168 4424 1389 4491 PrOpter
1429 4424 1881 4495 eumdesceudit,

286 4509 493 4571 propter
519 4516 633 4553 eum
662 4499 974 4571 prtejdicarit.
1007 4494 1085 4549 Tu
1115 4497 1221 4571 [nec
1262 4494 1603 4571 erubescenda
1645 4496 1723 4547 illi
1754 4500 1883 4571 [acts

286 4567 401 4641 qua:
428 4572 678 4624 redemit?
730 4568 809 4641 Tu
837 4569 1226 4641 eximi-rescisin
1253 4569 1448 4639 infante
1466 4578 1688 4641 recentes
1712 4567 1881 4641 adhuc

288 4639 384 4698 Dei
430 4643 654 4697 uulnus?
686 4640 889 4695 Natura
916 4640 1202 4695 veneranda
1239 4649 1347 4704 est,
1393 4655 1495 4692 non
1522 4639 1880 4692 erubescenda.

290 4714 415 4769 llrcc
446 4715 640 4784 liigalt.
672 4712 838 4768 Totus
867 4712 953 4767 hic
981 4722 1358 4784 apparatnsex
1416 4710 1640 4784 litlmica
1690 4726 1883 4784 super—

287 4781 782 4857 stitioneoriginem
812 4786 1059 4857 sumpsit.
1088 4782 1528 4857 Macrobius,_hb.
1562 4798 1599 4848 ι,
1623 4797 1742 4850 cap.
1774 4781 1879 4857 lli:

287 4856 401 4920 Est,
436 4852 630 4928 inquit,
668 4852 974 4911 Nnndinum
1009 4852 1495 4928 RooianorumDea
1518 4895 1534 4919 ,
1577 4869 1773 4928 unione
1803 4853 1886 4906 die

287 4924 603 4985 nascentium
655 4938 949 4996 nuncupata
977 4927 1058 4997 qui
1089 4927 1326 4980 lustricits
1347 4926 1554 4979 dicitur.
1581 4924 1673 4979 Est
1714 4935 1885 4978 autem

287 5001 395 5056 dies
416 5001 653 5056 lustricus
673 5016 772 5067 quo
792 5000 1012 5069 infantes
1030 5001 1313 5051 lustrantur
1330 5006 1378 5050 et
1400 5013 1583 5051 nomen
1604 4997 1882 5066 accipiunt.

290 5074 380 5129 sed
407 5075 450 5128 is
481 5074 706 5127 maribus
736 5086 920 5131 nonus,
956 5078 1163 5122 octavus
1193 5080 1263 5121 est
1296 5071 1515 5138 (earinis.
1546 5069 1679 5121 llato
1705 5069 1879 5121 infun—

288 5154 373 5201 tcs
400 5161 506 5200 non
535 5144 601 5198 ad
632 5144 874 5198 osculum
902 5138 1264 5195 admittendos
1287 5151 1412 5194 ante
1439 5141 1581 5195 diem
1609 5149 1881 5202 octavum,

286 5217 612 5283 sequebatur
656 5217 835 5283 utique
884 5228 990 5265 non
1024 5210 1406 5283 baptizandos;
1458 5211 1686 5282 quilibet
1736 5211 1881 5283 enim

286 5282 654 5343 Christianus.
724 5282 1072 5341 fraternitatis
1135 5283 1257 5353 iure
1307 5282 1375 5337 ad
1423 5298 1570 5354 pacus
1640 5282 1885 5337 OsCllllllll

285 5360 573 5416 admissus.
634 5358 863 5413 FELLUS.

360 5432 749 5488 Sucramentunt
813 5438 907 5483 est.
968 5426 1173 5499 Pariter
1238 5425 1398 5499 hujus
1443 5428 1574 5499 itypi
1642 5426 1889 5481 meminit

289 5504 350 5558 D.
383 5504 712 5572 Augustinus
743 5512 930 5555 contra
961 5498 1230 5572 Faustum
1265 5498 1499 5572 blanicb.
1538 5501 1633 5572 lib.
1677 5512 1787 5562 3m,
1833 5513 1885 5572 c._

282 5569 573 5631 £9:Tertio
616 5576 699 5627 die
724 5589 1007 5641 resurgens.
1029 5587 1175 5639 qurm
1197 5569 1507 5623 dominicum
1533 5571 1769 5632 dicimus,
1801 5569 1889 5639 qui

287 5657 399 5716 post
420 5646 684 5701 sabbatum
715 5640 1012 5698 numeratur
1032 5652 1258 5703 octavus,
1278 5640 1429 5716 etiam
1445 5642 1886 5716 circumcisionem

285 5712 449 5773 octavi
476 5718 576 5771 diei
602 5718 669 5770 ad
694 5733 747 5769 se
782 5716 1187 5785 prophetaudum
1239 5714 1492 5785 pertinere
1539 5713 1788 5767 declarat.
1819 5712 1886 5768 Et

288 5792 448 5862 paulo
464 5801 581 5856 post
601 5807 612 5842 :
635 5788 767 5856 Quia
780 5789 877 5862 ista
892 5785 1193 5862 resurrectio
1205 5801 1323 5862 qua:
1328 5786 1524 5862 credita
1538 5796 1609 5839 est
1624 5801 1716 5862 nos
1720 5786 1852 5856 justi
1861 5816 1880 5825 -

285 5855 423 5932 licat,
449 5855 542 5917 illa
567 5855 757 5918 octavae
771 5859 872 5914 diei
898 5855 1277 5930 circumcisione
1301 5858 1521 5929 ﬁgurata
1537 5867 1629 5915 est.
1648 5855 1875 5915 Flauus.

1986 4352 2187 4421 semper
2231 4352 2518 4408 Ecclesium
2586 4356 2802 4409 sensisse
2872 4354 3242 4420 monstraverit,

1985 4426 2216 4492 accipite.
2257 4425 2471 4481 Ron'ru.

1910 4604 1962 4664 1)

1999 3280 2613 3351 Foroscmproniensis,
2642 3280 2860 3335 Petrum
2910 3284 2978 3335 de
3016 3280 3152 3335 Rivo
3180 3296 3348 3337 sacrm
3400 3284 3603 3352 pagina:

2002 3356 2366 3420 professorem
2419 3353 2471 3408 in
2525 3352 2799 3407 academia
2858 3352 3206 3421 Lovaniensi,
3251 3352 3601 3409 ethomnm

1997 3425 2161 3480 Bazin
2188 3468 2201 3487 ,
2251 3426 2564 3495 episcopum
2610 3425 2999 3480 Lexm'ienscm
3045 3436 3100 3481 et
3143 3426 3265 3481 dein
3308 3424 3604 3495 archiepis-

1995 3512 2191 3566 c0pum
2247 3499 2668 3561 Caesariensem,
2702 3513 2769 3550 an
2800 3497 2887 3550 die
2940 3510 3127 3552 oetava
3157 3498 3365 3552 Snbhali
3388 3539 3403 3562 ,
3438 3497 3488 3551 id
3517 3506 3602 3552 est

1996 3568 2084 3624 die
2115 3569 2385 3623 dominica
2408 3610 2423 3633 ,
2457 3567 2704 3622 Christus
2736 3571 3138 3625 resnrrexisset.
3173 3568 3455 3624 Tractatus
3501 3567 3603 3623 Pe-

1996 3640 2062 3694 tri
2107 3641 2177 3696 de
2208 3640 2344 3694 Rivo
2392 3640 2570 3695 editus
2621 3640 2717 3694 luit
2761 3655 2905 3695 anno
2942 3641 3099 3708 1492,
3141 3641 3191 3695 in
3244 3642 3375 3695 urbe
3430 3639 3603 3694 Lova-

1996 3711 2193 3777 niensi,
2233 3724 2286 3766 ct
2318 3711 2468 3766 Pauli
2498 3712 2757 3766 adversus
2787 3712 3003 3767 iietrum
3056 3714 3110 3767 in
3156 3712 3293 3764 libro
3342 3720 3498 3765 sexto
3527 3712 3595 3765 de

1995 3781 2160 3837 Recta
2216 3782 2440 3837 Pascha:
2492 3781 2879 3837 celebratione.
2935 3788 3003 3839 At
3067 3790 3325 3838 tractatus
3376 3783 3600 3837 Thema:

1994 3854 2231 3907 nandum
2260 3854 2437 3909 editus
2478 3853 2704 3909 habetur
2736 3856 2786 3907 in
2818 3854 3137 3910 bibliotheca
3184 3855 3348 3921 regia.
3396 3853 3595 3908 BALUZ.

2069 3924 2206 3978 V.-—
2230 3924 2450 3994 Propter
2473 3926 2629 3995 quod.
2650 3934 2755 3980 etc.
2788 3925 2969 3980 Refert
3004 3928 3146 3979 hunc
3180 3925 3351 3977 lm-um
3382 3934 3599 3979 Sanctus

1992 3998 2327 4067 Augustinus
2354 4012 2604 4051 sermooe
2626 3995 2734 4051 "294
2757 4042 2773 4059 ,
2807 4011 2925 4066 pag.
2962 3997 3102 4052 11115
3144 4011 3294 4050 nova:
3324 3995 3595 4067 editionis.

1992 4066 2279 4123 BALUZIUS.
2298 4097 2367 4108 -——
2388 4068 2461 4122 lbi
2478 4068 2550 4139 ὃ.
2582 4070 2934 4139 Augustinus.
2955 4068 3040 4124 vel
3058 4068 3195 4122 alius
3220 4068 3359 4139 quis.
3377 4066 3600 4121 adduxit

1989 4140 2207 4203 locum,
2244 4152 2357 4194 tunc
2398 4138 2615 4209 quidem
2671 4136 2973 4210 praefatus:
3032 4144 3257 4192 Sanctus
3286 4136 3600 4209 Cyprianus

1988 4222 2060 4265 est
2100 4252 2113 4274 ,
2142 4227 2289 4277 quem
2317 4212 2370 4265 in
2417 4227 2599 4264 manus
2639 4212 2857 4280 sumpsi.
2892 4212 3129 4282 antiquus
3159 4211 3430 4282 episcopus
3458 4210 3598 4264 aedis

1988 4281 2142 4352 liuius
2169 4284 2293 4353 quid
2320 4284 2531 4337 senserit
2558 4287 2622 4337 de
2648 4284 2896 4352 baptismo
2920 4282 3274 4351 parvulorum,
3300 4281 3454 4334 immo
3476 4283 3600 4353 quid

3327 4352 3598 4421 paululum

2057 4495 2100 4548 A
2122 4500 2289 4566 gratia
2324 4496 2677 4566 consequentia
2707 4497 2841 4553 Tres
2871 4496 2989 4551 libri
3037 4505 3247 4553 veteres
3291 4495 3591 4567 praeferunt

1987 4568 2057 4623 ad
2082 4572 2301 4638 gratiam
2330 4569 2761 4639 consequendam.
2794 4569 2995 4624 Bawz.

2067 4639 2234 4694 Porro
2278 4653 2467 4699 autem.
2496 4638 2623 4696 etc.
2654 4641 2851 4695 Totum
2891 4643 3032 4696 hunc
3081 4641 3260 4696 locum
3303 4638 3596 4709 descripsit

1988 4720 2210 4767 sanctus
2236 4711 2598 4777 Hieronymus
2627 4713 2678 4766 in
2719 4711 2825 4767 line
2851 4714 2970 4768 libri
2999 4713 3139 4768 tertii
3169 4712 3411 4766 adversus
3440 4710 3595 4766 Pele-

1987 4783 2187 4854 gianos.
2241 4783 2347 4839 Sed
2387 4783 2526 4853 apud
2575 4783 2961 4855 Hieronymum
3012 4785 3207 4853 legitur
3235 4779 3467 4837 remissio
3498 4799 3594 4846 pro

1988 4856 2232 4919 remissa;
2256 4865 2311 4910 et
2339 4870 2436 4924 pro
2461 4870 2526 4909 eo
2549 4857 2693 4927 quod
2725 4855 2863 4925 apud
2885 4856 3213 4927 Cyprianum
3248 4868 3396 4927 recte
3417 4855 3593 4927 scrip-

1991 4935 2101 4980 tum
2142 4937 2227 4981 est
2261 4928 2324 4980 de
2350 4943 2447 4997 ope
2473 4925 2649 4983 nostra
2675 4945 2734 4980 ac
2761 4925 2944 4980 divina
2962 4925 3342 4993 misericordia,
3379 4927 3430 4979 in
3464 4925 3592 4980 Hie-

1988 5012 2217 5068 ronymo
2237 4999 2396 5054 habet
2422 4999 2485 5053 de
2511 5018 2608 5072 ope
2623 5009 2799 5054 nostra
2820 5000 2888 5053 ad
2909 4998 3134 5123 divincta:
3160 4999 3589 5051 misericordiam.

3128 5085 3284 5123 ALUZ.

3128 5085 3284 5125 ALUZ.

2065 5139 2388 5197 Gravissimis
2413 5142 2761 5199 delictoribus.
2802 5140 3162 5211 Negatoribus
3185 5183 3201 5205 ,
3234 5138 3553 5211 sacrificatis
3572 5181 3588 5205 ,

1992 5212 2261 5268 lihellatis.
2300 5212 2599 5270 Delictores
2637 5214 2765 5267 dicit
2796 5210 3010 5281 eosqui
3039 5211 3200 5267 fidem
3231 5210 3448 5266 Christo
3489 5210 3591 5266 dae

1994 5293 2102 5340 tam
2134 5286 2511 5350 deseruerunt,
2541 5286 2965 5354 dereliquerunt.
2992 5286 3408 5338 Ubservavimus
3429 5297 3588 5352 supra

1990 5357 2056 5429 ad
2078 5356 2247 5427 Epist.
2284 5372 2348 5410 ιν
2391 5357 2484 5429 (al.
2516 5357 2610 5429 LII)
2639 5354 3014 5429 “initura-At
3039 5370 3170 5429 vero
3202 5356 3371 5429 magis
3396 5354 3590 5429 suadet

1992 5428 2120 5483 illud
2142 5471 2156 5493 ,
2188 5430 2233 5482 si
2266 5426 2443 5495 pastea
2472 5426 2804 5488 crediderint,
2839 5428 3026 5483 iStlncc
3057 5428 3216 5481 verba
3251 5426 3319 5480 de
3350 5427 3587 5480 homini-

1992 5498 2090 5553 bus
2120 5500 2470 5555 cbristianam
2501 5502 2659 5555 Iidem
2702 5501 2997 5568 amplexis,
3031 5510 3191 5568 atque
3222 5496 3422 5552 idcirco
3452 5496 3588 5567 Bap—

1995 5571 2208 5643 tismum
2262 5574 2604 5643 petentibus,
2653 5586 2960 5643 exponere,
3019 5585 3113 5639 per
3163 5586 3321 5643 quem
3370 5569 3587 5639 quidem

1992 5641 2249 5710 Baptismi
2296 5642 2457 5698 ritum
2505 5647 2555 5698 in
2608 5641 2825 5698 nurnine
2870 5642 3060 5698 Divino
3094 5641 3429 5697 celebratum
3465 5655 3590 5707 pec-

1988 5724 2109 5770 cata
2154 5717 2335 5769 omnia
2382 5715 2612 5771 remittit
2660 5731 2724 5771 ac
2763 5715 2933 5771 deleri
2973 5714 3232 5840 erﬁdebat
3269 5712 3585 5783 antiquitas.

3060 5800 3225 5840 nuru.

3060 5800 3225 5841 OUTH.

2065 5857 2183 5915 Nisi
2230 5860 2367 5930 quod
2404 5860 2686 5917 secundum
2735 5860 2917 5914 Adam.
2971 5857 3066 5914 Vix
3112 5855 3239 5913 alibi
3282 5855 3583 5930 reperitur,
