4008 6320
511 233 649 295 1019

1828 242 2180 314 ΒΕιΙΟυΙΑΞ
2217 244 2489 304 SACBE.

3654 271 3767 331 i020

507 357 744 428 antiquae
778 355 951 428 prima
979 355 1256 448 nativitate
1280 355 1564 424 contraxit,
1596 356 1688 430 qui
1731 358 1796 413 ad
1819 361 2102 417 remissam
2131 362 2183 423 Α
2209 361 2497 419 lieissimus
2521 362 2573 419 in
2602 362 2782 421 Africa
2823 366 3025 438 lapsus,
3056 370 3259 443 absque
3286 372 3391 430 ullo
3412 377 3600 448 gradus
3626 386 3771 441 etho-

508 460 850 523 peccatorum
891 459 917 487 ει
951 446 1319 520 accipiendam
1359 449 1461 506 hoc
1490 450 1609 522 ipso
1648 450 1859 507 facilius
1903 454 2111 510 accedit

507 542 650 617 quod
678 544 748 599 illi
770 544 1135 612 remittuntur,
1158 557 1262 598 non
1290 544 1526 616 propria,
1547 543 1642 599 sed
1674 544 1849 601 aliena
1869 557 2106 618 peccata.

580 635 669 693 Vl.
699 634 768 711 Et
789 637 1009 704 idcirco,
1044 634 1209 691 frater
1229 636 1566 705 charissime,
1603 637 1716 691 haec
1757 637 1855 693 fuit
1882 641 1935 693 in
1966 655 2105 695 con-

506 732 634 788 cilio
663 741 844 786 nostra
870 731 1157 798 sententia,
1176 746 1203 784 a
1233 731 1513 802 Baptismo
1539 742 1703 803 atque
1735 748 1766 788 a
1795 735 1964 802 gratia
1988 735 2105 802 Dei,

511 826 603 897 qui
637 824 887 880 omnibus
916 823 1228 879 misericors
1269 833 1323 879 et
1364 824 1627 897 benignus
1653 836 1708 882 et
1737 827 1854 898 pius
1873 837 1977 894 est,
2011 845 2105 885 ue-

514 918 719 975 minem
751 934 846 989 per
876 933 975 973 nos
1016 917 1215 973 debere
1267 918 1564 989 prohiberi.
1600 918 1753 987 Quod
1804 937 1925 976 cum
1967 922 2109 978 circa

518 1014 800 1070 universos
828 1013 1229 1070 observandum
1278 1013 1346 1069 sit
1396 1024 1555 1084 atque
1601 1016 1965 1084 retinendum,
2000 1028 2108 1072 tum

507 1110 678 1181 magis
706 1110 848 1165 circa
881 1108 1115 1165 infantes
1148 1110 1295 1179 ipsos
1323 1120 1376 1165 et
1414 1125 1606 1165 recens
1658 1121 1815 1167 natos
1852 1110 1880 1149 ι)
1916 1111 2108 1167 obser-

515 1204 754 1261 vandum
797 1215 1069 1275 putamus,
1103 1205 1193 1276 qui
1228 1202 1331 1259 hoc
1363 1204 1479 1276 ipso
1507 1204 1572 1259 de
1594 1221 1694 1275 ope
1722 1216 1905 1260 nostra
1951 1222 2013 1261 ac
2044 1205 2112 1262 de

510 1301 691 1357 divina
732 1301 1099 1358 misericordia
1153 1302 1274 1374 plus
1326 1310 1606 1358 merentur
1634 1301 1775 1373 quod
1826 1302 1878 1356 in
1934 1300 2111 1372 primo

507 1399 691 1454 statim
715 1398 1011 1454 nativitatis
1032 1413 1143 1454 sua:
1165 1407 1284 1452 ortu
1313 1398 1587 1468 plorantes
1613 1414 1675 1453 ac
1706 1397 1895 1453 ﬂetites
1929 1408 1949 1433 ο
1975 1394 2109 1451 nihil

509 1492 658 1551 aliud
688 1492 892 1549 faciunt
920 1508 1084 1564 quam
1134 1492 1514 1563 deprecantur.
1546 1492 1811 1564 Optamus
1841 1500 1914 1557 te,
1946 1487 2111 1546 frater

505 1586 853 1653 charissime,
881 1601 1098 1657 semper
1124 1585 1263 1641 bene
1292 1584 1495 1641 valere.

503 1699 1086 1761 CARTHAGINENSE
1139 1697 1512 1755 CONCILIUM
1576 1696 1709 1755 SUB
1764 1694 2110 1752 CYPRIANO

1131 1790 1489 1859 QUARTUM.

650 1922 790 1964 ANNO
825 1920 956 1965 POST
995 1920 1262 1963 οιιιιιετωί
1291 1921 1475 1962 NA'I'UI
1513 1919 1667 1961 CCLIV
1704 1919 1961 1959 BABITUI.

517 2018 607 2078 DE
648 2016 962 2078 BASILIDE
1013 2020 1103 2075 ET
1154 2017 1511 2075 MARTIALE
1571 2014 1916 2073 HISPANIAE
1965 2015 2102 2071 EPI-

910 2111 1145 2171 SCOPIS
1194 2107 1686 2169 LIBELLATICIS.

504 2225 773 2295 (Erasm.,_
797 2243 833 2289 ι,
874 2226 923 2278 4.
952 2222 1194 2295 _Pamel.,
1236 2220 1671 2295 Rigalt.,_Balug:,
1714 2232 1878 2295 psmn.
1922 2217 2103 2295 Fatis,

740 2282 922 2352 Dxbn.,
948 2288 1104 2352 Lips.,
1145 2282 1508 2339 vanfRouth.
1535 2284 1665 2335 Kell.
1713 2283 1843 2341 Scr.,
1871 2297 1922 2346 p.
1963 2282 2024 2332 77
2052 2289 2106 2332 et

570 2357 706 2418 122⁸)
1090 2411 1515 2472 pnoasuwtt.

573 2513 687 2569 Hoc
715 2511 1001 2568 concilium
1033 2510 1275 2567 habitum
1306 2522 1387 2565 est
1413 2508 1465 2563 in
1498 2504 1674 2563 Africa
1694 2546 1710 2572 ,
1742 2519 1885 2559 anno
1905 2500 2105 2559 Christi

499 2605 609 2662 9.58
637 2606 705 2660 ad
753 2605 1063 2660 instantiam
1112 2602 1382 2673 HiSpaniaz
1418 2602 1795 2669 episcoporum
1820 2639 1833 2663 ,
1868 2611 1934 2651 eo
1962 2594 2101 2661 fine,

500 2710 560 2755 ut
603 2699 672 2755 de
703 2713 863 2753 causa
924 2696 1171 2753 Basilidis
1214 2706 1267 2753 et
1301 2694 1581 2760 Martialis,
1628 2692 1894 2748 Africana:
1930 2690 2107 2745 eccle-

502 2792 598 2848 sia:
620 2791 882 2863 judicium
906 2800 1315 2862 cognoscerent.
1339 2789 1509 2845 Causa
1531 2787 1650 2842 talis
1672 2796 1785 2842 erat
1812 2802 1825 2840 :
1846 2785 2105 2841 Basilides

498 2884 853 2958 Legionensis
888 2896 942 2941 et
984 2884 1238 2940 Martialis
1285 2883 1648 2940 Asturicensis
1694 2881 1934 2938 ecclesia:
1964 2879 2103 2953 epis-

499 2981 644 3051 copi,
683 2996 749 3036 eo
779 2980 923 3052 quod
953 2980 1007 3034 in
1048 2980 1420 3050 persecutione
1454 2979 1680 3033 fuissent
1711 2977 1867 3047 lapsi,
1897 2976 2104 3031 libella-

502 3075 612 3137 tici,
654 3077 744 3147 qui
776 3074 1032 3129 nimirum
1063 3074 1316 3146 privatim
1358 3072 1518 3127 ﬁdem
1546 3072 1893 3143 abuegantes,
1928 3070 2103 3139 publi-

2216 454 2362 508 noris
2406 454 2689 526 dispendio
2743 457 2811 513 ab
2859 457 3100 518 Ecclesia
3136 466 3303 536 recipi
3343 473 3619 527 temerario
3659 491 3768 535 ausu

2213 548 2607 604 contenderunt
2629 571 2642 607 :
2663 568 2768 620 quo
2787 564 2980 608 conatu
3000 570 3119 611 cum
3141 556 3774 630 frustrarentur,Felieem.

2212 655 2315 711 que
2333 655 2452 695 cum
2485 643 2684 698 Sabino
2723 646 2775 701 in
2807 646 2981 703 locum
3012 648 3165 704 suum
3192 652 3510 712 substitutos
3542 661 3772 733 viderent,

2216 729 2474 788 Basilides
2505 734 2673 791 livore
2700 738 2979 795 tabescens
3007 742 3072 796 ad
3103 746 3453 814 apostolicam
3486 752 3658 809 sedem
3686 729 3775 811 Bo;

2214 840 2356 881 mam
2404 842 2464 883 se
2503 830 2769 898 contulit;
2817 832 2997 906 ibique
3036 850 3095 891 se
3132 838 3330 909 injuste
3366 841 3497 897 sedc
3535 845 3771 915 privatum

2216 934 2575 992 conquerens.
2606 923 2882 996 Stephano
2923 928 3166 986 Romano
3194 932 3441 989 Pontilici
3470 938 3778 1008 supplicatio-

2215 1028 2336 1067 nem
2372 1015 2621 1084 plurimis
2638 1021 2932 1076 mendaciis
2954 1022 3205 1081 refertam
3226 1027 3548 1092 exliiliet,ac
3576 1048 3775 1101 peream

2217 1103 2333 1159 sedi
2393 1122 2455 1161 ac
2509 1108 2697 1165 ltonori
2748 1114 2974 1182 pristino
3026 1117 3235 1173 restitui
3279 1122 3590 1193 suppliciter
3631 1139 3776 1199 rogat.

2214 1197 2367 1265 Quod
2396 1216 2516 1256 cum
2549 1205 2786 1275 episcopi
2818 1206 3084 1277 lliSpaniae
3107 1212 3403 1279 audissent,
3438 1217 3539 1287 ipsi
3565 1220 3664 1272 duo
3690 1197 3780 1277 sui.

2217 1288 2341 1345 fecti
2371 1294 2629 1367 episcopi,
2658 1296 2887 1354 Sabinus
2915 1317 2976 1356 ac
2994 1302 3163 1367 Felix,
3193 1305 3258 1360 ad
3287 1307 3593 1364 Africanam
3626 1311 3781 1370 Eccle-

2215 1384 2348 1439 siam
2401 1388 2740 1460 ablegantnr,
2795 1402 2847 1448 et
2894 1396 3106 1469 utrique
3146 1398 3335 1455 littera:
3374 1402 3440 1455 ad
3487 1401 3778 1476 Cyprianum

2216 1480 2560 1554 reliquosque
2586 1484 2705 1557 ejus
2731 1488 2977 1544 ecclesia:
3010 1493 3293 1564 episcopos
3332 1496 3547 1568 scripta:
3576 1514 3781 1555 commu-

2216 1573 2463 1630 nicantur
2490 1618 2505 1642 ,
2560 1588 2617 1633 ut
2661 1580 2866 1635 scilicet
2910 1583 3070 1639 iidem
3117 1588 3355 1657 episcopi
3404 1590 3781 1651 libellaticorum

2215 1666 2443 1725 duorum
2472 1686 2689 1727 causam
2712 1687 3042 1745 cognoscant
3069 1694 3133 1733 ac
3168 1681 3482 1750 dijudiceut.
3517 1684 3780 1757 Cyprianus

2139 1769 2187 1831 B
2218 1763 2377 1835 igitur
2402 1781 2522 1821 cum
2548 1768 2753 1838 legatos
2775 1786 2879 1825 una
2902 1786 3023 1826 cum
3055 1773 3250 1829 litteris
3278 1777 3550 1847 prardictis
3576 1781 3782 1849 excepis-

2212 1863 2317 1921 set,
2354 1857 2589 1929 collegas
2615 1860 2884 1917 antistites
2922 1873 3205 1929 convocat,
3248 1875 3303 1923 et
3342 1868 3395 1923 in
3437 1885 3621 1925 eorum
3656 1886 3781 1927 sacro

2214 1962 2478 2004 concessu
2510 1950 2718 2007 litteras
2748 1953 2815 2007 ad
2847 1971 2905 2009 se
2931 1970 3165 2028 suosque
3194 1960 3431 2032 collegas
3457 1963 3677 2033 scriptas
3699 1964 3781 2037 legi

2208 2056 2272 2096 ac
2295 2043 2530 2109 recitari,
2562 2046 2710 2100 etab
2742 2046 2933 2103 iisdem
2981 2048 3170 2120 legatis
3206 2051 3257 2106 in
3307 2053 3596 2110 concilium
3637 2057 3780 2113 intro-

2208 2135 2384 2192 ductis
2413 2152 2566 2191 suam
2596 2137 2832 2209 ipsorum
2865 2156 3080 2197 causam
3112 2148 3350 2199 enarrari
3380 2157 3647 2217 procurat.
3674 2148 3780 2217 Qua

2209 2243 2329 2284 cum
2360 2228 2494 2284 facta
2521 2240 2751 2298 essent,~
2776 2232 2877 2288 hoc
2932 2233 3077 2305 quod
3119 2236 3186 2289 ab
3216 2238 3488 2308 episcopis
3534 2239 3774 2311 Hispanis

2208 2322 2275 2379 de
2308 2322 2558 2381 Basilidis
2592 2333 2646 2381 et
2684 2326 2940 2382 Martialis
2973 2329 3387 2385 libellaticorum
3430 2334 3778 2404 episeOporum

2206 2417 2565 2489 depositione,
2592 2430 2647 2475 et
2671 2421 2855 2476 Sabini
2874 2438 2994 2477 eum
3023 2423 3189 2479 Felici
3207 2425 3531 2482 sufl'cctione
3553 2429 3779 2483 consdtu-

2209 2522 2320 2568 tum
2384 2512 2580 2581 fuerat,
2632 2530 2729 2588 per
2770 2515 3036 2575 Africana:
3066 2518 3313 2574 ecclesia:
3352 2520 3634 2591 episcopos
3664 2522 3775 2587 illos,

2207 2606 2297 2677 qui
2335 2606 2459 2662 huic
2497 2608 2729 2663 concilio
2760 2608 3135 2679 interfuerant,
3165 2612 3548 2668 confirmatum
3586 2623 3690 2680 est;
3714 2615 3778 2669 ni-

2207 2700 2404 2754 mirum
2453 2701 2774 2756 libellatieos
2816 2719 3007 2757 omnes
3050 2704 3117 2759 ad
3170 2706 3545 2774 ptenitetttiam
3592 2706 3776 2775 quidem

2207 2794 2472 2865 agendam
2501 2810 2662 2866 posse
2685 2796 2919 2861 admitti,
2949 2813 3135 2854 verum
3177 2801 3244 2855 ab
3282 2801 3621 2857 ordinatione
3648 2801 3780 2857 cleri-

2207 2889 2344 2953 cali,
2396 2898 2557 2960 atque
2601 2889 2922 2946 sacerdotali
2968 2891 3231 2963 dignitate
3270 2904 3422 2949 recte
3494 2893 3777 2965 prohiberi:

2208 2980 2374 3037 hosce
2423 2981 2562 3037 duos
2616 2983 2776 3038 etiam
2834 2999 2930 3039 sua
2988 2984 3283 3056 episcopali
3338 2985 3604 3056 dignitate
3658 2994 3780 3041 recte

2206 3076 2484 3146 spoliatos,
2508 3075 2764 3131 Sabinum
2790 3092 2850 3131 ac
2867 3077 3102 3133 Felicem
3123 3079 3173 3132 in
3200 3079 3376 3134 locum
3401 3080 3639 3149 ipsorum
3658 3087 3780 3134 recte

484 3182 623 3224 -cum
647 3166 912 3223 idolorum
936 3167 1137 3223 cultum
1166 3166 1390 3237 pecunia
1414 3165 1781 3233 redimisscnt,
1806 3164 2101 3236 episcopali
2129 3170 2173 3234 (ζ
2209 3167 2466 3224 suffectos
2492 3183 2635 3223 esse.
2666 3168 2782 3238 Quo
2799 3170 3107 3225 testimonio
3128 3171 3328 3237 habito,
3354 3172 3472 3243 ipse
3493 3172 3711 3228 Sabinus
3730 3184 3780 3226 ac

500 3260 707 3317 honore
732 3263 800 3315 ad
827 3261 1290 3318 denuntiationem
1319 3259 1557 3315 ﬁdelium
1587 3258 1944 3329 Hispanorum
1973 3274 2096 3330 Spo-

500 3354 722 3421 liantur,
754 3364 809 3411 et
838 3356 890 3410 iu
922 3370 1110 3410 eorum
1146 3356 1321 3408 locum
1366 3352 1597 3408 Sabinus
1631 3367 1693 3406 ac
1723 3350 1870 3406 Felix
1907 3351 2104 3405 substi-

502 3455 750 3503 tuantur.
784 3446 1044 3505 Cessante
1070 3448 1468 3520 persecutione,
1502 3444 1597 3514 illi,
1631 3445 1771 3501 sicut
1809 3455 1963 3500 antea
2007 3444 2105 3500 Fe-

2213 3260 2408 3326 Felix,
2460 3261 2652 3316 litteris
2713 3259 2967 3335 Cypriani
3021 3263 3359 3334 aliorumque
3431 3266 3778 3336 episcoporum

2211 3353 2276 3407 ad
2306 3353 2635 3423 Stephanum
2666 3363 2721 3408 et
2737 3357 3019 3424 episcopos
3037 3355 3305 3426 Hispania:
3324 3359 3546 3427 scriptis
3566 3372 3779 3413 commu-

2209 3447 2335 3514 niti,
2361 3446 2587 3503 Romam
2634 3445 2979 3520 adnavigant,
3011 3458 3122 3503 tum
3156 3458 3213 3503 ut
3237 3450 3521 3506 mendacia
3549 3447 3772 3506 B:silit|is

1542 3574 1569 3585 σ
1744 3536 2128 3596 LECTIONES
2167 3538 2584 3596 VARIANTES.

564 3615 605 3698 ξι⁴
623 3632 977 3698 ᾼοείμὶθηόιιῐιι
1003 3634 1162 3685 Oxon.

559 3694 590 3735 ι)
622 3694 875 3749 Recenter
901 3706 1039 3748 natos
1063 3698 1189 3748 Bod.
1217 3695 1265 3747 2.
1291 3697 1409 3747 Lam

2276 3634 2299 3665 °
2338 3631 2464 3682 Ortu
2486 3633 2669 3685 flentes
2692 3632 2823 3684 Lam.
2850 3633 2978 3684 Bod.
3006 3632 3052 3683 2.
3080 3630 3187 3685 Lin.
3212 3635 3321 3687 ΝΟ.
3350 3633 3399 3697 1,
3425 3634 3474 3686 2.

1857 3754 2215 3814 VARIORUM
2254 3757 2482 3817 NOTAE.

497 3856 638 3930 apud
685 3857 945 3930 antiquos
983 3857 1281 3927 scriptores
1308 3899 1321 3921 ,
1368 3855 1519 3930 locus
1559 3853 1624 3907 ad
1668 3853 2094 3930 confirmandum

497 3926 691 4002 dogma
721 3932 788 3984 de
817 3926 1060 3999 originali
1092 3937 1311 3998 peccato
1332 3970 1344 3993 ,
1382 3926 1550 3996 magis
1578 3927 1855 4002 appositus
1877 3968 1891 3991 ,
1923 3937 1977 4002 et
2004 3943 2098 3980 cx-

496 3998 851 4074 préssusaDe
876 4015 1116 4074 veterum
1148 4002 1247 4055 hac
1276 4003 1326 4054 in
1358 4014 1520 4074 cusa
1553 3998 1764 4074 placitis
1785 3998 2098 4074 consulatur

497 4069 686 4129 auctor
722 4072 964 4128 Historia:
995 4071 1292 4143 Pelagiana:
1312 4112 1326 4136 ,
1360 4071 1451 4125 lib.
1487 4086 1542 4133 It,
1571 4072 1657 4141 qui
1693 4078 1869 4124 tamen
1900 4069 2093 4143 imme-

496 4147 605 4201 rito
634 4147 847 4216 sugillat
893 4141 1224 4199 Clementem
1274 4143 1736 4216 Alexandrinum,
1780 4142 1938 4216 quasi
1965 4141 2097 4195 duco

500 4213 725 4272 trinatu'
745 4217 811 4272 de
855 4217 1100 4285 originali
1143 4224 1364 4285 peccato
1396 4230 1501 4267 non
1542 4214 1671 4267 Satis
1701 4213 2091 4278 intellexisset,

497 4288 763 4360 siquidem
817 4304 935 4357 qua:
992 4288 1247 4343 Stromat.
1294 4288 1386 4341 lib.
1434 4301 1514 4350 ιιι,
1552 4286 1631 4360 ab
1669 4285 1788 4354 ipso
1824 4285 2094 4360 disputata

498 4356 660 4427 sunt,
692 4356 956 4415 adversus
998 4360 1305 4414 Encratitas
1344 4358 1773 4422 intentabantur,
1819 4359 1906 4424 qui
1952 4356 2094 4427 fcre-

495 4426 760 4508 banti-13v
801 4435 995 4508 r/s'vs-a'w
1022 4433 1195 4508 ἁπλῶς
1225 4432 1620 4508 ἐπικαῖάρατον,
1665 4438 1720 4482 ιιι
1766 4427 1845 4508 ,θίι
1901 4426 2091 4508 I‘Ipiph.

494 4502 669 4559 Porro
721 4502 1034 4559 asserebant
1082 4507 1341 4557 Atlamum
1379 4502 1713 4555 damnatum.

500 4591 549 4631 c.
584 4577 674 4631 50.
700 4576 1305 4632 Fsr.1..—Hieronvmus
1335 4573 1499 4628 Iib.tu
1521 4573 1638 4627 adv.
1674 4569 1853 4639 Pelag.
1880 4586 1932 4640 p.
1964 4571 2089 4625 555.

496 4656 552 4703 et
589 4648 832 4720 pluribus
862 4647 994 4720 locis
1023 4646 1758 4720 Augustinusauctoritatem
1794 4642 2098 4720 harunilit-

496 4712 734 4775 terarum
767 4718 1086 4783 Pelagianis,
1106 4712 1162 4773 ut
1192 4717 1394 4772 nutavit
1424 4717 1643 4781 Cellicr,
1681 4713 1909 4767 Histoire
1933 4712 2098 4768 Géné-

808 4762 1341 4862 "iliii'iu',"p§{g'fsoo
1359 4762 1734 4862 ,hohjecerunt.
1775 4785 1974 4862 Extant
2002 4801 2097 4862 an»

499 4857 621 4919 tem»
659 4874 856 4935 praeter
902 4857 1046 4916 hunc
1087 4857 1329 4935 aliosque
1369 4858 1621 4935 Cypriani
1647 4861 1822 4935 ducas
1851 4857 2098 4935 insignia

498 4929 743 5006 quaedam
773 4934 842 4991 de
887 4942 1111 5005 peccato
1142 4933 1362 5006 originis
1390 4931 1441 4985 itt
1473 4932 1607 4985 libro
1636 4929 1715 5006 De
1758 4930 1950 5006 Haqliitu
1989 4929 2100 4983 Vir-

500 5002 697 5079 ginum.
731 5022 786 5078 p.
834 5002 971 5071 18h;
1004 5014 1166 5075 atque
1202 5004 1404 5079 adjicio
1450 5002 1902 5079 auctoribusillis
1953 5010 2102 5079 vete-

501 5072 652 5134 ribus
672 5120 687 5143 ,
730 5072 867 5150 quos
897 5072 1356 5150 dogmatishujus
1394 5074 1622 5150 adduxit
1651 5078 1889 5150 vindices
1918 5072 2100 5150 erudi-

504 5144 763 5205 tissimus
790 5144 1010 5203 Vossufs
1043 5151 1094 5203 in
1130 5146 1265 5202 Hist.
1310 5146 1612 5213 Pelagiana.
1664 5147 1754 5202 lib.
1793 5164 1853 5205 ιι.
1889 5159 2007 5213 pag.
2045 5144 2097 5213 1,

504 5220 644 5275 thes.
678 5223 732 5290 5,
780 5221 1140 5290 TheOphilnm
1180 5218 1614 5290 Antiochenam,
1673 5218 2099 5282 Tertullianum,

508 5292 686 5364 (cuius
719 5288 906 5364 tamen
937 5288 1306 5364 testimonium
1347 5288 1613 5364 quoddam
1646 5301 2103 5364 counneutoratur

503 5358 555 5418 in
586 5361 837 5418 Tltesibus
866 5362 1045 5418 Tlieol.
1076 5374 1122 5417 et
1159 5363 1357 5417 Hister.
1397 5363 1600 5429 ltisput.
1633 5377 1668 5416 ll
1706 5366 1773 5417 ab
1807 5362 1931 5417 eod.
1973 5358 2104 5413 Vos-

503 5436 646 5503 sio),
699 5434 1102 5501 Firmilianmn,
1163 5435 1650 5505 lltppolytuutque,
1708 5432 2104 5489 vetustissimos

503 5509 800 5575 scriptores
828 5523 842 5571 ;
876 5523 975 5561 nec
1004 5507 1208 5569 dubito,
1242 5508 1365 5576 quin
1408 5506 1596 5576 horum
1641 5507 1797 5560 dictis
1826 5505 1958 5576 addi
1988 5517 2104 5557 ute-

501 5574 690 5633 reatur
719 5578 1017 5632 Clementis
1065 5574 1288 5633 Romani
1320 5576 1448 5631 illud
1481 5577 1532 5628 in
1564 5575 1800 5645 Epistula
1828 5578 1895 5631 ad
1924 5574 2107 5629 Corin-

506 5649 663 5716 thios,
696 5665 816 5719 cap.
849 5664 1078 5703 xxxvnt.
1106 5652 1371 5704 (la-terum
1401 5650 1452 5702 in
1479 5647 1647 5718 Epist.
1678 5648 1769 5715 66,
1815 5664 1932 5718 pag.
1964 5646 2104 5719 5975,

510 5733 644 5776 toni.
689 5718 882 5785 tt,’ed.
927 5719 1291 5775 Benedictime
1340 5722 1667 5788 Augustinus
1722 5721 1836 5775 haec
1883 5718 2105 5773 scribit:

513 5791 700 5849 Beatus
720 5793 925 5863 quidem
950 5792 1240 5863 Cyprianus
1264 5808 1364 5848 non
1385 5791 1596 5862 aliquod
1618 5793 1871 5850 decretum
1889 5788 2110 5847 condens

1764 4499 1902 4553 lren.
1946 4475 2045 4552 lib.
2078 4514 2096 4553 ι
2120 4475 2174 4534 Ῑ)

2203 3870 2407 3922 novam,
2432 3856 2522 3911 sed
2544 3855 2787 3911 Ecclesiae
2808 3857 2960 3923 fidem
2983 3857 3331 3923 ﬁrmissimam
3346 3874 3556 3914 servans
3570 3859 3635 3913 ad
3649 3858 3781 3912 coni-

2200 3928 2423 3998 gendum
2450 3945 2555 3992 eos,
2586 3928 2673 3992 qui
2704 3931 2952 3996 putabant
2975 3941 3093 3983 ante
3113 3939 3348 3983 octavum
3372 3932 3510 3984 diem
3536 3931 3780 3985 nativitatis

2201 4014 2303 4052 non
2321 4016 2426 4053 esse
2446 4000 2714 4070 parvulum
2732 3999 3228 4069 baptizandum,non
3242 4018 3470 4066 carnem,
3486 4011 3575 4056 sed
3587 4004 3780 4056 animant

2202 4070 2331 4124 dixit
2361 4087 2467 4125 esse
2507 4088 2608 4125 non
2640 4071 2971 4143 perdendam,
3002 4083 3050 4125 et
3075 4088 3198 4127 mox
3236 4084 3413 4127 natum
3443 4075 3538 4128 rite
3563 4073 3781 4143 baptizari

2201 4158 2363 4212 posse,
2381 4159 2496 4195 cum
2514 4143 2618 4196 suis
2644 4142 2946 4213 quibusdam
2966 4145 3279 4213 coepiswpis
3300 4147 3518 4199 censuit.
3549 4146 3738 4201 Roma.

2279 4214 2364 4268 Vl.
2398 4244 2470 4255 —
2499 4214 2798 4269 Nativitatis
2844 4230 2955 4269 sua:
3002 4228 3119 4269 ortu
3170 4217 3453 4285 plorantes.
3505 4217 3778 4282 Scriptores

2202 4285 2412 4340 Ethnici
2450 4287 2731 4339 inlantium
2757 4286 2917 4340 modo
2945 4296 3189 4341 natorum
3218 4286 3435 4354 fletum,
3472 4290 3777 4343 miseriarum

2201 4360 2480 4427 sequentis
2515 4358 2637 4411 vitae
2662 4373 2821 4411 omen
2853 4359 3110 4428 putabant
3138 4376 3150 4412 :
3175 4358 3481 4430 Cyprianus
3513 4360 3684 4429 pietati
3712 4372 3780 4412 as-

2201 4430 2380 4491 cribit,
2426 4437 2482 4483 et
2524 4444 2622 4482 cett
2651 4444 2871 4499 precum
2915 4431 3309 4485 iuarticulatam
3344 4430 3629 4485 formulam
3655 4444 3779 4483 com-

2203 4500 2441 4555 mendat.
2502 4500 2743 4555 FsLL.-—
2769 4502 2995 4570 Quidam
3042 4516 3109 4556 ex
3139 4504 3381 4570 patribus
3412 4501 3777 4565 Anteniczrnis,

2201 4571 2357 4642 cujus
2386 4582 2567 4628 tamen
2614 4588 2811 4628 nomen
2858 4588 2973 4628 mea
3006 4574 3205 4628 excidit
3245 4574 3541 4632 memoria.
3572 4585 3774 4635 recens,

2201 4645 2690 4717 natorutn'vagitus
2719 4645 2783 4699 ad
2815 4644 3241 4715 deplorationem
3271 4647 3480 4715 peccati
3522 4654 3776 4717 partaeque

2201 4717 2425 4785 originis
2457 4715 2568 4770 sum.
2595 4715 2905 4786 detorquet.
2942 4717 3155 4773 Reum.

2275 4787 2354 4842 Ds:
2404 4788 2649 4844 BASILIDE
2688 4805 2756 4844 ετ
2797 4788 3099 4843 ΜΑιιτιΑιε.
3150 4787 3275 4844 Haec
3327 4790 3556 4859 epistola
3618 4795 3689 4843 tot
3733 4791 3778 4839 et

2205 4868 2378 4913 tantas
2429 4870 2643 4930 tamque
2694 4865 2832 4915 inter
2874 4878 2933 4915 se
2977 4861 3267 4915 dissimiles
3316 4861 3479 4916 habet
3533 4862 3774 4914 variantes

2203 4931 2463 4987 lectiones
2494 4934 2545 4986 in
2573 4931 2805 5001 antiquis
2844 4932 3240 5002 exetnplaribus
3268 4942 3321 4986 et
3363 4932 3703 4995 editionibns,
3723 4933 3770 4981 ut

2208 5002 2341 5057 mihi
2391 5003 2445 5057 in
2494 5004 2600 5058 illis
2645 5004 2958 5073 colligendis
3004 5014 3059 5056 et
3106 5003 3459 5073 disponendis
3505 5013 3646 5058 recte
3685 5012 3777 5073 ma-

2204 5090 2341 5145 gnus
2396 5074 2546 5130 labor
2591 5070 2942 5129 insumendus
2993 5070 3456 5138 itterit,‘multum
3524 5074 3659 5129 ttedti
3691 5070 3777 5145 de-

2208 5143 2474 5200 voratum.
2506 5146 2852 5201 Annotandas
2895 5148 3036 5201 enim
3088 5149 3378 5203 arbitratus
3411 5163 3529 5202 sum
3560 5156 3614 5201 ut
3639 5143 3773 5199 etiam

2207 5218 2368 5271 multa
2408 5228 2463 5273 et
2508 5232 2694 5285 magna
2746 5218 2989 5287 exempla
3035 5217 3220 5273 darem
3277 5220 3514 5273 audaciae
3559 5215 3774 5272 librario-

2212 5305 2329 5342 rum
2361 5299 2639 5360 veterum,
2670 5291 2759 5360 qui
2790 5291 2965 5344 omnia
3007 5290 3147 5344 licita
3197 5299 3251 5345 et
3295 5291 3471 5345 illicita
3516 5289 3627 5343 ausi
3669 5289 3771 5340 sunt

2214 5359 2673 5433 inidescribendis
2714 5364 2883 5415 sancti
2932 5362 3182 5433 martyris
3216 5362 3487 5432 operibus.
3530 5360 3692 5433 Atque
3726 5362 3772 5407 ul

2212 5432 2336 5487 inde
2360 5433 2569 5487 initium
2595 5448 2802 5487 sumam
2836 5433 2921 5486 ubi
2949 5431 3085 5486 sunt
3102 5434 3297 5502 scripta
3332 5436 3545 5488 nomina
3587 5431 3770 5502 episco-

2210 5518 2425 5574 porum,
2450 5514 2574 5558 sunt
2595 5506 2756 5574 aliqtti
2782 5504 2995 5559 codices
3025 5501 3251 5571 antiqui,
3275 5505 3569 5560 suntetiam
3597 5501 3769 5567 aliquot

2212 5575 2494 5636 editiones.
2525 5577 2576 5628 in
2608 5578 2797 5644 quibus
2820 5591 2880 5628 ea
2908 5576 3122 5630 desunt.
3152 5577 3211 5631 In
3246 5577 3413 5632 tribus
3455 5575 3673 5643 antiquis
3694 5581 3768 5644 co-

2213 5648 2442 5712 dicibus,
2475 5649 2527 5700 in
2553 5637 2747 5716 quibus
2778 5648 2864 5700 illa
2899 5649 3281 5713 prteternlissa,
3310 5659 3431 5702 sunt
3455 5637 3666 5715 legitur:
3691 5637 3771 5716 (Ig-

2216 5709 2436 5790 prianus
2448 5727 2494 5790 et
2509 5709 2681 5790 rcaiteri
2695 5709 2916 5789 episcopi
2930 5721 3228 5790 presbyteris
3253 5709 3301 5775 et
3319 5709 3604 5790 (ﬂaminibus
3629 5722 3671 5766 et
3688 5709 3771 5780 ρΙι·

2222 5792 2363 5845 bibus
2388 5790 2442 5844 iu
2468 5789 2721 5860 Hispania
2750 5789 3157 5848 consistentibus.
3187 5791 3246 5848 in
3273 5806 3380 5848 uno
3404 5790 3546 5861 regio
3566 5789 3767 5843 hicetao-
