4026 6328
318 234 456 293 1021

1499 225 1815 284 CONCILIA
1852 222 2476 283 CARTHAGINENSIA.

3481 220 3622 280 1029.

316 361 502 406 coram
524 344 794 411 refellant,
826 351 937 400 tum
959 342 1121 401 etiam
1151 350 1209 400 ut
1236 341 1555 400 auctoritate
1576 340 1722 398 sedis
1759 356 1919 413 apos-
1942 354 1998 417 Α
2022 340 2247 397 consilia
2297 355 2457 412 quam
2511 338 2693 395 divina
2722 344 2992 411 praecepta
3033 335 3389 409 respondent,
3426 336 3621 409 quibus

317 442 497 501 tolicte
518 449 863 497 contumaces
889 439 1264 511 episcoporum
1293 436 1563 505 Hispania:
1585 444 1921 508 contempto-

316 552 407 595 res
432 530 942 605 compescant.Vide
970 531 1195 598 Baron.,
1215 546 1357 587 anno
1375 529 1507 600 258,
1526 545 1675 586 num.
1706 531 1759 597 1,
1779 530 1836 597 2,
1861 531 1916 598 5,

317 632 376 702 ι,
404 632 461 699 '5,
494 628 551 697 6,
579 630 634 685 7.

316 760 636 816 CYPBIANUS,
661 760 941 812 CECILIUS,
970 758 1187 809 PRIIUS,
1213 757 1566 809 POLYCABPUS,
1596 756 1915 810 Νιαοιιειιεε,

388 854 725 907 ιυοιιιλιιιιε,
770 852 1077 905 successus,
1136 851 1392 903 sunmus,
1438 850 1803 900 ron'rua'a'rus,
1832 850 1918 888 JA-

388 948 638 999 NUARIUS,
700 945 1043 997 sscuaomus,
1098 944 1414 997 rouroutus,
1453 943 1789 989 noscamus.
1840 943 1918 984 vt-

389 1043 552 1092 CTOB,
581 1041 863 1092 AURELIUS,
894 1039 1101 1092 SATIUS,
1133 1039 1357 1089 PETRUS,
1402 1038 1557 1079 ALIUS
1602 1036 1913 1090 JANUABIUS,

389 1134 737 1188 suusauvus,
784 1134 939 1175 auus
973 1133 1257 1185 AUBELlUS,
1298 1132 1619 1185 VENANTIUS,
1664 1130 1913 1184 nuneros,

389 1229 747 1282 ROGATIANUS,
778 1230 976 1278 ΤΕΝΔΧ,
1002 1229 1183 1277 FEUX,
1206 1228 1465 1277 FAUSTUS,
1493 1225 1740 1276 QUINTUS,
1765 1224 1916 1265 ALlUS

384 1323 736 1374 SATURNINUS,
770 1321 981 1373 LUCIUS,
1016 1319 1352 1369 VINCENTIUS,
1386 1318 1621 1369 LIBOSUS,
1643 1317 1913 1369 GEMINIUS,

387 1415 957 1468 IARCELLUSJMIBUS,
978 1413 1292 1465 ADELPHIUS,
1328 1411 1659 1461 vrcromcus,
1692 1411 1762 1451 ετ
1788 1411 1911 1451 pau-

387 1510 508 1560 ws,
540 1510 715 1551 FELICI
740 1508 1082 1551 PRESBYTERO
1104 1510 1170 1548 ΕΤ
1190 1507 1443 1548 Ριειιιιιυε
1469 1505 1915 1547 CONSISTENTIBUS

386 1603 456 1645 AD
487 1603 771 1652 ιεσιοΝειι,
808 1603 878 1643 ΕΤ
920 1602 1194 1642 Αετυιιιοιε
1223 1602 1349 1641 [TE]!
1381 1599 1552 1640 ωειλο
1593 1598 1820 1640 DIACONO
1849 1600 1913 1639 ET

386 1699 543 1740 PLEBI
588 1699 841 1739 EIERITE
896 1697 1343 1741 CONSISTENTIBUS
1393 1696 1688 1739 ιἰιΑτιιιΒῑιε
1723 1696 1774 1737 ιδ
1818 1696 1914 1736 D0-

384 1793 517 1834 IINO
545 1792 816 1834 SALUTEI.

382 1915 427 1989 Ι.
458 1916 594 1972 Cum
632 1916 687 1971 in
719 1928 882 1971 unum
927 1915 1395 1981 convenissemus,
1438 1914 1671 1985 legimus
1701 1912 1912 1970 litteras

310 2019 542 2076 vestras,
568 2006 764 2064 fratres
799 2008 1134 2064 dilectissimi
1178 2016 1225 2072 ιι,
1258 2022 1391 2079 quas
1420 2006 1485 2062 ad
1514 2022 1613 2062 nos
1638 2022 1736 2078 per
1764 2007 1909 2062 Feli-

318 2121 437 2163 cem
466 2114 516 2161 et
540 2100 800 2160 Sabinum
817 2104 1171 2174 coepiscopos
1200 2110 1419 2158 nostros
1443 2116 1540 2172 pro
1566 2101 1691 2156 ﬁdei
1718 2111 1908 2157 vestra:

319 2198 630 2271 integritate
667 2208 723 2253 et
755 2212 852 2267 pro
883 2196 978 2253 Dei
1027 2197 1223 2252 timore
1267 2194 1495 2261 fecistis,
1544 2193 1909 2265 signiﬁcantes

316 2290 610 2348 Basilidem
639 2299 693 2347 et
736 2288 1036 2345 Martialem
1076 2288 1273 2344 libellis
1318 2287 1640 2343 idololatria:
1669 2303 1911 2344 comma-

313 2386 524 2442 culatos
550 2393 605 2441 et
631 2383 986 2441 nefandorum
1020 2381 1320 2438 facinorum
1339 2381 1668 2437 conscientia
1696 2383 1909 2437 vinctos

310 2480 681 2551 episcopatum
712 2491 907 2549 gerere
929 2486 984 2533 et
1015 2476 1380 2533 sacerdotium
1414 2476 1505 2531 Dei
1527 2475 1908 2532 administrare

312 2588 420 2628 non
452 2583 706 2641 oportere
731 2589 746 2639 ;
778 2582 831 2625 et
858 2569 1210 2625 desiderastis
1240 2570 1464 2623 rescribi
1494 2568 1560 2623 ad
1591 2568 1705 2623 hmc
1733 2568 1906 2636 vobis,

309 2675 364 2723 et
388 2666 590 2738 justam
621 2665 822 2737 pariter
856 2678 922 2719 ac
966 2663 1329 2719 necessariam
1361 2661 1782 2718 sollicitudinem
1810 2679 1905 2718 ve-

306 2768 479 2817 stram
511 2759 595 2815 vel
623 2757 817 2815 solatio
843 2757 928 2812 vel
955 2756 1155 2812 auxilio
1184 2764 1381 2811 nostra:
1413 2757 1697 2813 sententia:
1728 2756 1909 2813 suble-

308 2854 442 2911 vari.
472 2852 581 2911 Sed
607 2852 752 2909 enim
777 2850 1051 2909 desiderio
1076 2850 1203 2906 huic
1228 2859 1411 2907 vestro
1441 2866 1548 2906 non
1583 2861 1689 2906 tam
1719 2860 1905 2907 nostra

2018 434 2343 507 jampridem
2372 433 2659 490 mandatur
2684 448 2816 489 voce
2859 432 3085 498 caelesti,
3120 441 3177 488 et
3214 431 3310 486 Dei
3338 431 3455 503 lege
3486 445 3622 503 prte-

2021 528 2279 585 scribitnr
2319 542 2455 600 quos
2495 535 2551 584 et
2577 528 2766 599 quales
2792 536 3043 597 oporteat
3069 525 3346 582 deservire
3386 525 3544 581 altari
3563 534 3621 583 et

2020 622 2282 677 sacrilicia
2336 621 2513 676 divina
2569 612 2869 676 celebrare.
2919 620 2975 675 In
3034 618 3224 674 Exodo
3271 633 3505 690 namque
3551 619 3621 676 ad

2020 693 2261 767 Moysem
2292 693 2431 749 Deus
2483 694 2720 764 loquitur
2749 704 2803 748 et
2840 702 3023 748 monet
3049 692 3277 748 dicens:
3313 691 3619 748 Sacerdotes

2018 790 2108 859 qui
2155 788 2405 843 accedunt
2452 788 2520 842 ad
2565 787 2841 843 Dominum
2890 787 3056 842 Deum
3106 788 3520 857 sanctiﬁcentur,
3553 804 3617 845 ne

2019 882 2151 952 forte
2181 881 2501 951 derelinquat
2530 880 2650 936 illo:
2709 880 2962 936 Dominus
2994 880 3200 955 (Exod.
3246 896 3362 949 xu,
3389 880 3507 955 22).
3552 881 3622 938 Et

2020 972 2215 1029 iterum
2246 990 2259 1028 :
2293 972 2359 1028 Et
2396 990 2513 1029 cum
2561 973 2811 1029 accedunt
2846 973 3138 1028 ministrare
3180 974 3249 1027 ad
3289 973 3454 1029 altare
3495 990 3621 1030 san-

2017 1069 2105 1133 cti,
2126 1086 2231 1124 non
2255 1070 2509 1123 adducent
2548 1069 2600 1123 in
2631 1086 2684 1123 se
2713 1068 2975 1133 delictum,
3007 1086 3070 1123 ne
3098 1074 3389 1124 moriantur
3414 1068 3615 1138 (Exod.

2026 1179 2218 1227 xxvnt,
2242 1161 2360 1233 45).
2391 1162 2521 1218 [tem
2551 1163 2600 1216 in
2622 1162 2861 1218 Levitico
2890 1162 3134 1232 praacipit
3168 1163 3423 1218 Dominus
3450 1175 3505 1220 et
3531 1165 3618 1220 di-

2016 1259 2093 1314 cit
2123 1276 2136 1312 :
2170 1257 2343 1312 Homo
2388 1259 2443 1311 in
2493 1273 2594 1327 quo
2625 1257 2782 1327 fuerit
2810 1257 3015 1312 macula
3043 1266 3090 1311 ct
3119 1257 3299 1312 vitium
3325 1273 3429 1313 non
3468 1272 3616 1312 acce-

2018 1353 2103 1407 det
2127 1350 2313 1419 oﬁ'cwc
2332 1352 2468 1405 dona
2494 1350 2598 1405 Deo
2628 1348 2813 1424 (Leuit.
2844 1366 2955 1418 xm,
2992 1349 3102 1421 l7).

2089 1445 2155 1502 ll.
2183 1446 2314 1512 Quae
2351 1459 2473 1500 cum
2512 1444 2766 1516 praedicta
2808 1453 2863 1500 et
2892 1444 3172 1500 manifesta
3208 1443 3235 1483 δ
3267 1444 3376 1500 sint
3426 1442 3609 1513 nobis,

2019 1539 2305 1611 praeceptis
2331 1538 2526 1595 divinis
2568 1553 2791 1594 necesse
2818 1547 2901 1592 est
2930 1538 3188 1609 obsequia
3221 1546 3402 1594 nostra
3429 1538 3618 1595 deser-

2016 1630 2200 1697 viant;
2228 1642 2326 1684 nec
2351 1642 2637 1699 personam
2671 1631 2723 1682 in
2757 1627 3022 1698 ejusmodi
3050 1627 3215 1682 rebus
3244 1626 3493 1696 accipere
3523 1635 3618 1682 aut

1942 1762 1990 1827 Β
2019 1722 2221 1795 aliquid
2240 1722 2487 1793 cuiquam
2510 1720 2690 1792 largiri
2710 1730 2888 1792 potest
2908 1720 3141 1776 humana
3166 1720 3493 1792 indulgentia
3521 1721 3614 1812 ubi

2019 1820 2310 1875 intercedit
2335 1826 2387 1873 et
2418 1818 2590 1888 legem
2627 1816 2812 1871 tribuit
2840 1815 3017 1870 divina
3050 1815 3401 1886 praescriptio.
3435 1800 3620 1886 Nerine

2015 1914 2160 1969 enim
2194 1913 2541 1967 inunemores
2575 1924 2698 1965 esse
2727 1908 2987 1969 debemus
3028 1907 3154 1978 quid
3180 1906 3246 1961 ad
3273 1905 3488 1962 .ludaeos
3522 1922 3617 1977 per

2016 2007 2230 2063 Esaiam
2257 2005 2572 2076 prophetam
2604 2004 2816 2061 locutus
2844 2003 2917 2063 sit
2941 2003 3202 2059 Dominus
3242 2002 3527 2074 increpans
3559 2011 3613 2058 et

2017 2099 2302 2171 indignans
2349 2097 2493 2169 quod
2514 2136 2528 2162 ,
2559 2096 2882 2165 contemptis
2923 2094 3122 2151 divinis
3168 2096 3479 2166 praeceptis,
3506 2094 3611 2151 hu-

2014 2210 2203 2252 manas
2247 2192 2525 2249 doctrinas
2570 2201 2941 2262 sequerentur.
2977 2188 3214 2262 Populus
3263 2192 3389 2256 iste,
3420 2191 3614 2263 inquit,

2013 2292 2160 2348 labiis
2187 2291 2295 2347 suis
2319 2301 2341 2329 ο
2366 2290 2670 2358 honoriﬁcal
2697 2305 2795 2354 me,
2819 2304 2908 2343 eor
2932 2304 3048 2343 vero
3074 2304 3253 2345 eorum
3284 2283 3311 2325 ά
3346 2288 3495 2360 longe
3528 2304 3611 2343 se-

2013 2394 2252 2459 paratum
2278 2391 2351 2437 est
2387 2398 2418 2434 a
2458 2396 2557 2435 me.
2590 2379 2715 2435 Sine
2742 2396 2898 2434 causa
2929 2388 3096 2433 autem
3124 2381 3300 2434 colunt
3330 2396 3428 2446 me,
3458 2396 3613 2436 man-

2016 2479 2137 2533 data
2165 2486 2211 2532 et
2239 2476 2497 2530 doctrinas
2535 2473 2797 2527 hominum
2842 2472 3077 2528 docentes
3109 2471 3278 2546 (Esai.
3308 2487 3463 2535 χιιι,
3491 2473 3610 2546 15).

2016 2570 2168 2639 Quod
2223 2570 2350 2624 item
2397 2566 2656 2621 Dominus
2708 2563 2761 2620 in
2797 2562 3086 2635 Evangelio
3131 2570 3320 2637 repetit
3353 2574 3408 2621 et
3436 2565 3608 2621 dicit:

2012 2664 2245 2738 Rejicitis
2297 2660 2596 2714 mandatum
2650 2657 2747 2715 Dei
2799 2674 2853 2716 ut
2883 2660 3213 2715 traditionem
3262 2668 3477 2715 vestram
3506 2668 3619 2714 sta-

2013 2749 2166 2812 tuatis
2201 2755 2395 2830 (Marc.
2418 2770 2513 2817 vn,
2557 2752 2670 2826 15).
2728 2755 2861 2821 Qua:
2889 2762 3013 2809 ante
3039 2752 3228 2808 oculos
3258 2752 3521 2808 habentes
3558 2761 3615 2808 et

2009 2852 2238 2908 sollicite
2290 2866 2353 2905 ac
2383 2848 2639 2920 religiose
2692 2846 3126 2916 considerantes,
3159 2845 3213 2902 in
3260 2843 3617 2903 ordinationi-

1539 2943 1828 3001 LECTION
1835 2945 1919 3003 ES
1956 2945 2263 3003 VAIKIANT
2272 2944 2379 3002 ES.

262 3023 274 3034 ’
303 3044 306 3051 ’
369 3040 400 3071 ι
433 3039 679 3092 Carissimi
710 3041 828 3093 Ver.

303 3101 333 3168 ί
366 3099 399 3141 1)
428 3102 671 3155 Praedicta
697 3109 749 3152 et
772 3099 994 3151 mandata
1028 3103 1145 3155 Ver.
1172 3098 1267 3151 Vel
1291 3101 1513 3151 mandata
1539 3101 1678 3153 Foss.

2074 3041 2099 3070 °
2127 3038 2442 3089 Sanctilicant
2470 3040 2587 3089 Ver.

2069 3100 2098 3142 (ι
2127 3101 2297 3165 Longe
2323 3107 2402 3151 est
2424 3114 2452 3150 a
2474 3114 2555 3151 me
2577 3101 2710 3151 Lean.
2739 3099 2884 3153 Ebor.
2908 3100 3035 3153 Bod.
3061 3102 3092 3152 2
3118 3100 3223 3154 NG.
3252 3100 3298 3151 l.

1634 3184 1987 3243 VARIORUM
2023 3185 2252 3242 NOTAE.

305 3282 732 3357 tumszprianus
746 3280 951 3357 Caecilio
963 3294 1012 3339 et
1024 3281 1139 3357 aliis
1154 3280 1395 3357 fratribus
1412 3280 1644 3357 salutem.
1655 3280 1915 3357 Vetustin-

304 3373 393 3414 res
405 3352 665 3412 editiones
681 3353 880 3409 habent
894 3354 1108 3407 nomina
1120 3354 1494 3421 episcoporum
1524 3352 1759 3407 Pamelio
1770 3353 1912 3409 etRi-

302 3431 469 3499 galtio
494 3428 690 3497 placuit
708 3442 769 3481 ea
796 3430 1067 3499 omittere.
1091 3427 1212 3499 quia
1235 3425 1621 3499 existinuthaut
1650 3424 1788 3479 haud
1818 3426 1910 3481 du-

306 3496 393 3556 bie
406 3499 493 3554 illa
508 3514 630 3555 esse
643 3497 934 3563 superﬂua.
954 3497 1272 3551 lleinhartns
1288 3505 1343 3551 et
1355 3496 1575 3565 Anglire
1591 3507 1898 3564 posuerunt.

375 3572 594 3625 Certum
635 3580 718 3625 est
741 3569 878 3623 hanc
916 3568 1196 3639 epistolam
1226 3582 1346 3622 esse
1387 3569 1796 3636 responsionem
1835 3568 1904 3625 ad

304 3641 586 3714 epistolam
617 3656 776 3714 quam
797 3639 1279 3714 episcnpiﬂispani
1299 3639 1629 3714 scripserant
1652 3639 1719 3693 ad
1742 3640 1903 3714 Afros

304 3709 358 3771 in
404 3729 566 3770 causa
620 3709 868 3767 Basilidis
916 3721 970 3767 et
1022 3711 1295 3765 Martialis.
1348 3709 1501 3763 Nulla
1550 3710 1657 3765 illic
1704 3712 1905 3768 mentio

302 3787 548 3857 epistola:
574 3785 643 3838 ah
669 3785 777 3839 illis
797 3783 1009 3857 scriptas
1030 3782 1417 3857 aditomanos.
1454 3782 1518 3857 Et
1540 3791 1717 3836 tamen
1736 3783 1907 3857 illurn.

304 3853 448 3923 nius,
478 3860 566 3924 qui
592 3858 704 3911 vult
727 3855 905 3909 omnia
927 3855 1275 3909 ecclesiarum
1310 3853 1520 3920 negotia
1553 3856 1777 3908 vetustis
1800 3854 1905 3909 illis

303 3923 640 3999 temporibus
670 3928 839 3999 relata
883 3926 1047 3999 fuisse
1067 3924 1135 3979 ad
1160 3923 1382 3999 Papam,
1415 3924 1707 3999 verisimili
1721 3936 1778 3999 et
1809 3941 1904 3981 ve-

304 3996 543 4057 hementi
576 4015 635 4055 se
661 3998 783 4054 duci
811 3998 1121 4065 conjectura
1158 3996 1233 4050 ait
1264 4005 1320 4048 ut
1361 3996 1631 4050 existimet
1670 3996 1904 4051 Felicem

303 4085 355 4130 et
381 4072 635 4130 Sabinum
663 4071 947 4137 episcopos
973 4069 1236 4138 Hispanos
1258 4106 1271 4130 ,
1303 4066 1392 4138 qui
1418 4067 1566 4121 missi
1600 4066 1808 4122 fuerant
1854 4067 1906 4123 in

303 4144 561 4208 Africam,
596 4152 653 4197 ut
677 4136 756 4199 sic
770 4136 1022 4214 Cypriani
1047 4136 1259 4214 (iurique
1276 4136 1643 4214 sullragiosna
1669 4139 1906 4214 ipsorum

302 4216 565 4272 electione
594 4209 836 4283 probata,
866 4212 989 4266 inde
1018 4221 1128 4265 tum
1151 4210 1339 4279 ipsius,
1365 4219 1474 4283 tum
1492 4209 1923 4283 ralinrnlnipsius'

303 4281 631 4355 collegarum
689 4286 885 4340 litteris
940 4285 1137 4350 pariter
1186 4282 1501 4355 commuuiti
1570 4281 1792 4355 Romam
1840 4284 1907 4338 ad

303 4353 598 4415 refellenda
630 4356 878 4412 Basilidis
903 4354 1180 4408 mendacia
1210 4353 1615 4422 adnavigarent,
1643 4353 1911 4424 Sedisqne

2020 3281 2282 3339 Martialis
2327 3292 2383 3339 et
2430 3284 2681 3340 Basilidis
2737 3298 2900 3354 grave
2951 3281 3249 3354 perieulum
3307 3279 3614 3354 induxerat.

2018 3354 2266 3426 FELL.—
2295 3354 2428 3423 Quae
2457 3356 2621 3412 urbes
2652 3351 2816 3411 hodie
2864 3351 3005 3411 Leon
3028 3395 3044 3421 ,
3086 3353 3334 3426 Astorga,
3367 3351 3574 3408 Merida
3596 3397 3610 3420 ,

2011 3425 2306 3499 Zaragosa,
2337 3429 2695 3499 appellantur.
2734 3427 2942 3484 ltouru.

2082 3494 2202 3554 [.4—
2219 3494 2578 3570 Coepiscopos.
2601 3499 2674 3557 [tu
2701 3500 2819 3554 liltri
2841 3510 3047 3556 veteres
3061 3506 3115 3553 et
3133 3496 3418 3553 editiones.
3438 3497 3492 3552 ln
3522 3494 3616 3551 Ri-

2006 3572 2240 3640 galtiana
2274 3581 2454 3626 tamen
2493 3580 2548 3627 et
2584 3572 2634 3625 in
2665 3586 2725 3625 ea
2748 3587 2909 3643 quam
2948 3570 3274 3643 Reinhartus
3308 3570 3619 3643 procuravit

2007 3639 2271 3712 scriptum
2329 3654 2413 3698 est
2459 3639 2956 3713 episcoposzngli
3017 3642 3463 3698 emendaverunt.
3525 3639 3617 3696 Sic

2009 3714 2170 3768 etiam
2200 3717 2339 3783 apud
2370 3712 2637 3769 Victorem
2682 3712 2958 3771 Vitensem
2990 3715 3082 3769 lih.
3127 3730 3172 3778 ι,
3203 3729 3321 3781 cap.
3357 3712 3444 3770 15.
3480 3713 3615 3767 scri-

2009 3784 2243 3839 bendntu
2276 3794 2357 3839 est
2392 3788 2703 3857 coepiscopis
2732 3802 2917 3857 proco
2944 3785 3088 3856 quod
3120 3785 3189 3839 ibi
3226 3785 3487 3854 scriptum
3516 3790 3607 3857 est

2011 3803 2243 3839 nendum
2276 3803 2357 3839 erit
2392 3803 2703 3857 coeptswpts
2732 3803 2828 3911 Rm
2852 3803 2917 3841 eo
2944 3803 3088 3856 quoa
3120 3803 3189 3839 ll)!
3226 3803 3487 3854 SCl‘lpIUlll
3521 3803 3607 3837 est

2011 3857 2258 3911 universis
2293 3858 2545 3927 episwpis
2576 3858 2696 3911 tuis.
2782 3876 2866 3913 aut
2896 3867 2951 3913 et
2995 3860 3045 3911 in
3074 3856 3250 3924 capite
3279 3855 3527 3926 sequenti
3559 3861 3615 3908 et

2010 3927 2132 3981 alibi
2160 3928 2421 3997 scriptum
2455 3940 2535 3983 cst
2565 3929 2900 3997 coepiscopis.
2940 3930 3141 3984 liawz.
3382 3996 3409 3997 η
3479 3956 3491 3997 ς

2089 3995 2296 4055 Libellis
2335 3995 3096 4055 idafolalriaeicommaculotos.
3135 3996 3213 4053 De
3266 3995 3611 4063 lihellaticis,

2012 4070 2127 4125 sive
2172 4072 2306 4133 illis,
2337 4072 2428 4140 qui
2470 4071 2710 4126 libellum
2752 4088 2846 4127 seu
2884 4072 3081 4141 judicis
3113 4068 3613 4141 testimnniunrsibi

2012 4138 2436 4212 comparabant,
2465 4143 2537 4214 in
2583 4158 2690 4214 quo
2730 4138 2989 4213 scripturn
3035 4153 3186 4205 erat,
3226 4145 3372 4212 ipsos
3405 4138 3613 4214 legibus

2012 4215 2376 4281 satisfecisse,
2427 4213 2477 4269 id
2524 4212 2640 4281 est,
2687 4214 2800 4270 Diis
2826 4212 3197 4279 sacriﬁcasse,
3232 4215 3445 4268 tametsi
3476 4212 3613 4267 nihil

2012 4286 2278 4353 ejusmodi
2313 4288 2597 4347 fecissent.
2634 4288 2756 4342 vide
2784 4286 2854 4342 cl.
2887 4286 3240 4341 Moshetnimn
3281 4302 3431 4339 more
3476 4300 3610 4352 suo,

2016 4358 2120 4412 hoc
2155 4367 2237 4412 est
2274 4368 2328 4414 et
2351 4358 2512 4413 docte
2550 4367 2605 4414 et
2637 4359 2783 4423 fuse,
2836 4360 2886 4413 in
2918 4359 3096 4427 Opere
3124 4356 3205 4411 De
3234 4357 3404 4411 Rebus
3431 4354 3610 4411 Chris-

303 4432 617 4520 apnstolica:
643 4428 966 4514 auctoritate
995 4434 1410 4520 compescerent
1440 4433 1789 4520 contumaces
1817 4428 1907 4508 qui
1933 4458 1987 4520 Β
2016 4428 2272 4520 {fanorum
2317 4440 2435 4520 ante
2466 4429 2731 4520 Constant.
2787 4429 2861 4484 Μ.
2899 4430 3285 4501 disputantem.
3340 4430 3478 4485 Sane.
3532 4443 3610 4482 ιιι.

302 4496 578 4572 Hispanias
620 4502 906 4573 episcopos
958 4496 1462 4573 contetnpsisscnt.__
1492 4498 1560 4550 At
1609 4496 1735 4573 quia
1770 4497 1907 4573 levis

302 4566 744 4645 conjecturafut
781 4566 973 4645 Cicero
1008 4570 1103 4635 ait,
1148 4582 1254 4623 non
1307 4566 1577 4637 penditur,
1620 4570 1719 4623 ista
1768 4568 1909 4625 inter

304 4642 451 4702 leves
483 4645 870 4700 numerabitur.
899 4642 1099 4696 Bawz.

378 4716 707 4779 Nicomedes,
741 4726 848 4770 etc.
896 4714 952 4767 In
994 4711 1266 4767 nonnullis
1309 4710 1459 4765 libris
1498 4712 1713 4781 scriptis
1753 4721 1809 4767 et
1852 4713 1905 4769 in

301 4789 457 4845 editt.
488 4788 713 4845 Pamelii
741 4799 792 4841 et
824 4784 1039 4855 Rigaltii
1068 4787 1267 4839 omissa
1300 4794 1425 4838 sunt
1455 4783 1670 4837 nomina
1697 4784 1906 4854 episco-

301 4876 497 4933 porum
524 4903 538 4925 ,
586 4876 706 4932 quae
745 4868 867 4933 post
902 4857 1253 4933 Polycarpum
1301 4856 1388 4933 hic
1415 4867 1735 4933 sequuntur.
1768 4856 1907 4933 Aliis

301 4926 481 4988 autem
517 4926 648 4987 mss.
697 4926 904 4986 nullum
952 4926 1148 4998 praeter
1185 4926 1456 4998 Cypriani,
1490 4942 1686 4983 nomen
1719 4928 1902 4995 adest,

302 5020 356 5059 tn
390 5005 659 5075 plerisque
678 5013 856 5058 tamen
883 4997 1182 5075 codicibus,
1214 5015 1336 5075 cum
1355 4997 1593 5075 scriptis,
1627 5009 1737 5075 tum
1766 5002 1906 5055 anti-

300 5069 461 5147 quius
478 5069 777 5147 impressis,
792 5073 972 5127 omnia
993 5072 1113 5147 haec
1127 5069 1346 5147 nomina
1364 5071 1663 5147 signantur.
1687 5071 1902 5127 Rourn.

375 5141 689 5202 Lucilianae.
712 5146 788 5201 lta
819 5145 1065 5199 undecim
1084 5141 1204 5196 libri
1233 5143 1400 5195 nostri
1430 5152 1641 5197 veteres
1661 5153 1716 5198 et
1741 5154 1848 5199 tres
1873 5160 1904 5199 a

300 5216 542 5274 Parnelio
575 5215 973 5273 landati.~Alibi
998 5215 1253 5284 scriptum
1287 5222 1341 5269 et
1361 5214 1563 5269 editum
1585 5225 1668 5269 est
1711 5213 1904 5270 Lucius

300 5293 382 5347 vel
409 5290 686 5346 Lucianus.
718 5290 917 5344 Bawz.

375 5361 674 5434 Legionem.
708 5360 851 5417 Urbs
873 5369 963 5434 est
994 5357 1266 5434 Hispania:
1297 5356 1726 5434 Tarraconensis
1754 5359 1804 5434 in
1836 5358 1902 5413 li-

302 5430 468 5490 nihus
492 5438 750 5490 Asturam
798 5448 827 5486 a
869 5430 1041 5486 Nerva
1073 5430 1404 5499 imperatore
1433 5430 1683 5494 condita,
1719 5432 1807 5500 qui
1848 5440 1904 5487 et

301 5507 610 5562 Asturicam
660 5504 1017 5565 instauravit;
1066 5505 1210 5558 unde
1242 5518 1306 5556 ex
1337 5503 1529 5555 vicinia
1576 5516 1680 5556 non
1727 5504 1903 5558 minus

302 5595 462 5648 quam
497 5579 714 5641 querela
748 5585 894 5648 recte
937 5575 1461 5648 hieconjungnntnr
1499 5574 1744 5629 civitates
1785 5574 1903 5648 ista:

306 5645 365 5703 tit
403 5659 456 5704 et
502 5649 768 5712 Emerita,
805 5647 935 5701 urbs
961 5645 1214 5715 adiacens
1258 5645 1327 5698 ah
1379 5649 1620 5715 Angusto
1662 5647 1901 5702 condita.

278 5721 513 5787 .Quihus
536 5720 748 5776 additur
776 5718 1221 5789 Caesar-Augusta
1250 5717 1382 5789 (vid.
1418 5732 1538 5787 pag.
1568 5718 1681 5789 81).
1714 5718 1901 5774 iisdem

309 5792 565 5863 auspiciis
593 5799 829 5861 structa,
854 5788 1050 5862 quibus
1079 5788 1302 5861 pessimi
1318 5788 1550 5859 exempli
1582 5798 1901 5850 attentatum

2017 4498 2044 4571 §
2077 4500 2127 4563 9.
2161 4517 2281 4569 pag.
2305 4500 2632 4558 482—489.
2667 4502 2872 4558 llouru.

2086 4572 2445 4645 Nefandorum
2474 4574 2778 4641 facinorum.
2807 4573 2987 4630 Codex
3017 4572 3309 4644 Eligianus,
3340 4576 3402 4626 ob
3431 4571 3612 4642 nefan-

2012 4645 2192 4699 dorum
2210 4646 2499 4716 [acinorum
2524 4646 2887 4716 conscientiam
2910 4648 3122 4701 vinctos.
3144 4645 3278 4702 Vide
3301 4660 3461 4716 supra
3483 4658 3604 4715 pag.

2010 4716 2138 4779 599,
2178 4731 2233 4771 et
2260 4715 2524 4785 sequenti.
2560 4715 2762 4772 BALUZ.

2084 4789 2147 4843 ΙΙ.
2176 4819 2247 4830 —
2279 4788 2539 4842 Praedicta
2578 4800 2623 4841 et
2654 4790 3004 4916 muni{cslata.
3052 4790 3125 4844 ita
3173 4788 3454 4843 duodecim
3485 4786 3609 4842 libri

2084 4862 2177 4915 stri
2212 4874 2419 4916 veteres
2445 4870 2499 4914 et
2524 4861 2758 4916 (tuinoue
2816 4863 2995 4915 andati
3027 4878 3055 4915 a
3089 4860 3347 4916 Paluelio.
3370 4859 3469 4913 Alii
3500 4857 3608 4913 duo

2010 4862 2177 4916 nostri
2212 4874 2419 4916 veteres
2445 4870 2499 4914 et
2524 4861 2758 4930 quinque
2797 4857 2995 4916 laudati
3027 4878 3055 4915 a
3089 4860 3347 4917 Paruelio.
3370 4859 3469 4913 Alii
3500 4857 3608 4913 duo

2011 4935 2181 4988 nostri
2204 4933 2531 4987 habentcum
2557 4933 2802 5003 prwdicla
2818 4943 2863 4985 et
2883 4933 3146 4986 mandata.
3166 4934 3407 5000 Quatuor
3435 4931 3525 4984 alii
3554 4938 3609 4985 et

2009 5014 2221 5060 veteres
2250 5004 2514 5059 editiones
2535 5044 2548 5063 ,
2574 5004 2819 5073 praedicta
2841 5004 2917 5057 vel
2944 5007 3190 5059 mandata
3215 5016 3264 5058 et
3291 5002 3561 5072 manifesta
3586 5042 3601 5068 ,

2010 5077 2111 5130 nisi
2140 5076 2279 5145 quod
2311 5086 2355 5130 et
2386 5075 2655 5143 manifesta
2684 5074 2836 5129 deest
2864 5074 2914 5130 in
2951 5094 3053 5130 uno
3075 5091 3284 5132 eorum.
3315 5073 3474 5131 Addit
3501 5074 3605 5128 Pa-

2008 5149 2201 5203 melins
2224 5147 2496 5216 superﬂue
2524 5145 2763 5201 additum
2805 5146 2972 5202 fuisse
3004 5148 3054 5201 in
3084 5145 3298 5202 excusis
3342 5147 3420 5201 vel
3460 5162 3609 5199 man-

2009 5221 2163 5279 data.
2198 5236 2320 5274 enm
2369 5234 2474 5273 non
2522 5227 2707 5273 extent
2760 5219 2812 5272 in
2856 5218 3005 5274 libris
3034 5220 3432 5288 nianuscriptis.
3492 5217 3605 5285 Ego

2007 5307 2126 5345 cum
2155 5290 2396 5346 Pamelio
2436 5290 2611 5344 sentio
2654 5290 2791 5344 istud
2837 5290 3111 5357 superﬂue
3138 5290 3379 5345 additum
3413 5288 3601 5344 fuisse.

2008 5362 2102 5417 Est
2126 5365 2268 5417 enim
2299 5378 2461 5418 unum
2485 5378 2548 5416 ex
2579 5361 2898 5433 synonymis
2914 5364 3106 5431 quiltus
3129 5362 3400 5417 abundant
3425 5371 3603 5416 vetera

2005 5435 2333 5506 exemplaria
2362 5449 2587 5505 operum
2614 5432 2789 5506 sancti
2823 5436 3093 5501 martyris.
3128 5434 3326 5506 Bawz.
3353 5465 3424 5475 —
3450 5432 3601 5506 Prin:-

2006 5505 2145 5561 dicta
2168 5502 2225 5561 et
2257 5502 2536 5577 manifesta
2559 5504 2662 5558 etld
2696 5503 2928 5577 _Pamelii
2960 5507 3153 5573 Rigalt.
3181 5505 3437 5577 Fclllquc.
3462 5502 3602 5559 Illud

2006 5579 2083 5632 vel
2109 5579 2350 5632 mundam
2383 5576 2505 5633 edd.
2537 5587 2660 5629 ante
2691 5575 3010 5632 Panteliutn.
3031 5578 3242 5634 ROUTH.

2080 5650 2205 5705 Siue
2252 5666 2429 5705 causa.
2476 5648 2565 5702 hic
2606 5647 2840 5721 reddidit
2870 5651 3168 5721 Cyprianus
3211 5664 3331 5720 qua:
3371 5646 3601 5718 Septua-

2005 5722 2152 5794 ginta
2177 5723 2362 5795 ditere
2384 5763 2397 5786 ,
2445 5722 2613 5791 μάτην
2653 5719 2893 5779 σέϐονταί
2916 5719 3021 5795 ’μω
3073 5722 3201 5780 Sine
3230 5719 3396 5777 eausa
3417 5762 3432 5789 ,
3476 5734 3603 5775 vane

2007 5810 2300 5867 perperam.
2329 5794 2554 5851 illum.
