4008 6320
217 370 352 430 1οΞ9

1399 360 1720 420 CONCILIA
1745 341 2370 421 CARTIIAGINENSIA.

3303 348 3318 381 ⁷
3378 352 3519 410 1050

213 505 275 545 ac
304 486 560 544 defensor
594 482 836 542 veritatis
875 481 1071 539 litteris
1112 481 1224 537 suis
1270 478 1537 552 signiﬁcat
1572 489 1620 546 α,
1658 480 1810 535 Basi—
1838 482 1887 541 Α
1917 480 2084 535 Deum
2122 478 2452 549 deprecans,
2487 482 2541 532 ct
2569 473 2701 531 satis
2730 472 3005 543 gratulans
3050 471 3096 526 si
3126 470 3228 527 sibi
3256 470 3341 527 vel
3374 471 3514 525 laico

214 580 351 637 lides
373 591 424 634 et
457 578 715 634 Martialis
739 575 971 631 nefando
996 574 1317 629 idololatria:
1347 573 1534 629 libello
1555 572 1819 627 contami-

213 676 323 731 nati
356 674 494 739 siut,
521 671 779 727 Basilides
801 668 980 724 adhuc
1011 668 1260 737 insuper,
1289 676 1484 737 praeter
1510 665 1679 722 libelli
1703 681 1817 721 ma.

213 769 415 833 cuiam.
470 784 591 825 cum
644 768 697 822 in
751 765 1065 821 infirmitate
1115 763 1503 829 di-cuinberet,
1555 762 1606 817 in
1648 760 1816 816 Deum

215 864 677 932 blasphemaverit
699 871 755 917 et
791 876 851 917 se
882 859 1292 929 blasphemasse
1315 858 1598 914 confessus
1627 856 1737 921 sit,
1763 864 1819 913 et

214 960 584 1031 episcopatum
618 971 716 1029 pro
735 954 1086 1012 conscientiae
1114 969 1225 1009 suae
1249 954 1478 1008 vulnere
1503 961 1699 1022 sponte
1720 949 1818 1007 de-

214 1068 426 1126 ponens
475 1052 545 1110 ad
608 1049 878 1124 agendam
931 1047 1306 1121 prenitentiam
1359 1060 1656 1103 conversus
1707 1043 1817 1113 sit,

1919 575 2319 628 connnuuicarc
2360 571 2721 641 contingeret.
2770 566 3029 622 Martialis
3060 580 3274 637 quoque
3314 573 3512 634 Dl'tltlt'l‘

1924 666 2204 735 gentilium
2258 666 2431 736 turpia
2462 672 2516 720 et
2549 663 2809 718 lutulenta
2854 660 3100 716 convivia
3133 658 3160 698 ι)
3194 660 3245 714 in
3291 658 3523 729 collegio

1922 761 2013 816 diu
2034 760 2371 831 frequentata
2397 767 2455 814 et
2483 758 2620 813 ﬁlios
2648 758 2700 811 iu
2732 754 2924 812 eodem
2954 753 3184 824 collegio
3214 760 3524 809 exterarum

1920 853 2162 925 gentium
2193 867 2345 909 more
2380 851 2522 922 apud
2576 849 2798 922 profana
2829 847 3118 919 sepulchra
3165 845 3444 918 depositos
3471 852 3528 901 et

1925 946 2246 1018 alienigenis
2288 944 2669 1014 consepultos,
2714 943 2850 999 actis
2875 942 3038 997 etiam
3073 939 3286 1011 publice
3326 937 3528 993 habitis

1926 1042 2067 1111 apud
2093 1048 2498 1111 procuratorem
2521 1036 2873 1096 ducenarinm
2897 1035 3308 1107 obtemperasse
3333 1047 3393 1091 se
3413 1030 3530 1089 ido-

1455 1185 1832 1245 LECTIO‘NES
1870 1179 2277 1242 VARIANTES.

215 1334 313 1449 ΝΞ
347 1332 637 1448 ῗίειιίίίαωι
672 1329 796 1386 Bod.
825 1334 876 1385 2.
919 1332 1221 1398 Signiﬁcavit
1257 1331 1393 1384 Lam.
1432 1329 1579 1382 Ebur.
1618 1330 1744 1380 Bod.
1772 1330 1821 1380 t.

1989 1325 2020 1365 ιι
2053 1323 2353 1377 Temulenta
2387 1323 2611 1379 convivia
2652 1323 2786 1379 Lam.
2822 1323 2948 1379 Ben.
2981 1320 3129 1376 Ebur.
3166 1322 3295 1375 Bod.
3332 1318 3383 1371 8.
3425 1317 3531 1371 Litt.

1929 1390 2038 1443 ΝΟ.
2069 1390 2112 1440 1.

1560 1516 1921 1577 VARIORUM
1960 1516 2188 1576 NOTAE.

215 1658 333 1715 lum
387 1658 554 1716 fuisse
610 1659 927 1731 episcopum
977 1658 1563 1731 Ciesaraugustanum;
1603 1654 1832 1727 ejusque

216 1733 549 1787 sententiam
571 1729 806 1801 amplexi
829 1739 954 1786 sunt
978 1731 1276 1801 scriptorcs
1294 1745 1471 1784 rerum
1492 1729 1831 1801 Arragoneu-

217 1805 387 1859 sium.
411 1802 518 1858 Sed
550 1800 694 1858 illam
717 1806 954 1873 graviter
979 1804 1216 1873 exagitat
1238 1800 1559 1856 Franciscus
1588 1800 1832 1855 Birarius

220 1876 283 1930 in
309 1878 714 1931 commentariis
731 1876 843 1930 suis
870 1875 935 1930 ad
964 1876 1258 1929 chrooicon
1287 1874 1503 1936 Dextri,
1530 1881 1583 1928 et
1609 1880 1831 1927 conten-

220 1945 307 2002 dit
358 1948 498 2001 huuc
529 1947 761 2003 Felicem
798 1964 905 2003 non
936 1946 1100 2000 fuisse
1141 1944 1454 2014 episcopum
1486 1986 1499 2007 ,
1548 1943 1642 1999 sed
1676 1958 1829 2012 pres-

222 1963 307 2002 [ιιι
358 1963 498 2001 nunc
532 1963 761 2003 l‘elICt‘IIl
798 1964 905 2003 non
936 1963 1100 2000 tuisse
1141 1963 1454 2068 episcopum
1486 1986 1499 2007 ,
1548 1963 1642 1999 seu
1676 1963 1829 2012 pres—

222 2017 478 2088 byterum
528 2019 751 2075 Vallata:
799 2017 1047 2073 Urbicua:
1094 2018 1147 2072 in
1227 2016 1456 2075 accris,
1512 2024 1833 2088 argutiiento

222 2086 449 2160 sumpto
497 2106 558 2145 ex
610 2106 675 2146 eo
716 2090 995 2145 chronico.
1047 2088 1191 2160 sane
1238 2099 1445 2143 certum
1471 2097 1555 2142 est
1594 2086 1833 2160 Felicem

226 2158 569 2216 non—vocari
616 2163 926 2230 episeopuni
977 2177 1004 2212 a
1060 2159 1344 2230 Cypriauo.
1401 2159 1506 2214 Sed
1554 2175 1617 2212 ex
1671 2158 1832 2213 modo

223 2233 502 2287 scribendi
534 2233 858 2303 Cyprianico
891 2231 1046 2287 facile
1075 2242 1130 2286 et
1157 2231 1391 2303 proclive
1415 2240 1498 2285 est
1523 2230 1836 2285 existimare.

228 2304 386 2359 illum
420 2320 481 2359 ea
513 2302 771 2375 dignitate
816 2304 1128 2358 decoratum
1177 2302 1362 2356 fuisse.
1394 2303 1523 2355 Nam
1553 2303 1834 2375 episcopo:

228 2390 358 2447 rum
385 2377 473 2445 qui
503 2373 788 2430 concilium
836 2391 959 2431 cum
1004 2375 1275 2447 Cypriane
1317 2375 1657 2429 celebrarunt
1695 2373 1834 2445 apud

235 2446 628 2516 Carthaginem
650 2448 937 2517 dignitates
952 2446 1061 2502 non
1075 2455 1324 2502 recenset
1342 2446 1583 2501 notarius
1606 2446 1694 2516 qui
1716 2456 1835 2501 acta

232 2521 596 2587 Conscripsit,
644 2520 735 2575 sed
770 2529 975 2573 tantum
1032 2519 1249 2573 nomina
1299 2533 1487 2572 eorum
1525 2527 1581 2572 et
1626 2518 1833 2587 urbium

237 2591 442 2658 quibus
464 2586 975 2661 'ilii'priesidebant,
1008 2589 1110 2643 hoc
1137 2589 1299 2643 modo
1330 2587 1495 2661 (pag.
1518 2588 1643 2658 (Β.)
1674 2605 1688 2643 :
1718 2586 1834 2642 Cte-

235 2662 393 2714 cilius
435 2679 466 2714 a
502 2660 671 2725 Bilta,
711 2661 920 2715 Primus
976 2679 1005 2714 α
1053 2658 1351 2731 Misgirpa,
1397 2658 1719 2731 Pali/corpus
1774 2661 1838 2713 ab

236 2732 527 2787 Adrumeto
547 2776 559 2796 ,
590 2745 642 2789 et
673 2735 750 2788 sic
780 2734 847 2787 de
876 2733 1135 2803 cst-terisa
1160 2730 1342 2799 Itaque
1383 2731 1508 2786 licet
1538 2730 1839 2803 Cyprianus

235 2804 522 2873 scripserit
564 2814 766 2859 tantmu
802 2803 954 2859 Felix
997 2812 1059 2857 de
1102 2802 1530 2873 Caesaraugusta,
1562 2804 1837 2859 silentium

236 2875 502 2946 ejusnon
533 2878 720 2945 probat
752 2875 986 2930 Felicem
1020 2890 1123 2929 non
1153 2875 1317 2929 fuisse
1345 2875 1677 2946 episc0pum.
1726 2874 1840 2930 Una

236 2961 336 3002 res
357 2945 728 3002 difﬁcultatem
759 2947 887 3001 tnihi
912 2946 1121 3001 videtur
1144 2946 1374 3011 habere,
1394 2945 1666 3016 quoiuodo
1693 2947 1842 3015 epis-

238 3033 417 3089 captis
446 3021 957 3089 Czesaraugustanus
991 3021 1223 3089 porucrit
1253 3017 1491 3073 scribere
1521 3018 1586 3072 ad
1613 3018 1841 3085 Cypria-

243 3106 379 3143 num
421 3089 490 3145 de
535 3105 695 3145 causa
732 3090 979 3145 Basilidis
1026 3100 1079 3144 et
1127 3089 1421 3152 Martialis,
1468 3105 1589 3143 cum
1635 3090 1842 3146 vicinus

242 3176 440 3218 eorum
475 3178 580 3216 non
611 3172 789 3229 esset,
833 3163 1031 3233 quippe
1058 3162 1217 3233 longo
1249 3162 1529 3216 intervallo
1559 3160 1627 3233 aib
1656 3166 1734 3216 cis
1759 3176 1846 3217 se-

241 3234 469 3304 junctas
493 3275 509 3300 ,
552 3250 726 3299 neque.
756 3233 1035 3305 probabile
1082 3235 1151 3287 sit
1197 3232 1455 3288 Sabinum
1483 3242 1536 3288 et
1572 3232 1802 3305 Felicem
1827 3275 1845 3299 ,

247 3312 345 3376 qui
372 3307 545 3377 brevi
576 3304 897 3377 compendio
930 3313 1178 3377 poterant
1209 3304 1458 3373 trajicere
1492 3307 1542 3358 in
1572 3304 1807 3359 Africam
1832 3347 1845 3371 ,

244 3376 530 3449 profectos
572 3376 786 3433 es-e'ad
817 3379 1034 3449 ultimos
1064 3376 1623 3449 llispaniarunrfines,
1658 3388 1713 3431 ut
1755 3393 1849 3447 per

248 3447 470 3522 inonu-s
494 3449 781 3522 Pyrena‘os
810 3451 944 3522 irent
976 3448 1041 3503 ad
1069 3451 1413 3522 Cyprianum.
1433 3447 1485 3503 Si
1508 3464 1694 3522 verum
1709 3458 1852 3503 esset

248 3520 402 3588 quod
450 3522 501 3575 in
542 3520 794 3576 sermone
835 3521 903 3576 de
931 3530 1119 3575 sancto
1147 3520 1439 3574 Laurentio
1469 3520 1600 3574 dixit
1631 3532 1851 3575 sanctus

256 3591 576 3664 Vincentius
608 3592 844 3649 Ferrarii
885 3602 1127 3648 sanctum
1158 3591 1386 3664 Xystum
1420 3591 1618 3660 Papam
1654 3593 1852 3645 vaden-

254 3673 369 3719 tem
396 3663 463 3718 ad
494 3664 878 3720 celebrandum
909 3664 1196 3719 concilium
1216 3663 1560 3727 "folctanum,
1594 3666 1853 3719 transisse

256 3749 360 3806 per
385 3734 871 3808 Catsaraugustam,
902 3738 1039 3790 istud
1063 3737 1384 3790 confirmare
1410 3736 1649 3808 fortassis
1673 3746 1855 3808 posset

254 3810 367 3863 iter
386 3808 569 3863 Sabini
600 3806 656 3862 et
682 3807 875 3862 Felicis
906 3822 1003 3877 per
1031 3808 1517 3875 Cazsaraugustam.
1561 3806 1666 3863 Sed
1713 3806 1852 3861 istud

256 3894 371 3933 non
422 3880 634 3935 aliunde
683 3889 893 3934 constat
922 3894 1079 3935 quam
1120 3892 1184 3933 ex
1227 3892 1478 3933 sermone
1526 3880 1695 3931 sancti
1726 3878 1856 3933 Vin-

256 3951 446 4006 centii.
481 3951 596 4005 .laui
628 3951 768 4021 quod
813 3952 880 4006 de
906 3949 1114 4006 Vallata
1147 3949 1375 4005 Urbicua
1414 3950 1534 4003 istic
1556 3966 1621 4021 ex
1656 3950 1855 4006 Dextro

258 4021 428 4077 refert
453 4020 721 4090 Bivarius,
759 4022 808 4076 id
843 4038 970 4079 vero
999 4037 1194 4077 vanum
1222 4029 1305 4076 est
1326 4062 1339 4085 ,
1374 4021 1447 4073 uti
1478 4031 1528 4077 et
1564 4020 1688 4077 illud
1711 4022 1853 4091 quod

256 4094 338 4148 ait
362 4098 500 4163 apud
555 4095 879 4164 Cyprianum
924 4109 1021 4164 pro
1067 4092 1459 4164 Cwsarattguslu
1511 4092 1612 4163 lcgi
1655 4092 1854 4150 debere

272 4164 489 4239 Yalluta
524 4164 767 4234 Urbicua,
798 4166 1130 4239 quanrlocat
1158 4182 1263 4219 non
1309 4166 1559 4239 longeab
1586 4165 1852 4239 Asturica.

258 4237 441 4294 Nimia
486 4239 702 4295 miseria
746 4235 829 4294 est
871 4237 1128 4295 audacem
1176 4251 1295 4363 esss
1339 4235 1609 4293 hominem
1670 4238 1851 4293 nimis.

1299 4323 1456 4363 Αιυι.

1299 4323 1456 4363 Λιυῑ.

340 4380 619 4437 Lututenla
644 4382 889 4436 convivia.
917 4380 1114 4453 Ubiide
1133 4380 1449 4453 idolothytis
1472 4380 1612 4435 vesci
1632 4387 1857 4453 eporte-

262 4457 361 4511 bat
383 4497 397 4519 ,
428 4468 527 4508 nec
549 4456 666 4509 sine
698 4454 950 4509 libatioue
978 4452 1043 4507 ad
1075 4452 1294 4523 profana
1324 4451 1540 4506 numina
1575 4452 1756 4508 bibere
1789 4451 1852 4506 li-

1938 1653 2227 1723 participes
2263 1650 2584 1709 idololatriae
2630 1652 2798 1709 fuisse
2844 1651 3182 1709 dicebantur.
3213 1651 3320 1709 Sed
3351 1661 3407 1710 et
3432 1654 3534 1709 mi-

1939 1726 2085 1781 nime
2148 1725 2508 1781 conveniebat
2559 1727 2870 1780 christiana:
2925 1727 3174 1781 cbaritati
3239 1727 3538 1796 unitatique

1935 1797 2316 1852 ecclesiastica:
2341 1838 2357 1862 ,
2409 1798 2633 1851 fratrum
2674 1798 3053 1853 defunctorum
3098 1812 3325 1868 corpora
3354 1799 3537 1867 sepul-

1934 1869 2080 1940 chris
2109 1868 2310 1925 inferre
2343 1869 2580 1924 hostium
2628 1870 2865 1926 nominis
2892 1869 3182 1925 Christiani
3208 1887 3224 1935 ;
3255 1873 3405 1940 quasi
3440 1870 3542 1940 ipsi

1936 1939 2197 2004 defuncti,
2234 1950 2343 1994 tum
2373 1942 2605 1995 maxime
2632 1957 2752 1995 cum
2787 1950 3149 2004 morerentur,
3175 1939 3324 1996 extra
3356 1939 3542 1997 Eccle-

1936 2013 2071 2065 siam
2099 2012 2350 2066 fuissent.
2373 2012 2501 2066 iure
2523 2013 2684 2083 igitur
2704 2013 2996 2067 christiana
3023 2013 3328 2068 fraternitas
3356 2012 3543 2067 Ethnio
3634 2044 3639 2049 ’

1938 2099 2122 2139 corum
2153 2085 2379 2154 collegia
2411 2085 2745 2149 despuebat,
2799 2095 2854 2139 ut
2901 2084 3196 2155 pestifera;
3245 2099 3544 2154 eorumque

1940 2158 2228 2221 sepuichra
2250 2169 2305 2208 ut
2322 2156 2621 2211 conditoria
2647 2167 3005 2211 mortuOrum.
3028 2155 3241 2211 Etenim
3259 2157 3442 2211 fideles
3457 2158 3545 2210 ha-

1944 2227 2111 2283 buere
2131 2242 2228 2303 sua
2260 2232 2588 2303 κοιμητήρια,
2612 2227 3294 2303 dormientiumvidelicet,
3316 2228 3367 2282 in
3391 2243 3542 2296 spem

1938 2301 2358 2354 resurrectionis
2388 2316 2451 2353 ac
2480 2299 2756 2354 beatitatis
2796 2309 3033 2354 a-ternaa.
3083 2299 3318 2368 Hujusce
3361 2311 3542 2355 autent

1938 2385 2051 2440 spei
2095 2374 2285 2441 pignus
2327 2373 2434 2426 illis
2480 2373 2577 2426 fuit
2617 2370 2894 2432 Christus.
2926 2372 3015 2440 qui
3041 2370 3320 2438 depositus
3353 2373 3404 2425 in
3452 2387 3543 2426 se—

1941 2443 2169 2524 pulchro
2199 2443 2398 2524 revixit
2426 2443 2790 2524 surreititque.
2814 2445 2890 2524 {\c
2912 2442 3233 2524 mulieribus
3257 2441 3542 2524 Dominum

1943 2513 1993 2566 in
2014 2514 2304 2585 sepulchro
2326 2516 2692 2585 qumretttibus
2709 2514 2923 2567 obviam
2943 2513 3111 2568 factus
3132 2513 3359 2581 angelus
3385 2514 3543 2581 dixit,

1940 2585 2049 2639 Οὐκ
2080 2584 2218 2642 ἔστιν
2240 2584 2357 2652 ὦδεπ
2384 2586 2508 2641 Non
2530 2598 2601 2641 est
2631 2587 2731 2640 hic.
2762 2587 2862 2654 Qui
2892 2600 3022 2640 sane
3049 2586 3232 2640 titulus
3257 2596 3405 2641 tanto
3433 2600 3548 2640 ma-

1942 2657 2171 2727 gniﬁcos
2202 2669 2255 2711 et
2281 2661 2553 2728 gloriosus
2578 2702 2592 2722 ,
2623 2668 2825 2728 quanto
2855 2656 3037 2726 dispar
3063 2658 3291 2728 vulgatis
3318 2658 3425 2713 illis
3458 2669 3546 2711 tu-

1946 2730 2215 2801 mulorum
2242 2730 2707 2801 inscriptionibus,
2741 2729 2836 2784 Hic
2868 2744 3019 2783 suos
3042 2744 3161 2792 esr.
3184 2728 3482 2789 lbeucur.
3522 2748 3543 2781 ι

1945 2799 2071 2854 lla'c
2101 2800 2386 2869 Rigaltius.
2414 2799 2586 2856 i’orro
2606 2844 2618 2866 ,
2646 2800 3097 2869 quemadmodum
3128 2818 3155 2853 a
3185 2802 3428 2868 pluribus
3454 2802 3550 2856 ob-

1946 2884 2251 2937 servatum,
2281 2874 2425 2943 quod
2458 2873 2631 2928 omnis
2660 2873 2772 2928 fere
2792 2871 3031 2942 gentium
3056 2873 3275 2944 religio,
3311 2882 3549 2928 mortuo-

1947 2958 2063 2997 rum
2107 2944 2197 2998 fuit
2231 2948 2407 3000 cultus
2428 2987 2443 3012 ,
2494 2947 2565 2999 ita
2609 2947 2694 2999 vix
2727 2946 2902 3013 aliqua
2931 2960 2993 2998 ex
3026 2946 3191 3013 parte
3212 2945 3386 3015 magis
3411 2944 3551 3000 ethi-

1948 3016 2066 3069 nica
2120 3020 2437 3087 superstitio
2483 3032 2545 3072 se
2590 3016 2913 3079 exercebat,
2959 3031 3118 3084 quam
3174 3017 3227 3071 in
3276 3030 3403 3071 cura
3453 3030 3551 3086 pro

1951 3089 2209 3154 mortuis,
2245 3090 2368 3143 hinc
2407 3089 2721 3155 sacrificiis,
2758 3090 2932 3157 iisque
2961 3102 3066 3142 non
3107 3103 3233 3143 raro
3274 3087 3548 3152 humanis,

1959 3159 2044 3232 Dii
2075 3161 2607 3226 infcri‘solllcitandi,
2637 3170 2693 3216 et
2719 3160 2964 3232 placandi
3005 3161 3221 3227 Manes;
3258 3160 3381 3215 hinc
3410 3161 3551 3215 tonsi

1951 3231 2160 3295 Crines,
2203 3236 2429 3302 quaesita
2457 3231 2729 3299 caivities,
2771 3244 2824 3287 et
2853 3232 3018 3287 incisa
3049 3247 3275 3301 corpora
3306 3242 3551 3287 mortuo-

1951 3318 2070 3376 rum
2116 3318 2310 3371 causa,
2345 3305 2413 3359 de
2441 3306 2635 3376 quibus
2686 3304 2863 3374 agitur
2896 3304 3048 3361 Deut.
3081 3320 3192 3369 xiv,
3222 3306 3271 3360 1.
3307 3304 3553 3360 Fui..—

1954 3372 2245 3449 Verbailla
2278 3372 2565 3432 exterarum
2588 3372 2813 3445 gentium
2840 3391 3008 3441 more,
3040 3378 3450 3449 etialtenigenis,
3482 3378 3553 3433 de

1952 3447 2241 3516 gentilibus
2268 3451 2424 3519 vulgo
2454 3450 2523 3503 ita
2554 3451 2874 3520 nominatis,
2906 3461 3057 3503 cura
3087 3447 3385 3505 Ecclesium
3409 3449 3553 3520 posi-

1955 3520 2056 3592 tis,
2118 3521 2415 3592 alienisque
2466 3538 2493 3574 a
2545 3521 2714 3577 sacris
2742 3519 3097 3589 Christianis,
3148 3519 3551 3592 interpretanda

1953 3590 2220 3646 videntur.
2255 3591 2464 3647 Rourn.

2030 3664 2179 3736 Apud
2200 3674 2585 3734 procuratorem
2616 3664 2967 3736 ducenarium.
3004 3663 3171 3719 Extra
3205 3678 3364 3720 curas
3393 3678 3553 3719 exer-

1955 3734 2093 3789 citus
2152 3744 2207 3787 et
2255 3738 2465 3803 negotia
2524 3736 2683 3800 belli,
2722 3738 2864 3791 circa
2902 3735 3207 3806 Principem
3246 3736 3552 3791 Romanum

1958 3806 2051 3859 fuit
2084 3806 2270 3860 militia
2317 3807 2510 3877 duplex
2543 3826 2556 3861 :
2585 3807 2856 3875 litterata,
2904 3823 3023 3877 qtue
3069 3808 3285 3863 scriniis
3334 3822 3554 3877 operam

1955 3877 2118 3952 dabat
2149 3887 2432 3952 ;__actuo.~a
2450 3921 2464 3943 ,
2507 3894 2645 3952 quasi
2673 3881 2833 3952 rebus
2860 3879 3082 3951 agendis
3108 3890 3225 3934 erat
3251 3880 3556 3952 occupatis-

1956 3950 2114 4002 sima.
2152 3949 2212 4002 lli
2240 3949 2569 4018 magistriani
2600 3949 2919 4005 dicebautur
2938 3992 2953 4012 .
2987 3960 3041 4006 et
3061 3964 3130 4006 ex
3155 3965 3342 4006 eorum
3370 3950 3554 4005 schola

1960 4021 2243 4075 Ducenarii
2261 4030 2316 4076 et
2337 4021 2666 4083 Centenaril.
2692 4024 2807 4076 sive
2828 4023 3203 4093 Sexageuarii,
3231 4024 3323 4093 qui
3345 4022 3557 4078 ﬁscales

1960 4094 2218 4166 pecunias
2246 4095 2569 4165 exigebant,
2609 4108 2639 4148 a
2682 4109 2905 4149 numero
2958 4096 3307 4166 pecuniarum
3338 4110 3472 4166 quas
3504 4094 3556 4151 iu

1960 4165 2288 4237 stipendium
2340 4169 2709 4237 accipiebant,
2758 4169 3088 4234 nuncupati,
3136 4166 3241 4221 Dio
3302 4165 3397 4223 lib.
3439 4182 3553 4231 Lm,

1960 4235 2050 4313 inibi
2069 4235 2135 4291 de
2155 4250 2371 4313 procur.
2394 4235 2561 4294 Ctt‘s.:
2579 4242 2669 4294 Kal
2698 4244 2886 4313 fcie}:
2912 4239 3214 4313 ἐπιτρόποις
3243 4241 3330 4295 και
3349 4241 3478 4295 αὖτό
3498 4241 3559 4295 τὸ

1958 4306 2116 4391 {ipsum
2143 4311 2246 4391 dim)
2267 4316 2359 4391 τοᾷ
2393 4313 2605 4391 ἀριθμοιῡ
2635 4319 2732 4366 τῶν
2758 4306 3223 4391 διᾷὸμέγωνάὐτοῖς
3251 4314 3558 4391 χρημβιτων.

1958 4382 2292 4450 Capitolinus
2342 4385 2396 4440 in
2428 4382 2751 4453 'pe'rtinace:
2794 4382 2876 4435 Ad
2913 4384 3163 4437 ducenum
3211 4382 3558 4437 sesiertt'orum

1958 4453 2267 4523 stipendium
2312 4452 2587 4508 translatus
2631 4455 2684 4509 in
2739 4452 2972 4511 Daciam.
3029 4454 3194 4510 Vetus
3243 4455 3558 4525 inscriptio:

261 4528 396 4608 cuit.
438 4524 611 4609 _Fi:u..
639 4525 811 4607 —_Ex
843 4539 1049 4609 canone
1095 4523 1363 4609 ancyram
1386 4525 1597 4608 concilii
1623 4526 1850 4609 septimo
1875 4543 1931 4605 Ι)
1959 4524 2591 4609 l’niiconaroa_t\ucosrt
2616 4540 2935 4609 famisque:
2971 4526 3212 4609 ρωποι
3243 4523 3561 4609 sambuci-ma

261 4597 628 4678 puniebantur
650 4597 809 4678 etiam
840 4596 1131 4678 Christiani
1162 4596 1270 4678 illi,
1315 4596 1406 4678 qui
1435 4596 1695 4667 ejusmodi
1725 4610 1853 4678 con-

265 4671 414 4724 vivia
446 4671 654 4738 publica
703 4668 962 4734 obierint,
1010 4670 1255 4737 quamvis
1300 4668 1450 4723 cibos
1480 4683 1631 4733 suos,
1662 4668 1858 4740 quibus

262 4742 372 4813 ipsi
404 4750 748 4813 vescerentur
770 4740 935 4805 domi,
959 4740 1278 4813 attulissent.
1313 4741 1521 4796 Roma.

342 4812 413 4866 In
443 4812 675 4883 collegio.
725 4812 797 4866 lta
851 4826 1039 4866 omnes
1092 4811 1210 4866 libri
1261 4824 1471 4868 veteres
1513 4822 1564 4867 et
1595 4812 1860 4868 editiOnes

267 4900 465 4941 omnes
496 4885 797 4940 Pameliaua
828 4883 1177 4952 antiquiores.
1217 4884 1481 4938 Fami-lius
1518 4900 1650 4955 ergo
1690 4896 1862 4939 muta-

269 4960 350 5012 vit
379 4972 445 5011 ex
476 4959 635 5013 unico
666 4956 852 5011 Codice
880 4956 1175 5027 Anglicano
1213 4965 1267 5009 ct
1313 4957 1489 5026 posuit
1536 4967 1583 5010 et
1624 4958 1860 5027 collegia.

270 5029 430 5097 Quod
471 5031 636 5083 miror
680 5039 946 5081 retentum
977 5027 1140 5080 fuiSsc
1166 5026 1218 5081 in
1252 5029 1637 5097 posterioribus
1665 5026 1859 5082 editio-

272 5101 452 5155 nibus.
486 5100 681 5155 Baccz.
710 5127 783 5140 -—-
809 5098 1010 5154 Practer
1044 5102 1355 5169 pontificum
1378 5141 1392 5165 ,
1428 5098 1673 5153 Fratrum
1712 5115 1865 5153 arva-

279 5172 435 5236 Iium,
456 5172 795 5235 Potitiorum,
823 5170 1100 5240 Augurum
1123 5171 1435 5242 collegia,et
1461 5172 1560 5224 alia
1592 5171 1641 5224 id
1671 5185 1863 5242 genus,

274 5259 399 5315 qua:
453 5244 730 5299 Ethnicam
800 5243 1152 5297 idololatriaiu
1211 5243 1451 5315 proxime
1509 5246 1863 5313 spectabant,

276 5314 510 5385 plurima
554 5315 770 5369 fuerunt
803 5329 920 5383 qua:
955 5316 1264 5385 adreipub.
1315 5314 1865 5380 administrationem,

279 5384 349 5441 ad
393 5388 781 5458 negotiationes
820 5384 1138 5458 etartificia
1182 5388 1518 5456 pertinuere,
1570 5402 1690 5456 qua:
1751 5385 1871 5455 qui—

281 5458 406 5512 dem
435 5457 611 5513 omnia
643 5460 741 5514 sub
771 5457 931 5511 tutela
962 5458 1183 5525 alicujus
1211 5459 1416 5528 profani
1448 5460 1678 5511 nu‘uiiuis
1705 5461 1872 5511 collo-

282 5530 583 5597 cabantur;
617 5542 669 5585 et
713 5529 971 5600 proinde,
1008 5529 1120 5582 fieri
1154 5544 1257 5581 non
1288 5532 1489 5598 potuit,
1526 5538 1582 5582 ut
1612 5529 1731 5599 quis
1767 5530 1873 5584 illis

284 5600 576 5657 interesset
632 5599 760 5670 quin
803 5601 975 5655 cultus
1004 5600 1158 5655 istius
1190 5600 1338 5654 fieret
1370 5601 1656 5670 particeps.
1704 5599 1868 5655 FELL.

362 5620 576 5657 ,CTCSSPI
632 5620 760 5670 (111111
803 5620 975 5655 (ξιιιιιιδ
1005 5620 1158 5655 1511115
1190 5620 1338 5654 Ποῖ-οι
1370 5620 1570 5669 Pill'llce
1596 5620 1656 5654 l5.
1704 5620 1868 5655 FELL.

362 5675 515 5746 Apud
544 5677 761 5745 profana
782 5672 1071 5746 scpuicltra.
1099 5672 1358 5746 Rigaltius
1385 5676 1459 5725 ait
1487 5689 1509 5746 :_
1532 5692 1549 5723 ι
1576 5620 1630 5746 in
1657 5673 1720 5726 iis
1746 5686 1874 5746 vero

287 5760 347 5802 se
390 5760 589 5801 utcnrls
610 5760 763 5801 erant
790 5760 1013 5817 plurima
1042 5760 1160 5813 qua:
1183 5760 1250 5797 au
1278 5760 1411 5798 l‘llus
1441 5760 1683 5798 cllllliCOS
1711 5760 1876 5815 peril-

291 5761 511 5883 ne‘l’iant,
541 5818 733 5890 quibus
751 5816 1232 5890 communicareet
1251 5816 1604 5890 contaminari
1629 5814 1876 5890 videbait.

291 5897 377 5951 tur
396 5932 412 5962 ,
441 5890 533 5964 qui
559 5884 803 5947 mortuos
846 5901 973 5945 suos
1003 5886 1112 5946 iliic
1137 5884 1516 5960 deponcbant:
1546 5896 1602 5946 et
1630 5887 1734 5945 hoc
1759 5885 1876 5944 solo

390 5743 589 5801 ulchris
610 5743 763 5801 erant
790 5744 1013 5817 plurima
1042 5758 1160 5813 qua:
1183 5743 1250 5797 ad
1278 5743 1411 5798 ritus
1441 5743 1683 5798 ethnicos
1711 5744 1877 5815 perti-

352 5761 511 5874 :‘l’iant.
541 5818 733 5874 auibus
751 5816 1153 5871 communicare
1178 5824 1232 5870 et
1251 5816 1604 5871 contaminari
1629 5814 1876 5871 videbant.

1961 4612 2299 4653 ACCIPIENDA.
2319 4599 2597 4668 Apuleius,
2615 4598 2887 4654 Milesiavii
2920 4618 2934 4654 :
2966 4596 3280 4653 Procurator
3303 4597 3561 4666 Principis

1962 4670 2240 4742 ducenaria
2270 4674 2585 4742 perfunctus.
2620 4669 2773 4726 Natio
2800 4670 2953 4726 valde
2996 4671 3187 4725 infesta
3220 4670 3561 4726 Christianis.

1962 4740 2177 4797 Etenim
2232 4740 2328 4811 per
2364 4740 2711 4798 Occasionem
2764 4742 2927 4799 ofﬁcii
2968 4744 3049 4797 sui
3108 4743 3286 4797 omnia
3344 4742 3565 4796 minima

1965 4816 2200 4868 maxima
2246 4829 2364 4885 qua:
2407 4816 2456 4867 in
2506 4815 2793 4884 provinciis
2840 4824 3127 4885 agerentur
3160 4814 3560 4870 renuntiabant.

1966 4885 2148 4957 Itaque
2190 4887 2258 4940 ab
2303 4886 2365 4940 iis
2395 4901 2537 4955 saepe
2568 4888 2741 4940 vexati
2783 4887 3122 4941 confessores
3150 4885 3440 4941 Christiani
3463 4899 3566 4939 no-

1967 4959 2131 5012 minis
2158 5000 2170 5017 ,
2217 4958 2317 5012 nisi
2361 4970 2611 5026 pactione
2644 4961 2781 5028 turpi
2828 4958 3171 5012 vexationem
3195 4959 3563 5024 redimerent,

1967 5039 2108 5083 sicut
2138 5029 2206 5083 ab
2229 5029 2331 5101 isto
2359 5029 2585 5084 Martiali
2627 5029 2823 5085 factum
2857 5030 3027 5083 innuit
3054 5030 3375 5101 Cyprianus.
3413 5028 3565 5101 Titu;

1967 5102 2050 5154 lus
2081 5111 2160 5156 est
2208 5100 2298 5155 lib.
2341 5117 2370 5154 χ
2402 5102 2563 5168 Cod.,
2595 5103 2660 5157 de
2691 5104 3057 5157 exactionibth
3094 5099 3445 5167 tributorum,
3477 5099 3568 5155 ubi

1969 5170 2356 5244 Constantinus
2398 5172 2531 5244 Imp.
2567 5185 2713 5229 vetat
2746 5174 3072 5228 Duceuarios
3101 5171 3171 5228 ali
3193 5188 3331 5242 piem
3377 5190 3439 5228 ex
3473 5173 3568 5228 de-

1972 5243 2236 5298 bitoribus
2282 5248 2576 5300 convenire
2606 5248 2914 5317 priusquam
2938 5316 2943 5317 γ
2966 5260 2995 5298 a
3046 5245 3310 5300 tabulario
3337 5247 3568 5302 civitatis

1973 5317 2287 5389 nominatim
2340 5317 2528 5372 breves
2569 5316 2831 5389 accipiant
2863 5316 3204 5384 dcbitorttm,
3254 5327 3307 5371 et
3359 5317 3394 5371 1.
3449 5334 3566 5388 seq.

1976 5385 2142 5441 Nemo
2168 5404 2455 5454 carcerem,
2502 5385 2703 5459 inquit,
2727 5388 3201 5457 plumbatarumquc
3226 5389 3450 5450 verbera,
3480 5385 3571 5443 aut

1976 5459 2223 5533 pondera.
2244 5462 2445 5529 aliaque
2465 5460 2526 5515 ab
2549 5462 2820 5533 insolentia
2836 5460 3071 5531 judicum
3098 5473 3297 5533 reperta
3317 5462 3574 5533 supplicia

1974 5532 2026 5604 in
2072 5530 2358 5604 debitorum
2386 5532 2720 5587 solutionibus
2760 5530 3078 5603 expavescat.
3127 5531 3196 5588 Et
3226 5530 3572 5604 apudEusc-

1976 5602 2121 5677 bium
2155 5602 2350 5677 [igitur
2378 5604 2612 5676 Epistola
2645 5607 2847 5676 Synodi
2881 5604 3230 5677 Antiochcua:
3264 5602 3335 5659 ad
3368 5605 3572 5677 Diony-

1977 5674 2115 5728 sium
2157 5674 2379 5750 Romae,
2426 5674 2485 5750 et
2523 5674 2810 5750 Maximum
2865 5674 3569 5750 Alexa‘ndriregepiscopo's,

1978 5761 2079 5872 ῗιιίι
2126 5759 2307 5818 patres
2350 5747 2671 5803 Antiocheni
2705 5757 2907 5804 tantam
2937 5751 2989 5804 in
3022 5748 3187 5803 Paulo
3217 5747 3573 5805 Sainosaleno

2005 5819 2147 5872 uisse
2177 5820 2481 5872 superbiam
2528 5829 2746 5872 nouint.
2794 5829 2853 5872 ut
2884 5820 3213 5872 Duccnarius
3256 5820 3453 5872 alinuis
3478 5820 3573 5872 ha~

2005 5819 2151 5891 uisse
2177 5820 2481 5891 superbiant
2528 5829 2746 5887 notant,
2794 5829 2853 5876 ut
2884 5820 3223 5891 Dncenarius‘
3256 5820 3453 5891 aliquis
3478 5820 3574 5875 ba-

1981 5887 2095 5945 beri
2124 5887 2371 5949 debuerit
2410 5892 2579 5965 magis
2606 5908 2766 5966 quam
2797 5891 3116 5965 episcopus,
3163 5889 3298 5950 adeo
3327 5887 3490 5965 prave
3517 5898 3575 5955 et
