4026 6328
303 315 442 374 1055

1443 281 1752 375 CONCILIA
1791 314 2413 376 CAR'I‘IIAGINENSIA.

3450 313 3587 373 1054

303 428 454 498 ignes
502 425 824 498 Babylonios
853 425 1082 484 ﬁdeliter
1107 425 1378 484 obstitisse
1399 438 1454 486 et
1471 429 1728 484 victorem
1757 439 1781 466 ἰ
1805 443 1895 484 re-
1923 434 1976 493 Α
2001 435 2152 480 retro.
2209 425 2269 480 Si
2316 423 2522 479 videbas
2563 432 2586 462 ο
2636 426 2836 495 furem,
2873 422 3209 478 concurrebas
3249 423 3331 488 ei,
3383 435 3438 497 et
3475 443 3591 480 cunt

301 539 421 595 gem
489 524 541 577 in
605 525 717 594 ipsa
782 535 877 575 sua
927 520 1236 591 captivitate
1289 520 1504 576 vicisse.
1548 521 1755 576 Viderit
1813 521 1898 576 vel

305 617 781 689 praevaricatorum
833 629 1092 670 numerus
1138 614 1221 669 vel
1275 614 1610 684 proditorum
1641 615 1730 686 qui
1759 630 1900 670 nunc

306 709 358 764 in
394 709 635 766 Ecclesia
691 717 879 764 contra
914 707 1209 762 Ecclesium
1241 723 1462 778 surgere
1487 719 1539 763 et
1569 707 1728 762 fidem
1759 707 1901 776 pari-

306 813 388 858 tcr
436 819 498 858 ac
553 803 832 858 veritatem
882 801 1210 858 labefactare
1260 812 1562 872 casperunt.
1615 802 1903 858 Permanet

305 896 444 970 apud
487 898 746 968 plurimos
793 897 1008 954 sincera
1057 911 1212 954 mens
1259 905 1314 952 et
1355 896 1544 968 religio
1575 897 1820 968 integra,
1848 904 1904 951 et

307 1007 412 1047 non
467 990 567 1046 nisi
621 991 847 1046 Domino
891 999 947 1046 et
1001 991 1110 1045 Deo
1154 1004 1253 1045 suo
1294 991 1473 1044 anima
1520 989 1748 1058 devota,
1803 1004 1904 1044 nec

307 1086 658 1142 cbristianam
679 1085 836 1142 fidem
861 1086 1033 1141 aliena
1063 1084 1282 1154 perﬁdia
1307 1083 1560 1156 deprimit
1584 1084 1650 1139 ad
1672 1085 1901 1149 ruinam,

306 1179 402 1236 sed
452 1181 620 1249 magis
664 1180 863 1234 excitat
891 1189 944 1234 et
973 1177 1178 1234 exultat
1198 1177 1266 1232 ad
1290 1177 1518 1247 gloriam
1538 1219 1552 1241 ,
1592 1177 1896 1232 secundum

309 1273 451 1346 quod
520 1272 710 1326 beatus
781 1271 1060 1342 apostolus
1114 1269 1310 1326 Paulus
1361 1270 1608 1324 hortatur
1673 1278 1727 1324 et
1777 1267 1909 1323 dicit

311 1365 486 1440 (Rom.
520 1382 600 1432 ιιι,
649 1365 704 1432 5,
755 1364 814 1435 li)
847 1381 861 1423 :
894 1364 1032 1432 Quid
1061 1364 1194 1417 enim
1222 1361 1266 1416 si
1288 1362 1585 1416 exciderunt
1613 1379 1644 1414 a
1671 1362 1774 1430 ﬁde
1793 1361 1907 1431 qui-

310 1462 429 1517 dam
455 1478 650 1527 eorum,
680 1461 925 1530 numquid
956 1459 1234 1526 infidelitas
1255 1458 1465 1512 illorunt
1493 1457 1643 1526 fidem
1671 1456 1766 1510 Dei
1791 1474 1907 1510 eua-

309 1558 474 1612 cuuoit
497 1557 522 1610 ?
545 1556 702 1610 Absit.
733 1554 825 1610 Est
851 1556 983 1609 enim
1014 1554 1151 1608 Deus
1178 1569 1354 1619 uerax,
1378 1554 1543 1607 omnis
1563 1562 1734 1607 autent
1757 1553 1907 1606 homo

311 1652 549 1705 mendax.
582 1650 637 1705 Si
669 1659 850 1704 autem
878 1648 1055 1704 omnis
1083 1651 1247 1704 homo
1278 1647 1509 1704 mendax
1540 1656 1626 1703 est
1671 1659 1725 1702 et
1758 1649 1908 1703 solus

314 1745 454 1802 Deus
481 1759 644 1799 verax
674 1785 687 1806 ,
711 1743 840 1815 quid
863 1743 1008 1797 aliud
1032 1743 1208 1810 servi,
1241 1751 1296 1798 et
1331 1744 1566 1798 maxime
1594 1742 1908 1800 sacerdotes

2005 523 2251 576 adulteris
2309 522 2591 592 portionem
2645 517 2673 556 ἀ
2716 533 2856 574 tuam
2902 520 3142 588 ponebas.
3197 517 3490 576 Consortes
3538 529 3595 578 et

2007 616 2292 688 participes
2340 614 2578 670 ostendit
2623 629 2718 670 eos
2763 614 3059 669 alienorum
3107 613 3424 670 delictorum
3477 615 3595 670 fieri

2005 710 2094 776 qui
2129 708 2328 764 fuerint
2353 708 2792 780 delinquentibus
2820 707 3074 778 copulati.
3103 707 3207 764 Sed
3239 717 3294 764 et
3318 708 3420 764 hoc
3450 707 3595 765 idem

2007 799 2206 854 Paulus
2257 801 2536 869 apostolus
2601 801 2791 858 scribit
2840 810 2896 854 et
2946 800 3076 855 dicit
3120 818 3134 853 :
3187 801 3593 869 Susurratores,

2007 893 2350 961 detractores,
2384 895 2710 948 abhorrentes
2749 891 2880 958 Deo,
2922 895 3182 962 iniuriosi,
3229 895 3461 967 superbi,
3485 896 3602 966 jac-

2008 996 2173 1042 tantes
2203 988 2313 1052 sui,
2359 986 2714 1043 adinvcntorcs
2760 987 3045 1054 malorum,
3079 990 3166 1058 qui
3195 1007 3306 1042 cum
3342 990 3604 1059 justitiam

2013 1078 2107 1132 Dei
2132 1081 2514 1150 cognovissent,
2558 1099 2658 1136 non
2687 1081 3042 1136 intellexerunt
3083 1084 3323 1152 quoniant
3363 1084 3447 1153 qui
3478 1084 3606 1139 talia

2008 1182 2170 1244 agunt
2196 1182 2359 1227 morte
2395 1185 2510 1228 sunt
2547 1175 2722 1246 digni,
2752 1191 2852 1228 non
2879 1183 3074 1227 tantum
3113 1175 3200 1245 qui
3241 1175 3439 1244 faciunt
3469 1193 3527 1229 ea
3555 1187 3602 1241 ε,

2007 1269 2096 1322 sed
2126 1278 2172 1321 et
2199 1269 2286 1339 qui
2312 1269 2628 1324 consentiunt
2665 1270 2736 1324 eis
2765 1270 2850 1340 qui
2876 1269 2983 1324 haec
3010 1281 3167 1342 agunt
3201 1288 3218 1324 :
3247 1272 3487 1340 quoniam
3519 1273 3608 1342 qui

2009 1362 2168 1428 talia,
2199 1361 2388 1432 inquit,
2407 1375 2564 1434 agunt
2587 1406 2601 1427 ,
2623 1375 2783 1417 morte
2813 1375 2930 1418 sunt
2965 1364 3107 1436 digni
3130 1364 3305 1437 (Rom.
3335 1381 3370 1432 I,
3396 1367 3486 1430 30,
3513 1369 3605 1433 51,

2010 1459 2124 1532 5‘2).
2144 1459 2448 1517 Manifestat
2473 1471 2530 1517 et
2557 1463 2873 1532 comprobat
2899 1474 3070 1516 morte
3098 1462 3288 1534 dignos
3314 1479 3435 1519 esse
3454 1473 3511 1518 et
3536 1463 3603 1520 ad

2012 1567 2223 1622 pcenam
2247 1554 2448 1620 venire,
2467 1571 2572 1608 non
2605 1565 2808 1609 tantttm
2833 1553 2952 1609 illos
2979 1555 3068 1625 qni
3094 1555 3229 1609 mala
3251 1555 3482 1622 faciunt,
3512 1557 3610 1612 sed

2010 1647 2171 1703 etiam
2192 1665 2284 1704 eos
2299 1651 2386 1720 qui
2403 1649 2525 1704 talia
2547 1649 2828 1721 agentibus
2845 1648 3211 1716 consentiunt,
3229 1651 3318 1720 qui
3345 1651 3470 1706 dum
3496 1667 3609 1706 ma—

2011 1741 2077 1795 lis
2105 1751 2157 1796 et
2182 1743 2556 1813 peccatoribus
2577 1753 2631 1798 et
2655 1745 3024 1814 paenitentiam
3059 1760 3163 1798 non
3192 1745 3480 1814 agentibus
3511 1745 3614 1800 illi-

314 1838 448 1905 Dei,
503 1837 679 1893 facere
723 1838 984 1893 debemus
1031 1837 1132 1891 nisi
1189 1847 1245 1891 ut
1291 1836 1553 1892 humanos
1601 1851 1815 1892 errores
1853 1843 1908 1891 et
1937 1845 1982 1906 Β
2010 1835 2115 1891 cita
2144 1839 2630 1892 communicatione
2660 1840 2971 1906 miscentur,
3010 1840 3322 1894 nocentium
3357 1849 3612 1897 contrac-

313 1931 588 1988 mendacia
623 1930 989 2000 relinquamus
1015 1971 1030 1995 ,
1083 1940 1138 1986 et
1181 1940 1448 2000 praecepta
1480 1930 1750 1986 dominica
1781 1945 1907 1986 cus-

318 2026 586 2082 todientes
612 2024 664 2079 in
700 2025 794 2078 Dei
825 2024 1050 2079 veritate
1079 2025 1432 2078 maneamus?

386 2119 478 2173 IX.
509 2119 687 2186 Quare
716 2116 743 2154 ι’
773 2118 874 2172 etsi
927 2116 1090 2187 aliqui
1141 2116 1210 2171 de
1255 2116 1477 2187 collegis
1525 2115 1726 2170 nostris
1769 2114 1907 2168 exti-

315 2213 510 2280 terint,
546 2213 742 2268 fratres
766 2212 1135 2278 dilectissimi,
1164 2213 1252 2282 qui
1282 2211 1528 2267 deificum
1570 2210 1908 2278 disciplinam

317 2304 691 2377 negligendam
722 2316 908 2374 putant
953 2315 1008 2359 et
1051 2319 1172 2358 cum
1205 2303 1442 2359 Basilide
1473 2313 1527 2358 et
1558 2303 1798 2358 Martiale
1828 2315 1908 2358 te~

319 2415 468 2455 mere
517 2397 948 2464 communit-ant,
993 2399 1318 2454 conturbare
1357 2399 1516 2454 (idem
1547 2409 1783 2453 nostram
1824 2414 1910 2453 res

317 2491 418 2547 ista
445 2507 552 2546 non
585 2489 778 2556 debet,
805 2507 927 2547 cum
949 2491 1181 2560 Spiritus
1203 2500 1423 2545 sanctus
1450 2491 1505 2545 in
1535 2491 1754 2561 psalmis
1788 2491 1910 2546 tali-

319 2585 417 2640 bus
459 2588 819 2640 comminetur
858 2585 1046 2640 dicens
1095 2583 1266 2657 (Psal.
1303 2600 1431 2640 xux
1455 2626 1469 2649 ,
1519 2583 1742 2656 17,18)
1776 2603 1789 2638 :
1835 2583 1913 2638 Tu

318 2691 486 2736 autem
515 2681 667 2736 odisti
707 2681 1070 2751 disciplinam,
1111 2690 1158 2734 et
1203 2679 1435 2750 abjecisti
1471 2696 1728 2735 sermones
1775 2696 1913 2735 meos

2017 1929 2154 1986 tibus
2179 1931 2514 2001 polluuntur,
2530 1942 2585 1988 et
2604 1934 2729 1988 dum
2754 1933 3050 2003 junguntur
3069 1934 3119 1989 in
3137 1934 3317 2003 culpa,
3333 1935 3412 1990 sic
3430 1951 3530 1991 nec
3553 1936 3610 1992 in

2016 2039 2172 2095 paena
2190 2038 2530 2095 separantur.
2553 2027 2778 2092 Pr0pter
2799 2025 2942 2096 quod
2959 2027 3281 2095 integritatis
3299 2036 3353 2082 et
3373 2027 3496 2083 fidei
3518 2045 3612 2084 ve-

2015 2129 2142 2173 SIra:
2167 2118 2472 2190 religiosam
2497 2119 2939 2185 sollicitudinem,
2962 2118 3157 2175 fratres
3176 2120 3536 2188 dilectiSsimi,
3561 2131 3614 2179 et

2017 2209 2300 2266 laudamus
2324 2213 2524 2282 pariter
2547 2222 2600 2268 et
2624 2213 2946 2283 probamus;
2971 2224 3022 2268 et
3044 2225 3300 2285 quantum
3328 2232 3616 2284 possumus

2015 2304 2367 2359 adhortantur
2420 2304 2616 2360 litteris
2671 2303 2906 2371 nostris,
2954 2322 3020 2360 ne
3073 2323 3170 2361 vos
3221 2323 3340 2361 cum
3373 2308 3620 2378 profanis

2017 2407 2072 2451 et
2117 2398 2397 2452 maculatis
2433 2397 2805 2453 sacerdotibus
2834 2399 3323 2455 communicatione
3354 2402 3616 2472 sacrilega

2018 2489 2288 2544 misceatis
2310 2531 2324 2555 ,
2358 2488 2451 2544 sed
2478 2489 2740 2560 integram
2773 2499 2828 2545 et
2856 2490 3121 2545 sinceram
3153 2490 3277 2547 fidei
3300 2503 3492 2548 vestra:
3527 2496 3618 2547 lir-

2018 2584 2258 2638 mitatent
2307 2583 2558 2654 religioso
2585 2584 2777 2638 timore
2815 2585 3064 2640 servetis.
3092 2584 3232 2656 Opto
3263 2600 3358 2642 vos
3379 2628 3393 2651 ,
3421 2588 3616 2645 fratres

2017 2678 2322 2734 charissimi
2343 2721 2356 2745 ,
2388 2693 2601 2750 semper
2628 2678 2765 2734 bene
2791 2680 2991 2735 valere.

1546 2793 1926 2852 LECTIONES
1967 2793 2376 2849 VARIANTES.

383 2914 409 2944 ³
444 2913 666 2966 Victores
693 2912 793 2965 Lin.
823 2913 930 2966 ΝΟ.
953 2913 1003 2962 2.

379 2975 410 3015 δ
443 2978 547 3039 Qua
567 2981 616 3029 in
640 2992 696 3028 re
726 2979 858 3028 Lam.
885 2973 1030 3027 Ebor.
1055 2977 1160 3028 ΝΟ.
1186 2978 1232 3025 1.

381 3044 404 3072 ο
443 3042 495 3092 Si
519 3043 702 3092 videris
725 3041 850 3093 Bod.
881 3041 922 3089 l.

383 3056 404 3072 υ
443 3056 495 3092 SI
519 3056 702 3092 videris
725 3056 850 3093 uoa.
881 3056 922 3089 ι.

383 3104 412 3144 (1
445 3105 699 3156 Adulteris
723 3112 913 3168 partem
952 3106 1082 3153 Lam.
1113 3100 1252 3154 Ebor.
1295 3101 1416 3154 Bod.
1450 3105 1491 3164 l,
1516 3102 1561 3152 2.
1591 3101 1695 3154 Lin.
1723 3103 1833 3154 NG.
1861 3104 1910 3165 1,

2011 2913 2058 2973 2,
2091 2909 2215 2962 Thu.

2084 2979 2106 3006 ε
2146 2975 2350 3026 Faciunt
2376 2975 2519 3035 mala,
2543 2976 2632 3027 sed
2661 2983 2712 3027 et
2735 2978 3050 3029 consentiunt
3077 2979 3151 3028 eis
3176 2980 3308 3030 Lam.
3337 2979 3481 3034 Ebor.
3510 2983 3614 3036 Litt.

2023 3037 2144 3089 Tha.
2181 3037 2309 3090 Vict.
2351 3038 2495 3090 Corb.

1671 3205 2032 3264 VARIORUM
2069 3206 2298 3264 NOTAE.

318 3340 601 3398 lectionem
647 3334 804 3390 facile
833 3330 998 3388 credo
1027 3345 1148 3385 esse
1174 3328 1452 3384 meliorem
1477 3368 1493 3393 ,
1522 3342 1644 3382 cum
1673 3325 1778 3382 dici
1798 3340 1904 3381 non
1932 3328 1978 3391 C
2012 3325 2150 3395 apud
2181 3325 2510 3398 Cyprianum
2525 3340 2591 3381 ex
2622 3333 2804 3381 tenera
2837 3325 3026 3382 bornm
3054 3331 3428 3390 confessorttm
3453 3347 3612 3396 τριοιο

319 3411 487 3483 possit
517 3408 584 3483 de
620 3409 797 3476 pueris
822 3414 913 3460 aut
939 3401 1374 3483 adolescentibus
1405 3415 1499 3454 eos
1519 3415 1646 3483 esse
1668 3401 1823 3454 senio
1851 3409 1906 3483 et

319 3471 474 3540 annis
519 3471 739 3544 fractos,
775 3489 828 3532 et
868 3475 990 3547 quia
1034 3489 1138 3529 vox
1185 3473 1400 3547 caminis
1429 3472 1622 3547 melius
1662 3471 1912 3541 congruit

319 3572 440 3613 cum
474 3542 950 3618 Itistoria.inippe
969 3558 1172 3602 certum
1188 3555 1270 3601 est
1301 3542 1904 3618 Nalmcltodonosorem,

321 3637 376 3684 ut
404 3639 602 3699 pueros
641 3615 1161 3699 istos'commoveret
1181 3627 1254 3699 _et
1296 3622 1542 3678 terreret,
1570 3615 1911 3699 .Inultiplicis

319 3687 492 3770 pinna:
516 3691 1156 3770 comminatione,‘Ininas
1176 3691 1408 3770 iactasse
1427 3729 1441 3751 ,
1471 3687 1706 3769 pericula
1735 3687 1908 3770 inten-

320 3759 730 3838 iasse,deniqne
760 3764 932 3838 parari
959 3760 1490 3838 jussisselornacem
1523 3759 1660 3838 sive,
1693 3759 1906 3838 ut_StIl-

324 3845 435 3915 pitii
473 3827 667 3915 Severi
696 3827 861 3893 verbo
912 3827 1336 3915 utaneaminuni
1385 3831 1522 3901 ignis
1565 3827 1903 3912 ardentisjn

321 3900 478 3986 iluem
509 3913 922 3986 conﬁcerentur:
955 3906 1290 3986 Conﬁrmant
1318 3900 1456 3957 hanc
1484 3919 1658 3986 nteant
1689 3900 1902 3983 opinio-

321 3973 444 4042 Iiem
486 3973 645 4038 verba
670 3980 918 4055 Cypriani
951 3994 1017 4032 ex
1038 3975 1261 4055 epistola
1291 3991 1395 4055 Lvi,
1431 3990 1550 4055 pag.
1583 3973 1684 4055 91,
1719 3975 1769 4026 in
1802 3989 1904 4055 qua

323 4071 434 4114 tres
462 4057 611 4128 pueri
644 4045 1193 4128 noit'dicmtturannis
1223 4047 1396 4128 fraeti,
1420 4049 1692 4128 sedmtate
1710 4045 1902 4128 territi.

323 4141 375 4187 et
423 4117 584 4185 minis
612 4127 753 4198 regis
791 4134 847 4198 et
874 4121 1103 4176 ﬂammis
1136 4121 1386 4174 fortiores
1417 4117 1906 4198 extitissenltaque

323 4204 519 4259 retinui
542 4187 1027 4255 eamvlectionetn.
1066 4209 1225 4262 quam
1267 4203 1394 4258 puto
1437 4204 1559 4244 esse
1602 4187 1901 4262 meliorem.

321 4273 668 4332 Commodius
695 4277 873 4324 autem
906 4259 1244 4334 creetinsque
1273 4263 1340 4317 de
1370 4266 1468 4316 bac
1500 4278 1615 4334 mea
1647 4259 1907 4334 emenda-

326 4349 473 4403 tione
500 4343 830 4400 existimabit
865 4333 1237 4408 indiciumque
1258 4335 1415 4390 faciet
1447 4333 1535 4408 qui
1570 4333 1744 4408 varias
1775 4333 1905 4408 istas

327 4419 590 4475 lectiones
645 4418 761 4470 sine
813 4403 920 4466 ullo
967 4403 1280 4481 prmjudicio
1340 4404 1771 4481 examinaverit._
1831 4403 1903 4457 Ita

325 4493 466 4547 enim
518 4506 604 4544 me
671 4485 937 4540 sincerius
967 4475 1453 4550 'exploratiusquo
1486 4478 1569 4550 vel
1616 4475 1904 4550 porrigere

2015 3397 2240 3475 ducitur_
2260 3397 2348 3475 ad
2372 3396 2741 3475 fortitudinem
2788 3399 3182 3456 adbortatirnm
3215 3419 3613 3475 argumentum.

2017 3469 2202 3549 Itaque
2231 3469 2514 3549 lectionem
2557 3473 2706 3539 prius
2739 3480 3010 3549 receptam
3049 3489 3141 3526 nec
3159 3469 3330 3549 annis,
3367 3479 3420 3532 b.
3454 3484 3618 3549 e.jtt-

2015 3541 2282 3614 venilibus
2317 3541 2514 3614 annis,
2569 3543 2855 3599 revocavi.
2891 3559 3048 3612 quant
3080 3546 3296 3614 quidem
3327 3541 3616 3610 lectionem

2016 3613 2174 3666 nixus
2204 3611 2310 3666 fide
2347 3612 2504 3665 unius
2536 3623 2738 3666 tantum
2768 3611 2973 3668 codicis
3000 3611 3120 3670 cum
3153 3617 3321 3674 altera
3344 3637 3436 3676 nec
3456 3627 3615 3680 cami-
3687 3642 3695 3652 '

2016 3701 2094 3736 ms
2123 3684 2264 3737 idem
2294 3682 2540 3737 Baluzius
2566 3694 2888 3739 mutaverat.
2920 3686 3130 3743 Βουτιι.

2088 3755 2554 3834 ΙΧη-ῖ-Αάιιιιενὶξ
2579 3757 2863 3826 portionem
2892 3759 3264 3834 tuonuﬁcotlex
3307 3763 3566 3824 Fuxensis
3594 3812 3610 3834 ,

2010 3828 2234 3882 inmitis.
2252 3825 2446 3895 Supra,
2471 3827 2630 3896 epist.
2655 3843 2806 3889 I..\'III,
2835 3844 2954 3899 pag.
2979 3831 3084 3883 110
3107 3849 3115 3881 :
3150 3830 3215 3884 Et
3237 3835 3368 3887 inter
3396 3825 3616 3897 utter/toi

2009 3900 2317 3968 particulam
2339 3909 2477 3950 tuam
2507 3900 2744 3966 ponebas.
2773 3900 3054 3955 BALL'ZIUS.
3081 3931 3148 3940 —
3167 3902 3490 3964 Particulam
3509 3912 3611 3968 hoc

2011 3971 2372 4052 quoqueloco
2398 3970 2551 4052 editio
2583 3970 2744 4052 habet
2776 3969 3018 4052 ιιωωιξξ.
3060 3971 3267 4052 Partem
3301 3994 3394 4046 pro
3417 3986 3616 4052 ροιοιῑο-

2008 4059 2121 4096 nem
2161 4049 2284 4095 octo
2322 4041 2482 4096 codd.
2533 4043 2718 4112 scripti
2795 4043 2846 4096 in
2909 4044 3032 4097 edit.
3091 4044 3259 4102 Oxon.
3301 4041 3587 4111 nominati.

3179 4119 3388 4178 ltocrn.

2085 4183 2208 4239 Non
2232 4183 2611 4259 intellexerunt.
2640 4184 2932 4259 _Conscntit
2969 4187 3269 4259 Cyprianus
3297 4195 3512 4252 lectioni
3544 4199 3611 4254 il-

2009 4258 2202 4342 lorum.
2228 4257 2474 4342 Codicum
2504 4257 2608 4342 quia
2638 4257 2836 4342 habent
2863 4262 2954 4312 οὐκ
2976 4257 3186 4342 iuononi:
3215 4280 3227 4320 :
3273 4275 3328 4319 et
3354 4269 3610 4342 deinceps

2009 4328 2055 4412 oi
2077 4331 2212 4412 serg
2230 4334 2458 4412 ποιῷσι,
2485 4339 2534 4410 et
2567 4328 2611 4384 oi
2636 4328 3018 4412 awswiozoﬁqz.
3048 4332 3275 4391 FELLUS.
3299 4368 3368 4377 —
3386 4340 3458 4394 Ea
3489 4328 3611 4412 qua:

2010 4402 2132 4456 istic
2165 4401 2434 4454 Pamelius
2473 4401 2550 4453 ait
2605 4417 2709 4455 non
2751 4404 2976 4471 reperiri
3026 4405 3076 4458 in
3110 4410 3378 4465 Veteribus
3420 4401 3608 4469 Inuitu-

2009 4473 2353 4558 Iscriptis‘ego
2382 4472 2558 4539 reperi
2589 4474 2639 4555 in
2670 4475 2997 4558 qttindecittt.
3033 4476 3314 4534 Bswzws.
3346 4513 3414 4521 —-
3440 4483 3610 4558 Vulgo

327 4545 526 4634 poterit
565 4559 649 4615 vel
698 4558 941 4627 probare.
990 4545 1154 4634 Recte
1201 4545 1381 4634 autem
1427 4549 1564 4634 dixit
1601 4547 1904 4634 Qyprianus
1933 4551 1980 4610 D
2010 4546 2203 4634 legitur
2229 4547 2515 4634 ἓπίῖνθντες
2589 4545 2706 4634 εἶβε
2737 4547 2994 4634 Pallam!"
3027 4550 3267 4620 "cga'im
3298 4555 3436 4623 ιιιιιιά
3471 4545 3612 4629 AP?"

329 4619 509 4706 pueros
539 4650 628 4706 nec
664 4619 874 4706 caminis
902 4643 989 4681 nec
1031 4625 1179 4706 minis
1195 4627 1424 4706 “fractos.
1459 4620 1590 4676 Nam
1623 4619 1812 4706 Cicero
1853 4619 1904 4673 in

331 4692 465 4762 libro
497 4705 666 4776 primo
692 4703 1002 4776 Ollicioruni
1037 4696 1172 4776 dixit
1177 4692 1360 4776 frangi
1393 4703 1579 4776 metui
1603 4703 1656 4746 et
1683 4692 1906 4776 Statius,

331 4795 379 4834 Ix
411 4763 734 4839 Thebaidos,
767 4772 924 4827 minis
951 4769 1142 4839 frangi.
1168 4763 1498 4834 ,Sunt‘ctiam
1515 4766 1614 4839 alia
1637 4763 1903 4839 exempla.

331 4851 613 4906 BALUZIUS.
642 4878 702 4887 —
722 4835 858 4900 Ante
882 4835 1194 4898 [anni-lium.
1225 4843 1490 4894 reterente
1510 4837 1744 4892 Pamelio
1772 4835 1911 4904 ipso.

330 4925 572 4979 exstabat
599 4919 726 4974 illud
757 4933 846 4971 nec
873 4917 1019 4970 annis
1056 4915 1106 4968 in
1139 4913 1355 4966 editione
1379 4910 1637 4974 Manutii;
1667 4908 1828 4961 immo
1861 4907 1910 4959 in

331 4995 551 5050 editione
596 4990 846 5062 Cypriani
879 5004 1003 5062 vere
1035 4984 1296 5057 principe,
1325 4997 1419 5062 seu
1451 4980 1702 5062 Romana.
1741 4979 1909 5062 Porro

333 5068 383 5122 itt
432 5067 555 5120 edit.
611 5051 776 5119 όαῖυιι.
831 5061 970 5115 nulla
1021 5051 1345 5112 titemoratur
1379 5051 1622 5108 lectionis
1653 5051 1901 5106 varietas.

334 5137 552 5194 Baluzio
589 5147 764 5191 tamen
805 5133 943 5187 istud
987 5146 1076 5185 nec
1112 5127 1324 5181 caminis
1352 5124 1572 5181 etli:ioni
1605 5137 1911 5194 suseirepo-

334 5222 479 5266 ItetItt
566 5225 686 5278 qua:
714 5206 926 5275 quidem
961 5219 1060 5278 vox
1090 5199 1318 5278 caminus
1335 5197 1399 5278 in
1435 5193 1908 5278 Oratione-Puero-

331 5301 447 5338 rum
497 5266 562 5336 ad
587 5266 798 5351 'I'egem
835 5273 987 5351 apud
1018 5270 1286 5328 [lanielem
1335 5269 1633 5351 invenitur.
1688 5266 1910 5351 forsitan

333 5336 751 5413 consensissent.
796 5336 895 5402 nisi
941 5348 1213 5401 obstarent
1243 5357 1328 5396 res
1353 5339 1493 5402 duae.
1519 5339 1747 5413 primum
1777 5336 1910 5390 ordo

337 5411 692 5496 prmposterns
724 5411 1152 5496 verborumnnec
1169 5413 1382 5467 caminis
1411 5428 1502 5494 nec
1527 5412 1675 5496 minis
1701 5411 1910 5496 fractos,

334 5481 526 5554 dein-de
559 5497 720 5550 verba
754 5496 863 5564 ipsa
893 5489 1166 5564 Cypriani,
1205 5503 1324 5564 qua:
1376 5500 1406 5537 a
1441 5484 1554 5564 viro
1571 5482 1653 5564 _cl.
1686 5481 1912 5564 adducta

548 5550 816 5622 Imitemur
835 5550 1015 5634 pueros
1041 5603 1056 5627 ,
1089 5550 1344 5634 Arsaniam
1365 5597 1379 5619 ,
1431 5554 1703 5634 Azarium,
1736 5561 1783 5634 et
1818 5550 1917 5634 Mi-

337 5625 578 5702 ;altelem.
629 5641 713 5702 qui
749 5625 845 5690 nec.
872 5645 1019 5688 (etate
1044 5625 1237 5692 territi,
1273 5644 1361 5702 nec
1404 5625 1693 5702 captivitate
1729 5625 1914 5690 fracti,

337 5715 525 5770 Judtea
540 5698 738 5766 devicta
759 5718 805 5761 et
837 5702 1206 5774 Hierosolymis
1227 5701 1416 5774 captis,
1441 5700 1491 5751 in
1514 5698 1624 5774 ipso
1650 5711 1803 5774 regno
1827 5711 1918 5774 suo

339 5769 504 5859 regem
540 5784 660 5854 ﬁdei
713 5783 896 5834 virtute
921 5769 1144 5859 uicerunt
1166 5816 1182 5842 ,
1215 5783 1262 5827 et
1288 5769 1606 5859 'ntinisregis
1633 5778 1678 5823 et
1700 5769 1921 5849 ﬂammis

342 5842 576 5932 foitiorés
598 5855 891 5910 extiterunt.
921 5849 986 5904 Et
1022 5847 1144 5903 alibi
1165 5860 1398 5916 quoque,
1423 5843 1466 5901 si
1497 5842 1634 5898 bene
1662 5842 1878 5897 utemini
1906 5881 1918 5903 ,

806 5947 1082 6010 ΡΑτιιοι.
1118 5941 1228 6004 lll.

2007 4617 2195 4671 stolam
2226 4621 2384 4669 verba
2412 4624 2764 4684 repetentem.
2805 4616 3016 4672 Βουτιι.

2085 4685 2396 4771 Nocentium
2416 4688 2756 4771 contractibus
2785 4690 3113 4771 polluuntur._
3137 4691 3420 4771 Paciantts,
3442 4700 3605 4771 epist.

2014 4775 2070 4814 ιιι
2093 4778 2106 4813 :
2128 4759 2360 4831 Rejicere
2383 4768 2638 4823 nocentes,
2656 4769 2872 4814 attactus
2887 4765 3200 4836 peccantium
3228 4759 3420 4836 fugere;

3131 4834 3440 4901 meantes.

2095 4902 2232 4973 Opto
2253 4919 2365 4956 vos.
2394 4901 2506 4956 Duo
2525 4902 2642 4957 libri
2667 4914 2878 4958 veteres
2905 4915 2958 4959 et
2987 4905 3150 4960 editio
3169 4908 3389 4966 Moretlii
3416 4917 3616 4974 habent

2021 4974 2293 5048 Optamus.
2323 4974 2562 5048 Utraque
2593 4977 2750 5048 licetio
2791 4977 2927 5028 bona
2975 4987 3056 5032 est
3115 4990 3331 5048 propter
3377 4988 3612 5047 rationes

2014 5047 2144 5100 alibi
2168 5048 2361 5119 allatas
2388 5047 2439 5100 in
2471 5045 2634 5119 simili
2666 5047 2968 5113 OCCaSioIte,
3004 5045 3126 5119 pag:
3159 5045 3281 5107 595.
3325 5045 3608 5118 Daunius;

2013 5119 2139 5174 Scil.
2164 5119 2230 5200 ad
2262 5116 2432 5200 Epist.
2461 5117 2707 5200 Cypriani
2738 5134 2810 5177 vt.
2845 5119 2932 5200 ubi
2965 5122 3028 5172 ad
3053 5116 3312 5200 lectiones
3342 5144 3462 5198 opto
3489 5116 3576 5187 vos
3588 5176 3607 5200 ,

2015 5203 2061 5274 et
2089 5199 2209 5274 opto
2239 5191 2526 5274 te,‘ab.eo
2548 5190 2672 5274 iure
2701 5201 2825 5243 sunt
2856 5190 3111 5274 adnotata
3149 5215 3160 5246 :
3192 5214 3209 5245 ‹
3239 5190 3472 5256 Tametsi
3498 5190 3614 5274 cpi:

2013 5264 2150 5316 stola
2177 5263 2376 5330 scripta
2406 5262 2474 5314 sit
2497 5261 2562 5316 ad
2607 5261 2807 5333 plures.
2861 5267 3127 5333 ιιι-,ιτνὶιιιιθ
3158 5277 3332 5323 tamen
3358 5285 3407 5325 et
3439 5261 3613 5331 notiti—

2014 5335 2180 5387 naum
2213 5335 2408 5402 scripla
2431 5343 2515 5388 est
2535 5333 2600 5386 ad
2628 5332 2982 5404 Rogatianum
3013 5332 3296 5399 personam
3325 5343 3611 5404 illitStrem.

2015 5405 2081 5460 Et
2107 5405 2228 5460 ideo
2243 5404 2539 5476 Cyprianus
2564 5405 2788 5458 lim-mei
2823 5421 3123 5474 opponens,
3147 5412 3440 5470 c|an~nlam
3474 5423 3617 5474 vale-

2022 5479 2340 5552 dictoriam,
2393 5487 2448 5552 ut
2483 5476 2663 5552 ‘solet,
2696 5478 2761 5530 ad
2791 5493 2913 5532 eum
2943 5479 3174 5550 dirigere
3204 5488 3390 5552 potuit.
3429 5508 3447 5539 ι
3479 5492 3620 5548 Ante

2023 5548 2323 5636 hiet-citium
2353 5547 2643 5636 exbtbebat
2671 5558 2908 5616 optamus
2930 5565 3015 5636 uos
3033 5547 3306 5636 Erasinus.
3327 5559 3430 5613 Sed
3449 5561 3499 5615 in
3515 5547 3624 5636 cpi;

2023 5620 2156 5674 stola
2185 5619 2438 5700 Sgnodali
2463 5619 2710 5700 proxime
2731 5631 3017 5700 sequente,
3037 5625 3123 5700 ubi
3152 5628 3344 5696 legitur
3364 5619 3620 5700 optamus,

2025 5703 2182 5768 vetus
2232 5691 2468 5768 Romana
2515 5692 2635 5768 edit.
2670 5693 2808 5768 sicut
2836 5692 2951 5768 bic,
3005 5695 3162 5752 habet
3191 5691 3330 5768 opto.
3360 5691 3622 5759 Νὶιιιίιιυηί

2025 5766 2097 5847 ita
2123 5765 2396 5847 interdum
2428 5762 2645 5847 ponitur
2662 5764 2898 5819 clausula
2922 5781 3017 5834 per
3042 5762 3359 5839 compendia
3386 5816 3402 5840 ,
3426 5774 3524 5847 0p.
3561 5777 3630 5834 γ,

2026 5836 2085 5892 F.
2118 5835 2229 5890 (ιιι.
2252 5835 2308 5892 S.
2339 5835 2399 5889 Β.
2438 5833 2499 5888 γ.

3223 5934 3300 6002 33
