4026 6328
305 308 330 363 1
340 305 440 364 0H

1512 307 1824 369 CONCILIA
1853 307 2480 370 CARTHAGINENSIA.

3454 313 3597 372 1M2

302 427 638 484 sanctiﬁcato
658 438 706 484 ⁸.
727 428 1079 487 Sanctiﬁcare
1096 437 1275 485 autem
1300 443 1407 485 non
1426 428 1598 501 potuit
1612 429 1717 485 olei
1745 444 1897 487 crea-
1926 434 1981 493 A
2006 432 2266 488 debemus
2302 432 2562 501 scriptum
2589 444 2707 487 esse
2741 428 2916 503 (Psal.
2946 444 3078 497 exn,
3109 429 3168 499 6)
3199 444 3213 483 :
3246 427 3431 485 Oleum
3472 445 3592 501 pec-

301 532 476 579 turam
504 525 594 595 qui
623 540 725 581 nec
742 526 912 581 altare
932 524 1117 580 habuit
1139 540 1239 581 nec
1260 524 1579 581 Ecclesium.
1606 524 1761 581 Unde
1793 540 1893 582 nec

299 616 484 672 unctio
508 617 767 688 spiritalis
802 618 943 690 apud
991 619 1274 676 haereticos
1301 628 1476 690 potest
1500 634 1641 692 esse,
1670 619 1888 691 quando

299 719 509 766 constet
523 710 701 766 oleum
724 713 1046 769 sanctilicari
1070 714 1552 799 etﬁucharistiam
1599 714 1712 770 ﬁeri
1744 713 1889 784 apud

298 801 420 860 illos
443 804 666 860 omnino
688 822 796 862 non
833 822 1013 878 posse.
1064 807 1215 864 Scire
1252 818 1432 865 autem
1477 820 1534 865 et
1578 809 1891 865 meminisse

1997 528 2183 581 caloris
2212 543 2313 580 non
2341 535 2495 597 ungat
2522 535 2676 596 caput
2703 541 2897 589 meum,
2939 522 3083 594 quod
3103 532 3227 578 ante
3268 523 3320 577 in
3366 523 3590 593 psalmis

1997 620 2316 689 praemonuit
2336 618 2364 657 ι)
2382 617 2613 690 Spiritus
2640 627 2881 685 sanctus,
2902 633 2970 673 ne
3000 617 3119 687 quis
3145 617 3456 672 exorbitans
3480 624 3533 671 et
3557 633 3589 672 a

1987 713 2070 768 via
2083 714 2322 771 veritatis
2334 728 2591 773 exerraus
2601 711 2739 783 apud
2752 712 3033 768 haereticos
3053 724 3073 749 ε
3093 720 3148 767 et
3173 710 3373 767 Christi
3399 710 3592 767 adver-

1451 924 1834 983 LECTIONES
1874 922 2297 982 VARIANTES.

360 1039 389 1070 ⁸
420 1037 697 1091 Oleum.....
723 1040 1076 1091 sanctiﬁcatum
1118 1042 1242 1094 Bod.
1284 1044 1332 1093 1.
1372 1043 1503 1093 Lam.
1530 1042 1676 1093 Ebor.
1703 1042 1810 1095 ΝΟ.
1836 1044 1885 1102 1,

293 1100 341 1169 2,
382 1101 487 1153 Lin.
532 1102 657 1169 Tim.
700 1103 835 1169 Ross.
892 1101 1017 1169 Vict.
1060 1103 1385 1169 MichCorb.
1438 1109 1543 1156 Vel.
1582 1106 1712 1169 Imp.
1750 1100 1885 1169 Rem.

292 1168 477 1217 Manut.
500 1165 671 1218 Morel.
692 1167 848 1219 Oxon.
870 1166 1043 1220 Routlt.
1060 1168 1124 1220 Et
1139 1168 1271 1219 unde
1287 1171 1430 1220 Erus.
1453 1171 1597 1220 Pam.
1624 1165 1734 1236 Rig.
1756 1167 1887 1233 Lips.

1994 1042 2501 1108 Sanctiﬁcatttr_lit:as.
2531 1045 2672 1095 Pam.
2709 1044 2821 1108 Rig.

2055 1103 2084 1142 ι)
2120 1106 2383 1155 Admonuit
2407 1106 2539 1155 Lam.
2575 1109 2718 1158 Ebor.
2744 1103 2853 1159 ΝΟ.
2885 1108 2928 1157 l.

2057 1171 2081 1199 ο
2117 1167 2396 1219 Haereticos
2419 1168 2599 1220 Christi
2626 1171 2763 1221 Lam.

1591 1277 1957 1336 VARlORUM
1996 1275 2231 1334 ΝΟΤΛΕ.

288 1423 462 1479 editor
487 1422 616 1494 legit
640 1430 692 1477 et
716 1423 818 1495 ait:
838 1423 1032 1479 Veram
1056 1440 1176 1480 esse
1202 1424 1527 1480 arbitramur
1551 1425 1875 1495 scripturam

286 1511 445 1565 quam
486 1496 655 1551 edidit
694 1494 992 1550 Manutius:
1024 1495 1193 1551 Porro
1222 1506 1391 1551 autem
1431 1494 1764 1551 Eucharistia
1803 1506 1877 1551 est

286 1570 422 1639 unde
449 1568 692 1638 baptizati
719 1577 1000 1639 unguntur.
1031 1568 1197 1623 oleum
1225 1569 1276 1621 in
1301 1570 1454 1622 altari
1481 1569 1876 1635 sanctiﬁcatum.

286 1637 378 1695 Sic
395 1637 717 1707 persuadent
732 1637 1080 1704 exemplaria.
1101 1639 1231 1696 Nam
1255 1641 1306 1694 in
1323 1640 1639 1695 Corheieusi
1663 1642 1877 1709 legitur:

1977 1436 2192 1480 veteres
2216 1423 2483 1480 editiones
2507 1423 2707 1480 habent
2734 1425 2902 1479 oleum
2928 1424 2981 1480 in
3008 1425 3164 1480 altari
3190 1428 3584 1493 sanctiﬁcatum.

1981 1496 2248 1570 Manutius
2273 1498 2473 1565 posuit:
2495 1495 2661 1570 Porro
2683 1506 2850 1551 autem
2870 1495 3192 1553 Eucharistia
3213 1510 3286 1554 est
3309 1500 3447 1554 unde
3466 1502 3594 1570 bap-

1982 1569 2127 1622 tizati
2165 1580 2447 1639 ttngttnlttt',
2488 1569 2657 1623 oleum
2687 1570 2741 1622 in
2772 1570 2923 1622 altari
2957 1571 3351 1638 sanctiﬁcatum.
3397 1569 3590 1627 Hiero-

1984 1657 2179 1712 nymus
2200 1642 2252 1695 iu
2282 1641 2501 1713 Dialngo
2523 1640 2768 1713 adversus
2792 1640 3147 1713 aniferianos
3168 1643 3241 1697 ait
3258 1643 3594 1705 Baptismum

288 1709 454 1796 P‘orro
493 1722 663 1796 autem
686 1710 1025 1796 Encltaristia
1050 1722 1121 1796 est
1159 1712 1296 1765 unde
1332 1712 1580 1796 baptizati
1621 1727 1882 1796 unguntur
1915 1736 1960 1796 Β
1989 1709 2246 1796 ηξηιοθςέο
2279 1709 2596 1796 tradendum
2617 1712 2735 1767 sine
2758 1709 3057 1767 Eucharisti
3078 1735 3111 1766 ι.
3137 1714 3289 1796 Quod
3312 1714 3402 1796 di_u
3432 1714 3601 1796 dura-

287 1784 395 1837 oleo
412 1784 465 1837 in
479 1781 630 1836 altari
651 1782 1061 1848 sunctiﬁcatoﬂn
1084 1783 1377 1840 Veronensi
1402 1795 1457 1838 et
1478 1781 1756 1845 Thuaueo,
1778 1785 1877 1839 sic-

287 1865 342 1909 ut
373 1856 423 1909 in
457 1855 515 1909 MA
543 1855 760 1909 nutiana
783 1855 1041 1911 editione.
1067 1856 1354 1924 Perperam
1387 1856 1559 1912 Grzcci
1583 1855 1720 1925 apud
1745 1856 1879 1912 Zon.

286 1936 340 2007 ει
360 1928 501 2007 Bais.
526 1927 825 2007 ὀργιάζεσθαι
852 1925 1017 2007 Quor
1045 1931 1117 2007 sic
1140 1931 1513 2007 εὐχαριστίας).
1541 1930 1605 1981 At
1628 1930 1887 2007 praeclare

287 1997 586 2070 Cyprianus
626 1997 1248 2070 dixi-ratEuclturistiam
1279 1997 1387 2053 esse
1423 2001 1591 2053 oleum
1633 1997 1685 2053 in
1726 2001 1887 2055 altari

286 2067 679 2136 sanctiﬁcatum.
706 2067 896 2127 Oleum
926 2071 1132 2128 scilicet
1160 2086 1257 2136 per
1283 2070 1500 2138 ἔντευξιν
1518 2114 1532 2137 ,
1567 2072 1668 2125 hoc
1693 2080 1777 2127 est
1808 2074 1887 2124 in-

289 2143 719 2211 terpellationem
748 2145 861 2199 sive
888 2144 1283 2198 invocationem
1308 2142 1475 2196 divini
1508 2144 1762 2205 numinis,
1793 2159 1886 2211 per

288 2213 471 2269 laudes
497 2225 550 2267 et
576 2214 774 2283 gratias
799 2216 907 2270 Deo
930 2212 1076 2270 [usas
1097 2223 1151 2269 et
1174 2224 1505 2284 nuncupatas
1525 2214 1881 2269 benedictum.

287 2285 374 2341 Sic
413 2286 695 2341 Mattbaaus
744 2296 798 2341 et
847 2286 1056 2341 Marcus
1107 2296 1161 2340 et
1206 2285 1442 2340 Joannes
1490 2285 1883 2341 Eucharistiam

287 2357 538 2413 dixerunt
575 2358 873 2427 eulogiam,
910 2374 1008 2412 nec
1050 2365 1255 2413 tantum
1294 2358 1347 2411 in
1384 2371 1553 2413 emine
1597 2358 1887 2413 Dominica:

288 2429 655 2493 institutione,
688 2444 873 2484 verum
904 2430 1066 2485 etiam
1097 2430 1149 2484 in
1185 2444 1379 2499 panum
1412 2430 1880 2499 multiplicatione.

288 2500 439 2564 Quod
477 2500 940 2570 Evangelistarum
982 2501 1157 2556 verbis
1197 2510 1445 2555 accurate
1481 2501 1692 2557 collatis
1730 2500 1887 2557 facile

288 2572 725 2642 deprehenditur.
751 2573 1062 2629 BIGALTIUS.
1094 2572 1351 2629 -—Porro
1379 2572 1670 2628 observare
1706 2588 1887 2641 opene

288 2646 516 2716 pretium
568 2644 757 2713 fuerit,
803 2646 944 2715 quod
995 2644 1257 2700 Erasmus
1297 2654 1353 2700 et
1401 2644 1671 2716 Bamelius
1708 2647 1887 2701 consi-

288 2713 541 2772 derantes
578 2717 632 2771 in
673 2713 833 2786 hujus
873 2716 977 2772 loci
1006 2716 1356 2772 conclusione
1403 2713 1728 2786 Cyprianum
1774 2717 1887 2773 dis-

291 2788 456 2843 tincte
500 2789 647 2859 loqui
691 2788 760 2843 de
783 2791 1017 2861 Oleoet
1067 2787 1398 2843 Eucharistia
1422 2831 1447 2861 ,7
1484 2798 1632 2861 utget
1670 2792 1882 2861 Augus-

291 2860 459 2914 tinum
522 2870 836 2931 argumenta
893 2860 1011 2931 ejus
1062 2861 1356 2915 solventem
1414 2860 1478 2913 de
1529 2859 1685 2926 Bapt.
1741 2859 1879 2916 cont.

292 2931 485 2986 Donat.
515 2932 610 2987 lib.
640 2947 702 2990 v.
734 2947 853 3003 cap.
884 2932 986 2997 20,
1021 2932 1262 3002 nilulque
1291 2931 1489 2986 debere
1514 2947 1635 2987 esse
1667 2934 1717 2986 in
1748 2949 1883 2988 con-

288 3004 530 3060 clusione
559 3003 700 3074 quod
733 3019 838 3059 non
869 3013 986 3059 erat
1016 3004 1068 3058 in
1113 3003 1404 3072 pr:cmissis
1424 3044 1439 3065 ,
1475 3014 1592 3070 post
1621 3016 1884 3074 unguntur

288 3087 643 3146 reposuerunt
672 3085 719 3130 et
751 3089 849 3143 pro
878 3086 988 3138 est;
1016 3085 1069 3129 et
1096 3075 1446 3142 sanctiﬁcatur
1473 3091 1567 3142 pro
1592 3077 1883 3144 sanctiﬁca-

290 3145 418 3202 tum.
445 3145 561 3201 Non
587 3148 821 3204 absurde
849 3148 898 3201 id
931 3146 1144 3216 quidem
1165 3188 1178 3208 .
1207 3146 1250 3200 si
1283 3146 1334 3200 id
1361 3150 1449 3213 jus
1482 3146 1739 3202 haberent
1767 3149 1883 3203 edi-

290 3228 437 3274 tores
457 3218 683 3287 utquod
712 3220 843 3287 ipsis
868 3234 972 3271 non
1003 3218 1273 3285 placebat.
1298 3218 1589 3273 emendare
1612 3220 1878 3283 licuisset;

289 3301 379 3346 aut
407 3292 453 3346 si
476 3292 527 3345 in
550 3296 844 3361 argumenti
870 3290 1232 3348 conclusiOne.
1253 3288 1441 3344 Oleum
1467 3298 1520 3344 ct
1549 3290 1879 3345 Eucharistia

289 3363 555 3430 disparatc
572 3363 681 3417 sint
697 3361 1265 3433 itttelligentia.Vertttn
1288 3363 1677 3430 Albaspinteus,
1694 3362 1757 3415 de
1776 3362 1881 3417 Eu-

289 3436 501 3490 cltarist.
524 3433 616 3487 lib.
644 3451 689 3496 ι,
709 3449 757 3489 c.
780 3432 984 3495 “(eos
1002 3432 1275 3488 insimulat
1297 3434 1555 3496 audacias.
1576 3449 1639 3488 ac
1658 3445 1881 3490 canten—

290 3506 368 3560 dit
384 3517 619 3561 veterem
635 3506 922 3560 lcetionem
939 3504 1272 3559 retinendam
1287 3520 1428 3569 esse,
1446 3506 1496 3558 in
1512 3521 1613 3573 qua
1631 3522 1882 3573 magnum

289 3579 605 3649 mysterium
651 3577 753 3633 sibi
801 3577 948 3631 visus
988 3585 1083 3649 est,
1112 3576 1561 3645 deprehendisse,
1612 3578 1879 3647 siquidem

289 3648 475 3705 Oleum
508 3664 613 3719 quo
645 3649 891 3719 baptizati
933 3648 1286 3718 ungehantur.
1319 3664 1499 3702 eorum
1545 3649 1878 3704 Eucharistia

290 3720 593 3777 consecrari
616 3723 850 3775 solitum.
871 3719 975 3773 Sed
1005 3720 1136 3774 nihil
1154 3736 1287 3785 opus
1307 3721 1421 3773 istis
1441 3720 1731 3788 mysteriis,
1756 3736 1878 3775 vera

290 3795 427 3848 ratio
452 3802 671 3863 propter
697 3807 853 3862 quam
875 3789 1172 3862 Cyprianus
1196 3790 1579 3845 Eucharistiam
1603 3793 1742 3858 apud
1766 3792 1878 3845 ha:-

290 3866 488 3920 reticos
513 3864 658 3928 heri,
692 3874 747 3919 et
772 3864 1075 3917 unctionem
1103 3863 1396 3930 spiritalem
1424 3863 1653 3916 conferri
1684 3873 1876 3930 negat,

290 3951 351 3990 ea
377 3949 491 3997 e5t;
519 3937 661 4004 qttod
683 3934 956 3990 censuerit
982 3935 1034 3988 in
1058 3932 1388 3988 Eucharisua
1410 3936 1547 3989 sicut
1567 3944 1620 3987 et
1646 3935 1696 3987 in
1721 3934 1873 3998 Oleo,

289 4020 345 4064 et
371 4010 422 4062 in
454 4008 756 4076 Baptismo,
787 4023 891 4060 non
921 4007 1041 4074 ungi
1071 4006 1423 4075 sp‘ritualiter
1447 4006 1705 4074 sanguine
1731 4006 1879 4060 Chri-

289 4081 354 4134 sti
371 4121 385 4144 ,
414 4078 908 4148 Eucharisliamque
931 4078 1188 4147 perlicere
1210 4087 1263 4131 et
1285 4078 1556 4146 complere
1576 4076 1717 4146 quod
1743 4076 1879 4145 Bap-

289 4152 482 4206 tismus
501 4162 551 4205 et
574 4151 764 4205 Oleum
788 4150 888 4202 hoc
910 4158 1154 4219 respectu
1178 4148 1538 4203 iuchoasseut.
1569 4150 1678 4203 lloc
1697 4161 1875 4203 autem

291 4225 368 4277 sic
399 4223 670 4277 intellecto
691 4263 705 4286 ,
737 4222 856 4291 quis
883 4237 1004 4275 eum
1034 4220 1086 4275 in
1122 4220 1387 4274 unctionis
1415 4220 1672 4291 spiritalis
1703 4236 1877 4291 quaes-

293 4295 471 4357 tione,
516 4294 864 4349 Eucharistize
906 4291 1216 4364 mysterium
1254 4291 1520 4364 adducere
1561 4293 1877 4346 mirabitur?

290 4365 448 4422 Certe
472 4365 928 4435 participationem
951 4362 1222 4435 sanguinis
1243 4362 1441 4418 Christi
1461 4365 1512 4417 in
1540 4364 1874 4418 Eucltaristia

291 4433 517 4492 Veteres
556 4433 858 4492 unctionem
893 4436 1154 4489 dicebant.
1186 4433 1356 4489 Clem.
1393 4436 1541 4489 Alex.
1579 4437 1630 4490 in
1661 4436 1872 4503 Pthttg.

291 4510 384 4566 lib.
409 4526 467 4574 ll,
491 4524 540 4564 c.
559 4508 593 4563 2
617 4526 631 4564 ε
652 4512 824 4598 Atracia
844 4511 902 4565 τὸ
925 4503 1053 4582 αἷμα
1071 4512 1167 4598 rei”:
1182 4511 1386 4598 [ξυρίογ.
1416 4510 1475 4598 ῖὸ
1495 4510 1710 4598 μᾶνὶσγέιρ
1737 4511 1876 4565 ἐστιν
1901 4537 1955 4598 1)

293 4567 466 4659 «urebi
483 4567 744 4659 σαρκικᾲὺ,
828 4588 920 4659 ’ἰῆς
944 4567 1129 4659 abripui;
1147 4567 1528 4659 ᾉελόςρὼμεθοέ*
1557 4567 1695 4659 τὸέδὲ
1722 4601 1876 4659 msu-

290 4658 525 4728 ματικὸν.
550 4649 811 4731 ἓορτέστξν
893 4649 1225 4731 ηξχρίσμεθα.
1264 4649 1757 4731 ῌξιῑξιειηῑθξι-..ρι-θὲ
1780 4653 1872 4716 41,

294 4721 576 4804 μυστήρςον
597 4724 782 4804 ἕχρςσέ
803 4721 886 4797 μὲ.
906 4721 1189 4804 Cliti-west.
1212 4722 1452 4804 in‘ljlpist:
1474 4721 1541 4778 ad
1716 4724 1875 4778 Rom.

294 4793 425 4863 itm,
452 4793 599 4871 μύρῳ
834 4799 926 4872 καὶ.
940 4797 1088 4851 πάλιν
1114 4793 1625 4872 δυσωδίςςλτληροῖςζ
1647 4796 1873 4872 Revera,

293 4864 744 4939 qnetn'ad'nitnt'utn
783 4869 1036 4922 Dominus~
1070 4877 1295 4939 testatur
1325 4864 1518 4939 (Matt,
1551 4882 1720 4933 xxm,
1749 4868 1815 4923 19
1832 4865 1874 4939 ),

292 4937 463 4994 altare
489 4940 788 4995 sanctificat
810 4954 1005 4993 munus
1030 4937 1171 5007 quod
1197 4937 1670 5008 superimponitur,
1695 4939 1763 4993 ita
1789 4938 1878 5008 qui

292 5028 399 5067 non
434 5012 630 5066 habent
654 5012 822 5065 altare
850 5020 941 5063 aut
968 5009 1358 5064 Eucharisuam
1382 5052 1395 5069 .
1430 5026 1528 5064 nec
1558 5009 1875 5065 chdonem

294 5084 624 5155 spiritualetn
668 5084 864 5155 habere
901 5089 1143 5155 possunt.
1199 5081 1265 5155 Et
1313 5080 1530 5155 quidem
1575 5081 1877 5155 argumenti

296 5153 456 5225 hujus
477 5156 579 5209 vim
602 5154 747 5208 admi
778 5154 885 5209 isse
908 5153 1154 5225 videntur
1183 5153 1615 5225 adversariorum
1650 5154 1876 5223 partium

295 5223 540 5296 patroni,
581 5227 844 5297 siquidem
887 5224 1026 5294 apud
1080 5223 1360 5297 haereticos
1411 5224 1740 5297 baptizatos,
1785 5239 1879 5297 per

294 5295 548 5354 inauuum
596 5295 990 5369 impositionem
1038 5295 1374 5369 recipiendos
1423 5296 1746 5369 statuebant.
1798 5296 1877 5351 Ad

296 5372 602 5425 unetionem
642 5366 975 5439 spiritualem
1011 5368 1125 5421 luce
1159 5366 1379 5439 omnino
1414 5375 1630 5439 revocat
1673 5368 1732 5421 Ι).
1764 5369 1876 5421 Au-

294 5443 517 5512 gustiu..
553 5442 646 5496 lib.
670 5436 737 5496 iv
760 5442 828 5495 de
854 5438 1072 5505 'l‘rinit.,
1099 5452 1149 5512 c.
1180 5436 1638 5512 26:”Manifestius
1664 5439 1727 5492 de
1754 5439 1875 5502 illo,

295 5509 414 5567 scil.
445 5512 681 5578 Christo,
714 5513 960 5580 scriptum
987 5521 1060 5564 est
1089 5511 1143 5563 in
1173 5509 1379 5563 Actibus
1403 5510 1786 5577 Apostolorum,
1821 5528 1875 5577 Χ,

296 5587 397 5642 58:
431 5585 685 5651 Quoniam
713 5587 856 5639 unxit
881 5599 994 5635 eum
1025 5581 1164 5635 Deus
1191 5581 1391 5653 Spiritu
1415 5591 1609 5634 sancto.
1641 5582 1758 5636 Non
1784 5587 1880 5635 uti-

294 5674 392 5729 que
417 5659 526 5711 oleo
557 5655 738 5710 visibili
758 5698 772 5719 ,
802 5655 890 5709 sed
917 5654 1051 5729 dono
1078 5652 1287 5729 gratia},
1327 5653 1480 5729 quod_
1499 5652 1685 5729 visibili
1716 5655 1880 5729 signi-

297 5723 503 5796 ficatur,
536 5738 792 5798 unguento
820 5744 919 5798 quo
950 5727 1407 5798 baptizatosjungtt
1434 5723 1662 5798 Ecclesia
1691 5723 1875 5798 FELL.

298 5788 438 5855 ἶ-ῐη
462 5788 799 5854 ρίηειῖόιιιιόο
818 5788 918 5852 lioc
941 5788 1059 5851 loco
1080 5788 1249 5852 secuti
1270 5788 1454 5851 suiuus
1471 5796 1524 5850 in
1547 5796 1730 5865 primis
1747 5802 1880 5854 scri-

305 5882 515 5942 pturam
554 5871 673 5927 libri
712 5870 1072 5927 Corbciensis.
1110 5869 1215 5926 Sex
1270 5868 1387 5925 libri
1438 5870 1784 5941 manuscripti
1828 5881 1883 5927 et

1989 1785 2066 1838 vit
2094 1784 2147 1838 in
2182 1782 2420 1841 Ecclesia
2453 1784 2544 1839 ουί
2569 1826 2580 1843 .
2616 1795 2667 1837 ut
2697 1796 2975 1839 ttSlettSIIm
3007 1802 3035 1838 a
3068 1785 3221 1840 nobis
3256 1796 3337 1839 est
3367 1788 3419 1841 in
3451 1789 3597 1841 natis

1987 1856 2055 1910 ad
2080 1856 2436 1925 liegiuouem,
2473 1872 2591 1927 pag.
2621 1856 2747 1919 55L
2769 1855 2900 1920 657,
2924 1865 2980 1912 et
3002 1858 3054 1911 in
3079 1859 3220 1911 notis
3238 1858 3302 1910 ad
3327 1855 3597 1927 Capitula-

1990 1929 2089 1994 ria,
2122 1942 2240 1998 pag.
2272 1927 2511 2001 1256.1u
2538 1928 2770 2001 concilio
2798 1927 3050 2001 Prageusi
3084 1928 3418 1983 llussitarutn
3450 1929 3595 2001 apud

1989 2001 2322 2065 Cochlteum,
2356 2000 2451 2054 lib.
2486 2016 2517 2051 v
2549 1999 2797 2054 Historiae
2827 2000 3185 2064 Ilussitarum,
3211 1999 3498 2055 decretum
3515 2010 3599 2055 est

1991 2086 2044 2124 ut
2078 2071 2430 2127 Eucltaristim
2458 2071 2768 2127 communio
2797 2070 2955 2127 detur
2983 2070 3295 2127 infantibus.
3323 2073 3447 2127 "mc
3474 2081 3594 2129 tan-

1994 2152 2127 2198 tum.
2164 2144 2227 2197 Et
2258 2142 2731 2215 tamenildoricns
2763 2142 3104 2215 Raynaldus,
3135 2159 3221 2215 an.
3262 2144 3422 2200 “‘21.
3447 2142 3596 2213 §12,

1990 2215 2175 2269 scribit
2198 2214 2326 2269 illud
2347 2215 2414 2269 ab
2433 2214 2539 2268 illis
2557 2222 2814 2269 statutum
2835 2214 2954 2269 esse
2973 2215 3114 2270 circa
3139 2214 3370 2270 infantes
3386 2215 3598 2286 Baptis-

1991 2301 2080 2339 nto
2098 2287 2444 2356 perluendos.
2464 2287 2617 2354 Quod
2639 2302 2823 2340 verum
2841 2303 2946 2340 non
2964 2298 3066 2341 ρει.
3090 2286 3214 2341 Haec.
3229 2287 3374 2341 enim
3390 2288 3595 2342 additio

1992 2356 2253 2428 Raynaldi
2279 2374 2385 2413 non
2408 2368 2583 2429 exstat
2607 2358 2660 2411 in
2684 2357 2915 2429 decreto
2926 2358 3133 2429 synodi.
3157 2357 3361 2412 [Encas
3377 2358 3595 2429 Sylvius

1991 2429 2044 2501 in
2077 2427 2301 2501 ’Dialogo
2330 2442 2508 2485 contra
2531 2428 2783 2484 Boltemos
2805 2440 2857 2501 et
2876 2427 3167 2493 Taboritas,
3192 2430 3283 2499 qui
3307 2427 3487 2485 editus
3508 2441 3596 2486 est

1990 2499 2131 2557 inter
2172 2498 2317 2556 illius
2356 2502 2645 2571 epistolas,
2675 2501 2782 2555 ait:
2823 2498 2976 2556 Vetus
3006 2503 3114 2555 [nec
3143 2498 3479 2556 Ar’menorum
3506 2504 3593 2556 in-

1989 2574 2135 2626 sania
2164 2574 2297 2645 fuit,
2323 2575 2410 2644 qui
2436 2583 2583 2628 natos
2609 2584 2661 2627 ut
2689 2573 2739 2626 in
2768 2574 2928 2626 lucent
2955 2574 3249 2639 veniebant,
3280 2589 3401 2645 mea:
3425 2573 3594 2643 bapti-

1988 2654 2129 2697 zatos
2149 2644 2169 2711 ,⁷
2199 2661 2317 2699 mox
2344 2646 2525 2699 altaris
2551 2655 2867 2700 sacramento
2892 2646 3221 2712 reficiebant,
3251 2644 3389 2712 quod
3420 2654 3469 2698 et
3502 2661 3591 2700 vos

1988 2717 2132 2789 aiunt
2159 2720 2344 2787 facere,
2365 2720 2451 2787 qui
2475 2718 2888 2784 dementesatque
2908 2718 3131 2789 infantes
3159 2717 3226 2769 ad
3252 2716 3591 2789 Eucharistia;

1989 2786 2267 2859 libamenta
2296 2786 2506 2843 vocatis.
2549 2789 2605 2844 lu
2638 2786 3079 2859 responsionibus
3121 2791 3478 2843 Armcnorum
3516 2787 3589 2859 ad

1989 2857 2198 2929 objecta
2224 2859 2536 2915 Latinorum
2564 2857 2743 2914 missis
2766 2861 2833 2915 ad
2860 2862 3054 2925 Papam
3079 2861 3426 2915 Benedictum
3449 2858 3546 2914 ΧΠ
3567 2900 3584 2926 ,

1989 2944 2078 2984 an.
2109 2932 2283 3001 1542,
2315 2933 2509 2997 legitur
2535 2932 2675 3000 quod
2719 2932 2794 2986 illi
2824 2941 3117 3002 postquam
3147 2947 3369 3002 puerunt
3413 2932 3587 3003 Ιιτψιίο

1988 3012 2213 3074 ζθνιιηι,
2265 3005 2576 3071 baptizatum
2624 3004 3000 3058 communicant
3047 3006 3121 3060 sic
3156 3022 3174 3058 :
3204 3021 3318 3057 curn
3373 3020 3590 3074 corpore

1987 3070 2177 3128 Christi
2202 3070 2337 3129 sicco
2364 3084 2577 3143 tangunt
2605 3075 2741 3129 labia
2769 3076 2943 3142 pueri,
2975 3085 3019 3130 et
3044 3086 3326 3145 reponunt,
3352 3085 3401 3129 et
3426 3070 3474 3129 si
3493 3092 3584 3129 sa-

1908 3139 1953 3202 C
1987 3145 2164 3219 cerdos
2191 3147 2399 3201 celebret
2418 3190 2430 3211 ,
2448 3139 2506 3219 fet
2530 3148 2581 3199 in
2604 3139 2827 3217 tempore
2852 3147 2944 3202 illo
2969 3139 3254 3218 baptizetur
3279 3164 3426 3219 puer,
3458 3149 3583 3202 bene

1988 3217 2243 3291 modicum
2272 3218 2512 3291 sacerdos
2542 3219 2755 3289 digitum
2786 3236 2934 3272 suum
2965 3217 3112 3290 tingit
3142 3220 3194 3273 in
3225 3217 3506 3291 sanguine,
3540 3231 3589 3274 et

1984 3288 2106 3341 inde
2133 3291 2292 3361 tangit
2323 3290 2459 3344 labia
2486 3288 2650 3358 pueri.
2687 3291 2883 3345 Btth.
2929 3288 3185 3358 Quamvis
3215 3291 3285 3346 ita
3317 3288 3586 3347 suaserint

1987 3368 2097 3433 tum
2120 3362 2305 3433 decem
2330 3363 2543 3417 codices
2563 3362 2748 3432 scripti
2768 3405 2783 3426 ,
2813 3372 2923 3416 tum
2947 3372 3161 3418 veteres
3188 3362 3465 3432 impressi.
3492 3366 3584 3433 qui

1986 3430 2037 3483 in
2065 3431 2185 3486 edit.
2218 3432 2387 3488 Oxon.
2415 3443 2581 3489 testes
2601 3430 2832 3488 citantur
2860 3435 3124 3498 lectionis;
3150 3430 3316 3489 oleum
3342 3436 3394 3487 in
3424 3430 3581 3489 altari

1983 3504 2389 3571 sancti/iculum,
2421 3504 2594 3560 fateor
2614 3520 2701 3560 me
2724 3506 2863 3560 male
2887 3521 3169 3562 revocasse
3192 3508 3328 3560 hanc
3352 3507 3584 3575 scriptu-

1984 3587 2116 3628 ram.
2167 3576 2502 3632 Praeferenda
2544 3578 2754 3631 cmteris
2783 3577 2996 3633 videtur
3024 3578 3339 3633 Erasmiana
3380 3578 3540 3633 lectio
3561 3620 3575 3639 .

1984 3643 2314 3719 Eucharistt'a
2334 3690 2350 3714 ,
2383 3658 2429 3701 et
2459 3648 2596 3702 unde
2624 3649 2868 3717 baptizati
2898 3661 3159 3719 unguntur
3187 3650 3385 3714 oleum,
3416 3651 3471 3703 in
3497 3651 3582 3704 al—

1982 3718 2482 3792 tarisanctiﬁcatur,
2515 3736 2634 3792 qua!
2662 3722 2943 3790 perSpicua
2972 3718 3051 3775 est
3085 3732 3139 3774 ct
3168 3723 3411 3792 apprime
3439 3736 3574 3775 con-

1983 3791 2130 3864 venit
2154 3806 2277 3844 cum
2303 3791 2634 3864 argumentis
2661 3803 2820 3861 atque
2848 3794 3127 3864 pr0posito
3148 3791 3427 3861 scriptoris
3454 3798 3578 3862 pro-

1982 3859 2111 3915 bare
2138 3859 2396 3927 volentis,
2427 3862 2661 3917 chrisma
2683 3859 2821 3931 apud
2851 3859 3135 3918 itu-reticos
3163 3859 3269 3918 non
3299 3859 3466 3931 posse
3481 3879 3579 3917 ex-

1982 3941 2148 4006 stare,
2170 3949 2341 4006 netute
2362 3935 2571 4003 signum
2592 3934 2787 4003 ipsum,
2808 3950 2906 3990 nec
2924 3951 3036 3989 rem
3057 3938 3341 4006 signatam.
3362 3936 3574 3991 Etenim

1981 4004 2215 4060 allii-mat
2240 4005 2548 4061 Harduinus
2575 4007 2642 4059 ad
2671 4006 2931 4067 Concilio.
2963 4008 3014 4061 in
3045 4004 3272 4077 quorum
3303 4008 3426 4063 edd.
3458 4006 3576 4061 hac

1982 4087 2159 4131 exsmt
2186 4079 2365 4141 lectio,
2389 4077 2632 4130 eamdem
2677 4078 2729 4132 in
2771 4094 2873 4133 ms.
2899 4080 3181 4133 Societatis
3219 4094 3330 4133 sum
3352 4080 3580 4147 aliisque

1982 4150 2198 4217 optima:
2240 4160 2379 4203 nota!
2423 4150 2691 4217 praestari.
2732 4147 2884 4215 Quod
2928 4149 3153 4205 fortasse
3191 4150 3259 4205 cl.
3302 4150 3576 4204 Mat-auum

1981 4236 2193 4289 quoque
2242 4222 2479 4292 fugerat,
2523 4221 2644 4287 qui,
2688 4235 2812 4275 cum
2867 4221 3114 4276 Baluzius
3154 4239 3219 4276 ex
3262 4220 3579 4277 Corbeiensi

1980 4293 2174 4352 verba.
2223 4291 2333 4346 oleo
2368 4294 2420 4348 in
2459 4293 2612 4346 altari
2652 4293 3005 4359 sanctiﬁcata,
3053 4292 3413 4361 subdidisset,
3459 4291 3579 4350 hzec

1980 4365 2196 4437 scripsit
2236 4365 2305 4437 io
2332 4362 2491 4418 Praef.
2525 4363 2591 4418 ad
2633 4363 2883 4437 Cypriani
2917 4365 3006 4437 ed.
3040 4365 3322 4437 Benedict.
3369 4382 3421 4434 p.
3465 4380 3576 4420 XIX.

1987 4453 2006 4486 ε
2036 4435 2251 4504 Optime
2295 4436 2436 4490 hunc
2478 4441 2651 4490 locum
2682 4435 2999 4490 emendavit
3036 4435 3317 4502 Baluzius,
3367 4453 3465 4506 pro
3509 4451 3579 4491 eo

1986 4524 2006 4557 ι
2035 4509 2176 4578 quod
2220 4508 2497 4579 legebatur
2536 4507 2588 4560 in
2628 4507 2862 4578 antiquis
2906 4508 3268 4576 editionibus,
3313 4508 3479 4563 oleum
3519 4509 3576 4562 in

1986 4597 2007 4631 ι
2036 4580 2192 4634 altari
2211 4581 2604 4647 sanctiﬁcatum,
2626 4580 2711 4634 vel
2735 4579 2872 4647 apud
2898 4579 3177 4633 Erasmum
3202 4591 3251 4635 et
3280 4580 3573 4634 Pamelium

1986 4670 2007 4702 ι
2034 4651 2273 4706 liberiori
2317 4651 2660 4720 conjectura,
2705 4650 3031 4705 lfucltaristia
3068 4660 3115 4704 et
3156 4652 3291 4705 unde
3333 4651 3584 4721 baptizati

1986 4740 2007 4774 ι
2037 4733 2293 4793 unguntur
2320 4724 2487 4777 oleum
2524 4723 2577 4775 in
2616 4724 2770 4776 altari
2795 4724 3165 4790 sanctiﬁcatur.
3196 4723 3363 4778 Porro
3390 4723 3441 4777 id
3471 4738 3579 4778 non

1987 4812 2008 4843 ι
2034 4794 2164 4848 dicit
2187 4794 2490 4866 Cyprianus
2510 4795 2650 4866 quod
2674 4794 2743 4848 ab
2767 4810 2833 4848 eo
2859 4809 2955 4863 per
2979 4800 3349 4866 metaphoram
3372 4794 3574 4849 dictum

1987 4885 2005 4917 ι
2035 4864 2341 4921 existimant
2381 4864 2650 4936 Rigaltius
2685 4877 2735 4920 et
2779 4866 2990 4929 Fellus,
3022 4864 3415 4921 Eucharistiam
3457 4880 3582 4922 esse

1988 4957 2007 4989 ι
2036 4941 2359 5009 oleum,quo
2386 4947 2676 5007 unguntur,
2708 4937 2803 4991 sed
2832 4937 3008 5007 ponus
3039 4936 3427 4992 Eucharistiam
3455 4953 3579 4993 esse

1987 5028 2007 5061 ι
2037 5009 2088 5064 id
2122 5010 2265 5064 unde
2296 5011 2475 5063 oleum
2495 5051 2508 5071 .
2541 5025 2648 5079 quo
2675 5010 2927 5079 baptizati
2957 5019 3249 5076 unguntur,
3279 5009 3580 5065 sanctiﬁca-

1988 5100 2008 5134 ι
2040 5082 2236 5136 tionem
2267 5081 2513 5145 deducit,
2544 5083 2667 5151 quia
2701 5082 2949 5136 videlicet
2978 5081 3155 5134 oleum
3189 5080 3240 5134 in
3271 5082 3426 5136 altari
3457 5096 3582 5136 san-

1988 5173 2008 5205 ι
2037 5152 2376 5208 etilicabatur
2417 5154 2559 5207 inter
2597 5154 2740 5224 ipsas
2777 5151 3031 5224 sacriﬁcii
3063 5165 3280 5224 preces.
3308 5171 3326 5203 ι
3366 5153 3576 5209 Rourn.

1983 5224 2195 5279 Erasmi
2230 5225 2516 5280 lectionem
2548 5221 2781 5280 restituit
2809 5223 2984 5277 editor
3012 5221 3161 5292 Lips.
3207 5223 3342 5279 Enn.

2057 5294 2171 5350 Olei
2188 5306 2497 5351 creaturam.
2521 5297 2771 5358 Irenzcus,
2794 5305 3079 5349 creaturam
3097 5298 3245 5366 panis
3260 5296 3584 5351 eucharistici

1984 5376 2031 5421 et
2059 5368 2255 5436 colicis,
2281 5370 2373 5423 lib.
2402 5384 2474 5434 IV,
2501 5382 2621 5438 cap.
2650 5369 2739 5423 52.
2764 5366 2964 5423 lterum
2997 5367 3089 5422 lib.
3119 5384 3170 5434 v,
3201 5366 3401 5439 cap.‘2.
3424 5368 3578 5423 Msa-

1982 5455 2171 5496 SHALL.

2058 5511 2181 5565 Non
2228 5521 2410 5583 ungat.
2443 5511 2682 5579 Quatuor
2708 5509 2826 5566 libri
2860 5520 3097 5576 veteres,
3144 5527 3246 5564 non
3277 5510 3581 5583 impinguet.

1984 5583 2257 5638 Patnclius
2304 5585 2380 5637 ait
2423 5595 2665 5637 sanctum
2700 5584 3074 5652 Augustinum,
3125 5584 3212 5652 qui
3260 5597 3406 5651 saepe
3455 5586 3587 5637 citat

1985 5654 2128 5709 hunc
2161 5655 2360 5719 locum,
2413 5653 2703 5723 aliquando
2744 5655 2983 5709 scribere
3028 5665 3205 5724 ungat.
3260 5653 3584 5723 quandoque

1983 5728 2283 5797 impinguet.
2342 5728 2467 5779 Duae
2509 5728 2688 5797 itaque
2729 5727 2889 5779 etiam
2942 5740 3056 5779 :nvo
3104 5725 3385 5794 Augustini
3431 5736 3587 5779 erant

1986 5796 2261 5868 hujusloci
2287 5797 2566 5855 lectiones.
2593 5796 2871 5853 ΒΛιιηιυε.
2897 5797 3140 5868 Vulgata,
3165 5813 3264 5922 2:th
3287 5797 3590 5865 impinguet.

3252 5880 3415 5922 ouru.

3252 5880 3415 5924 00TH.
