2004 3160
224 171 295 198 1845

890 164 1063 199 ΒΕΙᾸΟΙΠᾸΞ
1082 165 1216 194 SACRtE.

1800 172 1860 211 ιοιι

226 229 314 257 sarios
325 232 478 264 angeretur.
487 226 539 256 Sed
548 231 575 255 et
589 234 637 262 pro
647 226 782 261 baptizato
795 230 807 243 ⁸
819 232 899 261 quam
914 232 1020 260 precem
1035 226 1060 256 Α
1073 232 1107 252 an
1117 226 1162 259 qui
1176 225 1323 253 adversarii
1338 228 1402 254 sunt
1415 224 1532 262 Domini,
1545 230 1573 254 et
1586 227 1714 263 appellati
1729 233 1789 261 sunt
1798 230 1859 258 anu.

224 275 316 303 facere
339 279 426 312 potest
445 274 571 303 sacerdos
589 273 736 308 sacrilegus
760 277 786 301 et
806 276 940 308 peccator,
960 279 1020 298 eum

226 322 357 357 scriptum
372 322 406 350 sit
421 320 512 358 (Joan.
528 329 554 348 ιι
564 341 570 352 ,
584 320 631 355 51)
642 329 648 346 :
661 319 730 348 Deus
743 323 899 355 peccatorem
912 326 961 345 non
974 326 1022 344 au-

227 369 283 402 dit;
295 369 339 396 sed
348 370 391 404 qui
399 377 456 396 eum
465 368 571 394 coluerit
581 367 606 399 ι’,
618 372 642 394 et
652 367 806 394 uoluntatem
819 367 874 401 ejus
886 366 981 401 fecerit,
992 365 1024 392 il-

226 415 282 442 lum
298 415 378 442 audit.
395 414 459 448 Quis
471 420 560 441 autem
575 418 663 448 potest
678 413 743 440 dare
758 413 828 447 quod
843 413 900 446 ipse
910 420 962 439 non
980 411 1023 438 ha-

227 461 299 495 beat,
323 466 369 489 aut
384 461 518 497 quomodo
539 465 626 495 potest
645 459 775 494 Spiritalia
789 467 869 494 agere
882 464 892 477 ε
906 458 951 493 qui
967 458 1023 493 ipse

227 507 349 534 amiserit
363 507 491 542 Spiritum
510 506 653 534 sanciunt?
675 506 709 533 Et
732 505 832 533 idcirco
851 505 1024 540 baptizandus

228 559 270 582 est
288 559 315 581 et
334 553 503 581 inttovandus
522 554 566 589 qui
586 553 620 580 ad
635 552 784 581 Ecclesium
798 552 872 581 rudis
894 553 978 587 venit,
997 557 1025 579 ut

227 600 301 627 intus
313 607 360 634 per
380 599 495 627 Sanctos
509 599 701 631 sanctiﬁcetttr,
729 599 789 633 quia
813 599 942 633 scriptum
963 604 1023 625 est:

227 646 321 682 (Leuit.
338 655 393 680 ιιι,
408 647 435 679 2,
451 651 475 674 et
491 655 537 679 xx,
553 646 600 680 26)
615 655 620 673 :
639 645 729 673 Sancti
744 650 831 677 estote,
859 646 918 680 quia
936 650 959 672 et
980 654 1025 680 ego

226 700 332 723 sanctus
342 703 407 725 sum,
417 695 477 721 dicit
485 693 610 720 Dominus
622 701 631 720 :
642 698 670 720 ut
681 694 724 728 qui
734 692 761 720 in
771 700 891 720 errorem
899 692 913 712 α
922 693 1025 720 seduc—

227 747 272 771 tus
286 749 326 771 est
335 748 362 769 et
373 742 438 769 loris
450 742 548 769 tinctus
557 742 582 768 in
595 741 733 775 Baptismo
742 748 806 767 vero
819 746 847 767 et
860 740 1025 768 ecclesiasti<

228 796 260 816 co
277 789 358 817 etiam
379 788 430 816 ltoc
445 788 532 822 ipsum
551 787 670 822 deponat
688 786 758 821 quod
782 786 863 813 homo
884 789 917 813 ad
942 786 1024 814 Deum

227 836 349 868 veniens,
376 835 439 862 dum
470 834 638 862 Sacerdotem
668 833 783 869 qumrit,
809 833 835 860 in
864 833 1025 868 sacrilegum

226 882 319 910 fraude
330 882 430 910 erroris
438 882 560 909 incurrit.

264 928 443 956 lll.Ca‘terum
457 928 571 963 probare
579 932 620 955 est
633 927 820 955 hrnreticorum
835 932 862 955 et
874 927 1024 955 scltisutati-
1041 928 1064 958 B

227 982 322 1003 eorum
339 975 471 1009 baptisma
482 975 634 1003 consentire
646 975 671 1001 in
690 974 716 1001 id
728 974 798 1009 quod
820 974 858 1002 illi
871 974 1026 1010 baptizave-

226 1023 292 1050 rint.
307 1021 400 1058 Neque
415 1022 486 1049 enim
507 1026 596 1056 potest
609 1029 670 1056 pars
687 1021 741 1048 illic
755 1021 842 1048 inanis
853 1029 913 1048 esse
923 1027 950 1049 et
964 1029 1026 1056 pars

226 1069 388 1105 praevalere.
397 1068 424 1095 Si
433 1068 574 1103 Baptizare
582 1068 938 1104 potuit,potuitetSpiritum
948 1077 1026 1097 sanc-

226 1119 285 1142 tum
297 1114 374 1142 dare.
387 1114 415 1141 Si
429 1120 517 1141 autem
530 1114 658 1149 Spiritum
677 1119 800 1142 sanctum
819 1115 885 1142 dare
904 1122 957 1142 non
979 1123 1026 1150 po-

225 1164 291 1193 test,
303 1160 363 1195 quia
374 1159 439 1187 foris
448 1160 609 1187 constitutus
620 1168 681 1188 cum
690 1165 785 1188 sancto
795 1160 897 1195 Spiritu
910 1169 962 1188 non
973 1167 1023 1194 est,

225 1213 278 1234 nec
292 1206 426 1241 baptizare
437 1206 587 1233 venientem
604 1211 701 1241 potest,
713 1206 822 1241 quando
846 1211 873 1234 et
891 1207 1024 1242 Baptisma

225 1260 310 1280 unum
324 1253 369 1284 sit,
384 1258 411 1280 et
421 1252 537 1288 Spiritus
552 1257 662 1280 sanctus
677 1261 756 1286 unus,
773 1258 800 1280 et
811 1260 862 1280 una
875 1253 996 1281 Ecclesia
1011 1262 1026 1281 a

227 1299 335 1328 Christo
344 1300 458 1328 Domino
466 1306 477 1319 ε
485 1308 566 1336 super
574 1301 683 1327 Petrum
693 1300 702 1318 ί
716 1301 820 1336 origine
828 1302 937 1328 unitatis
947 1308 974 1328 et
981 1310 1025 1329 ra-

225 1347 301 1374 tione
314 1351 326 1370 s
339 1346 460 1374 fundata.
474 1346 511 1374 Ita
527 1348 556 1374 tit
566 1352 593 1374 ut
606 1354 667 1374 cum
677 1347 769 1374 omnia
782 1347 852 1382 apttd
865 1348 925 1375 illos
937 1348 1025 1375 inania

226 1397 254 1421 et
265 1392 330 1420 falsa
342 1393 407 1424 sint,
422 1393 487 1419 nihil
502 1400 595 1420 eorum
612 1401 672 1428 qum
685 1392 723 1420 illi
740 1394 874 1428 gesserint
888 1394 994 1428 probari
1010 1401 1025 1420 a

226 1439 306 1467 nobis
318 1439 425 1467 debeat.
439 1439 507 1472 Quid
524 1439 594 1466 enint
605 1444 694 1474 potest
702 1444 791 1466 ratum
806 1444 832 1467 et
846 1440 954 1467 (irinum
965 1447 1026 1467 esse

227 1486 298 1521 apud
309 1486 392 1513 Deutn
412 1485 483 1520 quod
499 1485 538 1512 illi
550 1485 652 1511 faciunt
666 1493 733 1520 quos
749 1486 878 1512 Dominus
894 1485 985 1513 hostes
999 1491 1026 1513 et

227 1531 397 1558 adversarius
409 1538 474 1558 suos
487 1531 553 1558 dicit
568 1531 594 1558 in
608 1531 756 1566 Evangelio
767 1540 816 1559 suo
830 1540 933 1567 ponens
948 1532 1024 1567 (Luc.

227 1585 267 1610 ιι,
281 1577 341 1612 25.)
354 1586 360 1605 :
376 1577 426 1609 Qui
441 1586 492 1604 non
507 1582 543 1605 est
554 1586 652 1605 mecum
666 1579 801 1606 aduersum
814 1588 855 1606 me
869 1585 907 1606 est
919 1588 928 1611 ,'
945 1585 968 1606 et
982 1581 1025 1615 qui

1074 271 1181 305 ehristi,
1197 272 1303 306 possint
1313 271 1379 299 dare
1393 272 1508 308 gratiam
1525 271 1638 302 Christi.
1653 272 1742 308 Quare
1755 275 1862 310 quicum

1077 317 1191 345 Domino
1206 325 1311 352 sumus,
1340 322 1366 345 et
1384 319 1513 346 unitatem
1532 319 1637 347 Domini
1651 323 1772 354 tenemus
1784 326 1808 349 et
1825 331 1863 351 se-

1075 364 1193 391 cundum
1205 364 1263 398 ejus
1275 364 1459 399 dignationem
1474 365 1653 400 sacerdotium
1666 365 1727 402 ejus
1743 367 1768 394 in
1784 367 1864 402 Elele-

1076 410 1114 437 sia
1128 410 1359 444 adininiSlramus,
1369 419 1544 446 qua-cumque
1562 411 1708 439 adversarii
1724 413 1781 446 ejus
1793 419 1864 442 etan-

1076 459 1176 487 ticltisti
1189 459 1290 486 faciunt
1305 459 1448 493 repudiare
1467 465 1495 486 et
1515 460 1628 494 rejicere
1648 465 1675 487 et
1688 468 1738 495 pro
1759 461 1864 495 profanis

1077 506 1178 532 habere
1187 506 1193 530 i
1205 505 1346 537 debemus,
1357 512 1383 533 et
1391 507 1431 533 eis
1440 506 1486 542 qui
1494 505 1505 524 ¹ί
1515 506 1549 533 de
1557 514 1651 534 errore
1660 512 1687 535 et
1697 507 1822 541 pravitate
1828 518 1865 542 ve-

1077 554 1183 581 nientes
1199 558 1350 588 agnoscunt
1367 553 1446 582 unius
1456 554 1586 583 Ecclesia:
1601 562 1690 582 veram
1707 555 1795 586 Iidem,
1810 556 1866 584 dare

1077 601 1131 628 illis
1147 608 1194 635 per
1203 599 1291 629 omnia
1313 600 1410 626 (li\'it|:t-
1426 601 1520 636 gratia:
1535 606 1704 628 sacramenta
1721 607 1749 629 et
1770 603 1866 629 unitatis

1077 652 1105 674 et
1117 648 1177 674 tidei
1194 645 1202 665 1
1217 647 1369 674 veritatem.
1385 646 1516 682 Optamus
1530 654 1590 680 vos,
1602 646 1700 675 fratres
1714 647 1862 682 chariSsimi,

1077 701 1186 729 semper
1199 693 1269 721 bene
1279 694 1380 721 valere.

1114 783 1183 803 ANNO
1196 782 1298 803 CERlSTl
1314 782 1401 809 CCLVI,
1418 782 1607 803 PONTIFICATCS
1622 782 1645 802 S.
1661 781 1790 804 STEPHANI
1801 783 1835 803 ιιι.

1078 842 1372 870 CARTHAGINENSE
1402 842 1589 880 CONCILIUM
1609 842 1676 871 SUB
1703 842 1865 877 CYPBIANO

1406 901 1559 929 SEXTUM.

1079 979 1113 999 Εἰ
1133 978 1229 998 ΛΡΜοΔ
1249 977 1388 998 Ριιονικοιλ
1408 978 1442 997 ΕΤ
1462 978 1588 1004 ΜΙΙΙΒΙΛ,
1607 977 1676 1002 QUOD
1698 978 1733 1000 DE
1753 978 1868 1001 BAI’TISIO

1373 1013 1512 1035 SECUNDUI
1522 1014 1580 1034 EST.

1078 1074 1182 1107 (Erasm.
1200 1082 1230 1107 ιι,
1246 1075 1275 1104 1;
1293 1073 1497 1107 Patttel.ARigalt.
1516 1074 1692 1107 Baluz.rt.x7xu;
1713 1074 1799 1107 Orion.
1810 1074 1867 1106 Lips.

1108 1113 1188 1136 Lxxn;
1210 1106 1288 1138 Paris.
1303 1113 1374 1136 LXXI;
1389 1105 1514 1131 Constant.
1528 1114 1551 1138 p.
1562 1106 1621 1137 216;
1634 1106 1727 1132 Routh.
1747 1106 1809 1132 Rell.
1825 1105 1866 1131 scr.

1109 1145 1142 1167 ιιι,
1159 1145 1198 1169 pp.
1209 1137 1240 1161 88
1252 1141 1278 1162 et
1289 1137 1355 1170 ιιι.)

1372 1200 1580 1228 PROGIMIUM.

1078 1270 1203 1303 Signiﬁcat
1215 1277 1243 1296 se
1256 1272 1281 1295 in
1293 1269 1397 1295 concilio
1407 1271 1551 1303 decrevisse
1560 1289 1566 1297 .
1582 1273 1608 1295 ut
1618 1269 1661 1301 qui
1673 1270 1869 1303 apudrhaareticos

1108 1301 1151 1327 aut
1163 1303 1331 1327 seltisniaticos
1343 1303 1410 1326 lincli
1420 1305 1486 1330 sunt,
1500 1301 1637 1326 redeuntes
1650 1302 1678 1326 ad
1691 1301 1824 1327 Ecclesiam
1834 1303 1868 1326 b.1-

1109 1335 1277 1363 btllareutur;
1295 1338 1321 1358 et
1333 1334 1374 1364 qui
1397 1334 1421 1359 in
1439 1333 1549 1359 Ecclesia
1567 1334 1709 1364 presbyteri
1730 1334 1769 1358 vel
1786 1334 1868 1359 diaconi

1109 1367 1229 1396 ordinati,
1244 1367 1267 1389 in
1288 1365 1368 1389 schisi
1379 1372 1393 1389 a
1409 1365 1503 1396 delapsi
1524 1368 1586 1394 sint,
1601 1367 1643 1388 aut
1654 1366 1698 1396 qui
1716 1365 1746 1390 ab
1759 1366 1869 1389 haereticis

1109 1398 1212 1428 promoti
1227 1398 1283 1422 sitit.
1298 1400 1455 1428 revertentes
1468 1401 1494 1420 ut
1507 1396 1560 1420 laici
1573 1397 1783 1428 communicarent
1795 1403 1801 1420 :
1811 1396 1867 1420 saltu

1110 1427 1193 1453 tamen
1206 1428 1341 1453 concordia:
1354 1427 1452 1452 vinculo
1469 1434 1523 1452 cum
1537 1428 1657 1459 episcopis
1677 1428 1722 1459 qui
1740 1427 1810 1452 aliter
1821 1434 1869 1452 sen-

1109 1462 1196 1485 tircut.

1113 1537 1147 1566 Ut
1160 1544 1191 1564 ea
1206 1544 1265 1572 qua}
1282 1536 1449 1571 prmcedente
1460 1535 1574 1565 concilio
1585 1535 1731 1562 constituta
1743 1540 1803 1562 sunt
1817 1534 1866 1569 ple-

1079 1584 1155 1612 niore
1177 1583 1310 1610 sententia
1333 1581 1537 1614 conﬁrmentur,
1561 1581 1714 1616 Cyprianus
1736 1581 1762 1609 in
1785 1580 1867 1607 eadem

227 1632 279 1650 ηοη
290 1633 386 1651 mecum
399 1625 506 1660 colligit.
521 1627 627 1661 spargit.
644 1626 676 1653 Et
692 1626 786 1654 beatus
799 1635 906 1662 quoque
919 1632 1027 1663 aposto—
1042 1629 1063 1659 C
1081 1639 1160 1659 causa
1177 1630 1305 1666 Baptismi
1317 1630 1350 1656 ab
1363 1628 1497 1656 ltmreticis
1510 1627 1615 1661 collati,
1632 1627 1684 1654 hoc
1697 1628 1792 1655 eodem
1805 1633 1865 1653 anno

227 1670 270 1698 lus
283 1670 399 1698 Joannes
414 1671 538 1698 mandata
556 1672 657 1699 Domini
674 1677 700 1699 et
716 1678 847 1707 praecepta
870 1673 1025 1700 custodiens

229 1718 256 1745 in
268 1718 380 1753 epistola
390 1727 435 1745 sua
451 1720 571 1753 posuerit
584 1719 607 1752 δ,
619 1720 712 1747 dicens
727 1720 748 1755 (Ι
758 1719 838 1747 Joan.
855 1728 884 1752 tt,
898 1720 939 1753 18,
956 1721 1000 1754 19)
1017 1730 1023 1747 :

228 1765 342 1792 Audistis
354 1765 413 1799 quia
424 1766 588 1793 antichristus
602 1767 678 1793 venit.
695 1766 772 1793 Nunc
786 1772 869 1793 autent
883 1768 1026 1794 antichristi

230 1812 304 1838 multi
319 1812 382 1847 facti
395 1817 464 1839 sunt.
480 1812 554 1839 Unde
568 1814 744 1847 cognoscimus
757 1814 817 1849 quia
829 1815 963 1841 nouissima
980 1816 1025 1842 lto-

227 1868 258 1887 ra
272 1865 318 1887 est.
333 1858 375 1887 Ea;
390 1860 460 1887 nobis
472 1861 597 1894 exierunt,
615 1862 659 1888 sed
671 1870 721 1888 non
737 1864 838 1896 [uerunt
854 1871 885 1890 ex
899 1863 980 1889 nobis.
995 1863 1025 1890 Si

228 1908 296 1934 enim
317 1908 425 1942 fuissent
448 1916 480 1935 ea:
499 1909 580 1940 nobis,
602 1909 752 1936 mansissent
776 1909 862 1945 utique
885 1910 1023 1937 nobiscum.

229 1953 307 1981 Unde
320 1961 369 1982 nos
382 1962 488 1989 quoque
499 1955 626 1991 colligere
644 1957 650 1974 ί
668 1961 695 1984 et
706 1956 879 1984 considerare
893 1957 1024 1985 debemus

1077 1678 1131 1705 238
1148 1682 1166 1695 ιιι
1189 1677 1337 1712 pleniorem
1358 1680 1520 1702 conventum
1543 1674 1733 1709 episcoporum
1749 1679 1868 1700 convoca-

1077 1725 1125 1756 vit,
1141 1728 1167 1751 et
1181 1731 1212 1750 ex
1227 1722 1313 1749 Africa
1327 1727 1353 1748 et
1368 1720 1493 1748 Numidia
1509 1720 1542 1748 70
1560 1720 1703 1754 episcopos
1716 1725 1745 1750 et
1756 1727 1831 1747 unum
1841 1719 1868 1745 ad

1078 1771 1148 1797 hanc
1163 1768 1295 1805 synodum
1313 1768 1415 1802 coegit,
1430 1775 1462 1794 eo
1478 1766 1547 1799 ﬁne,
1563 1771 1589 1792 ut
1603 1766 1673 1798 quod
1696 1766 1792 1801 singuli
1814 1773 1865 1792 sen-

1077 1818 1147 1844 tiunt
1158 1816 1191 1843 de
1208 1815 1397 1842 traditionibus
1412 1813 1542 1847 majorum
1559 1817 1653 1839 sancte
1669 1816 1698 1839 et
1722 1811 1868 1838 inviolabili-

1077 1869 1118 1892 ter
1131 1862 1281 1894 servandis,
1304 1860 1449 1895 deponant.
1474 1859 1618 1894 Postquam
1640 1866 1737 1886 omnes
1762 1856 1868 1892 praedicti

1077 1911 1280 1941 convenissent,
1295 1909 1378 1940 idem,
1398 1908 1471 1943 quod
1486 1915 1566 1941 supra
1587 1905 1801 1940 praecedentibus
1813 1912 1868 1931 con-

1077 1958 1146 1986 ciliis
1161 1956 1294 1984 Alrieanis
1308 1956 1334 1982 in
1357 1955 1406 1982 hac
1425 1959 1453 1981 et
1466 1951 1589 1981 Basilidis
1605 1958 1687 1979 causa
1703 1951 1800 1978 habitis
1811 1949 1868 1977 deft-

878 2025 1068 2055 LECTIONES
1088 2024 1299 2054 VARIANTES.

260 2087 275 2119 ξι
291 2087 342 2119 Pro
352 2087 474 2119 baptizata
488 2088 554 2113 Lam.
568 2087 641 2114 Ebor.
655 2088 709 2114 Nc.
724 2088 746 2112 1.

257 2117 274 2137 Ἰ)
292 2118 373 2143 Deum
385 2117 491 2144 coluerit.
507 2120 572 2144 Bod.
585 2120 607 2144 1.

260 2151 272 2182 ’ξ
291 2150 415 2182 Spiritalia
428 2158 520 2181 gerere
535 2151 599 2176 Lam.
614 2149 686 2182 Ebur.
701 2150 755 2175 Litt.
768 2151 823 2176 ΝΟ.
838 2151 860 2175 1.

258 2181 273 2200 τί
291 2181 317 2206 In
331 2188 416 2206 errore
431 2183 497 2206 Lam.
510 2182 563 2207 NG.
579 2182 600 2213 1,
614 2181 636 2206 2.
651 2181 703 2207 Lin.

260 2216 272 2228 υ
291 2213 386 2238 Christo
398 2212 503 2238 Domino
523 2211 605 2239 nostro
619 2212 681 2239 Bod.
695 2214 717 2238 1.
732 2211 784 2238 Lin.
802 2211 874 2238 Ebor.
894 2212 950 2237 ΝΟ.
968 2212 991 2242 1,
1004 2211 1027 2244 2,

233 2244 296 2270 Thu.
310 2245 379 2270 Foss.
398 2244 460 2271 Vict.
476 2245 547 2269 Corb.

261 2275 272 2295 ¹
291 2276 375 2307 Super
386 2279 481 2307 petram
498 2275 562 2301 Vict.

261 2309 275 2329 ε
292 2307 329 2332 Ει
341 2306 438 2332 ratione
451 2306 514 2332 Bod.
529 2308 552 2332 1.
557 2318 561 2339 ,-

1113 2085 1128 2105 h
1146 2087 1219 2110 Ponit
1233 2087 1296 2110 Laut.
1312 2085 1384 2110 Elter.
1398 2084 1449 2109 Lin.
1462 2083 1516 2109 NG.
1530 2082 1553 2107 1.

1115 2118 1124 2137 ί
1145 2118 1268 2146 Colligere
1281 2117 1403 2141 debemus
1417 2117 1473 2140 Ver.

1116 2149 1124 2174 ι
1146 2149 1174 2173 Et
1188 2143 1285 2179 pro'aua
1301 2148 1396 2179 habere
1409 2147 1477 2171 Laut.
1492 2145 1544 2179 KC.
1560 2145 1581 2170 1.
1596 2143 1668 2170 Ebur.
1685 2145 1775 2170 Veron.
1797 2173 1800 2177 Ι

1115 2181 1128 2200 ι
1148 2181 1174 2205 lit
1188 2175 1208 2204 ἐι
1229 2181 1268 2211 qui
1295 2181 1349 2204 l'cr.
1370 2178 1433 2203 Etsi
1453 2177 1552 2209 quidem
1571 2183 1682 2201 errorem
1695 2180 1721 2200 ct
1738 2175 1868 2207 pravitatem

1083 2211 1227 2236 re'iCiettles
1242 2211 1311 2236 Cori).

1111 2219 1127 2262 ἦ
1149 2243 1173 2262 171
1190 2243 1290 2262 unitatis
1302 2249 1311 2262 ρ

1147 2243 1176 2268 ΕΙ.
1190 2243 1290 2267 unitatis
1302 2244 1328 2268 et
1338 2241 1394 2266 ﬁdei
1411 2243 1469 2268 Ver.
1485 2241 1573 2266 Benev.
1587 2245 1672 2269 ἱνὸτητὸς
1684 2252 1705 2264 τι
1723 2244 1755 2263 καὶ
1765 2248 1835 2264 meum
1850 2246 1868 2258 xl

1083 2281 1176 2304 sunt“,
1188 2273 1267 2298 Graec.

1042 2297 1069 2327 D
1084 2297 1214 2331 "satis.
1222 2297 1276 2330 256.

892 2362 1073 2391 VARIORUM
1091 2361 1207 2390 NOTIE.

599 2398 609 2411 β

263 2434 308 2462 lll.
318 2434 449 2469 ——-Super
463 2433 580 2460 Petrum.
596 2433 693 2461 Versio
704 2432 796 2461 Grrcea
811 2437 912 2460 tantum
925 2433 1006 2460 habet
1021 2442 1027 2460 ί

227 2470 313 2498 ἐπάνω
340 2472 436 2509 Πέτρου
452 2473 498 2509 rei
509 2469 663 2509 ’Λπὸστᾳλοςδ
673 2470 787 2507 ἀρχῆθεν
796 2470 913 2509 ead-mro;
924 2470 1010 2509 τξβεμι
1019 2484 1026 2488 -

227 2507 358 2542 λιωμὲνης.
377 2505 436 2541 ipse
450 2506 600 2542 Qypriauus
611 2506 630 2542 Ιἐ
639 2505 673 2533 de
684 2505 789 2534 Unttate
805 2505 925 2542 Eceles.:
941 2505 1028 2542 Super

225 2540 307 2568 unum
318 2540 429 2575 a'diﬁcat
446 2540 596 2568 Ecclesium.
613 2541 645 2568 Et
660 2542 737 2574 patilo
751 2546 812 2576 post
828 2550 835 2567 :
853 2540 886 2568 Ut
903 2541 1028 2567 unitatem

226 2578 523 2612 manifestaretgmitatis
532 2576 644 2612 ejusdem
656 2578 781 2612 originem
796 2577 827 2603 ab
840 2584 891 2603 uno
900 2576 1025 2610 incipien-

226 2617 278 2643 tem
292 2622 338 2640 sua
359 2614 509 2640 auctoritate
528 2613 662 2646 disposuit,
681 2613 810 2640 l’acianus
824 2612 903 2646 epist.
919 2620 947 2639 ιιι
965 2621 970 2637 ;
987 2612 1027 2639 Ad

227 2648 335 2675 Petrum
351 2649 450 2676 locutus
460 2653 495 2675 est
505 2648 627 2675 Dominus
636 2648 685 2675 :ad
696 2656 773 2676 unum
782 2648 848 2680 ideo,
867 2653 892 2673 ut
907 2649 1027 2674 unitatem

225 2684 345 2747 ﬁtnduret
356 2693 388 2712 ex
402 2693 462 2711 ttno.
480 2684 543 2711 M01:
559 2684 671 2717 idipsttm
679 2685 705 2711 in
719 2692 851 2710 commune
866 2684 1025 2716 prwcipiens,

256 2728 385 2747 IGALTIUS.
401 2734 434 2740 ν-
448 2720 485 2747 lla
506 2721 616 2746 otuuiuo
645 2728 693 2747 ιιι
722 2719 781 2746 libri
799 2724 903 2746 veteres
923 2725 950 2746 et
973 2719 1025 2746 duo

256 2728 385 2748 IGALTIUS.
401 2734 434 2740 ν-
448 2720 485 2747 lla
506 2721 616 2746 otnuiuo
645 2728 693 2747 ιιι
722 2719 781 2746 libri
799 2724 903 2746 veteres
923 2725 950 2746 et
973 2719 1026 2746 duo

226 2756 327 2784 laudati
342 2765 355 2782 a
370 2755 498 2783 Pamelio.
512 2754 624 2782 Veteres
646 2756 779 2782 editiones
803 2756 901 2781 habent
917 2761 1024 2789 pen-um.

226 2790 265 2818 lta
282 2792 361 2818 etiam
376 2791 459 2818 editio
473 2791 627 2818 Morelliana
641 2796 666 2818 et
684 2796 738 2818 tres
752 2790 812 2817 lihri
828 2794 940 2818 veteres.
959 2790 1025 2817 Vide

226 2835 289 2861 qua).
309 2827 335 2854 in
358 2827 437 2853 simili
453 2834 532 2853 causa
549 2831 638 2853 notata
653 2833 714 2854 sunt
736 2835 817 2862 supra
831 2826 863 2853 ad
884 2826 1023 2860 epistolam

225 2869 270 2894 ιι,
288 2870 314 2897 p.
329 2862 392 2889 428,
410 2862 551 2889 ΒΑιυιιυδ.

264 2897 393 2924 Posuerit.
407 2897 531 2924 Fortasse
546 2896 651 2933 legend.
666 2898 757 2932 posuit.
771 2897 799 2925 ln
810 2902 919 2933 quatuor
928 2897 1023 2924 codici-

226 2932 273 2960 bus
287 2934 396 2967 scriptis,
409 2933 454 2966 qui
468 2933 494 2960 in
508 2933 550 2960 ed.
562 2932 649 2960 Oxon.
663 2938 858 2965 memorantur,
871 2938 960 2961 exstat
971 2941 1019 2969 po-

1080 2433 1126 2459 nit.
1143 2432 1246 2459 Rotnu.

1117 2468 1241 2501 Colligere
1256 2471 1279 2494 et
1294 2466 1463 2494 considerare.
1478 2464 1571 2493 Graeca
1585 2464 1685 2496 versio,
1701 2464 1809 2492 συνιέναι
1830 2460 1865 2486 καὶ

1080 2508 1153 2532 νοεῖν.
1170 2504 1283 2530 FELLUS.
1434 2538 1438 2539 ν
1479 2538 1482 2539 ν
1617 2536 1647 2539 Η
1671 2537 1677 2539 ⁵
1705 2536 1711 2539 _
1740 2535 1747 2539 _
1780 2534 1785 2539 _

1118 2541 1289 2574 Qutlzcumque
1309 2538 1446 2565 advrrsarii
1461 2538 1551 2574 ejttsAet
1567 2536 1711 2574 antichristi
1735 2535 1826 2574 [ac-inn!
1837 2539 1866 2574 rel-

1081 2566 1198 2610 pndt'are.
1211 2566 1267 2601 Nn'n
1284 2574 1309 2601 id
1326 2575 1381 2600 volt
1394 2579 1421 2610 ut
1437 2566 1501 2600 niliil
1519 2566 1793 2610 lacerentorthodoxi
1804 2566 1865 2604 quod

1081 2607 1198 2639 ltinretitzi
1216 2611 1325 2637 iaciunt.
1339 2610 1367 2636 lu
1381 2608 1491 2644 epistola
1506 2608 1575 2636 eniut
1592 2608 1624 2634 ad
1641 2607 1797 2644 .luhaianum
1812 2610 1863 2630 cum

1080 2647 1242 2681 ohjicerelttr
1259 2642 1461 2673 Novatianenscs
1473 2645 1506 2670 ad
1521 2653 1546 2670 se
1559 2642 1818 2681 venientesqlraptizttrc
1827 2645 1864 2681 59-

1080 2672 1318 2716 litt‘)si,rrespomlct.
1331 2682 1364 2708 ad
1377 2690 1423 2707 nos
1437 2689 1486 2707 tton
1497 2681 1620 2714 pertinere
1630 2679 1690 2713 quid
1699 2672 1778 2716 hostes
1790 2672 1863 2716 little:

1256 2708 1369 2751 llocvipsi
1385 2708 1549 2751 propositum
1563 2720 1606 2743 est.
1620 2708 1648 2741 ut
1661 2714 1796 2751 conficiat;
1808 2708 1862 2748 nihil

1078 2749 1165 2781 ratum
1182 2762 1253 2785 esse,
1270 2759 1315 2780 aut
1329 2749 1361 2779 ex
1373 2749 1535 2789 jurevalt're
1549 2751 1619 2786 quod
1633 2751 1669 2778 illi
1685 2749 1814 2789 I_‘cei_s_~ent,

1078 2796 1152 2817 extra
1178 2789 1232 2816 Eee
1244 2792 1326 2816 eaiaut
1351 2788 1441 2823 positi.
1463 2787 1540 2819 Mox,
1567 2795 1610 2821 per
1624 2786 1862 2823 onmiadieimegra-

1079 2825 1120 2851 (ire
1136 2825 1315 2852 Sacramenta.
1328 2821 1385 2851 Non
1395 2828 1497 2851 taultun
1511 2821 1773 2860 perconﬁrotationis
1784 2821 1859 2860 riltttll.

1078 2866 1122 2887 aut
1138 2860 1313 2888 Eucharistite
1334 2852 1594 2887 administrationem
1610 2880 1617 2891 ,
1631 2858 1701 2895 “sed
1724 2852 1859 2895 glloltlﬂliil‘

1074 2887 1188 2931 ptismi,
1203 2897 1248 2931 qui
1260 2887 1304 2924 ad
1326 2895 1477 2923 Ecclesiam
1503 2895 1588 2930 ipsam
1605 2887 1706 2924 aditum
1722 2891 1788 2922 facit.
1803 2887 1858 2915 FEL-

1071 2939 1129 2960 ιυε.
