4026 6328
451 287 588 344 ton
1768 271 2073 343 REIJIQUH

2182 266 2420 327 ὶΛϐῐὶᾹῐ.
3602 259 3726 320 1048

452 408 563 467 tur,
586 414 707 456 cttm
730 399 984 468 scriptum
1007 396 1095 457 sit.
1125 392 1242 449 Nisi
1253 392 1580 465 quisrenatus
1603 391 1755 462 fuerit
1783 400 1809 428 ἰ
1831 407 2039 463 exaqna
2067 396 2117 454 Α
2144 388 2421 460 Evangelii
2472 387 2641 460 legem
2686 386 2713 426 lt
2754 382 3052 456 apostolica
3099 379 3406 453 magisteria
3448 389 3728 436 servarent.

455 490 1316 566 etSpiritu,nonpotestintroirein
1333 503 1543 559 regnum
1561 484 2039 557 Dei(Joan.tn,5).
2147 483 2483 554 Baptismum
2527 490 2706 537 autem
2750 491 2861 537 non
2908 493 3031 534 esse
3074 491 3184 550 quo
3218 475 3458 531 hatretici
3489 485 3727 547 utuntur,

461 590 768 648 Invenimus
788 587 930 642 enim
957 586 1119 641 etiam
1142 585 1193 639 itt
1219 584 1368 639 Actis
1394 580 1776 650 Apostolorum
1804 579 1940 653 (Act.
1970 596 2002 635 ς
2024 622 2040 647 ,
2148 593 2250 635 ncc
2278 592 2598 649 quemquam
2634 577 2774 647 apud
2824 589 2941 643 eos,
2987 573 3080 643 qui
3121 571 3340 627 Christo
3368 569 3730 637 adversantur,

460 681 581 756 48).
604 681 705 737 hoc
718 694 837 735 esse
855 679 921 734 ab
942 678 1212 748 Apostolis
1227 675 1575 740 custoditum,
1592 684 1646 730 et
1659 674 1907 730 salutaris
1925 673 2047 729 ﬁdei

460 778 691 833 veritate
703 784 994 840 servatum,
1016 783 1205 829 utcum
1224 772 1276 827 in
1293 770 1454 827 domo
1467 769 1704 826 Cornelii
1717 768 2049 826 centurionis

459 885 625 942 super
650 868 893 924 ethnicos
910 866 998 937 qui
1023 865 1133 921 illic
1158 864 1382 921 aderant
1401 864 1521 920 ﬁdei
1551 864 1731 919 calore
1758 863 2047 929 ferventes,

461 971 517 1018 et
562 963 613 1016 in
649 960 930 1015 Dominum
975 967 1087 1013 toto
1136 958 1300 1013 corde
1348 956 1634 1014 credentes
1680 955 2052 1012 descendisset

460 1055 693 1128 Spiritus
722 1064 973 1119 sanctus,
1005 1069 1112 1125 quo
1141 1053 1411 1123 adimpleti
1449 1054 1612 1109 variis
1653 1052 1851 1125 linguis
1884 1053 2048 1109 Deum

459 1149 871 1213 benedicerent;
905 1147 1250 1203 nihilominus
1298 1159 1474 1203 tamen
1506 1149 1721 1203 beatum
1748 1147 2049 1218 apostolum

460 1242 702 1307 Petrum,
733 1240 904 1295 divini
938 1240 1190 1312 princepti
1211 1248 1371 1309 atque
1400 1240 1671 1312 Evangelii
1710 1256 2004 1296 memorem
2033 1282 2049 1307 ,

460 1334 786 1406 prtecepisse
826 1343 885 1386 ut
913 1331 1312 1401 haptizarentur
1338 1331 1498 1387 iidem
1530 1331 1631 1399 illi,
1666 1332 1756 1403 qui
1782 1331 1893 1402 jam
1935 1330 2052 1387 fue-

457 1436 582 1484 rant
610 1435 802 1482 sancto
827 1424 1027 1495 Spiritu
1062 1425 1240 1494 pleni:
1272 1435 1329 1479 ut
1358 1425 1491 1481 nihil
1526 1426 1945 1496 praetermissum
1972 1429 2051 1483 vi-

2151 686 2247 745 per
2282 672 2510 744 gratiam
2534 668 2736 727 Christi
2758 684 2917 739 posse
2940 667 3226 739 proﬁcere,
3259 663 3552 735 diligenter
3574 679 3733 733 nuper

2152 762 2215 822 ex
2225 779 2469 836 pressum
2490 775 2573 821 est
2600 764 2655 819 in
2686 762 2933 834 epistola,
2966 774 3088 831 qua:
3109 758 3175 813 ad
3197 757 3455 825 Quintum
3482 756 3731 827 collegam

2155 870 2397 917 nostrum
2419 860 2471 914 in
2489 857 2803 915 Mauritania
2820 855 3173 912 constitutum
3202 867 3368 923 super
3381 866 3446 905 ea
3470 866 3530 906 re
3552 852 3734 921 scripta

2152 964 2256 1016 est,
2280 956 2409 1010 item
2438 954 2490 1008 in
2519 951 2711 1007 litteris
2733 965 2868 1021 quas
2888 949 3114 1020 collegia
3136 947 3303 1002 nostri
3325 946 3393 1001 ad
3416 946 3693 1016 episcopos
3713 957 3734 986 ε

2156 1052 2211 1106 in
2241 1049 2483 1105 Numidia
2507 1046 2859 1117 praesidentes
2898 1053 3025 1098 ante
3052 1042 3296 1099 fecerunt
3327 1057 3343 1097 ε
3386 1039 3550 1111 cujus
3572 1039 3742 1095 utrius-

2154 1162 2261 1220 que
2289 1144 2533 1216 epistolae
2557 1141 2803 1210 exempla
2841 1137 3074 1195 subdidi.

2227 1239 2292 1295 ll.
2313 1238 2572 1295 Addimns
2590 1237 2750 1309 plane
2761 1244 2816 1291 et
2839 1231 3210 1303 adiungimus,
3236 1228 3402 1285 frater
3418 1226 3742 1296 charissima,

2156 1348 2423 1391 consensu
2466 1341 2520 1388 et
2571 1330 2889 1386 auctoritate
2936 1324 3235 1390 communi,
3287 1332 3345 1377 ttt
3387 1322 3556 1378 etiam
3594 1320 3743 1392 siqui

2158 1424 2458 1498 presbyteri
2503 1432 2596 1478 aut
2632 1420 2866 1486 diaconi,
2902 1418 2994 1488 qui
3025 1417 3108 1473 vel
3138 1416 3193 1470 in
3219 1415 3464 1471 Ecclesia
3495 1415 3738 1472 catholica

459 1519 701 1585 deretur,
740 1518 1027 1587 quominus
1061 1531 1158 1587 per
1187 1518 1367 1573 omnia
1406 1518 1576 1574 divini
1607 1519 1863 1590 praecepti
1893 1529 2055 1592 atque
2086 1513 2132 1575 Β
2162 1521 2309 1592 prius
2351 1516 2587 1573 ordinati
2630 1515 2856 1580 fuerint,
2900 1522 2959 1569 et
2987 1506 3333 1582 postmodum
3362 1507 3563 1580 perﬁdi
3591 1521 3651 1563 ac
3673 1522 3749 1563 re-

1690 1634 2074 1695 LECTIONES
2110 1635 2200 1694 VA
2209 1634 2525 1693 RIANTES.

523 1737 553 1766 ⁸
584 1734 739 1786 Natus
762 1734 911 1786 fuerit
936 1736 1067 1787 Lam.
1093 1735 1237 1786 Ebor.
1264 1735 1372 1786 ΝΟ.
1401 1736 1450 1786 1.

524 1797 555 1838 ι’
587 1798 841 1861 Evangelii
864 1798 983 1861 lege
1010 1800 1146 1850 Lam.
1170 1796 1314 1850 Ebur.
1344 1798 1454 1850 NG.
1481 1798 1527 1847 1.

2160 1738 2268 1850 1";
2647 1735 2696 1785 in
2732 1732 2957 1785 Numidia
2996 1732 3132 1783 Lam.
3159 1730 3307 1784 Ebor.
3338 1728 3468 1782 Bod.
3498 1731 3544 1793 t,
3584 1727 3632 1790 2,
3659 1729 3750 1782 ΝΟ.

2194 1833 2210 1859 ’
2239 1833 2287 1858 ⁸,
2317 1833 2425 1850 υνυ-

1823 1882 2186 1942 VARIORUM
2224 1881 2455 1941 NOTE.

464 2001 825 2068 meminerim,
850 2000 1091 2066 adduxit,
1121 2000 1520 2070 intelligendam
1540 2015 1663 2057 esse
1683 2000 1888 2064 verbis,
1920 2008 2068 2054 utro-

465 2090 564 2145 que
617 2075 973 2139 Sacramenta,
1004 2089 1109 2127 non
1164 2088 1355 2145 aquam
1414 2072 1670 2142 Baptismi
1721 2080 1777 2145 et
1832 2072 2069 2142 Spiritus

468 2145 655 2203 Sancti
676 2147 899 2215 gratiam
967 2145 1018 2199 in
1078 2160 1145 2199 eo
1193 2144 1467 2210 collatam,
1519 2160 1694 2211 neque
1723 2144 2065 2213 Baptismum

465 2232 766 2287 manusque
814 2216 1207 2287 impositioncm
1252 2217 1305 2270 in
1344 2216 1712 2286 pmnitentiam,
1762 2216 1932 2271 multo
1970 2217 2070 2269 mi-

466 2302 570 2344 nus
593 2286 950 2358 _Baptismum
994 2296 1155 2356 atque
1206 2287 1601 2344 Eucharistiam
1624 2332 1638 2355 ,
1694 2287 1789 2343 sed
1812 2286 2069 2358 Baptismi

466 2368 524 2416 et
578 2356 1012 2414 Conﬁrmationis
1084 2370 1438 2414 sacramenta.
1507 2358 1690 2430 Neque
1756 2356 1936 2430 aliter,
1971 2373 2070 2413 ex-

464 2440 757 2504 ponentem
816 2435 960 2487 huuc
1006 2439 1078 2504 et_
1120 2432 1431 2504 consimiles
1476 2429 1631 2504 locos
1682 2431 1850 2504 etiam
1894 2429 2073 2504 Mara-

465 2498 597 2561 itum
676 2502 832 2559 video
905 2504 957 2557 in
1045 2500 1354 2575 Prwfatione
1416 2502 1483 2555 ad
1543 2502 1605 2559 S.
1663 2502 1911 2574 Cypriani
1967 2498 2069 2572 0p.

466 2593 524 2648 p.
580 2578 763 2632 xvitct
812 2591 970 2648 xvut,
998 2584 1053 2648 et
1081 2574 1128 2630 si
1164 2574 1434 2648 existimet
1463 2574 1508 2629 is
1570 2575 1822 2645 quidem,
1866 2584 2071 2648 patrem

466 2645 618 2703 illum
666 2662 772 2703 non
832 2646 1122 2702 uescivisse
1183 2645 1547 2716 Stephanum,
1592 2657 1647 2701 et
1711 2648 1801 2716 qui
1870 2645 2073 2701 abillo

470 2720 707 2783 stabant,
764 2719 831 2774 de
883 2733 1135 2772 manuum
1184 2717 1527 2785 impositione
1572 2717 1625 2772 in
1667 2716 2068 2787 pmnitcntiam,

470 2790 740 2847 haereticis
817 2790 1036 2844 omnino
1104 2788 1410 2843 necessaria
1459 2790 1523 2844 ad
1602 2788 1859 2858 Spiritum
1943 2803 2071 2841 san-

471 2873 617 2917 ctum
659 2860 1064 2929 accipiendum,
1121 2875 1227 2914 non
1279 2858 1348 2915 de
1396 2870 1734 2916 sacramento
1784 2858 2075 2929 Conﬁrma-

2174 2010 2231 2055 to
2282 2010 2406 2071 post
2450 1999 2698 2057 eumdem
2750 1998 3077 2071 Cyprianum
3120 1994 3389 2071 Quintus,
3444 1991 3755 2071 Mauritanite

2173 2067 2480 2140 episcOpus,
2503 2072 2693 2127 eadem
2718 2067 2870 2127 dere
2886 2068 3178 2127 consuluit.
3210 2067 3529 2136 notariique
3546 2081 3656 2125 eos.
3678 2067 3757 2136 qui

2175 2145 2467 2201 redeuntes
2496 2143 2783 2200 haereticos
2822 2157 2930 2198 non
2966 2141 3310 2211 baptizabant
3334 2180 3351 2204 ,
3375 2154 3587 2195 morem
3616 2153 3755 2194 suam

2177 2215 2277 2286 hac
2298 2215 2495 2286 duplici
2510 2217 2720 2272 ratione
2746 2215 2957 2280 fulcire,
2976 2211 3115 2286 quod
3136 2212 3389 2267 nimirum
3414 2211 3593 2265 dicunt
3617 2227 3755 2286 unum

2177 2283 2444 2360 Baptismo
2470 2304 2596 2360 esse,
2641 2297 2691 2342 et
2728 2303 2835 2340 sese
2869 2286 2922 2360 in
2957 2284 3061 2360 hoc
3100 2283 3754 2360 ueterem‘cansuetudineta

2177 2353 2338 2428 seq'tti.
2360 2360 2501 2432 Tum
2532 2356 2925 2432 Cyprianus_ad
2946 2355 3205 2424 Quintum
3225 2355 3371 2432 misit
3385 2354 3674 2432 epistolam
3698 2353 3753 2409 ad

2178 2425 2435 2487 Numidas
2471 2425 2761 2501 scriptam,
2804 2430 2964 2501 eique
2993 2442 3186 2481 novam
3227 2426 3450 2501 adjecit.
3484 2425 3755 2501 Utramque

2178 2519 2308 2560 vero
2340 2498 2617 2573 Stephano
2655 2500 2969 2573 mittenda_m
3007 2513 3130 2573 esse
3166 2498 3400 2554 concilio
3445 2499 3620 2573 vistttn
3664 2509 3752 2565 est,

2176 2575 2317 2647 quod
2347 2569 2587 2647 habitum
2618 2575 2715 2647 fuit
2743 2588 2863 2647 cum
2891 2571 3191 2643 Cyprianus
3210 2587 3385 2647 nuper
3422 2569 3503 2647 ad_
3520 2570 3750 2647 Quintum

2176 2640 2506 2716 scripsisset.
2545 2640 2951 2716 Desiderabaut'
2974 2640 3135 2697 certe
3193 2641 3329 2716 Afri.
3363 2652 3425 2716 t_tt
3467 2640 3751 2716 Stephanus

2176 2713 2390 2774 celebre
2414 2718 2545 2774 illud
2566 2718 2843 2773 decretum
2871 2715 3107 2770 ﬁrmaret
3133 2713 3275 2784 quod
3301 2713 3552 2783 epistolzc
3570 2713 3634 2769 ad
3660 2713 3752 2769 Nu-

2177 2790 2350 2846 midas
2379 2792 2727 2846 inseruerunt
2759 2808 2774 2843 :
2799 2785 3153 2855 Baptizandus
3171 2796 3246 2841 est
3274 2796 3321 2840 et
3344 2786 3666 2842 innocentius
3680 2787 3752 2859 qui

2175 2863 2246 2917 ad
2276 2861 2558 2918 Ecclesium
2586 2861 2731 2915 rudis
2759 2859 2916 2925 venit,
2948 2868 3001 2912 ut
3026 2859 3161 2912 intus
3198 2874 3289 2928 per
3307 2870 3518 2914 sanctos
3543 2859 3751 2928 sanctiﬁ-

473 2934 660 2998 tionis,
687 2925 927 3005 locutos;
962 2930 1102 3005 haud
1132 2932 1276 2986 enim
1313 2945 1636 3001 repugnare,
1668 2943 1727 3005 ut
1770 2928 2070 3005 Cyprianus
2094 2925 2143 2990 C
2176 2945 2339 2990 cetur.
2372 2932 2440 2990 At
2468 2934 2701 3005 probare
2726 2936 2834 2987 n0n
2860 2930 3035 3005 potuit
3065 2929 3112 2983 is
3139 2925 3416 3005 pontifex,
3452 2932 3594 3002 quod
3636 2925 3748 3000 apo.

471 3020 603 3061 ansa
624 3006 692 3060 ab
710 3004 932 3059 adversa
942 3004 1034 3058 riis
1048 3014 1269 3070 accepta
1288 3014 1682 3058 sacramentum
1694 3002 2070 3059 Conlirmatio-

473 3078 562 3134 nis
587 3075 887 3131 iterandum
919 3089 1041 3130 esse
1068 3083 1349 3139 statueret,
1373 3075 1617 3145 quamvis
1634 3075 1763 3130 illud
1782 3074 1849 3129 ab
1877 3074 2068 3129 iisdem

475 3148 659 3203 iterari
710 3147 930 3201 minime
957 3146 1344 3212 suspicaretur.
1388 3145 1484 3201 sed
1529 3161 1623 3201 eos
1673 3148 1836 3202 sciret
1881 3160 2072 3200 manus

475 3219 875 3289 impositiouem
927 3217 979 3272 in
1037 3217 1405 3289 ptenitentiam
1465 3227 1667 3272 tantum
1714 3217 2071 3289 intellexisse,

479 3287 641 3361 quam
670 3289 735 3344 ad
767 3289 1022 3359 Spiritum
1050 3287 1441 3361 conferendum
1459 3288 1818 3361 necessariam
1849 3298 2074 3361 putave-

479 3358 612 3419 rint.
638 3358 847 3416 Videsis
869 3372 1044 3416 tamen
1068 3375 1186 3430 qua:
1213 3358 1352 3414 infra
1380 3359 1449 3415 ad
1473 3361 1632 3415 modo
1660 3358 1862 3415 dictum
1880 3359 2075 3415 Neme-

479 3432 616 3489 siani
666 3431 978 3501 suffragium
1008 3434 1058 3486 itt
1087 3431 1284 3487 concil.
1318 3446 1409 3485 vn.
1438 3447 1490 3502 p.
1525 3433 1616 3495 95.
1668 3433 1959 3487 annotaho.
2011 3430 2077 3486 Et

481 3504 727 3560 conferas
751 3520 869 3572 qua:
899 3504 963 3559 ad
992 3503 1301 3571 suilragium
1328 3513 1574 3558 octavum
1599 3503 1840 3572 ersdetu
1861 3503 2075 3558 concilii

481 3591 608 3631 mox
658 3574 928 3630 dicuntur.
962 3573 1059 3629 Hic
1104 3588 1234 3628 vero
1272 3577 1505 3630 maxime
1555 3574 1757 3630 idcirco
1811 3574 2076 3628 mouenda

481 3646 603 3702 haec
631 3645 794 3713 duxi,
835 3646 975 3717 quod
1002 3647 1070 3701 de
1123 3645 1395 3715 Baptismo
1430 3655 1485 3700 et
1512 3645 1847 3717 Eucharistia
1901 3646 2076 3701 locum

466 3720 661 3773 .minus
688 3730 833 3774 recte
849 3716 1173 3788 exposuerat
1198 3717 1451 3785 Anglicus
1476 3717 1762 3787 interpres.
1791 3716 2004 3773 Bourn.

558 3789 805 3845 Renatus.
822 3790 1061 3858 Quatuor
1072 3789 1276 3858 antiqui
1288 3789 1504 3845 codices
1518 3789 1717 3843 habent
1728 3790 1895 3844 denuo
1906 3800 2076 3843 natus.

487 3860 620 3929 Quae
660 3862 819 3918 lectio
861 3877 965 3916 non
1006 3861 1277 3929 displicet,
1316 3875 1438 3915 cum
1484 3875 1587 3914 vox
1626 3860 1794 3914 denuo
1820 3872 1998 3917 exstet
2026 3864 2079 3917 in

484 3934 663 4003 capite
709 3934 867 3988 tertio
912 3932 1188 4003 Evangelii
1214 3932 1507 4003 secundum
1535 3931 1821 3997 Joannem,
1869 3947 1933 3987 ex
1974 3947 2082 4003 quo

464 4002 639 4061 [loetts
671 4005 774 4061 iste
802 4005 997 4075 petitus
1023 4002 1126 4061 est.
1156 4003 1262 4060 Sed
1295 4012 1422 4073 puto
1456 4002 1815 4075 Cyprianum,
1846 4005 1935 4073 qui
1976 4002 2080 4058 alia

488 4075 738 4132 versione
783 4078 1033 4132 utebatur
1071 4091 1229 4146 quam
1274 4076 1482 4146 vulgata
1534 4084 1750 4140 ttostra,
1802 4075 2083 4144 scripsisse

484 4158 716 4206 renatus.
754 4148 1040 4204 BALUZIUS.
1060 4145 1130 4188 4—
1158 4145 1329 4201 .‘Vatus
1352 4145 1463 4201 tres
1492 4147 1681 4214 scripti
1720 4147 1771 4201 in
1799 4147 1880 4201 ed.
1908 4147 2079 4203 Oxon.

488 4222 818 4285 memorati,
869 4228 924 4274 et
977 4219 1131 4274 editio
1174 4217 1427 4290 Cypriani
1484 4219 1764 4344 princelps,
1826 4217 2078 4273 Romana.

1710 4305 1870 4344 ourn.

1710 4305 1870 4345 OUTH.

2173 3007 2381 3063 stolicaa
2423 3003 2702 3061 traditioni
2733 3003 3062 3059 contrarium
3088 3010 3240 3056 certa
3268 3003 3500 3059 sciebat.
3532 3004 3751 3071 Quapro-

2177 3087 2298 3147 pter
2323 3076 2558 3134 concilio
2583 3082 2912 3147 congregato
2957 3084 3012 3128 et
3049 3071 3257 3147 litteras
3293 3074 3394 3129 sibi
3429 3076 3621 3132 missas
3643 3089 3755 3147 con-

2177 3142 2388 3211 l‘utavit,
2419 3160 2474 3206 et
2499 3142 2721 3205 decreto
2751 3142 2860 3203 illis
2890 3148 3095 3202 inserto
3133 3142 3273 3200 hanc
3313 3150 3567 3216 opposuit
3588 3145 3753 3202 delini-

2177 3223 2378 3276 tionem
2412 3239 2426 3274 :
2455 3220 2519 3277 Si
2545 3220 2661 3291 quis
2694 3235 2815 3290 ergo
2842 3235 2874 3272 α
2897 3216 3433 3291 quacumquehwrcsi
3484 3219 3662 3274 uenerit
3696 3219 3754 3273 ad

2177 3310 2291 3359 nos,
2331 3294 2459 3347 nihil
2484 3288 2776 3351 innovatur.
2807 3291 2908 3343 nisi
2939 3290 3079 3357 quod
3113 3288 3358 3342 traditum
3383 3300 3484 3356 est,
3518 3301 3572 3344 ut
3595 3306 3754 3345 manus

2177 3365 2258 3418 illi
2284 3365 2578 3432 imponatur
2593 3364 2649 3417 in
2669 3362 3035 3432 paenitentiam.
3056 3361 3130 3417 Ex
3155 3360 3256 3414 hac
3279 3360 3430 3432 brevi
3445 3363 3754 3431 expositione

2180 3430 2493 3505 intelligitur
2517 3434 2646 3506 quid
2677 3434 2778 3489 sibi
2808 3432 2935 3506 velit
2960 3430 3265 3506 Stephanus
3291 3431 3375 3506 his
3403 3430 3616 3489 verbis:
3642 3434 3754 3487 nihil

2180 3502 2465 3561 innoveiur.
2500 3502 2753 3561 Dixeram
2783 3505 2981 3574 quippe
3023 3502 3171 3559 Ai‘ri:
3204 3502 3564 3575 Baptizandus
3609 3516 3675 3560 est
3714 3514 3755 3558 et

2180 3577 2522 3633 innovandos.
2563 3576 2700 3633 Cum
2745 3577 2905 3647 igitur
2961 3576 3268 3646 Stephanus
3311 3576 3395 3631 his
3454 3579 3756 3632 contrarian

2182 3648 2405 3707 edicens
2434 3650 2756 3706 sententiam
2778 3649 2876 3710 ait.
2893 3648 3023 3702 nihil
3037 3650 3323 3709 iuuaretur,
3351 3647 3755 3704 subaudiendum

2182 3734 2291 3787 est,
2312 3723 2448 3776 circa
2477 3721 2820 3790 Baptismum,
2847 3720 2944 3773 sed
2973 3730 3224 3774 teneatur
3268 3733 3331 3774 ac
3362 3732 3611 3776 servetur
3642 3720 3757 3789 quod

2185 3794 2428 3848 traditum
2453 3804 2550 3849 est.
2583 3792 2714 3847 Inde
2737 3790 2900 3846 etiam
2924 3790 3241 3860 percipitur,
3263 3790 3681 3858 diSputationem
3700 3792 3757 3846 de

2185 3864 2463 3932 Baptismo
2486 3863 2863 3919 haereticorum
2886 3862 2939 3916 in
2970 3860 3212 3917 Numidia
3228 3862 3519 3918 excitatam
3547 3863 3751 3933 primum

2184 3933 2438 4007 Cypriani
2484 3951 2549 3990 ac
2588 3935 2856 3989 sociorum
2888 3943 3110 4001 statuto,
3159 3942 3321 4007 atque
3371 3933 3479 4007 hoc
3526 3945 3754 3990 statutum

2185 4004 2380 4062 deinde
2408 4008 2815 4069 controversia,
2838 4020 2959 4075 qua:
2986 4016 3265 4077 tantopere
3289 4004 3619 4076 Stephanum
3638 4007 3757 4061 inter

2187 4093 2251 4134 ac
2287 4077 2616 4149 Cyprianum
2649 4078 2883 4141 exarsit,
2927 4092 3147 4133 causam
3195 4085 3250 4131 et
3276 4078 3539 4147 originem
3568 4077 3756 4135 dedisse

3291 4149 3600 4205 Consum.
3758 4149 3769 4160 ‘

2260 4225 2325 4280 Il.
2340 4224 2523 4277 —Aut
2536 4222 2687 4277 etiam
2701 4220 2744 4274 si
2755 4221 2862 4292 qui.
2884 4230 2990 4275 etc.
3010 4219 3238 4277 Nitidior
3249 4220 3402 4276 ﬁeret
3415 4221 3612 4285 oratio,
3628 4221 3669 4292 si
3685 4219 3755 4292 hic

2192 4295 2451 4373 particnla
2484 4290 2839 4373 nteitpunct‘a,
2863 4293 3132 4373 legeretur
3148 4294 3301 4346 etiam
3328 4294 3371 4347 si
3394 4296 3482 4362 qui
3505 4290 3755 4373 presbyteri

562 4361 634 4418 Ει
659 4363 860 4432 ψέγειν.
904 4361 962 4435 ι.)
1011 4378 1111 4435 ms.
1139 4360 1295 4416 οοιυ.
1324 4359 1412 4416 ut.
1435 4328 1870 4435 παριειυίδῖιξῖδ
1898 4377 1918 4416 ..
1945 4360 2089 4432 «ιυοα
2111 4328 2167 4387 ι)
2193 4328 3754 4435 armaaramus;“assesasses”;

491 4431 694 4493 abesse
712 4435 908 4490 debere
933 4433 1203 4488 Pamelius
1231 4442 1377 4488 recte
1412 4433 1622 4503 prohat.
1656 4431 1735 4487 Eo
1760 4442 1938 4503 autem
1969 4431 2084 4487 'Ac-

489 4522 642 4565 tuum
670 4506 1087 4578 apostolicorum
1132 4502 1552 4578 exemplo,’quo
1598 4519 1742 4559 nunc
1793 4502 2090 4578 Cyprianus

488 4575 814 4636 sententiam
845 4592 996 4633 suam
1021 4577 1207 4632 fulcire
1238 4577 1439 4643 nititur,
1469 4579 1782 4646 Anonymus
1807 4575 2090 4645 a’ﬂigaltio

491 4652 564 4708 ad
592 4650 797 4707 calcem
838 4663 1061 4715 operum
1089 4646 1408 4718 Tertulliani
1445 4647 1622 4703 editus
1647 4648 1893 4718 apposite
1924 4648 2090 4702 utitur

493 4725 563 4779 ad
605 4737 725 4779 eam
777 4718 1180 4776 conlutandam.
1209 4717 1340 4774 inde
1389 4719 1531 4774 enim
1562 4717 1796 4774 ostendit
1831 4718 2087 4787 Spiritum

491 4796 750 4851 Sanctum
778 4792 978 4863 percipi
1008 4791 1245 4860 potuisse
1261 4791 1379 4846 sine
1407 4790 1700 4862 Baptismo,
1713 4792 1852 4863 sicut
1884 4789 2091 4863 Baptis-

498 4881 648 4923 mum
677 4860 796 4920 sine
820 4860 1260 4918 Conﬁrmationis
1287 4860 1625 4917 sacramento
1643 4860 1893 4923 collatum
1925 4860 2092 4917 fuisse

493 4939 615 4993 aliis
648 4935 964 4993 earumdem
1003 4934 1234 4991 Actuum
1279 4934 1543 5003 exemplis
1580 4932 1918 4989 demonstrat
1949 4930 2092 4988 Cou-

493 5023 689 5065 STANT.

566 5079 648 5134 Aa
676 5078 943 5147 Quintum.
973 5078 1145 5149 Epist.
1176 5076 1555 5149 assumtus.

570 5151 651 5205 Ad
672 5147 1030 5221 Episcoposin’
1046 5149 1315 5204 Numidia.
1332 5148 1430 5203 Est
1457 5163 1523 5204 ea
1564 5148 1787 5219 epistola
1810 5147 2090 5220 synodica,

499 5236 622 5294 quae
645 5221 825 5277 statim
842 5234 968 5277 ante
996 5224 1168 5292 posita
1193 5232 1296 5294 est.
1322 5221 1532 5275 Rau-ra.

573 5294 739 5349 Porro
769 5290 1010 5363 epistola
1036 5309 1141 5348 ιιι
1170 5293 1371 5362 scripta
1421 5303 1506 5346 est
1544 5292 1760 5346 nomine
1805 5290 2091 5363 Cypriani,

498 5364 787 5429 Liberalis,
820 5364 1070 5420 Caldonii
1112 5364 1453 5433 aliorumque
1501 5363 1592 5433 qui
1624 5364 1677 5416 in
1704 5364 1938 5433 concilio
1962 5380 2094 5418 con-

498 5439 703 5507 gregati
727 5437 935 5491 litteras
961 5437 1203 5507 legerant
1243 5434 1313 5490 ab
1340 5432 1641 5490 octodecim
1672 5432 1938 5489 Numidiae
1977 5437 2095 5505 epi-

500 5505 682 5577 scopis
708 5506 921 5589 missas,
941 5509 1135 5576 quibus
1158 5505 1462 5589 Cyprianus
1476 5522 1540 5561 ac
1558 5506 1700 5589 socii
1731 5506 2094 5588 consuleban-

500 5586 593 5634 tur
619 5578 683 5633 de
709 5593 773 5631 us
805 5593 893 5646 qut
916 5578 1062 5648 apud
1082 5579 1346 5633 harsttcos
1375 5587 1421 5631 et
1458 5577 1811 5632 sclusmaticos
1854 5579 2099 5648 baptismi

501 5650 756 5713 videnlur,
795 5664 863 5702 an
905 5650 973 5700 ad
1017 5647 1302 5703 Erclesiam
1345 5649 1674 5711 catholicam.
1709 5664 1823 5717 qua
1856 5647 1960 5703 una
1997 5662 2091 5717 est,

503 5722 754 5791 uenientes
785 5718 1037 5788 baptizari
1063 5719 1293 5773 debeant.
1327 5717 1625 5791 Rescripsit
1653 5718 1973 5786 concilium,
2008 5724 2097 5777 cui

2197 4439 2253 4494 ln
2286 4452 2393 4493 uno
2433 4452 2537 4491 ms.
2573 4437 2872 4492 recentiore
2891 4433 3045 4490 Colh.
3098 4432 3324 4492 habetur
3356 4432 3449 4489 aut
3482 4432 3756 4490 diaconirel

2192 4512 2361 4566 clerici
2389 4518 2444 4563 tn
2478 4506 2711 4563 Ecclesia
2734 4522 2753 4561 :
2778 4505 2873 4561 sed
2902 4506 3059 4575 hujus
3084 4507 3288 4562 codicis
3313 4508 3463 4577 plura
3491 4510 3622 4572 loca,
3646 4504 3752 4559 alibi

2194 4592 2382 4654 aperte
2413 4579 2695 4654 vitiata,_ei
2714 4577 3006 4654 detrahunt
3027 4581 3419 4654 auctoritatem.
3446 4579 3573 4654 Ejus
3603 4588 3755 4654 tamen

2195 4648 2411 4710 lectioni
2444 4651 2589 4706 favet
2617 4651 2959 4705 Innocentius
2984 4648 3028 4714 Ι,
3057 4650 3217 4719 epist.
3242 4665 3330 4706 XVI
3353 4652 3420 4704 ad
3448 4649 3751 4719 Macedonas,

2195 4741 2250 4781 η.
2283 4727 2339 4787 8,
2374 4722 2460 4791 ubi
2490 4723 2560 4778 de
2589 4721 2675 4787 iis,
2708 4722 2797 4791 qui
2827 4721 2896 4775 ab
2933 4718 3199 4793 ha'reticis
3240 4722 3488 4793 baptiznti
3523 4718 3753 4793 ordinati-

2193 4812 2300 4867 qtte
2320 4795 2384 4851 ad
2407 4790 3332 4867 Ecclesiam_transeunt,ait,Nostra
3353 4795 3438 4848 lea
3453 4805 3524 4847 est
3540 4791 3753 4867 Ecclesia

2197 4864 2279 4923 liis
2326 4884 2416 4939 per
2444 4882 2648 4939 intumis
2698 4864 3094 4939 impositionem,
3117 4864 3305 4939 laicant
3329 4874 3526 4939 tantum
3564 4864 3753 4939 tribuere

2195 4932 2599 4995 contmunionem
2622 4976 2639 5002 ,
2679 4932 2782 4990 me
2816 4951 2880 4991 ea:
2904 4935 2983 4989 his
3023 4937 3242 5004 aliquem
3288 4938 3344 4992 in
3388 4937 3645 4992 clericatus
3679 4932 3755 5004 ho-

2195 5027 2371 5067 norem
2421 5009 2499 5064 vel
2547 5009 2784 5080 exiguum
2820 5002 3116 5078 subrogare.
3140 5005 3252 5063 Eos
3297 5018 3474 5064 autem
3502 5006 3640 5079 quia
3667 5002 3753 5059 (k-

2195 5084 2387 5138 tholica
2423 5081 2491 5134 ad
2534 5080 2764 5135 haeresim
2808 5079 3143 5152 transierunt,
3190 5089 3451 5152 praeterea
3472 5079 3628 5152 docet
3668 5088 3752 5128 non

2196 5156 2346 5210 aliter
2368 5161 2600 5225 aportere
2622 5152 2720 5225 nisi
2745 5165 2836 5225 per
2863 5150 3208 5217 panitentiam
3230 5152 3439 5221 suscipi.
3469 5150 3599 5225 Tum
3624 5159 3749 5225 num.

2196 5228 2232 5282 9
2263 5218 2547 5292 utrumque
2569 5223 2718 5292 ponit
2745 5218 2886 5276 inter
2922 5224 3128 5291 regulos
3156 5218 3377 5292 ueteres,
3394 5238 3518 5292 quas
3542 5220 3602 5274 ab
3630 5218 3749 5286 Δρο-

2196 5298 2342 5353 stolis
2367 5297 2443 5351 uel
2466 5291 2772 5363 Apestolicis
2797 5294 2919 5347 uiris
2947 5294 3162 5348 traditas
3187 5291 3415 5349 Ecclesia
3446 5294 3659 5350 Romae
3674 5302 3750 5342 cs-

2196 5370 2372 5424 stodit.
2429 5366 2638 5436 Quibus
2693 5378 2817 5436 cum
2880 5377 3306 5421 consentaneum
3354 5367 3427 5421 sit
3481 5365 3748 5436 subcenant

2198 5429 2688 5495 Africaniwconcilii
2731 5435 3030 5499 decretum,
3081 5436 3276 5492 mirum
3306 5454 3413 5492 non
3456 5443 3537 5492 est
3574 5429 3687 5487 illud
3720 5441 3745 5480 a

2198 5512 2472 5582 Stephano
2523 5509 2743 5582 minime
2790 5507 2958 5582 fuisse
3007 5508 3431 5582 contradictum,
3493 5505 3600 5582 Non
3651 5502 3749 5555 ideo

2201 5575 2377 5637 tanien
2430 5582 2533 5636 hoc
2577 5582 2629 5633 in
2679 5578 2916 5633 Ecclesia
2968 5578 3218 5647 obtinuit,
3258 5584 3381 5649 quia
3413 5575 3746 5634 haereticorum

2200 5653 2469 5709 ordinatio
2496 5650 2641 5706 nulla
2667 5658 3011 5715 censeretur;
3037 5651 3132 5705 sed
3159 5654 3282 5720 quia
3314 5652 3406 5713 Dei
3433 5649 3685 5720 ministros
3714 5656 3741 5693 a

2198 5724 2618 5796 reprehensione
2645 5722 3000 5796 alienosesse
3025 5716 3190 5793 atque
3223 5723 3581 5796 immaculatos
3601 5716 3740 5796 decof

501 5787 804 5868 Cyprianus
832 5787 1086 5861 praeerat,
1107 5804 1205 5847 eos
1229 5787 1581 5858 baptizandus
1599 5804 1741 5849 esse.
1774 5790 1928 5849 Hand
1955 5794 2099 5851 mul-
2201 5787 2306 5853 rei.
2334 5795 2597 5862 Quocirca
2626 5793 2671 5849 si
2694 5790 2909 5862 quando
2931 5807 2964 5847 a
2991 5787 3264 5852 communi
3286 5794 3404 5866 lege
3422 5787 3616 5859 excepti
3638 5790 3739 5843 δαηι
