4008 6320
223 324 365 383 1049

1396 316 1706 374 lJONClLIA
1748 309 2365 371 CARTHAGINENSIA.

3370 302 3513 362 £050

222 436 394 495 belles
411 442 599 492 contra
633 432 934 490 Ecclesium
960 431 1230 498 steterint,
1254 430 1338 485 vel
1368 430 1509 499 apud
1533 428 1815 486 haereticos
1842 432 1890 487 Α
1920 426 2017 482 Dei
2062 426 2314 497 populum
2367 422 2574 479 hostilis
2625 418 2909 478 discordia:
2964 420 3147 475 furore
3196 420 3509 490 pugnasse?

221 545 249 586 a
287 528 762 601 pseudocpiscopis
787 535 843 582 et
869 526 1199 581 antichristis
1226 534 1412 579 contra
1443 523 1643 579 Christi
1698 523 1825 578 diS'.

222 621 540 695 positionem
573 619 792 690 profana
822 620 1159 675 ordinatione
1185 618 1414 689 promoti
1436 618 1565 681 sint,
1596 626 1652 671 et
1675 631 1813 670 con-

222 722 307 771 tra
335 714 504 770 altare
546 728 711 768 unum
753 724 913 784 atque
941 711 1178 767 divinum
1217 710 1476 766 sacriﬁcia
1519 709 1648 764 foris
1676 708 1811 764 falsa

217 823 284 864 ac
306 806 568 877 sacrilega
595 804 789 862 oderre
814 806 990 861 conati
1023 805 1150 869 sint,
1178 818 1274 859 eos
1299 818 1514 875 quoque
1545 802 1645 857 hac
1674 817 1808 857 con-

215 901 422 957 ditione
458 910 485 939 ι
515 900 714 971 suscipi
745 914 869 956 cum
897 909 1261 964 revertuntur,
1307 908 1364 953 ut
1406 897 1814 954 communicent

213 993 362 1057 laici,
391 1002 446 1049 et
478 993 609 1048 satis
639 991 893 1058 habeant,
925 992 1065 1064 quod
1099 992 1457 1047 admittuntur
1493 992 1557 1044 ad
1602 1003 1809 1061 pacem,

212 1087 310 1159 qui
334 1086 521 1143 hostes
547 1087 693 1156 pacis
722 1089 1051 1151 exstiterint;
1078 1102 1177 1141 nec
1196 1086 1397 1141 debere
1417 1099 1513 1141 eos
1537 1094 1814 1140 reverteri»

212 1190 396 1236 tentes
435 1195 497 1236 ea
543 1180 686 1252 apud
733 1195 831 1235 nos
875 1179 1230 1236 ordinationis
1287 1189 1343 1234 et
1394 1178 1617 1233 honoris
1663 1192 1809 1232 arma

206 1273 468 1336 retinere,
514 1273 709 1344 quibus
762 1283 950 1328 contra
996 1288 1094 1328 nus
1120 1272 1516 1328 rebellaverint.
1580 1269 1806 1341 Oportet

211 1363 367 1419 enim
408 1364 713 1421 sacerdotes
740 1376 795 1421 et
823 1365 1120 1431 ministros,
1153 1365 1243 1434 qui
1270 1363 1425 1418 altari
1450 1371 1504 1419 et
1529 1361 1811 1417 sacrificiis

206 1456 548 1520 deserviunt,
590 1459 827 1529 integros
855 1466 1016 1525 atque
1059 1455 1427 1511 immaculatos
1475 1470 1597 1511 esse
1631 1474 1644 1509 :
1687 1470 1808 1511 cum

205 1547 476 1604 Dominus
508 1549 646 1605 Deus
685 1550 739 1604 in
779 1548 1021 1605 Levitico
1059 1549 1308 1620 loquatur
1342 1556 1399 1605 et
1428 1548 1569 1604 dicat
1602 1566 1615 1602 :
1643 1546 1810 1602 Homo

201 1642 262 1696 in
290 1658 393 1714 quo
411 1642 565 1712 fuerit
592 1643 796 1698 macula
816 1652 864 1697 et
883 1642 1079 1709 citium,
1108 1659 1212 1697 non
1240 1641 1443 1696 accedet
1461 1638 1645 1709 olferre
1673 1640 1810 1696 dona

201 1732 323 1790 Deo
351 1734 538 1808 (Leuit.
573 1751 689 1799 nt,
719 1733 851 1805 2i);
898 1736 1022 1790 item
1056 1735 1109 1790 in
1140 1733 1330 1790 Exodo
1384 1732 1572 1789 eadem
1623 1733 1812 1804 praeci-

1914 517 2013 585 Qui
2069 518 2171 573 etsi
2230 518 2329 587 ipsi
2378 516 2717 587 postmodum
2770 513 2836 569 ad
2885 511 3186 569 Ecclesium
3242 511 3504 579 redeunt,

1915 612 2199 667 restituere
2250 620 2428 666 tamen
2473 626 2567 665 eos
2596 618 2650 664 et
2696 623 2879 663 secum
2920 621 3175 661 revocare
3217 621 3322 661 non
3384 619 3510 673 pos-

1916 713 2077 769 sunt,
2128 706 2214 775 qui
2265 705 2332 758 ab
2379 704 2458 759 eis
2504 704 2710 760 seducti
2763 712 2816 757 et
2865 700 2993 756 foris
3040 708 3212 755 morte
3255 698 3512 769 praeventi

1916 807 2064 852 extra
2109 797 2406 853 Ecclesiam
2461 799 2577 853 sine
2629 794 3118 852 communicatione
3160 805 3215 848 et
3260 808 3389 863 pace
3421 806 3513 861 pe-

1914 891 2124 946 rierunt
2158 906 2170 943 :
2215 906 2442 961 quorum
2487 891 2679 944 animze
2719 890 2769 943 in
2816 888 2903 944 die
2948 887 3133 957 judicii
3168 886 3236 941 de
3265 887 3509 956 ipsorum

1915 986 2162 1040 manibus
2186 996 2521 1051 expetentur,
2543 987 2628 1055 qui
2653 982 2969 1055 perditionis
2994 993 3240 1037 auctores
3269 989 3321 1035 et
3347 978 3513 1034 duces

1915 1079 2238 1134 exstiterunt
2265 1079 2328 1133 Et
2345 1078 2542 1134 idcirco
2560 1079 2689 1134 satis
2702 1088 2783 1132 est
2803 1077 2993 1132 talibus
3014 1073 3409 1131 revertentibus
3426 1087 3513 1128 ve-

1915 1172 2056 1227 niam
2074 1172 2185 1226 dari
2214 1190 2227 1227 :
2253 1171 2366 1227 Non
2380 1180 2554 1226 tamen
2573 1171 2729 1227 debet
2749 1171 2798 1224 in
2814 1170 2978 1224 domo
2996 1167 3116 1223 fidei
3143 1165 3360 1237 perﬁdia
3384 1180 3510 1234 pro-

1913 1264 2139 1320 moveri.
2163 1263 2295 1320 Nam
2324 1262 2448 1334 quid
2482 1264 2633 1318 bonis
2657 1271 2711 1317 ct
2738 1260 3113 1316 innocentibus
3136 1269 3295 1331 atque
3314 1257 3380 1312 ah
3407 1256 3512 1315 Ec-

1912 1357 2075 1411 clesia
2100 1371 2203 1412 non
2226 1356 2600 1412 recedentibus
2625 1369 2980 1420 reservamus,
3001 1353 3044 1406 si
3067 1366 3161 1407 eos
3184 1352 3272 1422 qui
3298 1366 3328 1405 a
3358 1348 3515 1405 nobis

1911 1451 2253 1513 recesserint,
2275 1458 2329 1504 et
2347 1460 2530 1504 contra
2548 1448 2836 1505 Ecclesium
2860 1446 3125 1511 steterint,
3150 1442 3513 1499 honoramus?

1987 1546 2070 1603 lll.
2118 1546 2242 1601 llmc
2273 1532 2749 1601 adcouscieutiam
2783 1554 2951 1609 tuam,
2978 1538 3145 1595 frater
3171 1537 3509 1603 charissime,

1911 1649 1967 1695 et
2014 1655 2111 1710 pro
2143 1637 2350 1694 honore
2397 1638 2668 1692 communi
2710 1644 2765 1691 et
2815 1650 2913 1706 pro
2952 1634 3180 1705 simplici
3220 1631 3511 1687 dilectione

1910 1735 2247 1806 pertulimus,
2302 1732 2585 1788 credentes
2611 1732 2772 1787 etiam
2806 1731 2897 1785 tibi
2933 1744 3028 1799 pro
3054 1726 3323 1799 religionis
3351 1736 3454 1781 tuac
3480 1723 3509 1763 δ

197 1830 320 1899 piat
343 1838 400 1884 et
422 1828 603 1886 dicat:
643 1828 709 1884 Et
728 1827 1018 1885 sacerdotes
1050 1829 1139 1898 qui
1160 1827 1404 1883 accedunt
1429 1826 1497 1881 ad
1530 1824 1810 1880 Dominum
1839 1835 1887 1895 Β
1913 1837 1969 1884 et
2014 1827 2135 1883 ﬁdei
2189 1825 2415 1882 veritate
2444 1825 2679 1895 placere.
2710 1839 2830 1894 quae
2855 1832 2912 1879 et
2954 1821 3202 1892 religiosa
3234 1819 3432 1888 pariter
3456 1826 3515 1872 et

201 1921 400 1988 Deum,
444 1922 848 1992 sanctiﬁcentur,
880 1938 943 1976 ne
969 1925 1101 1992 forte
1137 1920 1459 1990 derelinquat
1485 1919 1603 1974 illos
1633 1918 1811 1972 Denti-

196 2031 302 2070 nus
332 2012 469 2069 Deus
491 2012 687 2089 (Exod.
715 2029 836 2079 XIX,
856 2013 930 2067 9.2
949 2011 1007 2085 );
1052 2024 1106 2068 et
1139 2014 1330 2069 iterum
1359 2030 1372 2066 :
1399 2011 1467 2067 Et
1512 2028 1627 2065 cum
1671 2028 1810 2065 acce-

198 2108 335 2162 dunt
364 2106 658 2160 ministrare
687 2106 757 2159 ad
800 2105 964 2160 altare
1009 2104 1212 2167 Sancti,
1259 2120 1362 2159 non
1390 2104 1646 2159 adducent
1685 2105 1736 2159 in
1760 2122 1813 2159 se

197 2199 472 2265 delictum,
502 2214 564 2253 ne
593 2199 876 2252 moriantur
905 2196 1099 2269 (Exod.
1134 2211 1325 2261 xxvttt,
1348 2196 1462 2263 45).
1534 2196 1685 2264 Quod
1717 2211 1813 2251 au-

196 2304 315 2351 tem
344 2294 523 2364 majus
553 2301 726 2365 potest
750 2307 871 2348 esse
899 2291 1180 2354 delictum,
1210 2299 1303 2345 aut
1328 2305 1448 2361 qua:
1476 2291 1678 2362 macula
1720 2291 1814 2347 de-

195 2387 452 2454 formior,
496 2400 655 2457 quam
700 2385 958 2441 adversus
1014 2383 1287 2440 Christum
1338 2385 1583 2451 stetisse,
1649 2400 1810 2455 quant

195 2480 504 2536 Ecclesiam
551 2479 691 2550 ejus,
730 2494 893 2550 quam
930 2478 1019 2534 ille
1054 2479 1309 2548 sanguine
1364 2492 1464 2532 suo
1527 2478 1726 2548 paravit
1758 2488 1814 2535 et

202 2571 473 2638 condidit,
525 2571 833 2642 dissipasse,
885 2586 1043 2640 quam
1078 2570 1397 2640 evangelicae
1452 2571 1595 2638 pacis
1631 2587 1694 2626 ac
1730 2571 1812 2625 di—

196 2665 464 2722 lectionis
508 2665 760 2731 oblitum,
806 2674 997 2720 contra
1041 2665 1346 2720 unanimem
1394 2674 1449 2719 et
1491 2667 1812 2723 concordem

1915 1937 2043 1978 vera
2064 1930 2208 1976 sunt.
2232 1920 2500 1976 Caeterum
2528 1921 2728 1975 scimus
2757 1918 3016 1990 quosdam
3044 1915 3186 1988 quod
3209 1914 3375 1971 semel
3412 1914 3511 1971 im-

1917 2014 2152 2070 biberint
2182 2014 2323 2068 nolle
2348 2013 2635 2084 deponere,
2668 2027 2766 2068 nec
2797 2012 3130 2083 propositum
3162 2025 3314 2064 suum
3346 2008 3503 2065 facile

1918 2120 2148 2174 mutare,
2195 2107 2287 2163 sed
2316 2108 2465 2163 salvo
2491 2109 2630 2164 inter
2669 2107 2904 2177 collegas
2945 2105 3092 2175 pacis
3118 2114 3174 2160 et
3200 2104 3506 2160 concordia:

1916 2202 2150 2263 vinculo,
2171 2200 2414 2270 qua-dam
2434 2201 2646 2272 propria
2669 2216 2787 2271 qum
2810 2198 2949 2270 apud
2970 2213 3029 2254 se
3050 2198 3215 2254 semel
3227 2197 3333 2253 sint
3348 2213 3508 2252 usur-

1919 2304 2038 2366 pata
2062 2294 2437 2361 retinere.Qua
2465 2294 2517 2347 in
2546 2309 2602 2348 re
2619 2304 2639 2331 ε
2667 2308 2764 2347 nec
2782 2308 2875 2346 nos
2895 2292 2998 2347 vim
3017 2292 3262 2362 cuiquam
3288 2290 3511 2347 facimus
3578 2297 3582 2300 ⁴

1918 2401 2005 2443 aut
2023 2389 2193 2458 legem
2209 2386 2417 2451 damus,
2433 2403 2554 2442 cum
2576 2386 2769 2442 habeat
2784 2385 2811 2422 ἀ
2826 2388 2877 2440 in
2898 2386 3151 2441 Ecclesia:
3167 2384 3510 2439 administra-

1920 2483 2066 2538 tione
2089 2482 2379 2537 voluntatis
2407 2497 2520 2536 suaz
2546 2480 2825 2536 arbitrium
2841 2480 3066 2535 liberum
3088 2493 3223 2534 unus
3241 2478 3466 2548 quisque
3485 2486 3508 2514 ο

1916 2576 2255 2646 praepositus,
2284 2574 2545 2629 rationem
2596 2584 2746 2629 actus
2782 2574 2866 2629 sui
2898 2574 3124 2627 Domino
3177 2570 3505 2627 redditurus.

1921 2668 1941 2706 ί
1966 2669 2224 2736 Optamus
2255 2679 2328 2736 te,
2356 2668 2521 2725 frater
2546 2668 2882 2734 cbarissime,
2903 2681 3116 2738 semper
3146 2666 3284 2721 bene
3310 2666 3507 2720 valere.

1441 2756 1734 2814 LECTIUN
1744 2760 1822 2816 ES
1852 2758 2264 2818 VARIAN'I‘ES.

264 2854 295 2884 ⁸
330 2850 650 2903 Οαιΐεεεὶοηθ
671 2859 724 2902 et
742 2851 1025 2903 conditione
1051 2851 1184 2902 Lam.
1213 2850 1354 2903 Ebur.
1382 2851 1512 2903 Bod.
1538 2851 1586 2902 2.
1616 2852 1723 2904 NG.
1758 2854 1803 2902 l.

265 2914 297 2953 ι)
338 2914 598 2953 ηριίυεηηρ
619 2921 701 2953 mn
734 2916 857 2953 rm.
890 2914 1028 2953 nam.
1065 2913 1183 2953 le-
1210 2914 1259 2953 9-

268 2914 297 2953 ι)
334 2914 598 2978 Religione
619 2921 703 2965 tua
728 2916 861 2965 Lam
887 2914 1030 2985 liber.
1060 2913 1184 2965 Bod.
1210 2914 1260 2963 2.

268 2982 293 3012 ο
334 2977 445 3041 Qua
467 2986 515 3028 tn
539 2991 596 3029 re
619 2991 716 3028 uon
740 2979 837 3029 vim
864 2980 1064 3029 Hieron.

1978 2856 2007 2931 ξ
2042 2856 2168 2931 Quin
2194 2857 2376 2931 lia-heat
2399 2854 2606 2931 flictus}:

1982 2922 2007 2951 θ
2044 2919 2390 2982 Unusquisque.
2414 2921 2503 2969 tibi
2526 2919 2727 2970 Hieron.

1980 2979 2003 3018 ί
2032 2982 2161 3047 Opto
2192 2983 2387 3047 Aliquot
2410 2997 2523 3035 mss.

1536 3086 1894 3145 VARIORUM
1931 3088 2160 3146 NOTAE.

194 3206 477 3271 nonnulli,
513 3215 634 3274 pttta
661 3205 945 3263 Novatiani
973 3203 1195 3275 Niceno
1235 3218 1440 3275 canone
1464 3203 1521 3263 8.
1553 3214 1608 3257 ut
1636 3204 1797 3259 lnno-
1824 3205 1870 3267 C
1979 3204 2129 3269 Quod
2179 3208 2334 3260 semel
2385 3205 2690 3260 imbiberint.
2733 3206 2906 3275 Epist.
2959 3205 3025 3260 ad
3075 3205 3259 3273 Quint.
3311 3204 3509 3265 Debere

192 3282 419 3335 centius
450 3272 735 3334 inlaudata
763 3278 1015 3347 epistola,
1045 3274 1212 3347 n.;lO,
1244 3272 1554 3347 fatetur.ac
1572 3276 1800 3331 subinde

198 3352 503 3406 Donatista:
545 3360 639 3405 aut
682 3346 811 3405 aliii
850 3361 909 3403 ut
962 3359 1081 3416 post
1120 3346 1352 3416 reditum
1384 3346 1797 3409 ordinarentur,

192 3438 471 3489 nusquam
491 3431 574 3477 est
595 3429 945 3491 pra-ceptum.
965 3415 1139 3473 ’lmmo
1154 3415 1286 3469 Cod.
1321 3434 1443 3474 can.
1465 3419 1599 3474 eccl.
1632 3421 1795 3474 Atrio.

192 3509 256 3550 c.
289 3492 385 3553 48,
426 3493 828 3548 reordinationes
867 3507 971 3546 non
999 3502 1156 3547 secus
1181 3499 1341 3555 atque
1382 3492 1801 3560 rebaptizationes

194 3566 584 3638 prohibentur.
613 3566 915 3638 Cousrsrtr
948 3563 1013 3638 Et
1043 3564 1088 3617 si
1115 3559 1307 3638 vitiosa
1330 3573 1413 3616 cst
1438 3559 1628 3638 oratio,
1660 3573 1794 3618 ut...

194 3634 293 3691 eos
334 3652 563 3708 quoque,
608 3639 777 3708 ipsam
823 3635 1215 3691 sollicitandam
1240 3645 1444 3708 flamen
1477 3634 1616 3688 haud
1648 3644 1796 3703 ptttu.

195 3707 671 3765 Ponitur-interea
694 3708 829 3778 siquti
857 3723 953 3778 pro
978 3708 1178 3779 quique.
1229 3707 1446 3763 Rou'rn.

277 3779 543 3835 Divinum.
602 3776 905 3836 Tres'libri
955 3776 1163 3835 veteres
1220 3781 1416 3834 habent
1453 3776 1794 3832 individuum.

1329 3850 1615 3905 BALUZIUS.

282 3923 640 3979 Ordinationis
668 3935 715 3979 et
757 3924 962 3979 honoris
1009 3941 1174 3978 arma.
1229 3924 1384 3977 Arma
1428 3932 1545 3974 sunt
1603 3923 1795 3974 instru-

194 4005 380 4051 menta
423 3995 692 4067 cujuslibet
736 3997 849 4061 rei,
906 3995 1076 4065 inquit
1122 3995 1342 4050 Servius
1396 3993 1474 4067 ad_
1495 4007 1531 4046 tt
1580 3992 1793 4067 Atlneid.

192 4067 306 4123 Hic
335 4081 465 4123 vero
481 4065 615 4121 sunt
652 4067 875 4133 insignia
903 4068 1015 4120 sive
1057 4077 1390 4121 ornamenta.
1441 4065 1800 4131 Quemadmo-

194 4139 337 4194 dum
366 4148 423 4212 et
450 4135 720 4212 Homerus
737 4138 886 4202 dixit,
922 4135 1152 4212 ᾄπλισθεν
1173 4137 1227 4193 δὲ
1247 4145 1483 4212 γυναῖκες
1500 4178 1516 4201 ,
1543 4146 1593 4187 et
1627 4136 1677 4187 in
1699 4136 1798 4212 cli-

191 4211 324 4284 peis
347 4211 631 4284 illustrium
654 4209 886 4284 virorum
919 4209 1176 4284 descripti
1188 4207 1363 4284 vultus
1388 4207 1798 4284 expressotho-

193 4278 354 4354 iace.
385 4282 542 4334 Arma
571 4281 715 4354 lucis.
744 4279 875 4337 ὅπλα
905 4278 1179 4354 sesama
1210 4280 1366 4335 Rom.
1392 4295 1510 4339 xm,
1540 4279 1624 4332 l2.
1644 4278 1794 4354 Snid.

196 4351 341 4409 ὅπλα
362 4354 545 4427 φωτός.
572 4352 599 4408 ὁ
642 4349 1031 4427 ᾇπὸπτολοξμὶ
1068 4361 1167 4408 τῶν
1188 4356 1389 4427 λάρετῶῖ
1417 4354 1674 4427 ἐργασίαι.
1709 4349 1801 4403 Rt-

197 4423 534 4480 oAL'r.'—.\t
548 4425 793 4478 conferas
812 4440 931 4492 quin:
955 4423 1119 4478 habes
1135 4424 1201 4477 ad
1220 4428 1336 4486 (lin.
1362 4423 1415 4481 6.
1434 4423 1554 4492 pag.
1571 4436 1800 4489 sequen-

196 4495 324 4567 tis).
355 4494 507 4563 Quod
534 4504 702 4548 autem
732 4497 900 4566 majus
930 4506 1093 4563 potest
1121 4512 1229 4550 esse
1252 4494 1586 4549 delictum....
1622 4496 1799 4547 lurore

198 4567 520 4639 pugnasse?
551 4567 756 4621 Roma.
1822 4600 1876 4661 D

283 4637 344 4661 Ι..
382 4637 531 4661 ΑΙ-..-Α
571 4638 683 4661 ΒΔΑ
754 4638 808 4661 1..
841 4636 1071 4661 Ω..-1--Ξ-
1126 4639 1218 4661 “-Ξ
1290 4651 1399 4661 ..μμ
1430 4644 1508 4661 Α...
1556 4635 1790 4661 “Asella...

274 4635 347 4693 In
379 4637 533 4693 domo
562 4638 700 4708 ﬁdei.
754 4638 809 4692 In
839 4636 1075 4693 Ecclesia
1126 4639 1241 4700 Dei,
1285 4651 1402 4708 qum
1428 4644 1511 4690 est
1556 4635 1791 4690 fidelium

155 4766 159 4769 τ
199 4721 402 4769 mater.
439 4710 589 4767 Unde
632 4719 689 4764 et
734 4712 992 4763 domestici
1024 4710 1176 4777 ﬁdei.
1205 4714 1376 4766 οἰκεῖοι
1418 4717 1504 4769 τῆς
1535 4711 1790 4773 πίστεως,

199 4785 271 4839 ad
327 4781 448 4839 Gal.
484 4798 575 4847 vi,
621 4782 711 4852 qui
759 4792 884 4835 sunt
933 4782 1000 4835 de
1044 4781 1242 4837 familia
1289 4782 1432 4835 tidei.
1470 4781 1692 4834 ΒιαΑιτ.
1724 4808 1796 4819 ——

201 4855 380 4911 Porro
415 4864 560 4908 notat
608 4854 874 4921 interpres
930 4854 1219 4922 Anglicus,
1266 4854 1541 4923 perﬁdiam
1593 4852 1794 4905 idcirco

201 4925 485 4994 appellare
503 4924 827 4996 Cyprianum
854 4925 1225 4980 ltzcreticorum
1248 4922 1303 4979 et
1325 4922 1792 4996 schismaticoruut

202 4996 387 5050 scelus
406 4995 601 5060 solere,
630 4997 771 5065 quod
805 4996 965 5050 iidem
997 4997 1259 5054 homines.
1286 4995 1791 5065 maxitnesacerdo-

204 5077 322 5127 tes.
354 5064 700 5122 commissam
748 5082 860 5121 rem
891 5067 991 5122 sibi
1023 5068 1090 5120 ab
1123 5068 1361 5122 Ecclesia
1403 5064 1792 5135 prodidissent.

280 5137 349 5191 Et
399 5149 575 5192 contra
621 5136 901 5192 Ecclesium
957 5139 1202 5195 steterint.
1272 5137 1374 5192 ista
1425 5138 1664 5191 imitatus
1713 5146 1797 5191 est

205 5209 496 5280 Anselmus
546 5210 826 5278 episcopus
878 5210 1322 5280 Havelbergensis
1394 5209 1444 5262 in
1504 5218 1649 5263 tomo
1704 5223 1796 5262 xm

205 5279 494 5352 Spicilegii
508 5281 850 5352 (Dacheriani,
880 5296 1001 5352 pag.
1020 5279 1365 5336 ΞυξξΒΑιυι.

280 5349 453 5407 ΙΙΙ.-ῖ-
473 5351 595 5406 Haec
610 5352 678 5403 ad
700 5349 1059 5406 conscientiam
1085 5362 1241 5407 tuam.
1268 5352 1347 5407 Ex
1366 5349 1448 5404 his
1468 5350 1646 5405 verbis
1667 5351 1794 5405 llic-

205 5438 471 5495 ronymus
497 5425 566 5477 ad
589 5422 944 5493 Luciferianos
972 5424 1295 5490 observavit,
1327 5427 1537 5478 beatum
1566 5422 1794 5493 Cypria-

206 5494 337 5549 num
360 5497 478 5550 hmo
497 5510 602 5549 non
620 5513 739 5550 cum
765 5495 1105 5550 anathemate
1122 5512 1328 5557 eorum,
1354 5494 1516 5563 quise
1532 5496 1679 5562 sequi
1702 5509 1794 5546 no-

206 5567 455 5628 luerant,
487 5566 722 5622 edidisse
751 5586 764 5620 :
796 5567 1059 5637 siquidem
1090 5566 1141 5621 in
1169 5566 1566 5628 eottttnunione,
1594 5566 1790 5637 inquit,

209 5652 397 5693 eorum
432 5640 746 5709 permansit.
778 5636 871 5709 qui
914 5638 1193 5693 sententia:
1236 5653 1348 5709 sine
1398 5636 1793 5699 contraieraut,

210 5709 307 5765 scd
332 5708 602 5764 hortatum
626 5708 809 5778 potius
824 5711 1010 5777 fuisse,
1032 5718 1252 5782 propter
1276 5708 1561 5782 Novatum,
1590 5709 1796 5782 etalias

213 5790 341 5837 tunc
372 5785 608 5837 haereses
635 5783 830 5836 inultas
848 5778 1187 5846 enascentes,
1222 5796 1290 5835 ne
1318 5781 1599 5850 quisquam
1624 5778 1691 5831 ab
1712 5792 1796 5844 eo,

213 5851 333 5910 sine
360 5853 706 5912 damnatione
732 5854 932 5912 erroris
956 5854 1069 5920 sui,
1101 5854 1454 5925 reciperetur.
1485 5850 1794 5907 BIGAL'I'IUS.

1505 6092 1534 6109 ,Ι

1905 3292 2349 3348 unumquemque,
2394 3295 2495 3332 non
2542 3295 2633 3344 pro
2677 3295 2736 3332 eo
2775 3278 2911 3347 quod
2956 3280 3111 3333 semel
3154 3278 3416 3333 imbiberat
3460 3292 3507 3337 et

1903 3350 2120 3411 tenebat,
2164 3350 2492 3416 pertinaciter
2535 3350 2777 3420 congredi
2800 3366 2819 3411 ;
2862 3353 2950 3404 sed
2988 3351 3032 3405 si
3077 3350 3201 3416 quid
3247 3351 3426 3407 melius
3460 3363 3506 3408 et

1904 3422 2081 3476 utilius
2106 3422 2375 3486 exstiterit,
2400 3420 2613 3475 libenter
2651 3422 2909 3492 amplecti.
2946 3421 3255 3479 lltcALrttts.
3276 3452 3347 3463 --
3376 3424 3506 3480 Per-

1905 3492 2077 3564 tinent
2132 3493 2248 3547 haec
2297 3493 2364 3547 ad
2424 3493 2743 3564 sententiam
2800 3493 2944 3548 illam
2990 3495 3277 3548 contrarim
3334 3497 3503 3564 partis

1903 3563 1973 3618 de
2023 3566 2399 3620 haereticorum
2450 3563 2755 3631 Baptismo;
2830 3565 3081 3620 conferas
3148 3563 3343 3620 etiam,
3383 3582 3503 3635 quae

1903 3635 1956 3689 in
1996 3637 2129 3690 actis
2182 3636 2373 3707 synodi
2422 3639 2667 3705 proxime
2693 3638 2969 3706 sequentis
3015 3646 3300 3705 ponuntur.
3334 3637 3503 3694 Porro

1902 3708 2106 3781 colligit
2148 3724 2216 3763 ex
2251 3708 2461 3781 verbis,
2519 3724 2640 3777 qua:
2692 3724 2815 3762 mox
2865 3722 3183 3778 sequuntur,
3246 3710 3502 3781 Anglicus

1903 3778 2212 3852 interpres,
2240 3780 2517 3833 censuisse
2560 3794 2748 3834 omnes
2794 3791 2988 3847 praeter
3021 3778 3351 3849 Stephanum
3381 3784 3501 3852 epi-

1905 3864 2100 3918 sc0pos
2147 3851 2397 3906 ﬁdelibus
2449 3852 2610 3906 licere
2661 3853 2728 3906 de
2777 3867 2836 3906 re
2868 3852 2953 3905 illa
2985 3861 3331 3906 controversa
3362 3851 3501 3910 inter

1903 3934 1963 3975 se
2011 3922 2314 3984 dissentire,
2365 3938 2483 3991 qum
2527 3924 2592 3975 ad
2624 3922 2960 3987 disciplinam
3015 3924 3183 3992 magis
3235 3939 3393 3992 quam
3429 3925 3496 3980 ad

1904 3993 2063 4048 ﬁdem
2094 3995 2360 4062 pertint-rc
2404 3992 2697 4049 videretur.
2735 3994 2985 4049 Fortasse
3027 4004 3205 4047 autem
3246 3996 3313 4049 de
3351 3995 3498 4052 Afris

1902 4066 2242 4132 quibusdam,
2277 4080 2379 4119 n0u
2406 4066 2471 4118 de
2499 4064 2833 4134 alienigenis.
2868 4068 2982 4119 lucc
3011 4065 3264 4120 dixerunt
3295 4084 3497 4135 prresu-

1902 4135 2022 4201 les,
2075 4138 2361 4191 nonnullos
2415 4135 2556 4190 enim
2598 4137 2756 4192 Afros
2798 4137 2866 4192 de
2912 4153 2968 4190 re
3024 4136 3182 4191 aliter
3227 4139 3498 4205 judicassc

1900 4222 2058 4277 quant
2107 4208 2734 4280 Cyprianumsuosque,
2757 4206 3082 4280 Cyprianum
3119 4211 3398 4265 certiorem
3430 4212 3498 4267 fe-

1901 4289 2046 4334 cerat
2085 4280 2309 4347 Quintm
2332 4282 2382 4332 in
2414 4279 2726 4333 Mauritania
2759 4281 3062 4349 OpiSCOpUS.
3090 4291 3146 4332 ut
3175 4296 3239 4336 ex
3270 4284 3495 4348 epistola

1904 4352 2071 4418 ipsius
2097 4352 2345 4423 Cypriani
2374 4352 2437 4403 ad
2470 4351 2717 4423 eumdem
2745 4351 2998 4417 Quintum
3021 4360 3252 4406 constat.
3286 4354 3493 4409 Roma.

1901 4451 1975 4462 —-
1993 4420 2151 4489 Quod
2170 4423 2323 4476 semel
2346 4422 2649 4475 imbiberint.
2670 4420 2860 4477 Cicero
2879 4424 2971 4476 lib.
2994 4438 3044 4476 tv
3067 4426 3495 4480 academicarutn

1902 4492 2268 4561 Qumstionum
2292 4534 2308 4553 ,
2351 4508 2472 4559 Cap.
2504 4495 2575 4548 ὃς
2626 4494 2733 4549 Sed
2776 4496 2944 4548 nescio
2982 4495 3233 4565 quomodo
3272 4498 3499 4566 plerique

1902 4580 2074 4618 errare
2116 4566 2310 4620 malunt
2351 4581 2560 4633 eamque
2602 4567 2900 4620 sententiam
2944 4583 3095 4636 quant
3133 4568 3497 4622 adornaverant

1904 4637 2281 4706 pugnacissime
2307 4637 2578 4704 defendere
2603 4655 2755 4707 quam
2784 4638 2894 4691 sine
2921 4638 3198 4707 pertinacia
3226 4639 3347 4708 quid
3374 4655 3493 4693 con-

1898 4708 2206 4779 stantissime
2235 4708 2434 4779 dicatur
2462 4711 2738 4775 exquirere.
2769 4709 3095 4773 Lactantius,
3131 4710 3223 4764 lib.
3256 4725 3341 4772 Ill,
3369 4726 3491 4779 cup.

1898 4778 1969 4832 2i
1994 4797 2006 4832 :
2043 4779 2180 4847 Quid
2209 4778 2376 4833 dicunt
2403 4781 2465 4832 de
2492 4782 2556 4833 iis
2586 4785 2751 4835 nescio
2779 4782 2865 4851 qui
2891 4797 3007 4834 cum
3040 4783 3194 4834 semel
3223 4778 3492 4836 abet-rave-

1897 4851 2000 4923 rint
2022 4891 2038 4916 ,
2077 4861 2363 4923 constanter
2399 4851 2453 4903 in
2489 4853 2704 4906 stultitia
2746 4861 3064 4923 perseverant
3102 4862 3149 4905 et
3186 4858 3327 4907 vanis
3365 4868 3496 4906 vana

1899 4920 2178 4995 defendant
2197 4964 2212 4985 ,
2245 4923 2343 4975 nisi
2371 4923 2506 4992 quod
2534 4940 2619 4977 eos
2648 4920 2901 4977 interdum
2934 4934 3054 4989 puto
3086 4935 3174 4977 aut
3200 4926 3310 4995 joci
3340 4941 3497 4978 causa

1902 4994 2255 5060 philosophari
2292 5002 2379 5046 aut
2431 4996 2702 5061 prudentes
2738 5005 2783 5047 et
2822 4995 2954 5048 scius
3006 4996 3270 5048 mendacia
3321 4996 3496 5066 defen-

1900 5065 2067 5118 denda
2108 5067 2392 5129 suscipere,
2435 5068 2581 5134 quasi
2622 5076 2678 5120 nt
2716 5067 2921 5135 ingenia
2960 5083 3054 5120 sua
3088 5067 3141 5119 in
3171 5068 3318 5122 malis
3346 5065 3495 5121 rebus

1899 5146 2164 5209 exerceant
2201 5137 2278 5209 vel
2304 5146 2584 5209 (astentent.
2621 5136 2819 5192 leius
2845 5137 3223 5209 Calcaguiuus,
3259 5140 3310 5192 in
3352 5138 3492 5193 libro

1898 5208 1966 5260 de
1996 5207 2167 5261 libero
2192 5207 2447 5270 Arbitrio,
2485 5224 2601 5278 ρης.
2629 5212 2764 5263 596;
2797 5210 2893 5261 nisi
2915 5207 3114 5264 tantum
3137 5220 3261 5265 esset
3282 5211 3494 5279 quibus-

1898 5278 2016 5331 dam
2048 5284 2179 5332 male
2212 5281 2488 5346 auspicatis
2525 5281 2740 5348 ingeniis
2775 5282 3101 5344 impudentia:
3139 5292 3191 5335 ut
3231 5278 3331 5335 non
3371 5298 3490 5335 eru-

1898 5350 2101 5403 bescant
2130 5348 2368 5414 explosus
2395 5369 2455 5405 ac
2485 5351 2755 5405 damnatas
2784 5353 2932 5404 etiam
2963 5356 3227 5416 Opiniones
3256 5369 3494 5408 reuocare

1898 5433 2050 5491 atque
2078 5436 2329 5481 asserere,
2362 5438 2463 5474 non
2493 5439 2665 5478 amore
2692 5424 2894 5489 quidem
2923 5427 3178 5487 veritatis,
3212 5429 3302 5479 sed
3328 5436 3499 5480 osten-

1897 5493 2038 5545 tandi
2068 5494 2255 5568 ingenii
2279 5505 2330 5568 Διιι
2357 5495 2625 5568 captanda:
2650 5510 2792 5549 aura!
2829 5498 3089 5565 papularis
3118 5498 3306 5568 gratia.
3344 5498 3493 5551 Cott-

1894 5573 2152 5635 grnenter
2180 5564 2248 5617 ad
2279 5563 2393 5617 haec
2423 5564 2702 5633 Origenes,
2747 5563 2837 5619 lib.
2869 5563 3096 5622 rectura
3119 5563 3350 5622 'tli-lsuni
3370 5612 3382 5633 ,
3420 5570 3498 5624 ait

1904 5637 2191 5712 molestam
2223 5650 2334 5712 rem
2361 5651 2488 5712 esse
2510 5641 2907 5712 contentionem
2941 5642 3371 5712 obstinatamque
3399 5655 3495 5694 vo-

1905 5708 2165 5779 luntatem
2207 5708 2490 5761 resistendi
2521 5709 2681 5762 etiam
2713 5708 3037 5778 manifestis,
3074 5708 3491 5779 pudore'disce-

1901 5778 2060 5833 dendi
2094 5795 2120 5830 a
2151 5780 2419 5851 consuetis
2446 5780 2790 5848 opinioiribus
2816 5783 3009 5851 quibus
3030 5778 3139 5850 jam
3184 5785 3381 5837 imbuta
3411 5791 3497 5851 est

1902 5852 2078 5906 anima
2096 5890 2110 5918 ,
2141 5864 2241 5907 nec
2265 5851 2334 5905 ab
2363 5849 2487 5906 ullis
2515 5848 2995 5925 consuetudinibus
3031 5848 3308 5912 hominem
3348 5848 3499 5909 difli-
