4026 6328
239 323 380 385 1057

1407 326 1720 392 CONCILIA
1758 330 2379 402 CARTIIAGINENSIA.

3326 392 3335 402 ι
3389 355 3530 419 1038

237 440 329 507 ris,
359 450 414 495 ut
443 441 651 514 longum
681 444 820 499 vivas
840 454 1056 516 tempus,
1086 447 1399 512 adiiciantur
1422 455 1574 507 etiam
1598 453 1687 507 tibi
1710 454 1833 507 anui
1858 454 1912 515 Α
1938 456 2139 514 sionem
2155 460 2375 527 faciunt,
2405 461 2506 518 hoc
2524 471 2608 518 est
2629 463 3007 523 schismaticos
3027 469 3398 531 ethtereticos.
3417 476 3530 534 Nisi

237 534 371 589 ciae.
405 534 470 589 Et
492 535 545 590 in
564 534 855 608 Evangelio
877 538 1055 593 divina
1079 557 1174 596 sua
1206 558 1333 598 voce
1362 543 1621 601 Dominus
1649 557 1834 600 noster

238 626 394 684 Jesns
421 628 670 687 Christus
712 632 918 689 locutus
958 644 1043 690 est
1081 636 1304 693 dicens:
1332 637 1451 693 Nisi
1485 642 1598 710 quis
1623 650 1833 712 renatus

234 722 389 791 fuerit
416 738 482 778 ea:
507 740 642 796 aqua
678 734 725 780 et
752 726 954 797 Spiritu
979 745 1080 785 non
1111 741 1271 800 potest
1300 732 1511 788 introire
1537 735 1591 789 in
1620 751 1831 807 regnum

238 814 336 871 Dei
366 815 547 890 (Joan.
577 835 656 887 tu,
685 820 764 892 5).
798 822 893 877 Hic
917 833 1000 879 est
1028 826 1260 897 Spiritus
1287 829 1378 899 qui
1403 831 1472 884 ab
1500 830 1652 885 initio
1682 832 1827 886 tere.

232 907 391 966 batur
428 927 592 983 super
628 929 813 986 aquas.
856 915 1042 987 Neque
1082 920 1225 974 enim
1267 920 1502 991 Spiritus
1528 924 1645 978 sine
1687 938 1823 993 aqua

231 1006 443 1075 operari
464 1017 657 1077 potest,
682 1024 852 1080 neque
871 1027 1005 1083 aqua
1026 1012 1143 1069 sine
1171 1013 1397 1084 Spiritu.
1418 1015 1552 1071 Male
1573 1033 1702 1088 ergo
1722 1017 1825 1072 sibi

231 1098 450 1169 quidam
479 1100 895 1171 interpretantur
920 1114 981 1159 ut
999 1105 1180 1161 dicant
1209 1106 1353 1177 quod
1381 1123 1477 1180 per
1506 1124 1697 1165 manus
1728 1111 1826 1164 itu-

230 1193 551 1262 positiouetn
579 1196 834 1265 Spiritum
873 1209 1114 1255 sanetum
1155 1203 1422 1272 accipiant
1468 1214 1520 1260 et
1563 1207 1641 1260 sic
1687 1206 1823 1261 reci-

228 1285 463 1356 piantur,
482 1303 604 1344 cum
633 1291 973 1348 manifestum
1005 1294 1074 1349 sit
1099 1304 1325 1366 utroque
1350 1297 1699 1354 Sacramenta
1728 1300 1826 1355 de-

228 1378 361 1435 bere
390 1395 485 1436 eos
524 1385 730 1438 renasci
762 1386 814 1440 in
845 1386 1082 1443 Ecclesia
1119 1388 1404 1445 catholica.
1436 1390 1587 1447 Tunc
1624 1394 1825 1463 quippe

231 1483 483 1544 poterunt
504 1477 598 1532 ﬁlii
617 1479 709 1535 Dei
733 1494 876 1548 esse,
901 1481 1114 1540 dicente
1133 1484 1394 1555 Apostolo
1419 1502 1432 1538 :
1456 1485 1703 1543 Curantes
1723 1504 1826 1543 scr-

227 1586 346 1626 vare
363 1574 604 1628 unitatem
632 1574 860 1645 Spiritus
885 1580 939 1633 in
964 1581 1322 1649 coniunctione
1349 1586 1679 1656 pacis,ununt
1700 1604 1821 1640 cor-

226 1674 398 1734 pus,et
426 1683 560 1722 unus
587 1669 838 1738 Spiritus,
871 1673 1004 1727 sicut
1031 1676 1196 1729 uocati
1215 1677 1334 1731 estis
1358 1677 1413 1730 in
1438 1695 1541 1732 una
1560 1696 1652 1748 spe
1673 1695 1819 1733 uoca-

224 1758 376 1813 tionis
392 1770 728 1825 uestrte,unus
746 1762 1015 1831 Dominus,
1042 1783 1147 1821 una
1170 1767 1319 1836 fides,
1348 1785 1505 1823 unum
1529 1769 1814 1840 Baptisma,

1936 563 2064 619 ergo
2090 555 2397 622 acceperint
2423 555 2693 623 Baptisms
2721 558 2956 615 salutare
2984 559 3037 615 in
3068 561 3309 620 Ecclesia
3334 568 3527 623 catho-

1935 643 2054 704 lica.
2085 661 2204 716 qua:
2228 663 2329 703 una
2355 660 2439 704 est
2462 691 2476 715 ,
2506 649 2638 705 salvi
2681 666 2802 709 esse
2827 668 2934 709 non
2963 666 3228 724 possunt,
3274 659 3369 716 sed
3399 676 3524 719 eum

1934 740 2234 795 carnalibus
2259 741 2312 796 in
2335 742 2538 811 judicio
2566 744 2773 800 Domini
2795 746 2998 803 Christi
3027 749 3447 810 damnabuntur.

2002 829 2285 889 Januarius
2302 851 2331 887 a
2351 833 2614 892 Lambese
2626 838 2761 894 dixit
2777 856 2790 893 :
2806 840 3113 898 Secundum
3128 844 3526 915 Scripturarum

1932 933 2235 978 sanctarum
2263 928 2637 984 auctoritatem
2664 930 2900 987 decerno
2922 935 3207 992 haereticos
3229 953 3418 996 omnes
3440 942 3530 996 ba-

1932 1018 2228 1085 ptizandus,
2259 1029 2313 1074 et
2342 1021 2419 1075 sic
2466 1023 2516 1076 in
2547 1024 2838 1080 Ecclesium
2875 1038 3113 1083 sanctam
3141 1031 3525 1093 admittendos.

2002 1110 2197 1165 Lucius
2230 1127 2260 1165 a
2296 1112 2481 1169 Castra
2527 1114 2712 1171 Galba:
2766 1117 2902 1173 dixit
2937 1117 3109 1175 :Cum
3157 1122 3417 1180 Dominus
3468 1128 3526 1184 in

1929 1200 2218 1273 Evangelio
2240 1221 2337 1260 suo
2360 1205 2557 1262 dixerit
2581 1226 2595 1262 :
2629 1206 2728 1263 Vos
2754 1212 2873 1264 estis
2893 1214 2971 1266 sal
2996 1222 3165 1280 teme,
3191 1216 3235 1269 si
3258 1226 3426 1272 autem
3442 1220 3523 1275 sul

1927 1296 2239 1368 infamatum
2277 1300 2462 1369 fuerit,
2492 1300 2545 1354 in
2571 1317 2670 1371 quo
2707 1303 2956 1357 satietur?
2990 1304 3073 1360 Ea:
3097 1323 3157 1361 eo
3194 1308 3265 1361 ad
3307 1310 3525 1367 nihilum

1927 1392 2107 1446 ualebit
2133 1393 2230 1446 nisi
2273 1404 2326 1446 ut
2371 1395 2677 1466 projiciatur
2704 1397 2849 1466 foras
2876 1407 2926 1452 et
2968 1400 3292 1456 conculcetur
3330 1402 3393 1457 ab
3428 1407 3524 1460 Ito-

1926 1486 2142 1540 minibus
2186 1486 2439 1553 (Martia,
2480 1505 2533 1557 ν,
2583 1490 2725 1561 13);
2781 1499 2835 1547 et
2873 1494 3064 1548 iterum
3092 1507 3214 1566 post
3250 1512 3526 1555 resurrec-

1928 1580 2122 1636 tionem
2168 1597 2319 1637 suam
2344 1584 2560 1638 mittens
2589 1585 2881 1653 Apostolos
2904 1603 3051 1657 suos,
3083 1591 3418 1650 mandaverit
3441 1594 3525 1651 di-

1923 1676 2106 1731 dicens
2136 1694 2147 1728 :
2176 1675 2311 1731 Data
2331 1686 2405 1731 est
2427 1678 2552 1731 mitti
2575 1679 2739 1733 omnis
2762 1690 2985 1749 potestas
3010 1683 3062 1736 in
3081 1688 3268 1740 calcet
3292 1688 3345 1742 in
3364 1699 3520 1744 terra.

1922 1767 2021 1834 Ite,
2053 1778 2097 1822 et
2127 1768 2302 1822 docete
2325 1785 2498 1823 omnes
2538 1781 2740 1842 gentes,
2772 1773 3085 1844 baptizantes
3127 1794 3211 1831 eos
3242 1779 3294 1833 in
3321 1782 3525 1838 nomine

220 1864 354 1905 unus
382 1849 517 1907 Deus
549 1852 787 1925 (Ephrem,
817 1872 890 1919 tv,
919 1856 972 1924 5,
1001 1855 1080 1930 4).
1107 1856 1232 1914 Haec
1255 1860 1435 1915 omnia
1462 1862 1705 1919 Ecclesia
1726 1878 1819 1921 ca-
1845 1858 1894 1919 B
1922 1862 2097 1918 Patris
2110 1874 2157 1918 et
2175 1862 2300 1945 Filii
2320 1874 2368 1918 et
2391 1865 3049 1940 Spiritussartcti(Mattlt.,
3073 1887 3265 1940 xxvnt,
3290 1874 3382 1943 18,
3410 1877 3522 1950 19).

221 1941 421 2001 tholica
450 1946 703 2017 loquitur.
743 1949 814 2006 Et
839 1951 1032 2007 iterum
1065 1953 1120 2008 in
1146 1951 1439 2024 Evangelio
1469 1956 1601 2012 dicit
1632 1959 1815 2014 Domi-

219 2051 323 2093 nus
347 2054 361 2093 :
387 2037 538 2105 Quod
561 2052 739 2096 natum
764 2053 837 2098 est
865 2044 930 2098 de
963 2061 1116 2100 carne
1138 2062 1258 2101 caro
1283 2058 1378 2115 est,
1408 2059 1458 2104 et
1480 2051 1617 2121 quod
1641 2063 1818 2107 natum

221 2144 295 2189 est
350 2136 415 2190 de
465 2135 673 2207 Spiritu
696 2138 907 2207 spiritus
948 2149 1071 2207 est;
1108 2142 1228 2214 quia
1270 2142 1405 2198 Deus
1455 2145 1680 2214 Spiritus
1723 2160 1819 2220 est,

218 2237 270 2283 et
295 2228 358 2283 de
380 2227 489 2284 Deo
519 2240 668 2287 natus
694 2243 767 2288 est
789 2231 993 2304 (Joan.,
1026 2250 1104 2303 Ill,
1132 2236 1211 2306 6).
1248 2236 1390 2309 Ergo
1416 2253 1606 2295 omnes
1646 2239 1822 2296 haere-

220 2324 313 2380 tici
337 2332 393 2380 et
413 2323 742 2382 schismatici
768 2329 948 2384 omnia
974 2345 1329 2401 quaecumque
1360 2333 1558 2405 iaciunt
1581 2336 1815 2391 carnalia

220 2425 364 2485 sunt,
413 2417 630 2474 dicente
668 2420 930 2491 Apostolo
969 2439 983 2476 :
1014 2421 1297 2495 Manifesta
1337 2426 1472 2479 enim
1512 2439 1630 2482 sunt
1660 2445 1820 2498 opera

222 2510 412 2577 carnis,
441 2527 555 2581 qua:
582 2522 715 2578 sunt,
745 2504 1122 2584 fornicationes,
1155 2516 1512 2583 immunditiw,
1546 2521 1814 2591 incestum,

220 2604 548 2671 idololatrite,
580 2608 843 2675 ueneﬁcio,
869 2608 1171 2672 inimicitiw,
1200 2614 1497 2679 certamina,
1528 2617 1688 2683 zelus,
1718 2619 1817 2686 ira,

222 2698 493 2754 divisiones
516 2740 531 2765 ,
564 2700 777 2755 htereses
796 2743 811 2765 ,
840 2711 891 2754 et
931 2704 1010 2755 Itis
1049 2702 1273 2769 similia;
1298 2705 1362 2760 de
1387 2707 1569 2776 quibus
1602 2712 1822 2780 praedixi

224 2795 381 2861 nobis,
405 2796 533 2850 sicut
556 2796 798 2866 praedico.
815 2798 1057 2867 quoniam
1073 2799 1377 2870 quicumque
1403 2803 1597 2873 faciunt
1613 2824 1824 2878 regnum

224 2886 322 2945 Dei
342 2907 444 2946 non
464 2891 836 2946 Iuereditabunt
868 2890 1035 2964 (ϐαι,
1054 2909 1109 2958 v,
1134 2894 1221 2957 19,
1244 2894 1337 2960 90,
1356 2895 1472 2965 Si).
1488 2897 1825 2958 Condemnat

225 2982 405 3054 itaque
430 2984 721 3054 Apostolus
748 2999 869 3039 cum
899 2984 1151 3041 omnibus
1175 2987 1330 3042 malis
1370 2998 1426 3045 et
1452 3007 1547 3048 eos
1570 2995 1659 3065 qui
1688 2996 1824 3051 divi-

1921 1959 2056 2015 Cum
2085 1975 2216 2034 ergo
2259 1961 2601 2016 manilestum
2649 1963 2721 2017 sit
2765 1963 3087 2031 haereticos,
3114 1967 3168 2022 id
3209 1977 3296 2024 est
3338 1969 3525 2027 hostes

1924 2052 2155 2119 Christi,
2186 2070 2291 2109 non
2319 2055 2580 2124 integram
2618 2054 2953 2112 Sacramenti
2981 2057 3381 2117 confessionem
3421 2062 3524 2117 ha-

1922 2148 2073 2213 bere,
2103 2150 2231 2206 item
2255 2149 2631 2206 schismaticos
2664 2163 2769 2205 non
2799 2165 2958 2221 posse
2995 2151 3218 2210 condire
3258 2155 3522 2226 sapientia

1923 2244 2187 2313 spiritali,
2216 2257 2338 2298 cum
2380 2243 2481 2313 ipsi
2509 2243 2579 2299 ab
2619 2242 2859 2299 Ecclesia
2885 2284 2902 2311 ,
2934 2260 3056 2314 quas
3096 2261 3200 2301 una
3229 2257 3344 2313 est,
3371 2263 3527 2306 rece-

1923 2338 2102 2395 dendo
2129 2339 2370 2394 infatuati
2388 2338 2642 2393 contrarii
2669 2338 2795 2395 facti
2827 2340 2958 2406 sint,
2983 2339 3078 2396 ﬁat
3098 2342 3237 2398 sicut
3256 2344 3516 2414 scriptum

1923 2442 2027 2500 est,
2058 2433 2252 2487 Domus
2279 2433 2652 2488 contrariorum
2678 2431 2803 2503 legis
2831 2432 2975 2488 debet
3003 2435 3433 2505 emundationem,
3462 2448 3518 2496 et

1924 2545 2263 2600 consequens
2284 2539 2365 2585 est
2394 2546 2491 2585 eos
2511 2530 2600 2601 qui
2629 2544 2660 2583 a
2680 2529 2969 2585 contrariis
2991 2529 3245 2603 baptizati
3266 2533 3529 2605 inquinati

1923 2635 2049 2680 sunt
2075 2624 2247 2695 primo
2275 2624 2489 2695 purgari
2510 2633 2564 2678 et
2587 2634 2711 2679 tunc
2738 2623 2955 2678 demum
2982 2624 3259 2694 baptizari.

1996 2719 2260 2775 Crescens
2288 2734 2318 2774 a
2346 2719 2487 2774 Cirta
2521 2717 2655 2773 dixit
2684 2736 2696 2772 :
2729 2717 2785 2772 In
2816 2726 2962 2773 tanto
2983 2727 3124 2775 coetu
3150 2721 3518 2778 sanctissimo-

1927 2831 2045 2870 rum
2067 2812 2537 2878 consacerdomm,
2585 2812 2738 2867 lectis
2760 2810 2954 2868 litteris
2980 2813 3233 2884 Cypriani
3277 2813 3525 2872 dilectis-

1928 2907 2050 2964 simi
2103 2906 2275 2963 nostri
2317 2905 2384 2961 ad
2412 2905 2754 2972 Jubaianum,
2802 2904 3038 2978 itemque
3064 2907 3132 2963 ad
3161 2908 3515 2981 Stephanum,

1571 3136 1936 3200 VARIORUM
1972 3138 2204 3197 NOTAE.

226 3246 367 3330 intra
406 3248 458 3302 in
501 3246 829 3330 allocutione
880 3247 1063 3330 Sedati
1093 3264 1124 3302 a
1153 3248 1429 3330 Tuburbo,
1479 3268 1532 3323 p.
1565 3255 1822 3330 552,7pro
1848 3261 1892 3324 C
1924 3275 2065 3330 ergo,
2115 3257 2386 3330 etgdocete.
2411 3254 2481 3309 Et
2529 3254 2688 3330 vulgo
2738 3254 2819 3330 sic
2856 3253 3070 3330 legitur
3110 3255 3161 3330 in
3211 3254 3348 3330 Nov.
3382 3256 3524 3315 Test.

226 3322 424 3375 alienus
446 3318 617 3373 codex
641 3317 1169 3383 Gratianoiiolitanus
1196 3322 1356 3379 habet
1375 3317 1661 3381 extraneas.
1680 3317 1815 3386 Βλι..

224 3419 299 3435 --
313 3390 597 3462 Augustini
611 3404 824 3460 quaque
840 3390 1167 3461 redargutio,
1188 3408 1307 3463 quae
1322 3411 1465 3464 saepe
1477 3397 1588 3465 jam
1609 3415 1822 3456 memo-

228 3473 341 3541 rata
373 3472 475 3541 est,
509 3477 693 3541 vocem
716 3477 959 3541 extraneo
980 3476 1244 3541 agnoscut,
1268 3481 1593 3541 quamquam
1625 3474 1678 3525 in
1702 3474 1820 3541 ipso

226 3534 482 3613 sull‘ragio
499 3533 1129 3613 ﬁalterurnuvocahulum
1180 3533 1410 3605 positum
1453 3533 1628 3597 habes
1675 3533 1816 3613 apud

227 3607 476 3662 eumdem
498 3606 733 3680 Patrem.
760 3605 1066 3680 Musaquas
1092 3623 1189 3677 pro
1210 3624 1415 3675 aquam,
1448 3627 1567 3680 qua:
1589 3605 1817 3672 caetero-

229 3695 346 3735 rum
374 3687 458 3735 est
485 3678 770 3747 scriptura,
804 3677 1057 3733 Baluzius
1087 3680 1283 3747 posuit.
1313 3677 1525 3737 Roma.

304 3774 441 3840 Quia
469 3771 608 3827 Deus
646 3771 894 3842 Spiritus.
923 3781 1025 3827 etc.
1064 3771 1196 3827 Vide
1241 3774 1433 3829 librum
1465 3776 1646 3831 domui
1677 3779 1817 3835 Petri

229 3848 509 3915 Constant.
532 3844 587 3899 in
614 3859 721 3915 quo
754 3844 1143 3915 conﬁrmantur
1181 3844 1426 3900 vindiciae
1451 3857 1690 3903 veterum
1722 3867 1817 3906 co-

229 3914 514 3990 dicum,)i.
635 3913 761 3990 ’(_5_‘2.
786 3913 899 3990 55).
920 3915 1048 3990 BAL.
1075 3918 1283 3990 -—“Agit
1311 3916 1508 3973 Mtllius
1534 3936 1744 3990 quoque
1765 3924 1816 3978 in

227 3988 524 4060 Appendice
545 3987 612 4039 ad
656 3984 823 4039 Notas
851 3987 904 4060 in
948 3985 1087 4041 Test.
1120 3984 1237 4041 Non
1263 4028 1277 4051 ,
1315 4005 1363 4055 ιι.
1392 3991 1453 4045 51
1492 3984 1580 4044 ed.
1609 3984 1814 4058 Diom,

227 4058 296 4118 de
316 4058 427 4115 hoc
452 4059 765 4135 Latinorum
798 4058 1182 4131 additamento,
1222 4060 1346 4135 quia
1398 4060 1536 4135 Deus
1590 4064 1815 4135 Spiritus

228 4144 323 4195 est.
354 4143 400 4188 et
427 4132 491 4187 de
521 4130 626 4184 Deo
671 4141 821 4183 natus
850 4130 921 4183 est
948 4146 966 4192 ;
996 4147 1114 4196 qua:
1145 4131 1359 4198 quidem
1389 4130 1647 4194 clausula,
1680 4146 1725 4190 et
1754 4153 1817 4191 ea:

227 4205 341 4261 Deo
363 4214 513 4259 natus
542 4213 636 4268 est,
666 4202 717 4253 in
746 4202 1119 4274 antiquissimo
1144 4204 1266 4257 cod.
1298 4203 1574 4274 Evangelii
1605 4206 1816 4274 Latino,

229 4278 322 4348 qtti
368 4274 614 4348 biblioth.
650 4273 957 4348 Eodleianre
979 4282 1062 4326 est
1093 4314 1108 4339 ,
1136 4274 1369 4348 additur.
1399 4273 1662 4332 Caeterum
1699 4274 1819 4334 Fel-

229 4345 315 4404 lus
346 4349 484 4403 istud
503 4360 548 4401 et
574 4346 637 4399 de
661 4345 765 4398 Deo
793 4356 944 4399 tratus
960 4357 1032 4399 est
1063 4347 1302 4415 cxpooit.
1336 4359 1382 4400 et
1420 4358 1570 4401 natus
1601 4351 1664 4403 de
1694 4349 1820 4413 Spi-

228 4423 355 4482 ritu.
388 4420 451 4474 de
473 4419 581 4473 Deo
608 4427 755 4470 natus
778 4428 868 4472 est.
897 4417 1106 4489 De_quo
1134 4428 1310 4472 tamen
1345 4419 1820 4489 interpretameuto

231 4492 349 4547 haec
376 4492 593 4547 adnotat
625 4489 871 4564 Maranus
892 4487 1370 4564 irt__l’rw[ationerrd
1396 4487 1733 4562 Cyprianum.
1766 4510 1815 4564 p.

231 4565 325 4620 56.
349 4582 368 4616 ι
399 4563 575 4618 Minos
591 4561 874 4615 Commode
900 4559 1075 4615 editor
1095 4560 1418 4615 Oxonieusis
1438 4559 1597 4624 illud.
1624 4563 1686 4617 de
1714 4559 1823 4620 Deo

232 4645 382 4690 natus
411 4644 503 4703 est,
534 4635 613 4688 sic
653 4633 904 4699 explicat,
934 4644 1087 4685 natus
1110 4633 1176 4686 de
1204 4632 1403 4701 Spiritu
1430 4634 1499 4687 de
1534 4635 1644 4688 Deo
1668 4646 1824 4690 natus

231 4717 339 4762 est.
370 4715 438 4761 At
468 4707 649 4761 dicere
701 4702 977 4758 debuisset
1008 4703 1379 4766 Netuesianus,
1411 4706 1474 4759 de
1502 4705 1604 4759 Deo
1650 4718 1826 4763 natum

230 4788 326 4835 est.
357 4778 456 4846 Qui
486 4777 825 4832 mediocriter
853 4776 1113 4831 attendet.
1141 4775 1278 4829 hanc
1312 4775 1469 4846 hujus
1491 4779 1590 4832 ioci
1622 4779 1826 4834 videbit

233 4866 358 4907 esse
408 4851 755 4914 sententiam,
790 4848 932 4920 quod
962 4864 1030 4902 ex
1061 4848 1261 4916 Spiritu
1315 4859 1495 4902 uatum
1522 4859 1625 4916 est,
1657 4850 1825 4920 Spiri-

234 4930 347 4976 tum
376 4937 517 4984 esse,
546 4923 669 4990 quia
712 4919 944 4988 Spiritus
972 4929 1212 4981 sanctus,
1256 4934 1376 4973 cum
1417 4921 1554 4974 Deus
1578 4932 1647 4976 srt
1675 4933 1728 4976 et
1757 4938 1827 4977 ex

235 4993 348 5048 Deo
374 5002 529 5049 natus
556 4994 626 5046 sit
668 4996 787 5047 sive
826 4993 1153 5060 processerit
1207 4990 1349 5063 (hare
1377 4992 1519 5045 enim
1554 4994 1823 5048 interdum

233 5064 377 5120 idem
408 5068 647 5133 sonant),
681 5080 778 5134 pro
808 5078 1013 5118 summa
1045 5078 1137 5116 sua
1172 5074 1435 5132 potestate
1486 5065 1705 5134 spiritus
1734 5081 1827 5120 eos

236 5138 400 5191 ellieit
424 5154 559 5207 quos
587 5133 883 5207 regenerat.
918 5154 936 5186 ι
971 5133 1180 5189 Roum.

310 5206 649 5263 Idololatrite.
686 5206 901 5261 Addidit
940 5222 1123 5259 Vocem
1155 5208 1367 5260 servitus
1396 5206 1617 5261 forsitan
1642 5224 1708 5261 ex
1736 5223 1828 5262 co-

235 5279 451 5336 dicibus
490 5282 600 5336 Suis
641 5278 907 5341 Baluzius,
938 5293 1096 5346 quam
1130 5281 1369 5347 agnoscit
1400 5277 1622 5347 Vulgata
1665 5279 1828 5334 inter-

238 5354 469 5423 pretatio
520 5361 739 5407 vertens
784 5350 1039 5423 idolorum
1065 5351 1296 5423 servitus,
1328 5364 1465 5423 qum‘
1492 5350 1624 5418 ipsa,
1661 5365 1718 5404 ut
1748 5351 1826 5403 ri-

236 5420 416 5490 detur,
445 5424 781 5496 Cyprianica:
826 5421 1071 5478 lectionis
1111 5430 1195 5476 est
1222 5421 1391 5490 origo.
1447 5420 1589 5491 Ergo
1638 5438 1826 5477 vocem

237 5497 419 5551 omisi.
456 5495 665 5550 Reum.

313 5564 578 5646 Lambese.
626 5570 871 5640 Λαμαίσα
914 5564 1026 5646 θίγε
1072 5565 1351 5646 Λαμςαίσα
1401 5563 1538 5646 Ptu‘l.
1568 5563 1827 5646 Numidia:

241 5639 393 5703 urbs,
426 5638 493 5694 de
520 5655 620 5707 qua
673 5634 831 5709 supra
859 5653 925 5693 ex
956 5634 1159 5709 Anton.
1200 5640 1419 5705 insuper
1468 5634 1638 5709 Cypr.
1666 5637 1822 5705 epist.

241 5727 334 5767 ιιι
381 5710 447 5765 ad
494 5710 642 5766 Pam.
699 5707 926 5766 numero
971 5708 1041 5767 55
1084 5708 1512 5765 Lambesitanam
1559 5707 1828 5763 coloniam

239 5781 492 5862 appellat.
526 5781 689 5862 EELL.
740 5853 774 5862 η
916 5852 927 5862 ⁸
1181 5852 1217 5862 λ
1258 5853 1269 5862 _
1347 5852 1357 5862 ,

318 5850 422 5923 Ite,
454 5865 501 5910 et
522 5855 711 5912 docete.
735 5852 929 5912 Cteteri
958 5861 1153 5924 praeter
1181 5852 1452 5910 Baluzium
1483 5851 1681 5909 habent
1709 5870 1719 5904 :
1752 5850 1831 5908 Ite

1928 3321 2053 3387 nam
2081 3328 2260 3385 addita
2291 3339 2373 3383 est
2425 3326 2682 3396 particula
2714 3321 2803 3382 οὖν
2853 3321 3338 3394 ἰηῖξκριηριπίὺυε
3382 3330 3533 3387 Grie-

1926 3406 2004 3459 cis
2035 3400 2334 3471 impressis,
2366 3399 2733 3471 renitentibus
2756 3411 2934 3453 tamen
2965 3400 3214 3471 plurimis
3250 3402 3533 3458 codicibus

1925 3468 2328 3541 manuscriptis.
2377 3472 2496 3525 Mox
2528 3471 2582 3524 in
2626 3468 2898 3541 sull‘ragiis
2944 3468 3011 3526 t'o
3038 3482 3093 3527 et
3117 3472 3190 3526 29
3237 3481 3294 3527 et
3336 3474 3410 3529 35
3438 3475 3532 3531 ubi

1922 3547 2153 3601 aﬂ‘crtur
2183 3544 2352 3624 locus,
2396 3559 2545 3624 erg?“
2563 3543 2718 3624 abet
2745 3558 2759 3604 ;
2792 3542 2936 3598 sicut
2987 3544 3129 3614 apud
3160 3554 3439 3600 auctorem
3469 3546 3533 3602 de
3606 3605 3618 3624 ⁸

1922 3617 2243 3685 Rebaptism.
2268 3619 2333 3668 ad
2360 3631 2410 3685 p.
2441 3614 2567 3669 558.
2601 3613 2813 3669 Bourn.

1996 3684 2192 3743 Domus
2219 3684 2595 3740 contrariorum
2629 3688 2770 3756 legis.
2806 3684 2949 3739 LXX
2989 3685 3189 3742 habent
3230 3689 3383 3745 ὀικίαι
3427 3712 3533 3746 πα-

1923 3764 2160 3836 ρανόμων
2206 3759 2529 3833 ὀφειλήσουσι
2578 3759 2911 3836 καθᾳρισεέιόν.
2950 3756 3172 3814 Hebraea
3226 3768 3342 3814 toto
3392 3761 3535 3818 caelo

1922 3826 2172 3909 ridentur
2201 3826 2423 3908 distare.
2456 3853 2596 3904 DVJK
2963 3849 3069 3905 Nec
3100 3850 3255 3905 facile
3283 3862 3367 3907 est
3395 3867 3529 3907 con-

1915 3946 2125 4016 jectura
2156 3943 2371 4014 assequi
2402 3940 2528 4013 quid
2577 3958 2685 4012 pra:
2720 3942 2893 3997 oculis
2940 3940 3200 3998 haberent
3232 3942 3408 4000 Crteci
3443 3947 3528 4016 in-

1921 4012 2185 4109 terpretes
2207 4080 2221 4105 ,
2269 4012 2370 4093 nisi
2416 4012 2554 4093 forte
2598 4051 2694 4106 per
2735 4052 2975 4093 errorem
3012 4037 3253 4108 legerant
3282 4020 3419 4093 75.18

1918 4137 2060 4187 own
2092 4132 2393 4186 habitacula
2418 4130 2674 4185 derisoris
2702 4130 2753 4184 in
2789 4130 3137 4199 piamentum.
3170 4130 3401 4189 FELLUS.

1999 4204 2179 4258 Primo
2209 4204 2441 4275 purgari.
2477 4203 2729 4275 Anglicus
2756 4204 2829 4255 ait
2858 4204 3204 4275 interpres
3235 4222 3254 4254 ε
3296 4221 3391 4271 per
3421 4220 3534 4275 pm-

1928 4296 1947 4329 ς
1988 4277 2266 4331 nitentium
2293 4274 2413 4346 quas
2439 4274 2640 4343 agenda
2675 4284 2756 4328 est
2783 4283 2905 4346 ante
2932 4274 3314 4346 admissionem
3339 4277 3403 4329 ad
3424 4274 3531 4332 Ec-

1927 4366 1948 4400 ι
1985 4349 2206 4403 clesiatu
2254 4344 2347 4416 per
2376 4346 2731 4420 Baptistuuut.
2775 4365 2792 4397 ι
2828 4344 2934 4420 Sed
2969 4345 3191 4402 forsitan
3225 4348 3530 4420 intelligen-

1922 4421 2021 4474 dus
2052 4429 2135 4473 est
2162 4421 2527 4483 exorcismos,
2561 4419 2648 4487 qui
2680 4421 2729 4471 in
2753 4416 3020 4489 suffragiis
3053 4433 3171 4480 vui.
3203 4431 3255 4474 et
3282 4416 3435 4486 xxxi,
3474 4430 3530 4476 et

1848 4502 1898 4563 Ι)
1926 4507 2131 4556 xxxvu,
2168 4491 2474 4577 Immiiiihus
2513 4491 2790 4544 conversis
2826 4492 3194 4577 (:Ollllllt‘tflltltl‘ti.
3232 4502 3283 4544 et
3328 4492 3533 4577 injungi

1930 4564 2159 4618 videtur.
2190 4561 2363 4617 Porro
2395 4565 2445 4616 in
2475 4575 2683 4615 t-atmne
2714 4562 2945 4630 septimo
2976 4560 3194 4615 Concilii
3236 4565 3532 4619 meumenici

1927 4636 2136 4689 secundi
2169 4651 2282 4688 mos
2314 4633 2787 4706 exorcizantlilam
2818 4633 2936 4687 illos
2977 4632 3297 4700 lia-retices,
3345 4636 3529 4706 quiin

1929 4724 1995 4762 eo
2017 4707 2393 4768 nominantur,
2422 4721 2579 4773 quam
2606 4704 2871 4772 ethnicos,
2903 4714 3025 4760 ante
3056 4704 3407 4777 Baptismutu,
3436 4705 3529 4761 lir-

1930 4788 2107 4832 matur
2134 4794 2194 4831 ac
2220 4777 2506 4832 staliilitur.
2541 4777 2750 4831 liouru.

2009 4847 2240 4919 Itemque
2269 4852 2336 4902 ad
2365 4848 2704 4920 Stephanum.
2736 4848 2812 4903 lta
2844 4849 3103 4920 scriptum
3133 4858 3217 4906 est
3248 4849 3300 4903 ir.
3328 4849 3523 4905 editio-

1932 4922 2106 4987 uilius,
2137 4931 2190 4975 et
2224 4921 2275 4974 in
2306 4920 2555 4973 iniinihus
2583 4919 2695 4975 fere
2719 4921 2867 4975 libris
2889 4919 3181 4976 veteribus.
3209 4922 3339 4987 Qum
3365 4923 3528 4977 verba

1931 4994 2124 5048 desunt
2159 4994 2207 5045 in
2241 4992 2473 5047 Fuxensi
2498 5034 2515 5055 ,
2547 5000 2692 5046 recte
2719 5001 2896 5047 autem
2923 4994 3120 5048 omissa
3168 4994 3219 5047 in
3249 4994 3340 5048 illo
3361 4994 3527 5050 fuisse

1931 5075 1988 5119 et
2025 5065 2190 5119 de'eri
2218 5064 2413 5118 debere
2457 5062 2580 5118 hinc
2600 5063 2870 5134 colligitur
2897 5066 3037 5133 quod
3072 5076 3276 5118 eertum
3305 5064 3372 5118 sit
3402 5064 3525 5119 nul-

1932 5136 2033 5189 lam
2061 5148 2215 5190 antea
2244 5137 2538 5191 litterarum
2566 5135 2815 5207 Cypriani
2847 5138 2911 5190 atl
2933 5136 3265 5206 Stephanum
3295 5138 3527 5191 mentio-

1932 5224 2055 5261 unm
2086 5208 2199 5261 lieri
2225 5208 2274 5260 in
2312 5209 2409 5262 hac.
2435 5207 2641 5279 synodo
2661 5249 2676 5272 ,
2706 5208 2780 5279 uti
2812 5215 2953 5263 recte
2976 5208 3279 5279 observarit
3310 5219 3533 5265 sanctus

1933 5281 2263 5347 Augustinus
2285 5319 2299 5342 ,
2347 5279 2437 5331 lih.
2470 5278 2530 5331 'vr
2594 5278 2658 5332 de
2693 5278 2958 5348 Baptismo
2986 5290 3165 5334 contra
3196 5278 3367 5333 Donnt
3390 5291 3531 5345 stas,

1932 5367 2051 5419 cap.
2088 5351 2174 5413 15,
2203 5350 2287 5404 ubi
2310 5354 2471 5405 etiam
2500 5350 2685 5406 scribit
2706 5364 2764 5403 se
2786 5352 3063 5420 epistolam
3099 5350 3240 5405 illam
3271 5350 3533 5422 Cypriani

1932 5422 1997 5476 ad
2016 5422 2345 5491 Stephanum
2375 5438 2478 5475 nou
2507 5422 2927 5477 vidisse.Vertttit
2944 5423 2992 5477 id
3014 5424 3201 5493 probat
3218 5422 3358 5477 istud
3382 5422 3535 5478 addi-

1935 5503 2225 5548 tarncntutn
2246 5509 2366 5548 esse
2386 5493 2685 5548 vetus.Vid.
2706 5507 2890 5563 supra,
2914 5512 2964 5561 p.
2985 5494 3107 5549 502.
3136 5495 3339 5551 Bawz.
3356 5525 3426 5535 -—
3456 5494 3535 5550 lbi

1933 5573 2144 5620 Constat
2165 5567 2320 5621 aliter
2337 5566 2571 5619 sensisse
2591 5563 2716 5618 olim
2747 5569 2813 5620 de
2833 5566 2931 5622 hac
2957 5582 3015 5619 re
3045 5566 3327 5621 Baluzinnt
3352 5582 3368 5633 ;
3394 5566 3534 5622 hanc

1934 5636 2075 5691 enim
2106 5639 2273 5707 ipsam
2306 5638 2584 5706 epistolam
2629 5637 2883 5707 appellat,
2914 5654 3072 5706 quam
3114 5638 3379 5694 Crescens
3407 5637 3528 5707 epi-

1935 5725 2130 5783 seoan
2157 5706 2421 5783 Cirtensis
2450 5706 2840 5763 commemorat
2890 5710 3144 5781 scriptam
3200 5726 3229 5764 a
3260 5706 3536 5783 Cypriano

1934 5782 1998 5833 ad
2028 5779 2381 5851 Stephanum,
2415 5795 2642 5852 eamque
2696 5795 2839 5837 nunc
2865 5797 2971 5838 non
3008 5779 3236 5837 exstare
3266 5779 3438 5852 putat,
3480 5789 3537 5852 et

1935 5850 2203 5910 diversam
2256 5851 2422 5909 fuisse
2480 5868 2506 5906 a
2539 5850 2789 5924 Cypriani
2844 5853 2929 5909 illa
2985 5853 3052 5910 ad
3100 5850 3432 5927 Stephanum
3464 5850 3535 5911 do
