4008 6320
222 237 358 296 1062i

1363 240 1678 302 CONCILIA
1717 239 2342 303 CAIt'l’HAGlNENSlA.

3382 238 3520 296 1066

215 361 376 418 atque
400 351 612 426 iniquos
635 353 814 412 verbis
843 355 1008 414 variis
1034 355 1388 432 decerpentes
1404 374 1591 420 sancta
1609 373 1665 421 et
1681 365 1811 420 ado-
1835 353 1891 426 Α
1918 379 2016 435 pro
2076 379 2262 419 earum
2307 371 2532 416 numero
2571 365 2626 414 et
2673 357 2992 427 baptismata
3036 357 3516 428 comptitabuntur.

218 447 407 502 rabilia
433 447 831 517 Scripturarum
863 450 1024 507 verba
1037 454 1369 510 execrandos
1385 472 1605 524 censeo,
1631 468 1685 514 et
1702 457 1822 514 ideo

218 540 608 597 exorcizandos
641 551 695 597 et
724 544 1076 615 baptizandos
1105 561 1250 604 esse.

296 633 568 704 Engenius
621 636 688 690 ab
731 635 1055 692 Ammedera
1087 637 1262 694 dixit:
1305 640 1372 696 Et
1394 657 1494 714 ego
1539 643 1641 698 hoc
1681 643 1822 700 idem

221 740 442 789 censeo.
470 725 752 782 haereticos
773 727 1120 797 baptizandos
1160 746 1303 790 esse.

295 821 428 878 [tem
460 821 596 876 alius
627 821 778 878 Felix
801 824 868 878 ab
893 827 1185 881 Amaccora
1216 827 1468 884 dixit:Et
1496 830 1726 901 egoipse
1742 844 1826 886 se-

223 926 382 971 cutus
406 913 712 970 divinarum
733 916 1134 988 Scripturarum
1152 922 1523 980 auctoritatem
1555 925 1829 994 baptizan-

221 1008 325 1064 dos
357 1009 634 1065 haereticos'
656 1025 780 1066 esse
807 1026 1024 1080 censeo,
1050 1013 1146 1070 sed
1174 1025 1230 1071 et
1255 1031 1351 1072 eos
1375 1017 1467 1088 qui
1499 1018 1638 1087 apud
1653 1018 1827 1074 schis-

224 1103 452 1159 maticos
488 1103 789 1175 baptizatos
814 1121 872 1161 se
909 1123 1033 1163 esse
1072 1109 1427 1167 contendunt.
1463 1111 1520 1166 Si
1563 1113 1708 1168 enim
1745 1126 1832 1168 se-

224 1195 460 1251 cundum
493 1206 708 1253 cautum
737 1196 936 1254 Christi
969 1201 1204 1271 privatus
1239 1202 1360 1258 fons
1382 1214 1568 1261 noster
1596 1215 1718 1270 est,
1749 1207 1834 1261 in-

226 1289 476 1361 telligant
507 1291 687 1346 cuncti
707 1291 966 1349 Ecclesiae
999 1305 1199 1351 nostrae
1230 1297 1523 1354 adversarii
1552 1301 1675 1370 quia
1701 1299 1834 1356 alie-

229 1401 333 1440 nus
378 1402 500 1442 esse
540 1403 646 1442 non
695 1397 997 1458 potestnec
1030 1390 1240 1448 duobus
1277 1394 1487 1463 populis
1542 1395 1833 1455 salutarem

227 1493 425 1547 aqmm
445 1479 679 1536 tribuere
707 1491 884 1551 potest
910 1482 1004 1540 ille
1029 1485 1119 1556 qui
1154 1487 1502 1558 uniusgregis
1530 1498 1713 1557 pastor
1731 1497 1833 1544 est.

235 1571 303 1626 Et
332 1571 456 1628 ideo
488 1574 828 1631 manifestum
855 1586 940 1632 cst
971 1594 1070 1634 nec
1099 1579 1383 1636 haereticos
1405 1596 1508 1638 nec
1527 1583 1837 1638 Schismati-

228 1680 323 1722 cos
353 1666 550 1738 aliquid
576 1670 798 1726 cmleste
849 1685 1008 1741 posse
1044 1673 1342 1744 suscipere,
1371 1677 1460 1745 qui
1486 1690 1516 1728 a
1542 1675 1840 1744 peccatori-

1993 455 2308 512 Vincentius
2329 469 2360 509 a
2385 451 2605 510 Thibari
2637 449 2774 506 dixit
2799 468 2812 504 :
2849 450 3146 507 llazreticos
3173 452 3374 507 scimus
3395 464 3520 506 esse

1926 551 2137 624 pejores
2163 565 2324 622 quam
2356 547 2624 604 ethnicos.
2648 544 2706 602 Si
2735 559 2867 615 ergo
2887 545 3135 601 conversi
3150 544 3216 600 ad
3233 544 3524 600 Dominum

1927 644 2112 698 venire
2140 639 2443 709 voluerint,
2484 639 2746 695 habemus
2770 639 2955 710 utique
2983 637 3222 710 regulam
3237 636 3478 694 veritatis
3500 673 3516 701 ,

1928 751 2087 808 quam
2109 737 2366 792 Dominus
2379 743 2648 805 priecepto
2672 732 2854 789 divino
2873 731 3430 802 mandavitApostolis
3448 730 3531 786 die

1930 845 2061 886 cens
2095 828 2310 901 (Matth.
2338 845 2395 896 x,
2429 826 2510 900 8.)
2541 825 2603 882 τι
2613 837 2676 892 te,
2708 827 2762 881 in
2801 826 3005 881 nomine
3047 842 3156 880 meo
3192 842 3398 880 manum
3429 827 3532 879 im-

1932 925 2122 996 ponite,
2152 923 2670 995 dtemoniaexpellite.
2689 920 2757 977 Et
2781 921 2886 977 alio
2914 922 3034 977 loco
3074 920 3288 993 (Matth.
3327 936 3529 989 xxvut,

1933 1018 2054 1088 i9):
2079 1017 2181 1084 Ite,
2208 1029 2256 1074 et
2282 1018 2455 1074 docete
2478 1026 2666 1089 gentes,
2687 1017 2997 1087 baptizantes
3023 1031 3104 1070 eos
3130 1016 3184 1068 in
3202 1015 3404 1069 nomine
3419 1011 3532 1068 Pa-

1935 1115 2026 1166 tris
2053 1122 2099 1166 et
2128 1110 2254 1165 Filii
2276 1120 2324 1165 et
2349 1111 2578 1179 Spiritus
2617 1110 2801 1164 sancti.
2839 1108 2979 1179 Ergo
3009 1108 3184 1178 primo
3218 1121 3310 1173 per
3342 1119 3532 1161 manus

1935 1205 2339 1277 impositioncm
2380 1203 2432 1259 in
2477 1202 2815 1269 exorcismo,
2861 1201 3100 1258 secundo
3141 1215 3238 1271 per
3283 1199 3537 1270 baptismi

1935 1300 2422 1372 regenerationem,
2456 1307 2585 1354 tunc
2615 1306 2843 1368 possunt
2867 1295 2935 1351 ad
2961 1292 3161 1352 Christi
3194 1291 3545 1364 pollicitatio«

1938 1404 2061 1450 nem
2093 1393 2298 1449 venire.
2318 1391 2466 1449 Alias
2489 1399 2668 1446 autem
2694 1388 3018 1444 fiericenseo
3041 1403 3148 1442 non
3171 1386 3390 1442 debere.

2009 1488 2216 1545 Marcus
2239 1503 2270 1543 a
2287 1487 2504 1542 Mactari
2529 1485 2673 1554 dixit
2698 1504 2710 1538 :
2736 1483 3032 1540 Mirandum
3061 1497 3168 1537 non
3191 1491 3273 1538 est
3296 1483 3343 1538 si
3364 1483 3542 1540 luere—

1941 1583 2029 1637 tici
2054 1585 2236 1638 hostes
2261 1591 2421 1650 atque
2447 1580 2848 1650 impugnatores
2877 1578 3116 1633 veritatis
3141 1593 3252 1632 rem
3284 1577 3387 1632 sibi
3419 1577 3539 1632 vin-

1941 1676 2121 1732 dicant
2149 1674 2430 1747 potestatis
2457 1682 2514 1729 et
2542 1671 2867 1744 dignationis
2893 1671 3101 1726 alienas.
3131 1670 3238 1726 Sed
3277 1669 3405 1725 illud
3438 1669 3540 1725 mi-

231 1761 334 1818 bus
361 1761 671 1819 hominibus
697 1774 752 1821 et
781 1765 850 1819 ab
878 1765 1113 1822 Ecclesia
1141 1769 1413 1824 extraneis
1438 1769 1671 1826 audeant
1697 1772 1842 1826 acci-
1873 1777 1921 1837 Β
1948 1768 2178 1824 randum
2204 1775 2289 1822 est
2316 1765 2456 1838 quod
2484 1765 2698 1837 quidam
2723 1765 2892 1819 nostri
2934 1765 3376 1835 praevaricatores
3400 1763 3557 1818 veri-'

231 1871 384 1926 pere.
423 1855 650 1925 Quando
688 1856 836 1913 danti
880 1858 1028 1915 locus
1061 1875 1166 1916 non
1197 1870 1302 1926 est,
1347 1863 1530 1933 utique
1564 1878 1664 1920 nec
1707 1863 1844 1920 acci-

237 1949 410 2020 pienti
439 1949 677 2020 prodest.

305 2040 439 2096 ltem
469 2042 605 2099 alius
637 2043 926 2100 Ianuarius
947 2046 1274 2105 anulensis
1299 2048 1433 2105 dixit
1466 2066 1480 2103 :
1514 2050 1681 2106 Miror
1696 2051 1841 2122 quod

239 2153 371 2193 cum
422 2152 612 2194 omnes
649 2139 1010 2196 Confiteantur
1038 2157 1202 2196 unum
1233 2156 1354 2198 esse
1383 2143 1644 2212 baptisma
1675 2184 1691 2208 ,
1736 2159 1840 2199 non

234 2248 429 2289 omnes
461 2233 754 2304 intelligant
785 2235 1028 2304 ejusdem
1059 2235 1395 2305 baptismatis
1426 2237 1708 2292 unitatem.
1741 2237 1846 2293 Ec-

238 2326 404 2382 clesia
428 2325 569 2381 enim
616 2336 670 2381 et
717 2325 938 2382 haeresis
986 2327 1106 2382 dua:
1145 2339 1200 2382 et
1229 2327 1458 2383 diversw
1488 2344 1579 2384 res
1605 2339 1752 2384 sunt.
1785 2331 1842 2386 Si

243 2419 485 2479 haeretici
526 2419 722 2475 habent
763 2421 1050 2490 baptisma,
1079 2435 1179 2477 nos
1218 2436 1325 2477 non
1355 2421 1639 2478 habemus.
1663 2423 1720 2478 Si
1748 2439 1845 2478 att-

239 2525 354 2569 tcm
384 2529 482 2568 nos
506 2512 764 2569 habemus
792 2556 807 2580 ,
836 2515 1073 2570 haeretici
1105 2515 1304 2570 habere
1327 2531 1433 2570 non
1455 2525 1702 2587 possunt.
1732 2517 1842 2571 Du-

236 2607 392 2660 liium
448 2617 764 2662 autemnon
817 2617 900 2664 est
940 2607 1240 2663 Ecclesium
1301 2609 1467 2664 solam
1519 2609 1846 2682 baptiSmum

236 2698 446 2755 Christi
497 2701 808 2771 possidere,
865 2716 986 2773 qua:
1043 2701 1156 2756 sola
1206 2703 1480 2773 possideat
1521 2712 1577 2759 et
1616 2706 1846 2774 gratiam

238 2791 445 2849 Christi
476 2803 529 2849 et
550 2795 850 2849 veritatem.

315 2889 614 2960 Adelphius
663 2906 692 2944 a
732 2888 1023 2946 Thasvalte
1065 2890 1202 2946 dixit
1227 2891 1388 2948 :Sine
1440 2907 1600 2949 causa
1633 2892 1849 2965 quidam

240 2988 382 3043 falso
413 2999 467 3043 et
506 2987 772 3043 invidioso
807 2988 974 3043 verbo
1020 2989 1336 3060 impugnant
1371 2992 1651 3046 veritatem
1683 3000 1741 3046 ut
1768 3007 1853 3048 re-

249 3081 536 3150 baptizare
570 3096 668 3136 nos
700 3080 904 3146 dicant,
929 3080 1145 3151 quando
1169 3081 1410 3137 Ecclesia
1428 3081 1716 3138 haereticos
1742 3098 1855 3138 non

241 3175 571 3245 rebaptizet,
594 3175 690 3231 sed
722 3175 980 3246 baptizet.

323 3269 630 3327 Demetrius
657 3286 686 3324 a
714 3270 1050 3335 Leptiminns
1071 3269 1239 3327 dixit:
1264 3269 1440 3327 Unum
1472 3271 1737 3342 baptisma
1755 3285 1853 3327 nos

245 3367 587 3424 cusmdimus
615 3408 630 3432 ,
673 3367 795 3438 quia
827 3366 1082 3422 Ecclesia:
1108 3367 1390 3422 catholicae
1417 3367 1518 3423 soli
1554 3383 1668 3424 rem
1701 3382 1852 3423 suam

246 3460 606 3517 vindicamus.
631 3460 732 3529 Qui
761 3471 938 3516 autem
967 3459 1152 3515 dicunt
1192 3461 1315 3532 quia
1356 3461 1597 3516 haeretici
1644 3476 1770 3516 vere
1800 3469 1856 3516 et

246 3556 495 3628 legitime
526 3555 817 3625 baptizant,
851 3555 952 3624 ipsi
979 3564 1106 3611 sunt
1132 3557 1220 3626 qui
1251 3572 1356 3610 non
1385 3571 1549 3611 unum
1573 3555 1668 3611 sed
1685 3555 1852 3612 multa

248 3650 574 3723 baptismata
606 3650 827 3707 faciunt.
877 3650 1010 3705 Nam
1062 3666 1186 3706 cum
1227 3650 1464 3707 haereses
1495 3650 1679 3706 multae
1724 3651 1855 3717 sint,

1877 3187 1924 3252 C

1947 1859 2070 1915 tatis
2125 1860 2396 1916 litereticis
2453 1857 2814 1929 suffragantur
2875 1867 2929 1912 et
2994 1857 3304 1913 christianis
3349 1855 3546 1912 adver-

1944 1963 2150 2008 santttr.
2185 1953 2475 2024 Pr0pterea
2515 1951 2856 2008 decernimus
2885 1951 3170 2007 haereticos
3197 1950 3550 2021 baptizandus

1946 2061 2091 2103 0558.

2021 2143 2221 2199 Sattius
2251 2157 2280 2196 a
2309 2140 2568 2198 Sicilibba
2593 2141 2729 2197 dixit
2757 2159 2771 2194 :
2807 2140 2862 2197 Si
2895 2139 3168 2196 haereticis
3199 2141 3252 2197 in
3282 2141 3552 2213 baptismo

1947 2252 2042 2292 sua
2071 2248 2292 2308 peccata
2328 2237 2628 2303 donantur,
2662 2238 2778 2293 sine
2819 2252 2981 2294 causa
3021 2237 3090 2293 ad
3118 2238 3414 2294 Ecclesiam
3449 2253 3549 2295 ve-

1949 2334 2124 2388 niunt.
2157 2333 2291 2388 Nam
2319 2349 2444 2388 cum
2484 2334 2538 2388 in
2569 2331 2657 2388 die
2680 2332 2864 2402 iudicii
2897 2341 3116 2404 peccata
3144 2333 3254 2388 sint
3291 2349 3411 2404 qua:
3449 2348 3553 2404 pit-

1948 2428 2206 2496 ninutnr,
2254 2427 2390 2484 nihil
2426 2439 2510 2486 est
2541 2429 2686 2500 quod
2729 2428 2919 2484 timere
2964 2427 3171 2498 possint
3207 2427 3449 2483 haeretici
3486 2424 3559 2483 de

1943 2521 2152 2594 judicio
2201 2523 2438 2591 Christi,
2500 2523 2545 2579 si
2597 2532 2723 2579 sunt
2781 2523 3160 2580 remissionem
3210 2533 3557 2594 peccatorum

1951 2615 2256 2672 consecuti.

2024 2710 2211 2768 Victor
2237 2727 2267 2766 a
2291 2710 2401 2768 Cor
2422 2710 2590 2768 dixit:
2615 2711 2748 2767 Cum
2769 2720 2989 2782 peccata
3017 2726 3124 2767 non
3155 2711 3257 2767 nisi
3292 2711 3344 2766 in
3371 2711 3562 2768 Eccle-

1953 2803 2048 2860 siae
2091 2804 2363 2875 baptismo
2404 2805 2782 2871 remittantur,
2823 2805 2913 2877 qui
2955 2805 3266 2861 haereticum
3307 2804 3373 2860 ad
3412 2821 3563 2860 com-

1947 2897 2384 2952 municationem
2445 2897 2566 2953 sine
2631 2897 2898 2969 baptismo
2959 2896 3229 2961 admittit,
3280 2905 3569 2966 utrumque

1957 2999 2148 3046 contra
2205 2991 2468 3046 rationem
2531 2989 2695 3055 facit,
2756 3004 2856 3045 nec
2900 2988 3186 3046 haereticos
3239 2998 3465 3061 purgat,
3512 2998 3572 3047 et

1959 3085 2296 3140 christianos
2326 3084 2592 3155 inquinat.

2028 3179 2280 3235 Aurelius
2307 3178 2373 3234 ab
2401 3176 2554 3235 Utica
2584 3176 2718 3232 dixit
2746 3195 2759 3229 :
2785 3176 2916 3234 Cum
2949 3177 3091 3234 dicat
3136 3177 3180 3250 (Ι
3202 3177 3337 3234 Tim.
3357 3197 3412 3246 v,
3438 3179 3556 3254 9.2).

1956 3275 2251 3346 Apostolus
2272 3289 2378 3329 non
2399 3273 2904 3330 communicandum
2934 3275 3171 3344 peccatis
3192 3275 3408 3342 alienis,
3433 3279 3561 3348 quid

1954 3367 2101 3423 aliud
2139 3381 2302 3438 quam
2324 3367 2563 3437 peccatis
2591 3365 2806 3433 alienis,
2831 3365 3193 3421 communicat
3223 3369 3311 3438 qui
3345 3370 3568 3425 hmreti~

1953 3461 2032 3516 eis
2062 3461 2180 3516 sine
2212 3460 2464 3516 Ecclesia:
2487 3458 2752 3529 baptismo
2777 3459 3178 3514 communicat?
3205 3460 3272 3515 Et
3296 3460 3418 3517 ideo
3438 3477 3566 3518 cen-

1956 3572 2052 3614 seo
2088 3553 2442 3626 baptizandus
2489 3567 2612 3609 esse
2656 3552 2941 3609 haereticos
2979 3561 3041 3607 ut
3071 3551 3336 3622 accipiant
3370 3557 3566 3614 remis-

1954 3667 2070 3708 sam
2100 3657 2466 3722 peccatorum,
2499 3656 2554 3704 et
2581 3647 2658 3703 sic
2689 3647 2798 3703 illis
2827 3647 3272 3703 communicatur.

1586 3769 1949 3829 VARIORUM
1986 3768 2214 3827 NOTJE.

327 3901 406 3956 Ab
435 3900 732 3955 Amaccora.
764 3893 956 3949 Nescio
986 3890 1259 3964 quomodo
1279 3891 1492 3955 accidit,
1527 3899 1586 3944 ut
1612 3890 1683 3945 ita
1711 3891 1852 3945 scri-

251 3976 442 4033 berem
467 3971 550 4038 (ab
580 3965 892 4037 Amne-cora)
909 3974 966 4019 ut
992 3974 1138 4035 patet
1150 3965 1299 4038 exjis
1314 3979 1480 4038 qnzca
1495 3977 1582 4018 me
1597 3973 1850 4038 annotata

252 4057 383 4103 sunt
422 4034 480 4099 in
518 4044 661 4098 notis
703 4041 766 4093 ad
815 4034 1160 4093 collationem
1201 4034 1680 4106 Carthaginensem
1713 4036 1856 4090 inter

253 4118 567 4176 CathoIiCOs
594 4121 650 4169 et
677 4111 1002 4176 Donatistas,
1022 4125 1142 4179 pag.
1175 4108 1301 4164 256.
1326 4106 1459 4162 Cum
1483 4116 1662 4162 autem
1694 4122 1854 4176 prop-

254 4203 410 4247 terea
440 4187 730 4244 editionem
764 4197 938 4238 meam
977 4184 1132 4237 istius
1157 4180 1462 4235 collationis
1489 4179 1854 4246 consulerem,

256 4264 404 4318 forte
432 4259 611 4316 evenit
635 4267 694 4311 ut
723 4254 1016 4310 inciderem
1046 4254 1098 4308 in
1123 4253 1366 4321 paginam
1398 4250 1525 4315 1‘22,
1555 4251 1644 4306 tibi
1673 4251 1856 4305 monui

257 4335 436 4390 virum
463 4346 672 4387 summe
701 4327 915 4382 doctum
943 4335 1000 4380 et
1039 4323 1168 4377 mihi
1201 4338 1487 4391 numquam
1539 4324 1656 4378 sine
1696 4322 1857 4377 laude

1953 3889 2022 3944 ad
2043 3887 2320 3945 Christum
2353 3895 2406 3941 ct
2434 3883 2758 3940 Ecclesiam.
2793 3881 3010 3938 Rouru.

2025 3960 2366 4027 Lepiiminus.
2401 3961 2591 4030 Λέπτις
2621 3955 3038 4030 uizpu_l’tolem.
3070 3954 3211 4030 Urbs
3248 3954 3561 4030 Bysacenar,

1954 4049 2076 4089 cum
2105 4026 2292 4102 Leptis
2324 4030 2508 4099 Magna
2527 4029 2592 4083 ad
2623 4026 3011 4102 Tripolitanum
3043 4026 3328 4102 pertineat.
3364 4031 3408 4086 Α
3434 4026 3565 4086 Car;

1959 4098 2506 4176 thagine'secund’um
2535 4100 2866 4176 Antoninum
2903 4098 3024 4176 196.
3061 4098 3144 4176 _M.
3169 4099 3239 4176 _P.
3265 4101 3449 4176 distat.
3489 4105 3564 4160 De

1957 4169 2080 4232 hac'
2099 4176 2301 4231 mentio
2335 4174 2562 4229 habetur
2589 4173 2642 4226 in
2683 4169 2868 4226 collat.
2932 4169 3240 4241 Carthagini.
3281 4183 3338 4227 et
3393 4174 3561 4231 Notit.

1962 4247 2132 4305 Afric.
2155 4247 2320 4304 FELL.

2038 4318 2162 4374 Non
2191 4334 2369 4373 unum.
2401 4315 2523 4370 Non
2548 4315 2650 4368 duo
2678 4316 3008 4383 Augustinus
3037 4311 3218 4383 habet.
3263 4314 3466 4372 Rouru.

257 4382 486 4463 diuitias}
489 4382 906 4456 nidumdacobum
921 4395 1264 4453 Sirmondnm
1279 4382 1544 4450 erravisse
1557 4410 1679 4449 cum
1696 4394 1861 4463 scrip-
1883 4395 1936 4455 D
2038 4391 2251 4462 Pejores
2279 4405 2433 4460 quam
2459 4387 2707 4463 ethnicos.
2740 4382 2942 4463 Confer
2972 4382 3206 4454 Sit/frag.
3232 4384 3508 4445 Saturnini
3529 4404 3561 4446 a

258 4479 333 4534 sit
353 4478 496 4532 illam
516 4474 706 4529 factam
722 4486 842 4526 esse
854 4470 1027 4524 altero
1043 4484 1186 4522 anno
1203 4477 1323 4537 post
1338 4469 1676 4522 consulatum
1699 4465 1860 4520 Vara-

261 4552 372 4612 nis,
396 4565 462 4602 eo
483 4547 534 4601 in
553 4543 741 4616 primis
757 4539 1226 4616 argumento_quod
1244 4553 1307 4594 ex
1325 4539 1624 4616 Augustino
1638 4537 1860 4616 colliga—

263 4610 640 4686 tur’peractnm
656 4630 775 4670 esse
789 4610 1052 4686 jejunium
1067 4611 1430 4686 Pentecostes,
1449 4610 1863 4686 pauloantecoh

268 4681 546 4747 lationem.
565 4688 695 4744 Cum
724 4681 970 4740 haic'inea
985 4683 1447 4738 observatiocerta
1466 4683 1596 4737 sitet
1631 4681 1764 4736 nihil
1795 4681 1862 4735 ad

265 4775 390 4816 eam
408 4758 781 4816 destruendam
815 4757 998 4812 alferri
1014 4756 1198 4824 possit,
1231 4754 1397 4809 miror
1427 4754 1492 4808 Β.
1529 4752 1862 4808 P..loannem

267 4827 601 4888 llarduiuum
635 4833 802 4884 virum
827 4830 1007 4883 multa:
1034 4827 1280 4882 lectionis
1309 4835 1364 4880 et
1394 4825 1734 4888 eruditionis,
1778 4827 1862 4878 in-

268 4904 493 4960 sinuare
520 4898 752 4952 voluisse
781 4897 832 4949 in
863 4909 1008 4950 tonio
1035 4899 1208 4967 primo
1239 4897 1492 4953 editionis
1531 4913 1641 4950 sn:e
1666 4895 1864 4952 Conci-

268 4975 494 5037 liorum,
527 4985 646 5040 pag.
681 4967 837 5032 lO’iS,
861 4967 1110 5022 standum
1147 4969 1538 5040 esseopinioni
1569 4967 1863 5040 Sirmondi.

271 5045 430 5116 Quod
465 5037 979 5116 ideo'istitr_aiiii_ot_o,
1007 5055 1072 5091 ne
1103 5037 1223 5116 quis
1261 5037 1515 5108 deinceps
1547 5043 1597 5093 in
1627 5039 1734 5116 hoc
1767 5040 1868 5093 ial-

269 5109 438 5175 lator.
484 5113 701 5171 Utinam
733 5109 1038 5166 Hardninns
1079 5109 1339 5166 voluisset
1381 5117 1528 5181 Sequi
1574 5111 1868 5166 editionem

273 5205 454 5247 meam
510 5194 807 5257 gestorum,
855 5199 974 5253 qua:
1021 5181 1595 5257 cer_le,‘a_bsit_verbo
1645 5182 1868 5250 invidia,

274 5262 450 5319 multo
476 5251 666 5314 melior
695 5265 779 5311 est
803 5251 1042 5325 ea‘quam
1071 5251 1159 5325 ille
1186 5252 1352 5325 dedit.
1387 5254 1584 5310 Bacuz.

356 5331 421 5387 Et
442 5346 532 5402 ego
552 5323 1137 5402 ipsesecutusCAddidit
1167 5324 1735 5402 Baluziusgprono‘men
1757 5341 1870 5402 ego,

275 5397 504 5464 forsitan
551 5397 614 5456 ex
660 5397 875 5462 scriptis
917 5401 1058 5462 suis,
1107 5405 1162 5450 et
1201 5413 1323 5452 mox
1357 5397 1492 5452 intra
1532 5398 1720 5464 edidit,
1754 5398 1874 5468 quia

277 5480 480 5533 alienus
505 5489 611 5529 esse
624 5489 725 5526 non
749 5479 929 5542 potest.
955 5469 1039 5542 ubi
1061 5467 1319 5542 Rigaltius
1347 5469 1527 5524 alienis
1557 5485 1654 5534 pro
1683 5467 1876 5523 alienus

278 5551 476 5612 habet;
501 5543 680 5602 caeteri
721 5540 919 5608 autem,
948 5541 1064 5612 quia
1110 5540 1262 5595 alieni
1304 5549 1443 5609 sunt,
1485 5543 1744 5597 nobiscum
1772 5556 1878 5596 esse

277 5640 384 5678 non
414 5628 641 5687 possunt.
671 5615 883 5671 Rouru.

355 5683 600 5748 Privatus
613 5693 726 5759 fans
739 5696 908 5742 noster
919 5696 1009 5741 est.
1029 5683 1273 5742 Notanda
1300 5693 1402 5759 est,
1413 5683 1766 5759 ait_A_nglicus
1792 5684 1875 5738 iii-

284 5770 520 5834 terpres,
551 5754 915 5816 vetustissima
941 5756 1368 5816 accommodatio
1385 5757 1508 5813 libri
1533 5754 1878 5815 Canticorum

527 5857 804 5919 Parnm.
845 5851 936 5917 1Ιί
945 5899 959 5913 .

1963 4457 2202 4529 Tliucca,
2235 4457 2330 4517 seu
2363 4476 2453 4515 Lit.
2488 4458 2556 4514 ad
2587 4473 2708 4527 pag.
2744 4458 2868 4529 102.
2900 4457 3113 4511 Roum.

2036 4528 2255 4592 Sattius.
2290 4534 2347 4588 In
2377 4530 2714 4594 Corbeiensi,
2738 4529 2805 4584 ab
2831 4528 2935 4583 hoc
2958 4530 3213 4597 episcopo
3235 4545 3423 4586 omnes
3451 4533 3564 4590 fere

1965 4607 2273 4662 nominibus
2300 4606 2410 4660 suis
2440 4603 2792 4672 praemittunt,
2822 4615 2872 4654 IN
2893 4615 3026 4655 race
3051 4616 3065 4651 :
3097 4615 3200 4670 qua
3231 4600 3456 4657 formula
3487 4609 3565 4659 si-

1963 4679 2223 4751 gnificare
2249 4676 2520 4739 videntur,
2543 4673 2704 4751 nolle
2726 4686 2786 4750 se
2821 4672 3088 4726 sententia
3113 4686 3210 4751 sua
3239 4689 3563 4744 quemquam

1966 4743 1996 4804 Ξ
2038 4751 2440 4811 communione,
2484 4754 2539 4800 et
2567 4744 2612 4798 si
2654 4744 2926 4798 diversum
2968 4743 3240 4807 senserit,
3285 4743 3558 4802 amovere.

1967 4821 2097 4891 Quae
2128 4822 2212 4876 lex
2255 4818 2395 4875 dicta
2437 4833 2530 4888 per
2571 4815 2900 4888 Cyprianum
2945 4813 3124 4870 fuerat
3159 4813 3211 4868 in
3247 4815 3566 4885 praefatione

1969 4893 2194 4961 Synodi.
2229 4891 2456 4948 RIGAL'I‘.

2042 4964 2111 5019 Et
2140 4963 2457 5020 Christianos
2477 4960 2727 5032 inquinat.
2749 4959 3078 5032 Augustinus
3100 4956 3432 5032 respondens
3455 4961 3567 5016 ait:

1972 5036 2121 5092 Illud
2159 5051 2280 5090 sane
2326 5032 2461 5105 quod
2498 5029 2552 5086 in
2591 5032 2767 5085 ultimo
2796 5031 2962 5105 posuit
2991 5030 3204 5105 dicens:
3234 5046 3250 5079 ι
3293 5029 3571 5105 Utrumque

1973 5121 2170 5172 contra,
2190 5102 2460 5170 rationem,
2482 5116 2586 5160 etc.
2603 5123 2621 5154 ι
2647 5104 2838 5172 respuit
2867 5102 3102 5170 primitus
3132 5117 3194 5152 ac
3221 5104 3438 5156 maxime
3466 5105 3570 5172 Cy-

1974 5123 2170 5172 contra,
2190 5123 2460 5170 rationem,
2482 5123 2586 5160 etc.
2603 5123 2621 5154 ι
2647 5123 2837 5172 respuit
2867 5123 3102 5170 primitus
3132 5123 3194 5152 ac
3221 5123 3438 5156 maxime
3466 5123 3500 5156 (ι
3546 5135 3570 5147 -

1974 5183 2188 5254 primius
2210 5181 2318 5254 ipse
2340 5195 2453 5254 cum
2481 5176 2577 5254 sibi
2613 5173 3038 5254 consentientibus
3068 5172 3274 5254 collegis
3301 5175 3427 5228 suis.
3459 5123 3574 5229 N3:-

1975 5243 2074 5324 que
2111 5243 2245 5306 enini
2279 5249 2536 5324 inquinari
2563 5263 2616 5301 se
2643 5245 2878 5324 credidit,
2917 5244 3120 5311 quando
3141 5243 3336 5324 talibus
3371 5257 3578 5324 promer

1977 5315 2235 5380 uinculum
2279 5315 2418 5393 pacis
2461 5315 2941 5393 communicandum
2984 5331 3089 5369 esse
3118 5315 3336 5393 decrevit
3365 5315 3577 5393 dicens:

1984 5387 2289 5450 (Neminem
2314 5392 2622 5461 iudicantes,
2642 5398 2727 5442 aut
2758 5405 2791 5441 a
2815 5387 2932 5456 iure
2957 5387 3330 5461 communionis
3357 5387 3580 5461 aliquem

1978 5468 2024 5521 si
2053 5456 2323 5521 diuersum
2352 5456 2612 5526 senserit,
2654 5467 2994 5513 amoventes.»
3041 5456 3163 5512 νεα.
3203 5473 3366 5530 supra
3409 5456 3583 5530 ipsum

1982 5539 2191 5594 initium
2220 5535 2469 5591 Concilii.
2501 5533 2714 5589 Rourn.

2058 5609 2226 5666 Utica.
2262 5607 2397 5665 Urbs
2439 5605 2769 5674 Zeugitanae,
2797 5601 2981 5674 ciuium
3008 5601 3395 5674 Romanorum;
3428 5613 3591 5674 morte

1980 5680 2188 5739 Catonis
2210 5680 2414 5745 nobilis,
2438 5687 2497 5731 ut
2517 5672 2590 5730 ait
2612 5675 2835 5730 Plinius.
2857 5672 3018 5731 ’ῐτύκη
3041 5672 3264 5744 Polybio
3280 5680 3334 5728 et
3355 5673 3587 5731 Ptolem.

1982 5755 2136 5812 Nunc
2159 5753 2379 5824 Byzerta
2407 5747 2692 5820 appellata.
2725 5745 2892 5801 FELL.

3125 5839 3203 5902 3ft
