3994 6340
433 298 574 359 1007

1758 294 2113 370 Βειιρυω
2150 297 2425 363 ΒΑΟΠᾹΞ.

3588 303 3736 362 1068

503 416 726 473 iambus
774 428 806 469 a
844 414 1256 473 Gemaniciaua
1294 415 1468 471 dixit:
1500 414 1604 484 Qui
1644 415 2023 472 hiereticorum
2048 415 2103 475 Α
2126 424 2301 473 torum
2328 417 2479 486 dare,
2506 419 2595 491 qui
2621 416 2940 492 potestatem
2961 420 3072 478 non
3094 417 3295 479 habent
3314 426 3374 478 ut
3400 428 3496 479 aut
3515 421 3734 478 solvere

431 510 697 582 baptisma
725 508 981 580 probant,
1007 517 1250 592 nostrum
1291 506 1628 581 improbant,
1656 516 1716 565 ut
1744 519 1894 565 extra
1926 510 2029 565 Ec-

431 602 679 670 clesium,
711 612 819 657 non
847 600 1023 657 dicam
1064 600 1225 670 lotos,
1255 600 1353 656 Sed
1394 599 1719 669 sordidatos,
1752 598 1949 674 negent
1976 603 2030 658 in

432 698 680 756 Ecclesia
709 697 971 769 baptizari
996 706 1279 768 oportere.

502 793 776 849 Lucianus
795 806 824 845 a
844 791 1084 847 Rucuma
1104 788 1272 846 dixit:
1292 788 1563 862 Scriptum
1585 798 1669 847 est
1695 790 1847 864 (Gen.
1867 806 1907 846 ι.
1934 792 2027 864 4);

430 886 502 943 Et
528 888 652 943 uidit
679 885 821 941 Deus
841 887 1005 941 lucem
1031 886 1150 957 quia
1170 884 1304 940 bona
1323 895 1418 954 est,
1446 894 1494 940 et
1519 885 1690 940 divisit
1715 890 1846 941 inter
1868 886 2033 940 lucem

426 992 476 1038 et
506 981 755 1037 tenebras.
787 978 847 1037 Si
875 988 1054 1052 potest
1084 978 1194 1036 luci
1230 988 1288 1036 et
1314 980 1556 1037 tenebris
1584 983 1897 1050 convenire,
1932 996 2030 1052 po-

427 1074 534 1130 test
556 1073 713 1130 nobis
741 1081 797 1130 et
823 1073 1092 1129 haereticis
1129 1072 1333 1145 aliquid
1359 1088 1485 1131 esse
1520 1088 1830 1132 commune.
1863 1074 2032 1146 Prop-

422 1181 576 1227 terea
607 1183 808 1226 censeo
838 1167 1124 1224 haereti'cos
1154 1168 1506 1240 baptizandus
1535 1185 1677 1228 esse.

499 1263 820 1335 Pelagianos
882 1278 913 1317 a
968 1262 1305 1333 Luperciana
1371 1262 1508 1319 dixit
1556 1281 1570 1319 :
1613 1264 1883 1334 Scriptum
1951 1271 2034 1320 est

424 1354 519 1430 (Ill
543 1354 673 1430 Reg.
703 1370 857 1425 xvm,
889 1357 983 1427 2!)
1011 1376 1025 1412 :
1053 1358 1157 1411 Aut
1186 1359 1322 1412 enim
1350 1356 1603 1412 Dominus
1630 1356 1770 1413 Deus
1804 1367 1906 1423 est,
1944 1367 2033 1412 aut

425 1451 561 1507 Baal
594 1450 730 1507 Deus
759 1460 853 1506 est.
883 1450 957 1505 Ita
988 1458 1042 1506 et
1077 1464 1241 1518 nunc,
1267 1459 1361 1506 aut
1387 1450 1628 1505 Ecclesia
1658 1449 1897 1506 Ecclesia
1925 1461 2030 1517 est,

422 1556 515 1603 aut
538 1544 774 1603 Heresis
802 1544 1046 1602 Ecclesia
1089 1552 1193 1601 est.
1230 1545 1401 1601 Porro
1440 1546 1484 1601 si
1526 1543 1760 1601 [heresis
1790 1544 2032 1601 Ecclesia

423 1655 534 1698 non
563 1651 669 1709 est,
690 1640 965 1712 quomodo
999 1655 1121 1698 esse
1146 1641 1287 1713 apud
1305 1641 1590 1696 htereticos
1620 1638 1889 1712 baptisma
1921 1639 2029 1696 Ec-

423 1732 607 1793 clesiae
633 1738 850 1808 potest?

2133 516 2225 567 aut
2251 511 2421 584 ligare
2450 512 2651 586 aliquid
2680 516 2735 571 in
2767 514 2927 574 terris
2956 515 3188 588 possint.

2204 606 2499 665 Venantius
2519 624 2548 664 a
2573 610 2616 665 Τ
2621 610 2774 668 imisa
2804 611 2973 669 dixit:
2996 611 3051 670 Si
3085 613 3311 671 maritus
3338 629 3581 687 peregre
3606 627 3739 686 pro-

2133 698 2381 757 ﬁciscens
2401 703 2577 759 amico
2603 718 2705 760 suo
2729 705 3159 764 commendasset
3178 723 3403 765 uxorem
3428 724 3580 766 suam
3611 724 3739 765 cns-

2134 794 2466 862 todiendam,
2500 799 2933 856 commendatam
2966 798 3070 857 Sibi
3096 798 3188 859 ille
3211 812 3411 874 quanta
3438 812 3629 875 posset
3656 802 3742 859 di-

2131 884 2350 957 ligentia
2392 903 2774 961 conservaret,
2817 909 2887 950 ne
2933 893 3000 949 ab
3041 893 3225 966 aliquo
3268 896 3486 952 castitas
3524 895 3646 968 ejus
3682 904 3741 953 et

2133 979 2386 1037 sanctitas
2433 982 2851 1041 adulteraretur.
2899 985 3148 1043 Christus
3189 987 3449 1045 Dominus
3493 997 3551 1045 et
3592 988 3738 1045 Deus

2134 1082 2317 1131 noster
2358 1074 2424 1131 ad
2453 1075 2665 1135 Patrem
2697 1076 3047 1152 proﬁciscens
3084 1098 3339 1155 sponsam
3382 1099 3537 1140 suam
3576 1083 3740 1140 nobis

2132 1168 2547 1227 commendavit.
2583 1170 2849 1231 Utrumne
2872 1192 2991 1233 eam
3023 1176 3389 1248 incorruptam
3416 1186 3470 1233 et
3507 1176 3740 1233 inviola-

2135 1274 2241 1319 tam
2271 1264 2672 1335 custodiemus,
2715 1284 2781 1324 an
2813 1270 3176 1341 integritatem
3205 1269 3323 1342 ejus
3348 1280 3404 1327 et
3428 1269 3740 1326 castitatem

2135 1356 2360 1414 mtechis
2401 1369 2457 1414 et
2493 1362 2902 1431 corruptoribus
2930 1361 3260 1433 prodemus?
3287 1362 3390 1431 Qui
3426 1361 3573 1418 enim
3605 1361 3740 1432 bap-

2133 1450 2291 1505 tiSma
2321 1450 2579 1508 Ecclesiae
2601 1467 2891 1510 commune
2916 1469 3039 1511 cum
3072 1452 3345 1511 haereticis
3373 1452 3533 1523 facit,
3570 1467 3743 1525 spon-

2133 1560 2249 1603 sam
2275 1543 2479 1602 Christi
2509 1542 2767 1604 adulteris
2790 1544 2989 1619 prodit.

2209 1640 2487 1713 Ahymnus
2525 1641 2593 1698 ab
2620 1641 2865 1714 Ausvaga
2892 1642 3030 1698 dixit
3060 1661 3074 1699 :
3110 1640 3221 1699 Nos
3263 1658 3428 1699 unum
3468 1640 3745 1714 baptisma

2133 1735 2457 1807 accepimus,
2488 1745 2543 1792 et
2568 1736 2745 1807 ipsum
2776 1746 3021 1792 tenemus
3052 1746 3107 1793 et
3145 1752 3485 1794 exercemus.
3509 1735 3617 1805 Qui
3645 1750 3746 1790 au-

496 1831 662 1887 .lader
687 1844 717 1886 a
744 1830 923 1886 Midiia
963 1832 1097 1887 dixit
1130 1850 1144 1887 :
1175 1831 1387 1888 Scimus
1427 1842 1533 1886 non
1565 1844 1687 1887 esse
1720 1830 1824 1887 nisi
1863 1844 2028 1887 unum
2057 1825 2107 1887 B
2134 1838 2243 1884 tem
2268 1826 2398 1884 dicit
2430 1829 2551 1900 quia
2593 1836 2649 1885 et
2679 1828 2949 1885 haereticis
2977 1820 3104 1885 licet
3134 1829 3441 1901 baptizare,
3475 1827 3594 1900 ipse
3632 1824 3747 1882 duo

419 1924 688 1996 baptisma
715 1927 769 1980 in
800 1925 1040 1981 Ecclesia
1067 1925 1352 1981 catholica.
1388 1925 1453 1981 Et
1482 1926 1604 1981 ideo
1629 1942 1734 1981 non
1764 1924 2025 1983 debemus

423 2018 713 2075 admittere
752 2020 1063 2076 htereticum
1094 2020 1198 2075 nisi
1220 2021 1520 2090 baptizatus
1547 2019 1689 2091 apud
1712 2037 1812 2078 nos
1844 2020 2021 2090 fuerit,

417 2129 488 2171 ne
517 2129 578 2170 se
613 2122 765 2185 putet
800 2124 954 2171 extra
1000 2115 1301 2171 Ecclesium
1331 2114 1651 2171 catholicam
1692 2116 2024 2188 baptizatum

418 2218 564 2264 esse.

498 2298 632 2355 Item
659 2298 797 2356 alius
811 2296 961 2356 Felix
984 2313 1015 2355 a
1040 2299 1316 2357 Marazana
1341 2300 1507 2357 dixit:
1530 2300 1649 2359 Una
1676 2301 1832 2369 ﬁdes,
1857 2318 2025 2360 unum

414 2390 702 2462 baptisma,
735 2391 831 2448 sed
860 2391 1118 2448 Ecclesia:
1145 2393 1451 2459 catholicae,
1489 2395 1576 2449 cui
1605 2393 1705 2450 soli
1734 2395 1860 2451 licet
1888 2393 2023 2467 bap-

423 2484 610 2540 tizare.
896 2526 903 2533 .

482 2578 680 2634 Paulus
706 2579 774 2634 ab
793 2577 942 2634 bea
969 2578 1142 2634 dixit:
1171 2578 1253 2635 Me
1281 2592 1386 2635 non
1406 2593 1587 2637 movet
1615 2582 1661 2637 si
1690 2582 1888 2653 aliquis
1917 2581 2023 2640 Ec-

410 2676 591 2734 clesiae
644 2676 804 2733 iidem
874 2684 931 2733 et
983 2678 1266 2732 veritatem
1326 2694 1433 2733 non
1495 2678 1761 2747 vindicat,
1807 2681 2024 2751 quando

412 2772 705 2843 Apostolus
720 2770 866 2827 dicat
890 2771 1070 2842 (Rom.
1100 2784 1180 2839 tu,
1203 2773 1263 2841 5)
1293 2791 1306 2828 :
1328 2772 1469 2841 Quid
1490 2775 1624 2828 enim
1654 2776 1699 2829 si
1723 2775 2025 2833 exciderunt

415 2883 449 2922 α
475 2867 576 2936 ﬁde
602 2866 812 2936 quidam
848 2864 1101 2919 illorum?
1131 2863 1400 2935 Numquid
1434 2866 1717 2935 inﬁdelitas
1754 2884 1930 2923 eorum
1960 2869 2026 2938 ﬁ-

416 2960 533 3016 dem
560 2958 661 3016 Dei
691 2958 991 3014 evacuauit.’
1018 2959 1179 3015 Absit.
1205 2958 1300 3015 Est
1330 2960 1464 3015 enim
1491 2959 1632 3017 Deus
1658 2964 1833 3032 verax,
1858 2964 2025 3020 omnis

415 3065 588 3110 autem
612 3055 763 3108 homo
788 3054 1030 3109 mendax.
1068 3053 1126 3109 Si
1155 3062 1334 3109 autem
1362 3053 1508 3111 Deus
1537 3070 1703 3111 verax
1738 3066 1821 3113 est
1840 3101 1855 3124 ,
1887 3074 2024 3129 quo-

415 3146 578 3203 modo
616 3161 739 3202 esse
778 3146 919 3216 apud
963 3146 1244 3203 haereticos
1279 3148 1531 3218 baptismi
1577 3149 1775 3207 veritas
1817 3165 2019 3228 potest,

410 3241 560 3313 apud
588 3255 722 3311 quos
753 3242 894 3297 Deus
918 3257 1023 3296 non
1050 3240 1173 3297 est?

491 3336 818 3407 Pomponius
841 3348 871 3392 a
895 3336 1217 3409 Dionysiana
1239 3337 1406 3395 dixit:
1435 3338 1775 3397 Manifestum
1799 3348 1881 3401 est
1903 3345 2018 3403 lue-

417 3428 617 3485 reticos
656 3440 764 3486 non
804 3438 967 3499 posse
1012 3429 1287 3500 baptizare
1324 3434 1380 3486 ct
1416 3431 1793 3490 remissionem
1826 3452 2020 3507 pecca-

2129 1920 2447 1994 baptismata
2474 1920 2623 1979 facit.

2204 2015 2527 2073 Saturninus
2570 2032 2599 2070 a
2626 2014 2936 2072 Victoriana
2976 2016 3155 2072 dixit:
3188 2016 3244 2073 Si
3294 2008 3423 2072 licet
3466 2015 3753 2072 btcreticis

2130 2113 2434 2185 baptizare,
2473 2112 2713 2168 excusati
2748 2121 2872 2169 sunt
2895 2121 2950 2169 et
2975 2111 3183 2168 defensi
3212 2111 3399 2167 illicita
3437 2112 3564 2185 (for.
3592 2111 3755 2167 licita

2133 2204 2414 2274 Marshal.)
2436 2204 2716 2262 facientes.
2745 2202 2858 2262 Nec
2878 2204 3036 2261 video
3065 2220 3235 2278 quare
3256 2220 3352 2260 eos
3376 2216 3469 2260 aut
3487 2203 3755 2261 Christus

2129 2303 2467 2358 adversarios
2508 2316 2637 2358 suos
2667 2309 2761 2358 aut
2790 2302 3082 2374 Apostolus
3118 2298 3470 2357 antichristus
3494 2298 3751 2371 appella-

2130 2397 2291 2452 verit.

2206 2488 2534 2546 Saturninus
2561 2503 2591 2544 a
2621 2486 2834 2545 Thucca
2864 2486 3030 2544 dixit:
3058 2486 3301 2544 Gentiles
3321 2484 3571 2560 quamvis
3591 2482 3747 2542 idOla

2129 2584 2344 2651 colant,
2389 2580 2572 2639 tamen
2635 2598 2904 2638 summum
2950 2580 3122 2638 Deum
3170 2590 3381 2652 patrem
3429 2589 3745 2636 creatorem

2129 2684 2460 2746 cognoscunt
2486 2683 2540 2729 et
2568 2674 2910 2731 confitentur.
2940 2670 2997 2727 in
3031 2674 3173 2728 hunc
3197 2670 3436 2728 Marcion
3464 2670 3730 2742 blasphe-

2130 2778 2259 2835 mat,
2291 2764 2347 2827 et
2367 2768 2582 2842 quidam
2610 2785 2713 2825 non
2744 2768 3071 2825 erubescunt
3092 2766 3382 2822 Marcionis
3408 2764 3744 2836 baptismum

2130 2866 2378 2936 probare.
2405 2864 2686 2934 Quomodo
2716 2864 2854 2920 tales
2880 2862 3194 2919 sacerdotes
3219 2860 3586 2918 sacerdotium
3634 2858 3741 2916 Dei

2127 2967 2219 3013 aut
2248 2958 2465 3014 servant
2506 2967 2599 3013 aut
2630 2957 2903 3013 vindicant
2930 2955 3022 3027 qui
3051 2950 3237 3011 hostes
3272 2954 3368 3011 Dei
3411 2968 3521 3011 non
3554 2952 3742 3026 bapti-

2128 3062 2272 3117 zant,
2304 3052 2359 3109 et
2379 3051 2460 3108 sic
2489 3046 2597 3107 illis
2619 3049 3066 3107 communicant?

2202 3140 2486 3203 Marcellus
2518 3160 2547 3201 a
2576 3144 2742 3201 Zama
2781 3144 2917 3200 dixit
2939 3164 2952 3200 :
2973 3143 3107 3200 Cum
3142 3150 3364 3214 peccata
3391 3140 3610 3198 nonnisi
3638 3140 3744 3198 Ec-

2049 3273 2094 3337 ς
2127 3243 2305 3299 clcsia:
2326 3242 2593 3311 baptismo
2619 3239 2985 3306 remittantur,
3009 3238 3097 3309 'qui
3124 3236 3437 3294 litereticuin
3466 3253 3573 3294 non
3603 3233 3744 3307 bap-

2130 3341 2261 3397 tizat
2287 3382 2299 3405 ,
2329 3338 2606 3409 peccaturi
2630 3336 3018 3392 communicat.
3426 3412 3433 3415 ‘

2193 3435 2432 3491 lrenmus
2459 3428 2529 3487 ab
2560 3428 2733 3487 Ululis
2764 3428 2899 3486 dixit
2927 3448 2939 3485 :
2982 3427 3039 3487 Si
3070 3428 3194 3485 idco
3234 3420 3479 3487 Ecclesia
3522 3423 3748 3485 hazreti-

1739 3572 2109 3634 VARIORUM
2146 3572 2377 3634 NOTAE.

490 3702 723 3759 Jambus.
752 3700 812 3758 In
840 3701 1092 3782 it‘oxiensi
1125 3712 1300 3782 neque
1328 3703 1419 3759 hic
1440 3708 1690 3782 nequem
1720 3708 1840 3763 aliis
1870 3712 2020 3782 epis-

418 3792 679 3849 coporum
710 3775 1018 3830 nominibus
1045 3790 1151 3829 non
1186 3776 1434 3849 leguntur
1458 3775 1850 3847 appellationes
1880 3775 2019 3839 (ἔθη-

416 3848 688 3905 feSsorutn
748 3862 921 3917 neque
990 3857 1311 3917 martyrum.
1378 3848 1607 3903 ΒιαΑιτ.
1686 3883 1756 3894 -—
1796 3848 2023 3911 Rei’eras

419 3931 473 3994 te
514 3921 581 3976 ad
618 3919 845 3994 Ba_|ttzii_
883 3926 1082 3994 notam
1120 3918 1274 3994 initio
1312 3919 1472 3987 hujus
1496 3920 1729 3978 Concilii
1763 3927 2017 3994 positam.

420 3993 593 4069 Porro
621 3991 776 4069 editio
805 3989 1111 4069 (immensis
1144 3988 1324 4069 titulos
1351 3996 1712 4069 conservavit,
1742 3988 1877 4067 quos
1902 3999 2025 4069 qui-

422 4063 546 4120 dem
573 4062 639 4117 ad
668 4062 876 4133 singula
902 4064 1123 4117 nomina
1148 4061 1204 4116 in
1240 4061 1323 4116 his
1352 4065 1492 4118 uotis
1518 4061 1853 4124 indicaturus
1881 4061 2022 4125 sum.

1593 4137 1806 4195 Rouru.

497 4227 915 4301 Germaniciano.
933 4227 1079 4301 Nova
1099 4226 1371 4301 nimirum,
1399 4237 1456 4283 ut
1477 4229 1545 4284 ab
1568 4230 1882 4289 Abbiritana
1908 4235 2023 4301 dis-

423 4301 780 4373 tingueretur.
820 4298 985 4373 Urbis
1030 4298 1191 4373 hujus
1236 4301 1798 4373 episcopusktempore
1838 4298 2024 4361 collai.

420 4368 865 4446 Carthaginensis
893 4378 1010 4446 erat
1030 4368 1397 4446 Innocentius.
1425 4368 1508 4426 ‘Ad
1538 4368 1871 4445 Byzacenam
1905 4394 2031 4446 per-

420 4446 577 4531 tinet,
606 4438 648 4497 ἱ
660 4440 1105 4531 Germanicarum
1130 4438 1731 4531 cohortin-m‘veteran‘is
1760 4438 2023 4531 habitata.
2055 4470 2110 4531 Β

424 4516 501 4573 De
539 4515 659 4589 hac,
692 4524 750 4568 ut
787 4521 841 4568 et
864 4512 983 4589 aliis
1008 4511 1301 4589 plurisque,
1332 4515 1461 4589 illud
1494 4516 1703 4589 obtinet
1730 4520 1872 4589 quod
1911 4520 2020 4575 Pli-

423 4590 544 4644 nius
589 4586 685 4660 lib.
718 4599 879 4660 tv,_c.
920 4583 988 4660 4,7
1008 4583 1209 4660 refert.
1230 4587 1371 4655 quod
1414 4583 1769 4660 naiLcivitates
1800 4598 2022 4660 tantum,

419 4660 510 4716 sed
534 4659 688 4713 etiam
712 4656 943 4710 natidnes
963 4659 1083 4725 jure
1107 4656 1210 4710 dici
1238 4668 1467 4724 possunt.
1496 4658 1725 4715 FELLUS.

496 4729 896 4800 Ut....negent.
943 4727 1091 4783 Nova
1144 4730 1398 4800 loquendi
1428 4730 1587 4797 ratio,
1632 4732 1786 4803 cujus
1842 4744 2022 4791 tamen

420 4818 618 4860 censos
647 4811 888 4872 apertus.

497 4896 599 4948 Aut
629 4896 763 4949 enim
793 4890 1040 4947 Dominus
1060 4891 1196 4948 Deus
1217 4902 1311 4947 est.
1342 4893 1443 4947 Aut
1471 4892 1604 4948 enim
1628 4893 1878 4950 Dominus
1908 4907 2024 4953 tuus

423 4966 569 5037 Deus
593 4977 685 5021 est.
714 4966 792 5037 ita
817 4965 1230 5037 vnlgoedittuu.
1260 4966 1363 5023 Sed
1396 4966 1679 5036 AttgtiStih.
1707 4967 1888 5034 habet,
1923 4970 2027 5022 Aut

424 5036 675 5092 Dominus
706 5036 840 5091 Deus
869 5032 963 5091 est.
990 5032 1241 5092 Fortasse
1267 5052 1330 5091 ex
1354 5032 1707 5093 antecedente
1736 5032 2027 5097 voce-istud

425 5117 542 5163 tuus
568 5110 757 5179 vitiose
784 5119 961 5163 ortum
992 5119 1094 5163 est.
1114 5107 1356 5178 Cumque
1384 5109 1435 5162 in
1460 5109 1667 5163 Erasmi
1695 5109 1825 5165 edit.
1849 5112 2025 5179 locum

424 5193 485 5235 se
512 5181 583 5254 ita
613 5178 902 5254 habentem
926 5180 1171 5254 viderim,
1207 5181 1307 5232 Aut
1331 5181 1449 5254 enin
1483 5179 1616 5236 Deus
1647 5180 1770 5254 (sic)
1794 5182 1932 5237 Deus
1952 5178 2025 5239 est

428 5251 675 5322 voculam
698 5263 814 5306 tuus
844 5251 1128 5307 delendam
1165 5252 1364 5322 putavi.
1400 5251 1609 5307 ﬁourn.

498 5321 1043 5397 ludenliditionem
1091 5323 1483 5397 Erasmianam,
1538 5325 1588 5379 in
1641 5338 1741 5394 qna
1790 5328 2025 5397 primum

426 5395 667 5467 omnium
692 5396 821 5467 Acta
846 5397 1004 5466 hujus
1026 5394 1217 5467 synodi
1234 5406 1669 5467 comparuerant,
1691 5394 1901 5453 cattcrae
1931 5415 2028 5454 ex—

428 5466 582 5542 cepta
613 5464 703 5519 illa
737 5464 936 5542 [lulttzii
969 5464 1190 5521 itni'tatzu
1216 5466 1376 5542 tittth
1391 5464 1711 5542 confessoris
1740 5480 1784 5542 et
1817 5468 1994 5542 Murty
2014 5502 2027 5512 -

425 5537 510 5612 ris_
525 5536 666 5592 hunc
696 5538 1008 5606 episcopum
1039 5547 1321 5612 auxerunt,
1346 5537 1451 5594 Sed
1475 5554 1649 5612 neque
1678 5540 1821 5612 huic,
1855 5536 2029 5612 neque

429 5607 675 5681 cuiquam
720 5600 931 5681 patrum
973 5600 1435 5680 subsequen’tium,
1489 5600 2030 5679 hujusmodi'titu'los

428 5677 658 5752 contulit
684 5677 778 5752 aut
792 5677 1276 5752 Augustinusjaui
1298 5681 1421 5736 libri
1448 5677 1586 5752 quos
1614 5685 1856 5739 nominat
1874 5683 2029 5739 initio

430 5749 590 5821 huius
619 5750 845 5821 Concilii
872 5749 1140 5821 BaIu'zius.
1178 5750 1389 5809 Ruuru.

503 5819 718 5877 Paulus.
748 5820 865 5877 Vox
891 5819 1162 5892 Confetwr
1183 5824 1383 5881 nomini
1410 5822 1551 5894 huic,
1577 5834 1629 5882 et
1650 5825 1881 5897 duobus,
1906 5836 2027 5897 qua:

2128 3706 2376 3780 proxime
2396 3704 2719 3775 sequuntur,
2753 3709 3033 3779 prmmissa
3062 3715 3149 3764 est
3174 3705 3228 3762 in
3256 3702 3591 3763 editiobibus
3610 3712 3747 3764 ante

2130 3784 2430 3839 Baluziurn.
2462 3781 2680 3836 Rooru.

2202 3846 2276 3909 Ab
2308 3853 2472 3909 Obba.
2519 3852 2712 3907 Bobba.
2747 3852 2889 3910 Urbs
2915 3852 3269 3907 Mauritaniae.
3303 3848 3452 3906 Obba
3494 3849 3644 3906 dicta
3690 3850 3750 3904 in

2129 3926 2253 3982 Not.
2287 3925 2455 3982 Afrlc.
2499 3934 2555 3980 et
2589 3923 3077 3995 collat.Carthag.,
3123 3920 3219 3979 sed
3265 3922 3486 3995 codices
3523 3919 3751 3995 plurimi

2132 3999 2334 4053 habent
2359 3997 2564 4061 Bebba,
2608 3998 2696 4051 cui
2727 3991 3155 4051 nomencla'turre
3182 3995 3325 4048 favet
3366 3991 3608 4059 Plinius,
3654 3991 3752 4063 qui

2132 4072 2189 4126 in
2218 4070 2534 4126 Mauritania
2566 4084 2599 4122 α
2627 4067 2759 4122 Lixa
2788 4069 2859 4124 40
2901 4066 2980 4122 Μ.
3014 4065 3081 4120 Ρ.
3118 4067 3174 4120 in
3224 4064 3605 4122 Mediterraueo
3641 4064 3753 4119 Δι-

2135 4145 2272 4213 gusti
2294 4144 2545 4196 coloniam
2573 4139 2796 4194 Bobbam
2820 4140 3072 4195 collocat.
3094 4136 3264 4213 FEL‘L.

2210 4213 2278 4267 Et
2299 4215 2468 4282 ipsum
2496 4223 2721 4267 tenemus
2749 4221 2795 4266 et
2819 4211 3129 4282 exercemui.
3160 4212 3332 4267 Antea
3366 4209 3651 4282 legebatur
3673 4216 3749 4263 u-

2136 4280 2388 4340 uemus'et
2410 4288 2726 4339 exercemus.
2755 4285 2862 4340 Sed
2896 4280 3125 4337 tenemus
3146 4292 3193 4336 et
3221 4294 3329 4336 non
3359 4291 3540 4337 exstat
3562 4280 3617 4336 in
3646 4294 3749 4336 co-

2135 4358 2256 4411 dice
2289 4356 2640 4426 Seguicriano
2667 4371 2843 4426 neque
2869 4355 2923 4409 in
2956 4354 3075 4426 aliis
3100 4354 3399 4426 veteribus.
3423 4353 3750 4426 anonymus

2136 4429 2190 4482 in
2224 4423 2455 4482 ubi-oue
2483 4423 2906 4495 lieimptismate,
2936 4440 2992 4496 p.
3019 4424 3147 4491 est,
3175 4423 3479 4495 δαριεεπιαω
3509 4423 3751 4496 quoue.-

2139 4501 2284 4553 terim
2306 4499 2587 4554 exertabat.
2610 4495 3105 4554 Batavus-4Com
3118 4496 3370 4552 Baluzius
3383 4497 3507 4551 sine
3522 4495 3747 4559 idonea,

2136 4572 2351 4639 opinor,
2374 4586 2559 4638 causa,
2587 4571 2689 4625 h‘oc
2707 4572 3062 4636 eliminasset,
3088 4568 3451 4625 revocandum
3473 4583 3598 4623 esse
3618 4580 3750 4639 cen-

2134 4637 2242 4707 sui,
2275 4643 2417 4712 quod
2438 4645 2494 4696 in
2521 4637 2774 4698 editiset
2821 4644 2875 4696 in
2917 4641 3203 4710 Augustini
3224 4655 3442 4711 quoque
3467 4637 3751 4695 nonnullis

2136 4714 2462 4770 editionibos
2484 4723 2753 4769 retentmn
2782 4723 2950 4769 esset.
2982 4712 3192 4767 Roma.

2211 4786 2547 4840 Satuininus.
2595 4784 2942 4841 Praemissum
2996 4784 3170 4840 estin
3212 4783 3386 4852 libris,
3432 4789 3570 4848 quos
3617 4784 3747 4832 ama

2135 4856 2268 4920 dixi,
2300 4858 2445 4912 Alius
2475 4858 2766 4926 Confessor.
2797 4856 3008 4912 Bon-ru.

2145 4947 2403 5020 ,glllicita
2450 4948 2714 5020 facientes.
2773 4948 2899 5005 Mihi
2932 4948 3168 5020 quidem
3226 4938 3470 5020 probata
3511 4948 3601 5020 est
3667 4940 3742 5001 cl.

2136 5018 2407 5144 gnrslhulli
2452 5013 2802 5090 eonjectura,
2865 5013 3177 5089 reponentis
3229 5013 3392 5073 licita
3444 5013 3741 5073 facientes.

2187 5106 2349 5146 ourn.

2210 5182 2762 5241 Gentiles..‘.summum
2782 5178 2972 5249 Deum,
3003 5193 3109 5240 etc.
3140 5174 3253 5240 Hoc
3279 5189 3427 5239 certe
3443 5174 3745 5255 probatip-

2137 5257 2252 5310 sius
2279 5258 2475 5312 anima:
2494 5257 2744 5327 quamvis
2771 5272 2880 5313 non
2906 5254 3218 5327 christiana:
3262 5254 3574 5327 testimopio
3606 5254 3748 5311 Ter-

2137 5328 2397 5401 ntllianus
2425 5320 2523 5383 lib:
2545 5322 2613 5384 de
2627 5324 2929 5401 Testimon.
2947 5320 3749 5401 Animi.ther.—-Sttmmum

2137 5396 2327 5525 υεᾶῳῖι.
2338 5394 2531 5525 ὲογθη]
2547 5400 2819 5468 nimirum,
2846 5400 2937 5472 qui
2958 5409 3110 5471 pater
3130 5396 3414 5457 hominum
3432 5396 3489 5456 et
3512 5395 3751 5457 deorum

2137 5487 2203 5524 an
2250 5488 2263 5523 l
2294 5511 2309 5525 .
2383 5489 2505 5525 Ειι..

2137 5472 2309 5525 audit.
2338 5472 2505 5528 FELL.

2209 5540 2391 5597 Zama.
2424 5526 2569 5600 Urbs
2596 5540 2878 5601 Numidia).
2902 5544 3099 5611 Asama
3122 5534 3354 5601 Ptolem.
3448 5530 3748 5610 Strabone,

2139 5611 2334 5686 Plinio,
2364 5615 2592 5686 aliisque
2618 5627 2934 5672 memorata.
2959 5606 3059 5672 Hic
3099 5612 3205 5674 loci
3243 5606 3512 5675 Hatinibal
3561 5631 3594 5671 a
3630 5606 3752 5673 Sci;

2139 5685 2298 5765 pio_ne
2325 5685 2518 5765 magna
2539 5695 2723 5765 strage
2750 5689 2943 5765 victus.
2975 5688 3141 5745 FELL.
3246 5756 3251 5762 θ
3301 5756 3313 5765 ι
3478 5758 3495 5765 Α
3526 5754 3531 5761 ,
3622 5750 3631 5765 ι

2138 5754 2463 5884 “haustis.
2486 5757 2536 5815 Is
2556 5756 2616 5816 in
2656 5754 2814 5818 libris
2854 5754 2992 5833 quos
3017 5756 3339 5833 memoravi,
3368 5754 3749 5834 ωηίεὲευέιιιο

2178 5842 2234 5883 ι.
2321 5844 2482 5884 ουτω.

2178 5837 2234 5883 ii.
2272 5837 2482 5886 ticum.
