4008 6320
580 304 724 366 ton
1931 295 2279 370 RELIQUIE
2319 298 2587 358 sacnsz.
3699 312 3796 374 qm

577 430 696 479 tum
737 418 900 476 animi
932 416 1037 476 mei
1065 424 1122 475 et
1146 414 1377 489 Spiritus
1404 415 1596 482 sancti.
1628 427 1749 473 cum
1774 416 1844 472 sit
1874 433 2008 473 unus
2037 420 2178 474 Deus
2203 421 2256 480 Α
2286 417 2496 472 Domini
2518 418 2884 490 gubernantcs
2911 423 2966 473 et
2985 417 3319 474 credentium
3345 419 3497 477 ﬁdem
3513 419 3796 493 baptizantes.

579 513 745 570 Pater
794 513 1000 569 Domini
1049 511 1220 567 nostri
1249 510 1378 567 Jesu
1407 510 1631 573 Christi,
1663 519 1718 565 et
1745 527 1880 565 unus
1909 510 2176 578 Christus,
2284 507 2354 563 Et
2383 509 2503 564 ideo
2535 511 2794 573 lueretici,
2821 512 2910 582 qui
2942 527 3040 566 nec
3069 522 3383 582 potestatem
3413 515 3535 571 foris
3559 532 3645 573 nec
3658 518 3795 576 Eccle-

579 616 640 664 et
669 623 769 662 una
799 621 944 676 Spes,
976 615 1032 662 et
1063 619 1199 660 unus
1226 605 1468 675 spiritus.
1499 611 1553 660 et
1582 619 1682 657 una
1716 603 1980 672 Ecclesia,
2014 621 2178 659 unum
2282 603 2415 657 siam
2438 603 2641 660 Christi
2659 604 2880 671 habent,
2900 608 3166 663 neminem
3187 607 3456 676 baptizare
3472 609 3700 680 baptismo
3714 615 3799 685 ejus

576 699 740 756 debet
769 715 890 757 esse
916 709 973 755 et
999 697 1285 768 baptisma.
1331 696 1398 751 Et
1424 696 1545 752 ideo
1575 697 1717 762 dico,
1745 697 1788 750 si
1820 697 1943 767 quid
1975 697 2041 751 ab
2072 697 2180 752 hae-
2279 706 2529 767 possunt.

573 792 757 848 reticis
805 800 1009 847 motum
1056 799 1151 846 aut
1205 789 1402 845 factum
1452 790 1629 853 fuerit,
1681 788 1914 844 rescindi
1956 789 2176 855 debere,
2354 791 2725 848 Secundianus
2756 809 2786 848 a
2819 793 3108 850 Thambets
3137 798 3300 853 dixit.
3332 795 3447 852 Non
3477 796 3703 854 debemus
3726 801 3802 857 ha-

569 897 627 944 et
656 904 750 944 eos
775 889 864 959 qui
891 886 1015 942 inde
1047 887 1272 941 veniunt
1299 887 1349 940 in
1383 885 1623 940 Ecclesia
1656 884 2005 954 baptizandos
2031 901 2172 940 esse.
2277 885 2474 941 retices
2505 898 2683 942 nostra
2717 890 3134 959 praesumptioiie
3177 890 3428 959 decipere
3464 901 3518 947 ut
3553 893 3600 947 in
3623 893 3802 951 Ecclesia

648 980 779 1035 Item
809 980 945 1034 alitis
975 979 1124 1035 Felix
1154 995 1183 1033 a
1214 977 1522 1048 Gurgitibus
1551 979 1704 1032 dixit.
1741 977 1852 1046 Ego
1881 992 2078 1032 censeo
2119 987 2178 1032 ut
2278 976 2490 1032 Domini
2520 981 2689 1034 nostri
2721 980 2849 1037 Jesu
2879 981 3078 1038 Christi
3104 999 3208 1037 non
3240 983 3508 1054 baptizati,
3536 1000 3593 1040 ac
3617 1001 3698 1056 per
3732 987 3803 1042 hoc

567 1072 866 1128 secundum
893 1082 1198 1128 sanctarum
1223 1071 1621 1141 Scripturarum
1643 1080 1907 1140 praecepta
1937 1072 2177 1139 baptiza-
2276 1071 2652 1128 remissionem
2681 1083 3026 1144 peccatorum
3054 1093 3161 1131 non
3186 1078 3482 1141 consecuti,
3524 1093 3632 1134 cum
3669 1081 3804 1147 judicii

565 1175 652 1223 tus
686 1169 754 1221 ab
789 1167 1057 1224 haereticis
1099 1167 1282 1222 illicite
1320 1174 1469 1221 extra
1497 1164 1810 1228 Ecclesiam,
1838 1179 1960 1218 cum
1982 1163 2050 1218 ad
2075 1163 2175 1218 Ec-
2276 1164 2390 1220 dies
2421 1171 2627 1222 venerit
2655 1170 2810 1223 nobis
2854 1169 3151 1240 imputetur
3178 1172 3320 1243 quod
3353 1188 3449 1243 per
3477 1187 3569 1228 nos
3612 1188 3700 1228 non
3731 1174 3805 1228 siut

566 1261 790 1316 clesiam
816 1260 1108 1332 confugere
1135 1258 1386 1328 voluerit,
1408 1259 1632 1330 gratiam
1652 1257 1903 1328 baptismi
1925 1256 2015 1312 ubi
2033 1257 2174 1313 lieite
2277 1257 2528 1328 baptizati
2549 1272 2604 1315 et
2630 1261 3016 1331 indulgentiam
3049 1263 3247 1318 divinae
3271 1268 3457 1334 gratiae
3484 1280 3583 1318 non
3605 1263 3698 1318 sint
3715 1280 3804 1320 con-

565 1352 728 1409 datur
744 1363 1132 1424 consequatur.
2273 1355 2466 1409 secuti.
2504 1354 2732 1425 Propter
2759 1355 2923 1424 quod,
2956 1372 3077 1412 cum
3109 1357 3178 1410 sit
3208 1373 3310 1412 una
3344 1356 3577 1412 Ecclesia
3613 1365 3659 1410 et
3688 1373 3806 1411 unum

633 1445 870 1501 Pusillus
899 1461 929 1500 a
959 1445 1218 1500 Lamasba
1251 1442 1422 1499 dixit:
1450 1441 1565 1515 Ego
1592 1442 1756 1499 credo
1783 1442 2045 1512 baptisma
2085 1457 2173 1497 sa-
2271 1445 2559 1516 baptisma,
2614 1449 2829 1516 quando
2879 1448 2944 1503 ad
2994 1464 3093 1504 nos
3119 1457 3527 1513 convertuntur,
3558 1448 3804 1504 simulcuin

559 1539 740 1596 lutare
770 1557 876 1595 non
901 1556 1023 1595 esse
1055 1539 1155 1594 nisi
1179 1539 1419 1594 Ecclesia
1441 1537 1729 1602 catholica,
1749 1534 2020 1607 Quidquid
2049 1537 2171 1590 abs-
2273 1537 2512 1594 Ecclesia
2541 1550 2594 1596 et
2622 1542 2875 1597 Ecclesia:
2905 1543 3227 1613 baptismum
3260 1555 3662 1614 consequantur.

559 1650 669 1706 que
692 1633 957 1690 catholica
988 1631 1152 1688 fuerit
1193 1631 1467 1687 simulatio
1492 1639 1600 1685 est.
2344 1633 2472 1688 ltem
2522 1634 2656 1690 alius
2686 1636 3008 1700 Aurelianus
3055 1654 3084 1692 a
3132 1638 3381 1694 Chullabi
3432 1637 3560 1692 dixit
3588 1655 3601 1691 :
3628 1635 3805 1691 Joannes

631 1729 915 1785 Salvianus
937 1743 966 1782 a
989 1726 1274 1784 Gazanfala
1297 1725 1460 1779 dixit:
1487 1723 1777 1779 "(creticus
1810 1722 1940 1777 nihil
1969 1723 2170 1779 habere

2271 1725 2548 1795 apostolus
2596 1729 2648 1780 in
2699 1729 2925 1795 epistola
2954 1746 3047 1784 sua
3079 1729 3254 1800 posuit
3299 1729 3529 1784 dicens:
3573 1729 3626 1785 Si
3653 1729 3805 1799 quised

555 1830 800 1880 constat:
853 1830 907 1878 et
937 1821 1061 1876 ideo
1105 1819 1171 1876 ad
1201 1834 1300 1875 nos
1327 1819 1548 1874 veniunt
1575 1827 1632 1872 ut
1662 1817 1868 1888 possint
1915 1818 2161 1888 accipere
2191 1825 2238 1886 Β
2265 1836 2357 1874 nos
2383 1821 2536 1882 venit,
2567 1831 2616 1875 et
2643 1821 2932 1876 doctrinam
2961 1823 3152 1878 Cltristi
3184 1841 3286 1877 non
3338 1824 3508 1889 habet,
3548 1821 3688 1877 nolite
3725 1839 3804 1876 eum

555 1916 704 1989 quod
733 1931 837 1971 non
867 1915 1088 1970 habent.

621 2009 929 2064 Honoratus
945 2026 972 2061 a
987 2007 1202 2064 Tltttcca
1226 2007 1362 2062 dixit
1388 2026 1400 2061 :
1423 2006 1556 2061 Cum
1576 2003 1822 2060 Christus
1844 2004 2043 2061 veritas
2063 2004 2152 2066 sit,

548 2103 722 2173 magis
752 2103 1030 2156 veritatem
1053 2117 1213 2172 quam
1237 2098 1681 2155 consuetudinem
1700 2099 1848 2167 sequi
1873 2095 2155 2158 debemus,

2259 1913 2526 1967 admittere
2553 1914 2606 1967 in
2635 1915 2843 1971 domum
2892 1928 3132 1982 vestram,
3188 1927 3234 1971 et
3271 1934 3362 1971 ave
3406 1918 3485 1971 illi
3514 1934 3573 1971 ne
3606 1917 3801 1970 dixeritis.

2264 2006 2363 2072 Qui
2411 2007 2544 2060 enim
2571 2007 2759 2062 dixerit
2785 2009 2866 2063 illi
2895 2026 2986 2065 aue
3023 2011 3368 2064 communicat
3405 2011 3555 2080 factis
3595 2010 3694 2080 ejtts
3724 2025 3802 2062 tita-

2263 2097 2325 2152 lis
2355 2099 2421 2171 (ll
2446 2099 2604 2154 Joan.
2638 2118 2674 2162 I,
2709 2103 2795 2164 10,
2833 2102 2942 2174 Η).
2969 2103 3250 2172 Quomodo
3268 2103 3477 2158 admitti
3509 2104 3634 2157 tales
3661 2111 3808 2157 tamen

545 2205 608 2251 ut
638 2194 941 2259 hacreticos,
969 2195 1058 2263 qui
1084 2193 1206 2248 ideo
1238 2192 1302 2246 ad
1335 2208 1432 2247 nos
1461 2191 1687 2246 veniant
1712 2190 1836 2262 quia
1865 2189 1996 2244 foris
2029 2190 2161 2245 nihil
2261 2189 2313 2244 in
2347 2190 2568 2246 Domum
2603 2193 2690 2248 Dei
2724 2205 2947 2263 possunt
2973 2196 3062 2265 qui
3088 2195 3141 2248 in
3167 2195 3386 2248 domum
3423 2207 3652 2249 nostram
3681 2193 3806 2264 priva-

541 2290 792 2360 accipere
821 2295 1130 2357 potuerunt,
1166 2285 1427 2341 Ecclesiae
1446 2285 1710 2355 baptismo
1734 2285 2154 2338 sanctificemus.

618 2381 806 2437 Victor
819 2382 887 2435 ab
901 2379 1104 2436 Octavo
1122 2379 1290 2434 dixit:
1312 2379 1464 2446 Quod
1487 2387 1542 2434 et
1568 2378 1665 2448 ipsi
1691 2377 1860 2440 scitis,
1896 2393 2001 2430 non
2025 2378 2152 2431 olim

541 2487 662 2533 sum
692 2479 980 2546 episcopus
1008 2474 1352 2537 constitutus,
1395 2483 1449 2526 et
1479 2470 1603 2527 ideo
1633 2469 1984 2540 expectabam
2014 2486 2152 2539 prae-

538 2585 820 2627 ccssorum
843 2569 1152 2625 c0nsilium.
1179 2568 1292 2623 Hoc
1319 2570 1496 2638 itaque
1522 2566 1796 2627 existimo,
1829 2575 1886 2619 ut
1911 2567 2154 2635 quicum-

542 2681 656 2737 que
678 2681 743 2720 cx
763 2664 966 2720 Παειεεί
995 2666 1244 2718 venerint
1274 2661 1391 2716 sine
1418 2661 1581 2716 dubio
1610 2659 1968 2730 baptizentur.

610 2760 803 2815 Clarus
822 2773 852 2812 a
876 2737 1113 2812 Mas’cula
1133 2753 1269 2810 dixit
1295 2773 1308 2807 :
1341 2753 1621 2809 Manifesta
1643 2762 1728 2809 est
1748 2752 2012 2808 sententia
2044 2752 2148 2807 Do-

534 2851 669 2908 mini
698 2851 865 2907 nostri
907 2849 1034 2905 Jesu
1065 2847 1263 2903 Christi
1295 2845 1590 2915 Apostolos
1627 2859 1753 2900 suos
1786 2845 2048 2900 mittentis
2091 2855 2148 2901 et

530 2946 665 3018 ipsis
691 2946 823 3000 solis
843 2950 1162 3014 potestatem
1190 2955 1220 2994 a
1245 2939 1402 2995 Patre
1426 2939 1527 2995 sibi
1555 2939 1735 2994 datam
1759 2939 2141 3009 permittentis,

2265 2292 2372 2338 tam
2403 2284 2610 2340 admitti
2638 2285 3028 2353 prohibentur?
3063 2290 3170 2342 Aut
3200 2288 3474 2359 quomodo
3504 2305 3621 2344 cum
3642 2289 3710 2344 eis
3731 2288 3808 2343 sine

2259 2376 2516 2434 Ecclesiae
2550 2379 2817 2449 baptismo
2847 2382 3249 2437 communicare
3281 2398 3571 2452 possumus
3598 2383 3758 2454 quibus
3774 2382 3804 2436 si

2254 2486 2354 2527 ave
2385 2482 2588 2527 tantum
2611 2472 2924 2539 dixerimus,
2969 2474 3124 2530 factis
3145 2490 3332 2530 eorum
3357 2473 3516 2532 malis
3554 2475 3801 2532 communi-

2257 2564 2484 2620 camus?

2329 2658 2876 2716 LitteusaGemellis
2924 2660 3305 2716 dixit:Caecus
3354 2663 3400 2716 si
3455 2677 3640 2717 circum
3683 2662 3807 2722 ducat,

2254 2753 2402 2806 ambo
2444 2753 2496 2806 in
2543 2755 2740 2825 foveam
2769 2755 2958 2808 cadunt
2993 2753 3203 2823 (Matth.
3262 2770 3356 2819 xv,
3411 2754 3522 2828 14).
3565 2753 3685 2808 Cum
3711 2768 3801 2823 ergo

2254 2845 2538 2903 haereticos
2567 2858 2776 2904 constet
2817 2866 2921 2904 non
2965 2865 3125 2922 posse
3167 2849 3478 2906 illuminare
3513 2865 3798 2921 queinquam.

2252 2951 2440 3011 utp0te
2466 2957 2664 3009 caecos,
2693 2943 2956 3012 baptisma
2985 2958 3172 2999 eorum
3214 2959 3320 3000 non
3347 2944 3514 3000 valet.

527 3039 728 3111 quibus
774 3052 874 3092 nos
917 3034 1277 3093 successimus
1307 3033 1496 3090 eadem
1542 3041 1810 3104 potestate
1841 3031 2141 3089 Ecclesiam
2168 3025 2213 3086 C
2319 3034 2524 3091 Natalis
2581 3035 2649 3090 ab
2701 3034 2811 3092 Oea
2859 3035 2998 3091 dixit
3030 3053 3044 3089 :
3076 3035 3210 3092 Tam
3254 3053 3356 3109 ego
3415 3052 3648 3109 praesens
3694 3049 3807 3106 quam

1884 3149 2244 3208 VARIORUM
2283 3150 2515 3209 NOTAE.

603 3249 882 3308 Lamasba.
947 3249 1132 3306 Fellus
1197 3248 1412 3318 quidem
1482 3246 1903 3316 imprimendum
1955 3261 2137 3318 _cura-

529 3326 610 3381 vit
661 3324 942 3386 Lambesa,
985 3330 1040 3376 et
1094 3321 1161 3375 ad
1219 3316 1530 3389 suffragium
1563 3335 1614 3372 vr
1658 3320 1895 3374 occurrit
1944 3316 2141 3373 lanna-

528 3399 646 3454 rius
691 3414 719 3450 a
768 3395 1054 3454 Lambase,
1099 3394 1184 3447 ubi
1260 3393 1468 3448 notavit
1534 3392 1613 3446 vir
1658 3391 1729 3445 cl.
1791 3391 2139 3444 Ptolenueum

530 3470 736 3524 habere
784 3469 970 3524 urbem
1019 3469 1302 3538 Δαμαίσα,
1345 3465 1459 3518 sive
1503 3464 1805 3536 Λαμϐαἰσα.
1863 3461 1968 3538 δὶιι⁸
2010 3479 2140 3538 vero

531 3533 1113 3607 Lambasehicquoque
1135 3539 1494 3606 reciperetur,
1531 3533 1640 3588 tuin
1675 3550 1798 3588 vero
1821 3544 1916 3607 aut
1937 3533 2137 3603 duplex

529 3613 692 3667 unius
719 3605 973 3672 civitatis,
1010 3605 1203 3674 praeter
1235 3605 1463 3671 morem,
1486 3608 1775 3674 episcopus
1801 3605 2134 3664 efficeretur.

531 3694 629 3738 aut
671 3683 798 3737 urbs
835 3679 1174 3750 cognominis
1229 3681 1392 3734 fuisse
1446 3679 1727 3750 statuenda
1772 3676 1930 3731 foret.
1983 3677 2137 3745 Quod

571 3755 746 3810 uideni
789 3749 928 3808 haud
963 3768 1084 3806 raro
1126 3751 1202 3805 fit.
1236 3750 1312 3804 Ita
1344 3765 1464 3805 cum
1499 3751 1549 3802 in
1581 3749 1836 3814 suffragio
1877 3765 1970 3814 Lit,
2008 3753 2134 3804 urbs

581 3827 739 3880 hucca
787 3825 869 3879 vel
900 3822 1070 3878 Tucca
1119 3822 1391 3877 nominata
1443 3831 1602 3876 esset.
1651 3821 1766 3874 hth
1810 3819 2024 3888 sci-ipsit
2071 3821 2136 3875 ad

529 3897 842 3968 suffragium
907 3896 974 3968 ab
1027 3896 1132 3968 hoc
1179 3894 1411 3968 tertiuut_
1429 3892 1737 3968 _Fcllusght
1784 3891 1958 3946 Tucca
2011 3893 2139 3968 urbs

529 3963 864 4025 Mauritania:
911 3966 1056 4022 Sitif.
1099 3966 1180 4022 De
1227 3980 1332 4036 qua
1382 3964 1587 4036 Plinius
1633 3963 1764 4036 lib.
1801 3979 1855 4025 v.
1889 3978 2028 4036 cap.
2078 3963 2134 4030 2,

529 4050 588 4096 et
641 4041 828 4094 notitia
883 4040 1048 4092 Afrie.
1081 4080 1095 4103 ,
1156 4035 1258 4091 alia
1313 4054 1344 4092 a
1398 4035 1573 4092 Tucca
1615 4035 2053 4100 Terebentliina,
2084 4045 2141 4091 et

530 4114 693 4168 tertia
724 4110 1010 4166 Nuinidire.
1051 4129 1070 4161 ι
1109 4111 1356 4165 Attamen
1383 4107 1612 4162 fortasse
1643 4106 2004 4162 Lamasuensis
2035 4110 2140 4161 Pn-

528 4183 686 4238 sillus
742 4196 1028 4250 cpiscOpus
1093 4180 1212 4248 fuit,
1266 4196 1388 4235 nam
1440 4179 1493 4233 in
1544 4177 1746 4233 Notitia
1800 4179 1928 4250 17172,
1981 4189 2034 4233 et
2087 4180 2141 4250 in

531 4253 724 4311 Collat.
772 4245 1018 4324 Carthag.
1071 4245 1326 4309 monente
1387 4251 1620 4320 Dttpinio
1685 4251 1741 4324 in
1777 4322 1784 4324 ξ
1817 4245 2144 4324 Geographia

530 4324 723 4394 Africa:
763 4342 912 4379 sacra
935 4321 1334 4396 [episcopatus
1386 4325 1488 4378 iste
1550 4322 1839 4392 provincia:
1875 4321 2140 4377 Numidiae

531 4412 730 4453 memet
745 4407 883 4452 atur.
922 4396 1133 4450 Rou'ru.

607 4470 904 4526 Salvianus.
941 4465 1143 4538 Martyr
1173 4466 1497 4536 appellatur.
1529 4465 1618 4538 ubi
1647 4481 1831 4533 supra.
1853 4464 2076 4538 rRourn.

607 4538 809 4594 Clarus.
877 4535 1153 4610 Confessor
1211 4535 1398 4594 Clarus
1431 4547 1507 4610 et
1564 4535 1766 4610 .‘llartyr
1826 4537 2140 4610 _Secundia-

532 4626 637 4668 nus
703 4612 926 4666 audiunt
991 4608 1056 4664 'in
1129 4610 1322 4665 iisdem
1374 4609 1497 4664 edd.
1570 4608 1869 4678 Singularis
1935 4608 2138 4663 interea

531 4683 587 4740 in
616 4683 715 4738 hoc
752 4681 1005 4752 suffragio
1050 4683 1248 4736 locutio
1283 4691 1388 4745 est,
1439 4679 1756 4734 credentium
1785 4680 1939 4748 ﬁdem
1969 4680 2138 4750 bapti-

531 4765 728 4810 zantes.
762 4754 972 4809 Reum.

610 4827 732 4881 Non
787 4827 887 4880 sint
949 4825 1224 4880 consecuti.
1286 4823 1410 4879 Haec
1464 4839 1565 4877 una
1626 4832 1710 4880 est
1759 4838 1824 4878 ex
1883 4823 2134 4879 lectioni-

532 4896 656 4965 bus,
707 4913 839 4966 quas
879 4902 1074 4952 tacitus
1116 4896 1326 4951 induxit
1372 4895 1640 4950 Baluzius.
1677 4893 1840 4950 Certe.
1883 4897 2134 4951 nesciunt

531 4985 637 5022 non
675 4969 798 5033 sint,
847 4978 1109 5036 quotquot
1168 4967 1276 5022 vidi
1326 4967 1579 5039 Cypriani
1619 4967 1886 5022 editiones
1922 4971 2133 5038 Augus-

532 5040 806 5110 tinusque.
842 5041 1053 5094 BOUTH.

605 5109 870 5165 Iohannes
926 5110 1185 5175 apostolus
1240 5111 1295 5164 in
1351 5109 1586 5178 Epistola
1637 5125 1752 5162 sua.
1801 5109 1942 5164 Ante
1994 5109 2137 5165 Afri-

527 5195 724 5238 canum
771 5183 912 5236 huiic
951 5187 1260 5252 εμιμοοριιιιι
1297 5181 1564 5252 Aurelium
1594 5196 1622 5233 a
1651 5180 1902 5252 Chttllnbi
1945 5184 2136 5237 extite-

531 5266 681 5317 runt,
714 5256 803 5323 qui
833 5251 1031 5320 secuttd
1053 5271 1120 5306 IIII
1155 5255 1291 5307 hanc
1328 5251 1550 5323 Joannis
1575 5251 1860 5323 epistolam
1898 5253 2132 5308 adduxe-

531 5336 680 5392 runt,
715 5322 947 5380 [fremens
994 5325 1086 5378 lib.
1137 5341 1175 5385 1,
1208 5339 1326 5392 cap.
1367 5322 1453 5383 16.
1503 5325 1574 5378 al.
1612 5323 1716 5395 _13,
1769 5322 2136 5395 Origenesque

530 5396 683 5458 item,
733 5397 816 5450 hic
845 5407 1024 5452 autem
1077 5395 1428 5460 dubitantius,
1486 5395 1539 5448 in
1595 5393 1878 5449 Comment.
1936 5393 2134 5452 suo‘in

529 5466 594 5523 S.
625 5467 762 5522 Joan
810 5466 972 5522 Euan.
1029 5483 1147 5537 pag.
1181 5467 1251 5523 85
1307 5467 1394 5522 ed.
1441 5465 1644 5532 lluetii;
1681 5476 1788 5520 tum
1823 5483 1948 5521 vero
1987 5483 2139 5523 eam-

527 5539 652 5594 deni
685 5551 999 5607 receperunt
1023 5539 1304 5608 epistolam
1327 5539 1530 5593 Auctor
1558 5537 1858 5607 Fragmenti
1885 5539 1948 5592 de
1974 5556 2132 5594 cano-

525 5626 594 5666 ne
621 5611 660 5667 S
707 5609 1010 5676 Scriptum,
1031 5612 1384 5678 Ueniensque
1407 5611 1560 5664 Alex.
1591 5619 1647 5663 ut
1675 5610 1742 5662 ad
1784 5610 1924 5664 idem
1961 5609 2131 5680 Frag-

522 5693 749 5737 mentum
788 5683 1034 5738 ostendo.
1075 5681 1181 5736 Sed
1207 5683 1533 5736 contraritttn
1556 5681 1748 5736 fecisse
1775 5681 2097 5750 Cyprianum
2117 5724 2131 5747 ,

522 5754 627 5810 etsi
669 5753 889 5824 collegae
929 5754 1065 5824 ejus,
1089 5753 1292 5807 Aurelii
1338 5755 1645 5809 testimonio
1673 5754 1902 5824 multum
1934 5754 1998 5824 Ain
2030 5758 2131 5809 hac

515 5824 768 5900 retribuit
808 5822 879 5880 cl.
930 5823 1270 5893 Larduerus,
1322 5838 1500 5896 neque
1555 5823 1686 5881 illud
1739 5822 2043 5896 immerito,
2074 5824 2129 5881 in

2244 3246 2344 3317 0p.
2397 3246 2499 3321 De_
2521 3245 2655 3321 Fide
2702 3246 2838 3302 Hist.
2885 3247 3121 3321 _Evang.,
3166 3264 3222 3321 p.
3260 3265 3319 3315 tt,
3351 3249 3464 3306 vol.
3495 3265 3568 3317 tv,
3598 3248 3682 3321 lib.
3711 3263 3742 3321 _t,
3775 3260 3808 3300 c.

2245 3321 2338 3380 44.
2399 3318 2425 3389 §
2469 3319 2525 3380 7,
2575 3320 2638 3379 5;
2695 3321 2820 3374 inde
2877 3318 3104 3376 fortasse
3146 3318 3480 3388 sitsiiieeris,
3534 3320 3664 3390 quod
3709 3319 3810 3390 hunc

2246 3391 2422 3459 ipsum
2477 3393 2802 3446 versiculum
2876 3408 2981 3446 non
3047 3394 3225 3448 attulit
3268 3394 3348 3447 vir
3397 3389 3615 3448 sanctus
3663 3391 3730 3445 vel
3775 3389 3810 3442 in

2251 3463 2346 3517 lib.
2419 3479 2473 3517 ttt
2522 3461 2952 3517 Testimoniorum
2999 3466 3067 3517 ad
3109 3465 3416 3532 Quirinum,
3451 3481 3499 3519 c.
3533 3465 3620 3528 78,
3653 3464 3809 3515 tibias-

2245 3534 2469 3591 tendere
2497 3533 2604 3587 vult
2635 3551 2700 3590 ex
2749 3535 2806 3590 S.
2843 3535 3122 3604 Scriptura
3147 3578 3162 3598 ,
3195 3555 3311 3591 cum
3341 3538 3592 3592 Interdicis
3630 3551 3717 3588 non
3736 3547 3811 3604 esst

2242 3606 2590 3678 loquendum,
2621 3607 2704 3660 vel
2748 3607 2800 3660 in
2831 3608 2950 3661 aliis
2973 3602 3130 3664 locis
3176 3609 3609 3678 quainplurimis,
3659 3606 3745 3678 ubi
3776 3602 3808 3655 id

2246 3677 2507 3732 facturum
2540 3677 2688 3750 illum
2717 3679 2837 3746 jure
2866 3694 3226 3747 speraremns,
3257 3683 3298 3734 si
3322 3677 3540 3750 quidem
3577 3677 3807 3750 epistolam

2246 3753 2560 3819 ΓθθθΡίεδθῑ·
2595 3745 2787 3815 ΡυΙΊὊ,
2822 3745 3103 3820 postquam
3139 3753 3251 3807 hzec
3288 3745 3695 3813 atinotaveraiu,
3735 3745 3808 3820 Vidi

2246 3821 2347 3894 hoc
2379 3818 2698 3894 monentem
2750 3818 3032 3894 Anglicum
3090 3825 3439 3894 interpretem
3489 3825 3558 3879 cl.
3607 3818 3810 3894 Μαι-διιιῆ

2245 3892 2399 3955 lum,
2447 3893 2670 3948 Joannis
2715 3894 2942 3955 primam
2995 3888 3291 3964 Ερίςιυιςῖιη
3345 3896 3464 3949 sine
3517 3895 3616 3948 ulla
3648 3888 3808 3964 numeri

2243 3964 2589 4038 distinctioiie
2632 3965 2830 4034 ubique
2873 3960 3077 4020 laudari
3129 3985 3159 4020 a
3189 3968 3486 4038 Cypriano,
3516 3960 3808 4038 tamquatusi

2244 4037 2538 4091 secundam
2573 4031 3128 4100 istam—ignoraverit.
3164 4031 3390 4094 At'i-ero
3421 4031 3663 4094 similiter
3700 4031 3808 4087 exci-

2246 4115 2322 4161 tat
2351 4107 2491 4162 idem
2527 4108 2615 4163 ille
2641 4107 2943 4180 Cyprianus
2984 4111 3040 4164 S.
3087 4109 3239 4164 Pauli
3288 4109 3581 4179 Epistulam
3606 4107 3668 4160 ad
3686 4105 3808 4159 Tires-

2245 4180 2585 4234 salonicenses
2632 4181 2962 4250 posteriorem
3021 4181 3075 4236 in
3132 4181 3305 4251 Epist.
3353 4197 3449 4235 sua
3500 4197 3588 4240 LV.
3629 4181 3801 4251 al.an

2245 4252 2551 4324 immo_sie
2588 4246 2801 4322 quoque
2838 4254 2916 4324 fin
2971 4252 3074 4307 hoc
3145 4246 3264 4324 ipso
3326 4254 3583 4324 suffragio
3633 4246 3806 4306 Joannis

2247 4322 2484 4393 seconda
2515 4323 2753 4392 Epistula
2803 4323 2871 4379 ab
2900 4324 3121 4380 Aurelio
3151 4322 3391 4379 affertur.
3430 4322 3584 4380 Eri-at
3640 4331 3805 4393 quoque

2251 4392 2519 4464 interpres
2550 4391 2712 4462 idem,
2743 4396 2868 4450 dum
2901 4401 2996 4461 ait,
3029 4396 3420 4464 Tertullianum
3468 4397 3520 4450 in
3554 4391 3803 4464 Prtescript.

2168 4443 2222 4502 D
2253 4443 2447 4520 Haerert.
2493 4467 2574 4521 bis
2607 4443 2996 4522 testimonium,
3596 4443 3802 4522 ιῦεζέιηίε.

2248 4553 2410 4611 quum
2460 4538 2508 4592 id
2557 4556 2622 4611 ne
2661 4541 2825 4594 semel
2875 4541 3091 4610 quidem
3139 4543 3208 4593 ab
3239 4554 3305 4595 eo
3337 4541 3534 4611 factum
3579 4538 3803 4611 siljneqtle

2248 4607 2301 4661 in
2347 4624 2504 4680 capp.
2554 4609 2623 4664 12
2669 4623 2718 4664 et
2752 4611 2843 4673 55,
2889 4607 3008 4678 quae
3054 4612 3122 4663 ab
3187 4613 3374 4665 eodem
3449 4608 3716 4664 Marshallo
3752 4607 3802 4655 si-

2243 4691 2511 4751 gnantur;
2545 4697 2716 4751 neque
2745 4684 2906 4736 etiam
2957 4681 3104 4745 alibi,
3165 4683 3215 4736 ni
3263 4681 3440 4738 fallor.
3476 4681 3662 4737 Rourn

2317 4742 2574 4807 “catellis.
2631 4742 2792 4808 'Urbs
2839 4742 3102 4807 Numidiae
3152 4755 3408 4808 Antoniu.
3476 4752 3681 4807 Colonia
3719 4742 3799 4798 ΒΟ·

2242 4839 2400 4878 mana
2440 4825 2539 4878 sub
2606 4824 2876 4878 Hadriano
2921 4823 3056 4892 Imp.
3103 4824 3360 4890 deducta,
3405 4837 3458 4892 ut
3513 4819 3729 4888 Ligorius
3747 4828 3792 4892 gs

2239 4895 2358 4962 ejus
2407 4911 2627 4949 nummo
2651 4897 2809 4950 docet
2839 4915 2852 4947 :
2888 4884 3050 4950 IELiA
3081 4884 3358 4950 Haonuua'
3383 4884 3688 4948 (ἱειιιιιξιιιι.
3747 4884 3798 4937 De

2239 4966 2342 5020 hoc
2384 4967 2557 5022 Litteo
2589 4967 2800 5021 videtur
2848 4966 3048 5019 mentio
3079 4969 3252 5018 lialntzi
3284 4965 3452 5031 Epist.
3496 4964 3625 5034 Cyp.
3655 4971 3793 5015 um.

2241 5037 2472 5094 FELLUS.
2499 5069 2567 5079 -—
2593 5037 2912 5108 Confessoris
2947 5037 3279 5108 titulnsrltuic
3307 5037 3559 5108 episcopo
3606 5034 3795 5100 adjectus

2241 5120 2324 5164 est
2353 5114 2402 5164 in
2432 5113 2678 5181 Lypriani
2707 5107 2738 5181 ξι
2771 5123 2902 5178 quas
2929 5109 3060 5172 dixi,
3089 5107 3434 5181 editionibns.
3478 5107 3674 5181 Roma.

2322 5180 2646 5235 llluniiuure.
2681 5180 2836 5234 anat
2871 5183 2951 5232 vir
2979 5183 3198 5233 doetiss.
3251 5180 3502 5249 Anglii-us
3535 5180 3790 5249 interpres.

2243 5255 2528 5326 ἓμφατικῶς
2575 5254 2676 5307 huc
2721 5253 2849 5326 dici,
2883 5251 3005 5321 quia
3042 5243 3790 5323 ὴτιιιιίεῐηιιδνφωτισμόςὑιικιηὲ·

2242 5323 2381 5379 natio
2422 5341 2565 5394 sat‘pe
2593 5323 2912 5394 appelletur.
2959 5328 3168 5377 ιιοιιτιι.

2314 5399 2388 5449 Ab
2447 5391 2571 5450 υέα.
2630 5391 2682 5449 In
2738 5393 3533 5468 provincia'l‘i-ipolitana,rtni
3572 5391 3784 5468 diximus.

2241 5469 2398 5522 sitam
2430 5469 2574 5522 illam
2631 5462 2794 5522 fuisse
2824 5468 2963 5520 inter
2992 5465 3125 5520 duas
3152 5462 3369 5537 ’Syrtes
3412 5467 3564 5520 docet
3595 5462 3784 5537 Plinius.

2240 5539 2333 5593 lib.
2388 5554 2441 5602 v,
2486 5556 2604 5607 cap.
2655 5540 2708 5593 4.
2771 5538 2832 5592 Ει
2905 5546 3080 5592 tamen
3141 5536 3458 5593 Ptolemaeus
3518 5536 3784 5607 Sabrinam,

2237 5609 2403 5684 Oeam
2433 5620 2487 5666 et
2535 5605 2761 5684 [aL-pum
2787 5624 3032 5678 magnam
3059 5650 3074 5676 ,
3108 5625 3226 5684 «iure
3256 5621 3404 5665 certe
3428 5619 3547 5684 sunt
3585 5605 3784 5684 civitates

2237 5683 2525 5753 provincias
2567 5682 2932 5752 Tripolitanae,
2978 5684 3116 5736 locat
3162 5681 3213 5736 in
3265 5697 3421 5751 parva
3451 5683 3634 5753 Syrte,
3660 5681 3782 5753 nimi:

2235 5749 2354 5810 rum
2379 5795 2395 5819 ,
2427 5765 2483 5808 ut
2523 5749 2748 5824 Opinor,
2798 5753 2941 5824 quod
2987 5749 3278 5824 viciniores
3304 5757 3412 5808 sint
3453 5749 3634 5824 minori
3658 5750 3778 5824 09"")

2235 5817 2447 5896 majori.
2465 5817 2658 5883 Nescio
2672 5817 2852 5883 autem
2875 5840 2944 5880 an
2966 5838 3074 5881 non
3094 5823 3366 5899 Virgilius,
3383 5825 3469 5895 qui
3484 5823 3618 5880 libro
3629 5817 3777 5884 quinto
