  <div class='ocr_page' id='page_1' title='image "/cluster/home/n/w/nwhite01/storage/ocr_20150623/3/hvd.32044015471212/590.png"; bbox 0 0 4008 6320; ppageno 0'>
   <div class='ocr_carea' id='block_1_1' title="bbox 822 238 1003 250">
    <p class='ocr_par' dir='ltr' id='par_1_1' title="bbox 822 238 1003 250">
     <span class='ocr_line' id='line_1_1' title="bbox 822 238 1003 250; baseline 0 0"><span class='ocrx_word' id='word_1_1' title='bbox 822 240 936 250; x_wconf 64' lang='grc' dir='ltr'><strong>..υ-ο,-</strong></span> <span class='ocrx_word' id='word_1_2' title='bbox 952 238 961 243; x_wconf 73' lang='grc'><strong><em>⁶</em></strong></span> <span class='ocrx_word' id='word_1_3' title='bbox 986 239 1003 243; x_wconf 55' lang='grc' dir='ltr'>κ</span> 
     </span>
    </p>
   </div>
   <div class='ocr_carea' id='block_1_2' title="bbox 245 275 387 336">
    <p class='ocr_par' dir='ltr' id='par_1_2' title="bbox 245 275 387 336">
     <span class='ocr_line' id='line_1_2' title="bbox 245 275 387 336; baseline 0.007 -1"><span class='ocrx_word' id='word_1_4' title='bbox 245 275 387 336; x_wconf 85' lang='lat' dir='ltr'><strong>tost</strong></span> 
     </span>
    </p>
   </div>
   <div class='ocr_carea' id='block_1_3' title="bbox 491 383 1559 455">
    <p class='ocr_par' dir='ltr' id='par_1_3' title="bbox 491 383 1559 455">
     <span class='ocr_line' id='line_1_3' title="bbox 491 383 1559 455; baseline -0.017 2"><span class='ocrx_word' id='word_1_5' title='bbox 491 391 523 399; x_wconf 75' lang='grc'><em>’</em></span> <span class='ocrx_word' id='word_1_6' title='bbox 608 392 942 455; x_wconf 77' lang='lat' dir='ltr'><strong>EPlSTOLA</strong></span> <span class='ocrx_word' id='word_1_7' title='bbox 979 386 1194 449; x_wconf 67' lang='lat' dir='ltr'><strong>MAG-Nl</strong></span> <span class='ocrx_word' id='word_1_8' title='bbox 1229 383 1559 445; x_wconf 74' lang='lat' dir='ltr'><strong>CYPRIANI</strong></span> 
     </span>
    </p>
   </div>
   <div class='ocr_carea' id='block_1_4' title="bbox 504 527 1573 611">
    <p class='ocr_par' dir='ltr' id='par_1_4' title="bbox 504 527 1573 611">
     <span class='ocr_line' id='line_1_4' title="bbox 504 527 1573 611; baseline -0.013 -18"><span class='ocrx_word' id='word_1_9' title='bbox 504 536 585 592; x_wconf 80' lang='lat' dir='ltr'><strong>Ad</strong></span> <span class='ocrx_word' id='word_1_10' title='bbox 614 534 697 611; x_wconf 85' lang='lat' dir='ltr'><strong>(l)</strong></span> <span class='ocrx_word' id='word_1_11' title='bbox 733 533 1011 591; x_wconf 75' lang='lat' dir='ltr'><strong>Iovianum</strong></span> <span class='ocrx_word' id='word_1_12' title='bbox 1042 533 1254 605; x_wconf 78' lang='lat' dir='ltr'><strong>ejusque</strong></span> <span class='ocrx_word' id='word_1_13' title='bbox 1286 527 1573 603; x_wconf 72' lang='lat' dir='ltr'><strong>episcopos.</strong></span> 
     </span>
    </p>
   </div>
   <div class='ocr_carea' id='block_1_5' title="bbox 323 661 1841 731">
    <p class='ocr_par' dir='ltr' id='par_1_5' title="bbox 323 661 1841 731">
     <span class='ocr_line' id='line_1_5' title="bbox 323 661 1841 731; baseline -0.005 -8"><span class='ocrx_word' id='word_1_14' title='bbox 323 664 457 723; x_wconf 87' lang='lat' dir='ltr'><strong>Cum</strong></span> <span class='ocrx_word' id='word_1_15' title='bbox 486 668 539 724; x_wconf 90' lang='lat' dir='ltr'><strong>in</strong></span> <span class='ocrx_word' id='word_1_16' title='bbox 565 669 835 724; x_wconf 80' lang='lat' dir='ltr'><strong>communi</strong></span> <span class='ocrx_word' id='word_1_17' title='bbox 862 667 1093 724; x_wconf 86' lang='lat' dir='ltr'><strong>concilio</strong></span> <span class='ocrx_word' id='word_1_18' title='bbox 1113 680 1378 731; x_wconf 71' lang='lat' dir='ltr'><strong>essemus,</strong></span> <span class='ocrx_word' id='word_1_19' title='bbox 1411 663 1595 719; x_wconf 73' lang='lat' dir='ltr'><strong>dilecti</strong></span> <span class='ocrx_word' id='word_1_20' title='bbox 1624 661 1841 729; x_wconf 77' lang='lat' dir='ltr'><strong>fratres,</strong></span> 
     </span>
    </p>
   </div>
   <div class='ocr_carea' id='block_1_6' title="bbox 240 755 1845 831">
    <p class='ocr_par' dir='ltr' id='par_1_6' title="bbox 240 755 1845 831">
     <span class='ocr_line' id='line_1_6' title="bbox 240 755 1845 831; baseline -0.002 -18"><span class='ocrx_word' id='word_1_21' title='bbox 240 757 479 831; x_wconf 76' lang='lat' dir='ltr'><strong>legimus</strong></span> <span class='ocrx_word' id='word_1_22' title='bbox 499 761 705 817; x_wconf 82' lang='lat' dir='ltr'><strong>litteras</strong></span> <span class='ocrx_word' id='word_1_23' title='bbox 727 777 757 816; x_wconf 86' lang='lat' dir='ltr'><strong>a</strong></span> <span class='ocrx_word' id='word_1_24' title='bbox 780 761 932 817; x_wconf 79' lang='lat' dir='ltr'><strong>vobis</strong></span> <span class='ocrx_word' id='word_1_25' title='bbox 945 761 1158 825; x_wconf 82' lang='lat' dir='ltr'><strong>missas,</strong></span> <span class='ocrx_word' id='word_1_26' title='bbox 1178 760 1246 816; x_wconf 91' lang='lat' dir='ltr'><strong>de</strong></span> <span class='ocrx_word' id='word_1_27' title='bbox 1274 759 1338 813; x_wconf 89' lang='lat' dir='ltr'><strong>iis</strong></span> <span class='ocrx_word' id='word_1_28' title='bbox 1363 758 1454 828; x_wconf 89' lang='lat' dir='ltr'><strong>qni</strong></span> <span class='ocrx_word' id='word_1_29' title='bbox 1477 756 1548 811; x_wconf 86' lang='lat' dir='ltr'><strong>ab</strong></span> <span class='ocrx_word' id='word_1_30' title='bbox 1579 755 1845 811; x_wconf 72' lang='lat' dir='ltr'><strong>lucreticis</strong></span> 
     </span>
    </p>
   </div>
   <div class='ocr_carea' id='block_1_7' title="bbox 237 849 1841 925">
    <p class='ocr_par' dir='ltr' id='par_1_7' title="bbox 237 849 1841 925">
     <span class='ocr_line' id='line_1_7' title="bbox 237 849 1841 925; baseline -0.002 -17"><span class='ocrx_word' id='word_1_31' title='bbox 237 854 332 910; x_wconf 82' lang='lat' dir='ltr'><strong>vel</strong></span> <span class='ocrx_word' id='word_1_32' title='bbox 358 853 717 912; x_wconf 86' lang='lat' dir='ltr'><strong>schismaticis</strong></span> <span class='ocrx_word' id='word_1_33' title='bbox 740 855 994 925; x_wconf 76' lang='lat' dir='ltr'><strong>baptizari</strong></span> <span class='ocrx_word' id='word_1_34' title='bbox 1013 854 1113 910; x_wconf 83' lang='lat' dir='ltr'><strong>visi</strong></span> <span class='ocrx_word' id='word_1_35' title='bbox 1134 862 1280 917; x_wconf 84' lang='lat' dir='ltr'><strong>sunt.</strong></span> <span class='ocrx_word' id='word_1_36' title='bbox 1300 850 1637 908; x_wconf 72' lang='lat' dir='ltr'><strong>venientibus</strong></span> <span class='ocrx_word' id='word_1_37' title='bbox 1664 849 1729 904; x_wconf 85' lang='lat' dir='ltr'><strong>ad</strong></span> <span class='ocrx_word' id='word_1_38' title='bbox 1751 863 1841 905; x_wconf 84' lang='lat' dir='ltr'><strong>ca-</strong></span> 
     </span>
    </p>
   </div>
   <div class='ocr_carea' id='block_1_8' title="bbox 238 947 1846 1023">
    <p class='ocr_par' dir='ltr' id='par_1_8' title="bbox 238 947 1846 1023">
     <span class='ocr_line' id='line_1_8' title="bbox 238 947 1846 1023; baseline -0.005 -17"><span class='ocrx_word' id='word_1_39' title='bbox 238 948 503 1006; x_wconf 83' lang='lat' dir='ltr'><strong>tholicam</strong></span> <span class='ocrx_word' id='word_1_40' title='bbox 519 950 840 1018; x_wconf 79' lang='lat' dir='ltr'><strong>Ecclesiam,</strong></span> <span class='ocrx_word' id='word_1_41' title='bbox 859 967 979 1023; x_wconf 76' lang='lat' dir='ltr'><strong>qua-</strong></span> <span class='ocrx_word' id='word_1_42' title='bbox 993 966 1094 1005; x_wconf 88' lang='lat' dir='ltr'><strong>una</strong></span> <span class='ocrx_word' id='word_1_43' title='bbox 1115 958 1220 1014; x_wconf 85' lang='lat' dir='ltr'><strong>est,</strong></span> <span class='ocrx_word' id='word_1_44' title='bbox 1249 948 1302 1004; x_wconf 91' lang='lat' dir='ltr'><strong>in</strong></span> <span class='ocrx_word' id='word_1_45' title='bbox 1322 963 1425 1019; x_wconf 87' lang='lat' dir='ltr'><strong>qna</strong></span> <span class='ocrx_word' id='word_1_46' title='bbox 1450 947 1779 1015; x_wconf 83' lang='lat' dir='ltr'><strong>baptizamur</strong></span> <span class='ocrx_word' id='word_1_47' title='bbox 1790 952 1846 1001; x_wconf 93' lang='lat' dir='ltr'><strong>et</strong></span> 
     </span>
    </p>
   </div>
   <div class='ocr_carea' id='block_1_9' title="bbox 239 1038 1842 1115">
    <p class='ocr_par' dir='ltr' id='par_1_9' title="bbox 239 1038 1842 1115">
     <span class='ocr_line' id='line_1_9' title="bbox 239 1038 1842 1115; baseline -0.003 -16"><span class='ocrx_word' id='word_1_48' title='bbox 239 1058 656 1115; x_wconf 81' lang='lat' dir='ltr'><strong>regeneramnr.</strong></span> <span class='ocrx_word' id='word_1_49' title='bbox 683 1045 759 1100; x_wconf 89' lang='lat' dir='ltr'><strong>De</strong></span> <span class='ocrx_word' id='word_1_50' title='bbox 773 1045 968 1115; x_wconf 86' lang='lat' dir='ltr'><strong>quihns</strong></span> <span class='ocrx_word' id='word_1_51' title='bbox 981 1042 1324 1105; x_wconf 80' lang='lat' dir='ltr'><strong>conﬁdimus.</strong></span> <span class='ocrx_word' id='word_1_52' title='bbox 1343 1056 1439 1096; x_wconf 88' lang='lat' dir='ltr'><strong>vos</strong></span> <span class='ocrx_word' id='word_1_53' title='bbox 1454 1055 1667 1109; x_wconf 88' lang='lat' dir='ltr'><strong>quoque</strong></span> <span class='ocrx_word' id='word_1_54' title='bbox 1686 1038 1842 1110; x_wconf 89' lang='lat' dir='ltr'><strong>quiin</strong></span> 
     </span>
    </p>
   </div>
   <div class='ocr_carea' id='block_1_10' title="bbox 237 1132 1845 1206">
    <p class='ocr_par' dir='ltr' id='par_1_10' title="bbox 237 1132 1845 1206">
     <span class='ocr_line' id='line_1_10' title="bbox 237 1132 1845 1206; baseline -0.001 -16"><span class='ocrx_word' id='word_1_55' title='bbox 237 1134 337 1191; x_wconf 84' lang='lat' dir='ltr'><strong>illa</strong></span> <span class='ocrx_word' id='word_1_56' title='bbox 364 1137 553 1206; x_wconf 83' lang='lat' dir='ltr'><strong>agetis,</strong></span> <span class='ocrx_word' id='word_1_57' title='bbox 562 1137 836 1192; x_wconf 69' lang='lat' dir='ltr'><strong>catholicae</strong></span> <span class='ocrx_word' id='word_1_58' title='bbox 852 1136 1109 1194; x_wconf 69' lang='lat' dir='ltr'><strong>Ecclesia:</strong></span> <span class='ocrx_word' id='word_1_59' title='bbox 1127 1135 1351 1192; x_wconf 89' lang='lat' dir='ltr'><strong>canonis</strong></span> <span class='ocrx_word' id='word_1_60' title='bbox 1366 1132 1669 1190; x_wconf 69' lang='lat' dir='ltr'><strong>firmitatem</strong></span> <span class='ocrx_word' id='word_1_61' title='bbox 1692 1142 1845 1190; x_wconf 87' lang='lat' dir='ltr'><strong>tene-</strong></span> 
     </span>
    </p>
   </div>
   <div class='ocr_carea' id='block_1_11' title="bbox 235 1229 1839 1299">
    <p class='ocr_par' dir='ltr' id='par_1_11' title="bbox 235 1229 1839 1299">
     <span class='ocr_line' id='line_1_11' title="bbox 235 1229 1839 1299; baseline -0.002 -13"><span class='ocrx_word' id='word_1_62' title='bbox 235 1244 305 1286; x_wconf 82' lang='lat' dir='ltr'><strong>re</strong></span> <span class='ocrx_word' id='word_1_63' title='bbox 327 1240 538 1287; x_wconf 86' lang='lat' dir='ltr'><strong>:tamen</strong></span> <span class='ocrx_word' id='word_1_64' title='bbox 560 1232 811 1299; x_wconf 86' lang='lat' dir='ltr'><strong>quoniam</strong></span> <span class='ocrx_word' id='word_1_65' title='bbox 834 1232 1114 1287; x_wconf 79' lang='lat' dir='ltr'><strong>nobiscum</strong></span> <span class='ocrx_word' id='word_1_66' title='bbox 1142 1231 1275 1286; x_wconf 80' lang='lat' dir='ltr'><strong>estis</strong></span> <span class='ocrx_word' id='word_1_67' title='bbox 1295 1229 1688 1285; x_wconf 74' lang='lat' dir='ltr'><strong>communionis</strong></span> <span class='ocrx_word' id='word_1_68' title='bbox 1718 1242 1839 1297; x_wconf 83' lang='lat' dir='ltr'><strong>par—</strong></span> 
     </span>
    </p>
   </div>
   <div class='ocr_carea' id='block_1_12' title="bbox 235 1321 1845 1395">
    <p class='ocr_par' dir='ltr' id='par_1_12' title="bbox 235 1321 1845 1395">
     <span class='ocr_line' id='line_1_12' title="bbox 235 1321 1845 1395; baseline -0.002 -17"><span class='ocrx_word' id='word_1_69' title='bbox 235 1321 456 1392; x_wconf 83' lang='lat' dir='ltr'><strong>ticipes.</strong></span> <span class='ocrx_word' id='word_1_70' title='bbox 474 1332 529 1379; x_wconf 87' lang='lat' dir='ltr'><strong>et</strong></span> <span class='ocrx_word' id='word_1_71' title='bbox 545 1335 763 1395; x_wconf 88' lang='lat' dir='ltr'><strong>propter</strong></span> <span class='ocrx_word' id='word_1_72' title='bbox 791 1338 1134 1381; x_wconf 84' lang='lat' dir='ltr'><strong>communem</strong></span> <span class='ocrx_word' id='word_1_73' title='bbox 1156 1322 1495 1379; x_wconf 78' lang='lat' dir='ltr'><strong>dilectionem</strong></span> <span class='ocrx_word' id='word_1_74' title='bbox 1521 1321 1590 1375; x_wconf 90' lang='lat' dir='ltr'><strong>de</strong></span> <span class='ocrx_word' id='word_1_75' title='bbox 1610 1336 1678 1376; x_wconf 89' lang='lat' dir='ltr'><strong>eo</strong></span> <span class='ocrx_word' id='word_1_76' title='bbox 1696 1334 1845 1391; x_wconf 74' lang='lat' dir='ltr'><strong>quat-</strong></span> 
     </span>
    </p>
   </div>
   <div class='ocr_carea' id='block_1_13' title="bbox 234 1412 1843 1487">
    <p class='ocr_par' dir='ltr' id='par_1_13' title="bbox 234 1412 1843 1487">
     <span class='ocr_line' id='line_1_13' title="bbox 234 1412 1843 1487; baseline -0.002 -15"><span class='ocrx_word' id='word_1_77' title='bbox 234 1428 366 1472; x_wconf 84' lang='lat' dir='ltr'><strong>rere</strong></span> <span class='ocrx_word' id='word_1_78' title='bbox 385 1417 651 1483; x_wconf 79' lang='lat' dir='ltr'><strong>voluistis,</strong></span> <span class='ocrx_word' id='word_1_79' title='bbox 680 1433 789 1475; x_wconf 89' lang='lat' dir='ltr'><strong>non</strong></span> <span class='ocrx_word' id='word_1_80' title='bbox 810 1432 1005 1474; x_wconf 86' lang='lat' dir='ltr'><strong>novam</strong></span> <span class='ocrx_word' id='word_1_81' title='bbox 1033 1416 1353 1473; x_wconf 84' lang='lat' dir='ltr'><strong>sententiam</strong></span> <span class='ocrx_word' id='word_1_82' title='bbox 1376 1429 1550 1487; x_wconf 90' lang='lat' dir='ltr'><strong>neqne</strong></span> <span class='ocrx_word' id='word_1_83' title='bbox 1563 1429 1706 1470; x_wconf 85' lang='lat' dir='ltr'><strong>nunc</strong></span> <span class='ocrx_word' id='word_1_84' title='bbox 1721 1412 1843 1469; x_wconf 79' lang='lat' dir='ltr'><strong>fun-</strong></span> 
     </span>
    </p>
   </div>
   <div class='ocr_carea' id='block_1_14' title="bbox 231 1505 1841 1582">
    <p class='ocr_par' dir='ltr' id='par_1_14' title="bbox 231 1505 1841 1582">
     <span class='ocr_line' id='line_1_14' title="bbox 231 1505 1841 1582; baseline -0.001 -19"><span class='ocrx_word' id='word_1_85' title='bbox 231 1505 422 1563; x_wconf 83' lang='lat' dir='ltr'><strong>datam</strong></span> <span class='ocrx_word' id='word_1_86' title='bbox 460 1508 732 1565; x_wconf 78' lang='lat' dir='ltr'><strong>aﬂ‘erimus</strong></span> <span class='ocrx_word' id='word_1_87' title='bbox 756 1528 772 1578; x_wconf 88' lang='lat'><strong>;</strong></span> <span class='ocrx_word' id='word_1_88' title='bbox 802 1509 896 1567; x_wconf 87' lang='lat' dir='ltr'><strong>sed</strong></span> <span class='ocrx_word' id='word_1_89' title='bbox 927 1525 1048 1582; x_wconf 70' lang='lat' dir='ltr'><strong>qua:</strong></span> <span class='ocrx_word' id='word_1_90' title='bbox 1074 1510 1200 1565; x_wconf 91' lang='lat' dir='ltr'><strong>olim</strong></span> <span class='ocrx_word' id='word_1_91' title='bbox 1231 1509 1301 1564; x_wconf 84' lang='lat' dir='ltr'><strong>ab</strong></span> <span class='ocrx_word' id='word_1_92' title='bbox 1327 1506 1720 1579; x_wconf 82' lang='lat' dir='ltr'><strong>antiquioribus</strong></span> <span class='ocrx_word' id='word_1_93' title='bbox 1746 1519 1841 1561; x_wconf 85' lang='lat' dir='ltr'><strong>ac-</strong></span> 
     </span>
    </p>
   </div>
   <div class='ocr_carea' id='block_1_15' title="bbox 236 1600 1843 1672">
    <p class='ocr_par' dir='ltr' id='par_1_15' title="bbox 236 1600 1843 1672">
     <span class='ocr_line' id='line_1_15' title="bbox 236 1600 1843 1672; baseline -0.001 -17"><span class='ocrx_word' id='word_1_94' title='bbox 236 1600 586 1658; x_wconf 80' lang='lat' dir='ltr'><strong>curattssime</strong></span> <span class='ocrx_word' id='word_1_95' title='bbox 605 1600 1079 1672; x_wconf 83' lang='lat' dir='ltr'><strong>ctdiligentissime</strong></span> <span class='ocrx_word' id='word_1_96' title='bbox 1095 1600 1195 1658; x_wconf 77' lang='lat' dir='ltr'><strong>fuit</strong></span> <span class='ocrx_word' id='word_1_97' title='bbox 1210 1601 1539 1664; x_wconf 79' lang='lat' dir='ltr'><strong>examinata,</strong></span> <span class='ocrx_word' id='word_1_98' title='bbox 1562 1614 1681 1656; x_wconf 87' lang='lat' dir='ltr'><strong>eam</strong></span> <span class='ocrx_word' id='word_1_99' title='bbox 1699 1613 1729 1654; x_wconf 89' lang='lat' dir='ltr'><strong>a</strong></span> <span class='ocrx_word' id='word_1_100' title='bbox 1746 1614 1843 1653; x_wconf 92' lang='lat' dir='ltr'><strong>vo-</strong></span> 
     </span>
    </p>
   </div>
   <div class='ocr_carea' id='block_1_16' title="bbox 231 1690 1840 1764">
    <p class='ocr_par' dir='ltr' id='par_1_16' title="bbox 231 1690 1840 1764">
     <span class='ocr_line' id='line_1_16' title="bbox 231 1690 1840 1764; baseline 0 -17"><span class='ocrx_word' id='word_1_101' title='bbox 231 1690 319 1748; x_wconf 84' lang='lat' dir='ltr'><strong>bis</strong></span> <span class='ocrx_word' id='word_1_102' title='bbox 335 1692 731 1750; x_wconf 81' lang='lat' dir='ltr'><strong>observandam</strong></span> <span class='ocrx_word' id='word_1_103' title='bbox 754 1695 906 1751; x_wconf 83' lang='lat' dir='ltr'><strong>vobis</strong></span> <span class='ocrx_word' id='word_1_104' title='bbox 924 1696 1458 1758; x_wconf 85' lang='lat' dir='ltr'><strong>communicavimus,</strong></span> <span class='ocrx_word' id='word_1_105' title='bbox 1481 1702 1538 1750; x_wconf 89' lang='lat' dir='ltr'><strong>et</strong></span> <span class='ocrx_word' id='word_1_106' title='bbox 1556 1692 1840 1764; x_wconf 88' lang='lat' dir='ltr'><strong>conjungi-</strong></span> 
     </span>
    </p>
   </div>
   <div class='ocr_carea' id='block_1_17' title="bbox 1387 260 2365 326">
    <p class='ocr_par' dir='ltr' id='par_1_17' title="bbox 1387 260 2365 326">
     <span class='ocr_line' id='line_1_17' title="bbox 1387 260 2365 326; baseline -0.002 -1"><span class='ocrx_word' id='word_1_107' title='bbox 1387 264 1700 326; x_wconf 69' lang='lat' dir='ltr'><strong>CONCILIA</strong></span> <span class='ocrx_word' id='word_1_108' title='bbox 1738 260 2365 323; x_wconf 74' lang='lat' dir='ltr'><strong>CARTHAGINENSIA.</strong></span> 
     </span>
    </p>
   </div>
   <div class='ocr_carea' id='block_1_18' title="bbox 1879 381 3142 443">
    <p class='ocr_par' dir='ltr' id='par_1_18' title="bbox 1879 381 3142 443">
     <span class='ocr_line' id='line_1_18' title="bbox 1879 381 3142 443; baseline -0.006 0"><span class='ocrx_word' id='word_1_109' title='bbox 1879 381 1928 443; x_wconf 84' lang='lat' dir='ltr'><strong>A</strong></span> <span class='ocrx_word' id='word_1_110' title='bbox 2350 389 2665 441; x_wconf 68' lang='lat' dir='ltr'><strong>EHIZTOAH</strong></span> <span class='ocrx_word' id='word_1_111' title='bbox 2691 388 2819 439; x_wconf 70' lang='grc' dir='ltr'>’νοτ</span> <span class='ocrx_word' id='word_1_112' title='bbox 2844 386 3142 440; x_wconf 60' lang='lat' dir='ltr'><strong>uersam</strong></span> 
     </span>
    </p>
   </div>
   <div class='ocr_carea' id='block_1_19' title="bbox 3410 261 3551 325">
    <p class='ocr_par' dir='ltr' id='par_1_19' title="bbox 3410 261 3551 325">
     <span class='ocr_line' id='line_1_19' title="bbox 3410 261 3551 325; baseline 0.035 -4"><span class='ocrx_word' id='word_1_113' title='bbox 3410 261 3551 325; x_wconf 64' lang='lat'><strong>1082</strong></span> 
     </span>
    </p>
   </div>
   <div class='ocr_carea' id='block_1_20' title="bbox 1952 521 3549 601">
    <p class='ocr_par' dir='ltr' id='par_1_20' title="bbox 1952 521 3549 601">
     <span class='ocr_line' id='line_1_20' title="bbox 1952 521 3549 601; baseline 0.001 -24"><span class='ocrx_word' id='word_1_114' title='bbox 1952 530 2241 601; x_wconf 80' lang='grc' dir='ltr'>Κυπριανοῦ</span> <span class='ocrx_word' id='word_1_115' title='bbox 2265 526 2394 600; x_wconf 80' lang='grc' dir='ltr'>πρὸς</span> <span class='ocrx_word' id='word_1_116' title='bbox 2412 526 2495 582; x_wconf 83' lang='grc' dir='ltr'>τὸν</span> <span class='ocrx_word' id='word_1_117' title='bbox 2509 521 2745 579; x_wconf 77' lang='grc' dir='ltr'>ἰοϐιανὸν</span> <span class='ocrx_word' id='word_1_118' title='bbox 2781 524 2867 581; x_wconf 85' lang='grc' dir='ltr'><strong>καί</strong></span> <span class='ocrx_word' id='word_1_119' title='bbox 2890 522 3081 578; x_wconf 77' lang='grc' dir='ltr'>ἐκείνου</span> <span class='ocrx_word' id='word_1_120' title='bbox 3111 542 3549 588; x_wconf 84' lang='grc' dir='ltr'>συνεπισκοπους.</span> 
     </span>
    </p>
   </div>
   <div class='ocr_carea' id='block_1_21' title="bbox 2020 659 3555 737">
    <p class='ocr_par' dir='ltr' id='par_1_21' title="bbox 2020 659 3555 737">
     <span class='ocr_line' id='line_1_21' title="bbox 2020 659 3555 737; baseline 0.003 -19"><span class='ocrx_word' id='word_1_121' title='bbox 2020 662 2093 718; x_wconf 84' lang='grc' dir='ltr'>Ἐν</span> <span class='ocrx_word' id='word_1_122' title='bbox 2146 664 2464 736; x_wconf 79' lang='grc' dir='ltr'>κοινοϐουλίῳ</span> <span class='ocrx_word' id='word_1_123' title='bbox 2518 659 2658 725; x_wconf 74' lang='grc' dir='ltr'>ὄντες</span> <span class='ocrx_word' id='word_1_124' title='bbox 2712 665 2971 736; x_wconf 82' lang='grc' dir='ltr'>ἀγαπητοί</span> <span class='ocrx_word' id='word_1_125' title='bbox 3019 660 3219 736; x_wconf 76' lang='grc' dir='ltr'>ἀδελφοί</span> <span class='ocrx_word' id='word_1_126' title='bbox 3273 665 3555 737; x_wconf 70' lang='grc' dir='ltr'>ἀνέγνωμεν</span> 
     </span>
    </p>
   </div>
   <div class='ocr_carea' id='block_1_22' title="bbox 1947 753 3555 832">
    <p class='ocr_par' dir='ltr' id='par_1_22' title="bbox 1947 753 3555 832">
     <span class='ocr_line' id='line_1_22' title="bbox 1947 753 3555 832; baseline 0.002 -23"><span class='ocrx_word' id='word_1_127' title='bbox 1947 756 2233 832; x_wconf 84' lang='grc' dir='ltr'>γραμμάτα</span> <span class='ocrx_word' id='word_1_128' title='bbox 2263 755 2345 828; x_wconf 72' lang='grc' dir='ltr'><strong>ἀφ’</strong></span> <span class='ocrx_word' id='word_1_129' title='bbox 2371 756 2514 828; x_wconf 75' lang='grc' dir='ltr'><strong>ὑμῶν</strong></span> <span class='ocrx_word' id='word_1_130' title='bbox 2539 753 2786 810; x_wconf 83' lang='grc' dir='ltr'>στάλεντα</span> <span class='ocrx_word' id='word_1_131' title='bbox 2806 756 2952 827; x_wconf 82' lang='grc' dir='ltr'>παρὰ</span> <span class='ocrx_word' id='word_1_132' title='bbox 2977 761 3078 810; x_wconf 82' lang='grc' dir='ltr'>τῶν</span> <span class='ocrx_word' id='word_1_133' title='bbox 3100 762 3208 817; x_wconf 87' lang='grc' dir='ltr'>τοῖς</span> <span class='ocrx_word' id='word_1_134' title='bbox 3228 754 3500 831; x_wconf 81' lang='grc' dir='ltr'>αἰρετεκοῑς</span> <span class='ocrx_word' id='word_1_135' title='bbox 3523 758 3555 818; x_wconf 82' lang='grc' dir='ltr'><strong>ἣ</strong></span> 
     </span>
    </p>
   </div>
   <div class='ocr_carea' id='block_1_23' title="bbox 1948 848 3555 925">
    <p class='ocr_par' dir='ltr' id='par_1_23' title="bbox 1948 848 3555 925">
     <span class='ocr_line' id='line_1_23' title="bbox 1948 848 3555 925; baseline 0.001 -19"><span class='ocrx_word' id='word_1_136' title='bbox 1948 858 2322 924; x_wconf 83' lang='grc' dir='ltr'>σχισματικοῖς</span> <span class='ocrx_word' id='word_1_137' title='bbox 2343 848 2624 906; x_wconf 78' lang='grc' dir='ltr'><strong>δοκούντων</strong></span> <span class='ocrx_word' id='word_1_138' title='bbox 2645 848 2987 924; x_wconf 77' lang='grc' dir='ltr'><strong>βαπτίζεσθαι</strong></span> <span class='ocrx_word' id='word_1_139' title='bbox 3003 850 3301 922; x_wconf 77' lang='grc' dir='ltr'>ίρχομένων</span> <span class='ocrx_word' id='word_1_140' title='bbox 3313 850 3445 925; x_wconf 84' lang='grc' dir='ltr'>πρὸς</span> <span class='ocrx_word' id='word_1_141' title='bbox 3464 854 3555 910; x_wconf 71' lang='grc' dir='ltr'>τὴν</span> 
     </span>
    </p>
   </div>
   <div class='ocr_carea' id='block_1_24' title="bbox 1947 938 3558 1018">
    <p class='ocr_par' dir='ltr' id='par_1_24' title="bbox 1947 938 3558 1018">
     <span class='ocr_line' id='line_1_24' title="bbox 1947 938 3558 1018; baseline -0.001 -17"><span class='ocrx_word' id='word_1_142' title='bbox 1947 946 2204 1006; x_wconf 74' lang='grc' dir='ltr'><strong>καθολικὴν</strong></span> <span class='ocrx_word' id='word_1_143' title='bbox 2232 944 2523 1003; x_wconf 74' lang='grc' dir='ltr'><strong>Ἐκκλησίαν</strong></span> <span class='ocrx_word' id='word_1_144' title='bbox 2543 985 2560 1008; x_wconf 79' lang='lat'><strong>.</strong></span> <span class='ocrx_word' id='word_1_145' title='bbox 2601 944 2714 1005; x_wconf 74' lang='grc' dir='ltr'>ἥτις</span> <span class='ocrx_word' id='word_1_146' title='bbox 2756 944 2870 998; x_wconf 74' lang='grc' dir='ltr'><strong>ἕστί</strong></span> <span class='ocrx_word' id='word_1_147' title='bbox 2897 944 3023 1015; x_wconf 84' lang='grc' dir='ltr'>μία,</span> <span class='ocrx_word' id='word_1_148' title='bbox 3065 944 3115 997; x_wconf 73' lang='grc' dir='ltr'>ἐν</span> <span class='ocrx_word' id='word_1_149' title='bbox 3146 938 3177 1017; x_wconf 74' lang='grc' dir='ltr'>ᾖ</span> <span class='ocrx_word' id='word_1_150' title='bbox 3207 941 3558 1018; x_wconf 78' lang='grc' dir='ltr'>βαπτιζὸμεθα</span> 
     </span>
    </p>
   </div>
   <div class='ocr_carea' id='block_1_25' title="bbox 1947 1031 3556 1112">
    <p class='ocr_par' dir='ltr' id='par_1_25' title="bbox 1947 1031 3556 1112">
     <span class='ocr_line' id='line_1_25' title="bbox 1947 1031 3556 1112; baseline -0.002 -18"><span class='ocrx_word' id='word_1_151' title='bbox 1947 1042 2033 1095; x_wconf 81' lang='grc' dir='ltr'>καὶ</span> <span class='ocrx_word' id='word_1_152' title='bbox 2076 1039 2455 1112; x_wconf 71' lang='grc' dir='ltr'>ἀναγεννῶμεθα</span> <span class='ocrx_word' id='word_1_153' title='bbox 2508 1038 2627 1107; x_wconf 81' lang='grc' dir='ltr'><strong>Περὶ</strong></span> <span class='ocrx_word' id='word_1_154' title='bbox 2669 1031 2736 1090; x_wconf 78' lang='grc' dir='ltr'><strong>ὧν</strong></span> <span class='ocrx_word' id='word_1_155' title='bbox 2780 1037 2868 1091; x_wconf 83' lang='grc' dir='ltr'><strong>καί</strong></span> <span class='ocrx_word' id='word_1_156' title='bbox 2913 1036 3227 1109; x_wconf 72' lang='grc' dir='ltr'>πεποίθαμεν</span> <span class='ocrx_word' id='word_1_157' title='bbox 3248 1074 3262 1099; x_wconf 90' lang='grc'><em>,</em></span> <span class='ocrx_word' id='word_1_158' title='bbox 3304 1036 3391 1090; x_wconf 86' lang='grc' dir='ltr'>καὶ</span> <span class='ocrx_word' id='word_1_159' title='bbox 3418 1035 3556 1108; x_wconf 81' lang='grc' dir='ltr'>ὑμᾶς</span> 
     </span>
    </p>
   </div>
   <div class='ocr_carea' id='block_1_26' title="bbox 1947 1127 3557 1201">
    <p class='ocr_par' dir='ltr' id='par_1_26' title="bbox 1947 1127 3557 1201">
     <span class='ocr_line' id='line_1_26' title="bbox 1947 1127 3557 1201; baseline -0.001 -14"><span class='ocrx_word' id='word_1_160' title='bbox 1947 1132 2136 1193; x_wconf 75' lang='grc' dir='ltr'>αὐτοὺς</span> <span class='ocrx_word' id='word_1_161' title='bbox 2159 1132 2325 1186; x_wconf 71' lang='grc' dir='ltr'>ἐκεῖνα</span> <span class='ocrx_word' id='word_1_162' title='bbox 2350 1129 2677 1191; x_wconf 84' lang='grc' dir='ltr'>ποαττόντας</span> <span class='ocrx_word' id='word_1_163' title='bbox 2700 1133 2790 1188; x_wconf 73' lang='grc' dir='ltr'>τήν</span> <span class='ocrx_word' id='word_1_164' title='bbox 2815 1127 3138 1201; x_wconf 71' lang='grc' dir='ltr'>στερρότητα</span> <span class='ocrx_word' id='word_1_165' title='bbox 3171 1135 3265 1190; x_wconf 78' lang='grc' dir='ltr'>τῆς</span> <span class='ocrx_word' id='word_1_166' title='bbox 3292 1127 3557 1193; x_wconf 77' lang='grc' dir='ltr'>καθολικῆς</span> 
     </span>
    </p>
   </div>
   <div class='ocr_carea' id='block_1_27' title="bbox 1944 1217 3552 1295">
    <p class='ocr_par' dir='ltr' id='par_1_27' title="bbox 1944 1217 3552 1295">
     <span class='ocr_line' id='line_1_27' title="bbox 1944 1217 3552 1295; baseline -0.001 -16"><span class='ocrx_word' id='word_1_167' title='bbox 1944 1225 2235 1285; x_wconf 76' lang='grc' dir='ltr'>Ἑκκλεσίας</span> <span class='ocrx_word' id='word_1_168' title='bbox 2253 1228 2615 1295; x_wconf 80' lang='grc' dir='ltr'>κατακρατεῖν·</span> <span class='ocrx_word' id='word_1_169' title='bbox 2631 1217 2769 1293; x_wconf 83' lang='grc' dir='ltr'>ὅμως</span> <span class='ocrx_word' id='word_1_170' title='bbox 2783 1222 2896 1276; x_wconf 75' lang='lat' dir='ltr'><strong>imi</strong></span> <span class='ocrx_word' id='word_1_171' title='bbox 2910 1223 3241 1295; x_wconf 89' lang='grc' dir='ltr'>συγκοινωνοί</span> <span class='ocrx_word' id='word_1_172' title='bbox 3257 1222 3398 1293; x_wconf 77' lang='grc' dir='ltr'>ἡμῶν</span> <span class='ocrx_word' id='word_1_173' title='bbox 3413 1222 3552 1288; x_wconf 71' lang='grc' dir='ltr'>ἐστι,</span> 
     </span>
    </p>
   </div>
   <div class='ocr_carea' id='block_1_28' title="bbox 1945 1315 3550 1392">
    <p class='ocr_par' dir='ltr' id='par_1_28' title="bbox 1945 1315 3550 1392">
     <span class='ocr_line' id='line_1_28' title="bbox 1945 1315 3550 1392; baseline -0.001 -15"><span class='ocrx_word' id='word_1_174' title='bbox 1945 1325 2032 1377; x_wconf 82' lang='grc' dir='ltr'>καὶ</span> <span class='ocrx_word' id='word_1_175' title='bbox 2058 1325 2276 1386; x_wconf 73' lang='grc' dir='ltr'>ζητῆσαι</span> <span class='ocrx_word' id='word_1_176' title='bbox 2293 1322 2416 1392; x_wconf 82' lang='grc' dir='ltr'>περὶ</span> <span class='ocrx_word' id='word_1_177' title='bbox 2433 1319 2620 1376; x_wconf 81' lang='grc' dir='ltr'>τούτου</span> <span class='ocrx_word' id='word_1_178' title='bbox 2640 1315 2727 1374; x_wconf 79' lang='grc' dir='ltr'>διὰ</span> <span class='ocrx_word' id='word_1_179' title='bbox 2746 1321 2837 1378; x_wconf 67' lang='grc' dir='ltr'>τήν</span> <span class='ocrx_word' id='word_1_180' title='bbox 2859 1321 3024 1376; x_wconf 77' lang='grc' dir='ltr'>κοινήν</span> <span class='ocrx_word' id='word_1_181' title='bbox 3036 1317 3238 1391; x_wconf 80' lang='grc' dir='ltr'>αγάπην</span> <span class='ocrx_word' id='word_1_182' title='bbox 3255 1317 3550 1385; x_wconf 73' lang='grc' dir='ltr'><strong>ἠθελήσατε,</strong></span> 
     </span>
    </p>
   </div>
   <div class='ocr_carea' id='block_1_29' title="bbox 1946 1406 3552 1489">
    <p class='ocr_par' dir='ltr' id='par_1_29' title="bbox 1946 1406 3552 1489">
     <span class='ocr_line' id='line_1_29' title="bbox 1946 1406 3552 1489; baseline -0.001 -23"><span class='ocrx_word' id='word_1_183' title='bbox 1946 1414 2006 1468; x_wconf 79' lang='grc' dir='ltr'><strong>οῦ</strong></span> <span class='ocrx_word' id='word_1_184' title='bbox 2032 1412 2328 1489; x_wconf 75' lang='grc' dir='ltr'>πρόσφατον</span> <span class='ocrx_word' id='word_1_185' title='bbox 2343 1413 2563 1483; x_wconf 54' lang='lat' dir='ltr'><strong>redigam,</strong></span> <span class='ocrx_word' id='word_1_186' title='bbox 2585 1407 2701 1466; x_wconf 69' lang='grc' dir='ltr'>οὐδὲ</span> <span class='ocrx_word' id='word_1_187' title='bbox 2722 1414 2810 1464; x_wconf 85' lang='grc' dir='ltr'><strong>νῦν</strong></span> <span class='ocrx_word' id='word_1_188' title='bbox 2834 1406 3155 1484; x_wconf 75' lang='grc' dir='ltr'>ἡδρασμένην</span> <span class='ocrx_word' id='word_1_189' title='bbox 3176 1411 3552 1487; x_wconf 76' lang='grc' dir='ltr'><strong>προσφέρομεν,</strong></span> 
     </span>
    </p>
   </div>
   <div class='ocr_carea' id='block_1_30' title="bbox 1945 1504 3556 1579">
    <p class='ocr_par' dir='ltr' id='par_1_30' title="bbox 1945 1504 3556 1579">
     <span class='ocr_line' id='line_1_30' title="bbox 1945 1504 3556 1579; baseline 0.002 -18"><span class='ocrx_word' id='word_1_190' title='bbox 1945 1505 2074 1561; x_wconf 88' lang='grc' dir='ltr'><strong>ἀλλά</strong></span> <span class='ocrx_word' id='word_1_191' title='bbox 2101 1509 2193 1565; x_wconf 71' lang='grc' dir='ltr'>τήν</span> <span class='ocrx_word' id='word_1_192' title='bbox 2213 1505 2372 1560; x_wconf 76' lang='grc' dir='ltr'>πάλαι</span> <span class='ocrx_word' id='word_1_193' title='bbox 2399 1504 2503 1559; x_wconf 74' lang='grc' dir='ltr'>ὑπὸ</span> <span class='ocrx_word' id='word_1_194' title='bbox 2525 1510 2626 1559; x_wconf 81' lang='grc' dir='ltr'>τῶν</span> <span class='ocrx_word' id='word_1_195' title='bbox 2642 1504 3055 1579; x_wconf 71' lang='grc' dir='ltr'><strong>προγενεστέρων</strong></span> <span class='ocrx_word' id='word_1_196' title='bbox 3069 1504 3210 1576; x_wconf 74' lang='grc' dir='ltr'>ἡμῶν</span> <span class='ocrx_word' id='word_1_197' title='bbox 3225 1504 3359 1576; x_wconf 87' lang='grc' dir='ltr'><strong>μετά</strong></span> <span class='ocrx_word' id='word_1_198' title='bbox 3379 1504 3556 1568; x_wconf 74' lang='grc' dir='ltr'>πάσης</span> 
     </span>
    </p>
   </div>
   <div class='ocr_carea' id='block_1_31' title="bbox 1945 1596 3552 1678">
    <p class='ocr_par' dir='ltr' id='par_1_31' title="bbox 1945 1596 3552 1678">
     <span class='ocr_line' id='line_1_31' title="bbox 1945 1596 3552 1678; baseline -0.001 -21"><span class='ocrx_word' id='word_1_199' title='bbox 1945 1600 2210 1678; x_wconf 81' lang='grc' dir='ltr'>ἀκριϐείας</span> <span class='ocrx_word' id='word_1_200' title='bbox 2233 1603 2321 1655; x_wconf 84' lang='grc' dir='ltr'>καὶ</span> <span class='ocrx_word' id='word_1_201' title='bbox 2346 1599 2632 1671; x_wconf 82' lang='grc' dir='ltr'>ίπιμελείας</span> <span class='ocrx_word' id='word_1_202' title='bbox 2671 1596 3104 1671; x_wconf 77' lang='grc' dir='ltr'>δεδοκιμασμένην</span> <span class='ocrx_word' id='word_1_203' title='bbox 3123 1640 3139 1663; x_wconf 88' lang='lat'><strong>,</strong></span> <span class='ocrx_word' id='word_1_204' title='bbox 3170 1601 3257 1654; x_wconf 86' lang='grc' dir='ltr'><strong>καί</strong></span> <span class='ocrx_word' id='word_1_205' title='bbox 3298 1598 3381 1673; x_wconf 76' lang='grc' dir='ltr'><strong>ὑφ’</strong></span> <span class='ocrx_word' id='word_1_206' title='bbox 3408 1600 3552 1672; x_wconf 73' lang='grc' dir='ltr'>ὑμῶν</span> 
     </span>
    </p>
   </div>
   <div class='ocr_carea' id='block_1_32' title="bbox 1944 1691 3552 1769">
    <p class='ocr_par' dir='ltr' id='par_1_32' title="bbox 1944 1691 3552 1769">
     <span class='ocr_line' id='line_1_32' title="bbox 1944 1691 3552 1769; baseline 0.001 -20"><span class='ocrx_word' id='word_1_207' title='bbox 1944 1695 2412 1769; x_wconf 77' lang='grc' dir='ltr'>παρατηρηθεῖσαν.</span> <span class='ocrx_word' id='word_1_208' title='bbox 2440 1693 2738 1763; x_wconf 80' lang='grc' dir='ltr'>κοινοῦμιθα</span> <span class='ocrx_word' id='word_1_209' title='bbox 2753 1691 2875 1763; x_wconf 79' lang='grc' dir='ltr'>ὑμῖν</span> <span class='ocrx_word' id='word_1_210' title='bbox 2901 1693 2990 1747; x_wconf 84' lang='grc' dir='ltr'><strong>καί</strong></span> <span class='ocrx_word' id='word_1_211' title='bbox 3007 1692 3376 1765; x_wconf 78' lang='grc' dir='ltr'>συζεύγνυμεν,</span> <span class='ocrx_word' id='word_1_212' title='bbox 3396 1698 3552 1751; x_wconf 86' lang='grc' dir='ltr'>τοῦτο</span> 
     </span>
    </p>
   </div>
   <div class='ocr_carea' id='block_1_33' title="bbox 231 1779 1826 1861">
    <p class='ocr_par' dir='ltr' id='par_1_33' title="bbox 231 1784 1826 1860">
     <span class='ocr_line' id='line_1_33' title="bbox 231 1784 1826 1860; baseline 0 -19"><span class='ocrx_word' id='word_1_213' title='bbox 231 1800 385 1853; x_wconf 82' lang='lat' dir='ltr'><strong>mus,</strong></span> <span class='ocrx_word' id='word_1_214' title='bbox 409 1786 459 1842; x_wconf 89' lang='lat' dir='ltr'><strong>id</strong></span> <span class='ocrx_word' id='word_1_215' title='bbox 479 1801 694 1860; x_wconf 80' lang='lat' dir='ltr'><strong>quoque</strong></span> <span class='ocrx_word' id='word_1_216' title='bbox 710 1804 853 1846; x_wconf 86' lang='lat' dir='ltr'><strong>nunc</strong></span> <span class='ocrx_word' id='word_1_217' title='bbox 883 1787 1356 1859; x_wconf 78' lang='lat' dir='ltr'><strong>statuentes,quod</strong></span> <span class='ocrx_word' id='word_1_218' title='bbox 1387 1801 1606 1858; x_wconf 83' lang='lat' dir='ltr'><strong>semper</strong></span> <span class='ocrx_word' id='word_1_219' title='bbox 1631 1784 1826 1842; x_wconf 80' lang='lat' dir='ltr'><strong>fortitet</strong></span> 
     </span>
    </p>
   </div>
   <div class='ocr_carea' id='block_1_34' title="bbox 1930 1779 3554 1861">
    <p class='ocr_par' dir='ltr' id='par_1_34' title="bbox 1947 1779 3554 1861">
     <span class='ocr_line' id='line_1_34' title="bbox 1947 1779 3554 1861; baseline -0.001 -20"><span class='ocrx_word' id='word_1_220' title='bbox 1947 1790 2035 1841; x_wconf 78' lang='grc' dir='ltr'><strong>καί</strong></span> <span class='ocrx_word' id='word_1_221' title='bbox 2060 1792 2150 1841; x_wconf 89' lang='grc' dir='ltr'><strong>νῦν</strong></span> <span class='ocrx_word' id='word_1_222' title='bbox 2179 1789 2596 1861; x_wconf 77' lang='grc' dir='ltr'><strong>χειροτονοῦντες</strong></span> <span class='ocrx_word' id='word_1_223' title='bbox 2615 1824 2631 1848; x_wconf 84' lang='grc'><em>,</em></span> <span class='ocrx_word' id='word_1_224' title='bbox 2664 1779 2803 1846; x_wconf 84' lang='grc' dir='ltr'>ὅπως</span> <span class='ocrx_word' id='word_1_225' title='bbox 2832 1780 2918 1840; x_wconf 83' lang='grc' dir='ltr'>διὰ</span> <span class='ocrx_word' id='word_1_226' title='bbox 2952 1785 3146 1846; x_wconf 84' lang='grc' dir='ltr'>παντὸς</span> <span class='ocrx_word' id='word_1_227' title='bbox 3184 1785 3426 1858; x_wconf 79' lang='grc' dir='ltr'>ἰσχυρῶς</span> <span class='ocrx_word' id='word_1_228' title='bbox 3467 1786 3554 1841; x_wconf 88' lang='grc' dir='ltr'><strong>καί</strong></span> 
     </span>
    </p>
   </div>
   <div class='ocr_carea' id='block_1_35' title="bbox 229 1875 1844 1952">
    <p class='ocr_par' dir='ltr' id='par_1_35' title="bbox 229 1875 1844 1952">
     <span class='ocr_line' id='line_1_35' title="bbox 229 1875 1844 1952; baseline 0.001 -20"><span class='ocrx_word' id='word_1_229' title='bbox 229 1875 620 1952; x_wconf 82' lang='lat' dir='ltr'><strong>stabiliterque</strong></span> <span class='ocrx_word' id='word_1_230' title='bbox 647 1880 915 1937; x_wconf 86' lang='lat' dir='ltr'><strong>tenuimus</strong></span> <span class='ocrx_word' id='word_1_231' title='bbox 937 1923 956 1950; x_wconf 89' lang='lat'><strong>,</strong></span> <span class='ocrx_word' id='word_1_232' title='bbox 986 1891 1043 1935; x_wconf 90' lang='lat' dir='ltr'><strong>ut</strong></span> <span class='ocrx_word' id='word_1_233' title='bbox 1072 1894 1232 1936; x_wconf 89' lang='lat' dir='ltr'><strong>nemo</strong></span> <span class='ocrx_word' id='word_1_234' title='bbox 1261 1880 1435 1952; x_wconf 79' lang='lat' dir='ltr'><strong>possit</strong></span> <span class='ocrx_word' id='word_1_235' title='bbox 1460 1878 1717 1949; x_wconf 77' lang='lat' dir='ltr'><strong>baptizari</strong></span> <span class='ocrx_word' id='word_1_236' title='bbox 1749 1892 1844 1934; x_wconf 75' lang='lat' dir='ltr'><strong>ex-</strong></span> 
     </span>
    </p>
   </div>
   <div class='ocr_carea' id='block_1_36' title="bbox 230 1968 1841 2045">
    <p class='ocr_par' dir='ltr' id='par_1_36' title="bbox 230 1968 1841 2045">
     <span class='ocr_line' id='line_1_36' title="bbox 230 1968 1841 2045; baseline 0.002 -24"><span class='ocrx_word' id='word_1_237' title='bbox 230 1973 318 2022; x_wconf 76' lang='lat' dir='ltr'><strong>tra</strong></span> <span class='ocrx_word' id='word_1_238' title='bbox 352 1968 610 2026; x_wconf 75' lang='lat' dir='ltr'><strong>Ecclesia:</strong></span> <span class='ocrx_word' id='word_1_239' title='bbox 636 1972 918 2029; x_wconf 69' lang='lat' dir='ltr'><strong>catholica:</strong></span> <span class='ocrx_word' id='word_1_240' title='bbox 943 1971 1299 2045; x_wconf 79' lang='lat' dir='ltr'><strong>Baptismnm.</strong></span> <span class='ocrx_word' id='word_1_241' title='bbox 1338 1970 1429 2042; x_wconf 91' lang='lat' dir='ltr'><strong>qui</strong></span> <span class='ocrx_word' id='word_1_242' title='bbox 1474 1987 1611 2027; x_wconf 83' lang='lat' dir='ltr'><strong>unus</strong></span> <span class='ocrx_word' id='word_1_243' title='bbox 1650 1981 1755 2038; x_wconf 72' lang='grc' dir='ltr'><strong>εει,</strong></span> <span class='ocrx_word' id='word_1_244' title='bbox 1784 1978 1841 2026; x_wconf 89' lang='lat' dir='ltr'><strong>et</strong></span> 
     </span>
    </p>
   </div>
   <div class='ocr_carea' id='block_1_37' title="bbox 229 2058 1842 2135">
    <p class='ocr_par' dir='ltr' id='par_1_37' title="bbox 229 2058 1842 2135">
     <span class='ocr_line' id='line_1_37' title="bbox 229 2058 1842 2135; baseline 0.002 -21"><span class='ocrx_word' id='word_1_245' title='bbox 229 2058 291 2115; x_wconf 88' lang='lat' dir='ltr'><strong>in</strong></span> <span class='ocrx_word' id='word_1_246' title='bbox 343 2059 461 2117; x_wconf 85' lang='lat' dir='ltr'><strong>sola</strong></span> <span class='ocrx_word' id='word_1_247' title='bbox 511 2061 773 2121; x_wconf 81' lang='lat' dir='ltr'><strong>catholica</strong></span> <span class='ocrx_word' id='word_1_248' title='bbox 815 2064 1057 2121; x_wconf 85' lang='lat' dir='ltr'><strong>Ecclesia</strong></span> <span class='ocrx_word' id='word_1_249' title='bbox 1107 2065 1399 2135; x_wconf 88' lang='lat' dir='ltr'><strong>reperitur.</strong></span> <span class='ocrx_word' id='word_1_250' title='bbox 1444 2063 1714 2135; x_wconf 75' lang='lat' dir='ltr'><strong>Scriptum</strong></span> <span class='ocrx_word' id='word_1_251' title='bbox 1756 2071 1842 2119; x_wconf 88' lang='lat' dir='ltr'><strong>est</strong></span> 
     </span>
    </p>
   </div>
   <div class='ocr_carea' id='block_1_38' title="bbox 225 2153 1840 2232">
    <p class='ocr_par' dir='ltr' id='par_1_38' title="bbox 225 2153 1840 2232">
     <span class='ocr_line' id='line_1_38' title="bbox 225 2153 1840 2232; baseline 0.002 -24"><span class='ocrx_word' id='word_1_252' title='bbox 225 2153 380 2209; x_wconf 84' lang='lat' dir='ltr'><strong>enim</strong></span> <span class='ocrx_word' id='word_1_253' title='bbox 433 2173 449 2210; x_wconf 89' lang='lat'><strong>:</strong></span> <span class='ocrx_word' id='word_1_254' title='bbox 513 2155 602 2211; x_wconf 72' lang='lat' dir='ltr'><strong>He</strong></span> <span class='ocrx_word' id='word_1_255' title='bbox 650 2157 964 2232; x_wconf 75' lang='lat' dir='ltr'><strong>reliquerunt</strong></span> <span class='ocrx_word' id='word_1_256' title='bbox 1026 2158 1220 2229; x_wconf 77' lang='lat' dir='ltr'><strong>fontem</strong></span> <span class='ocrx_word' id='word_1_257' title='bbox 1266 2173 1413 2228; x_wconf 67' lang='lat' dir='ltr'><strong>aqua</strong></span> <span class='ocrx_word' id='word_1_258' title='bbox 1440 2158 1583 2218; x_wconf 75' lang='lat' dir='ltr'><strong>victe.</strong></span> <span class='ocrx_word' id='word_1_259' title='bbox 1618 2165 1667 2212; x_wconf 88' lang='lat' dir='ltr'><strong>et</strong></span> <span class='ocrx_word' id='word_1_260' title='bbox 1694 2156 1840 2227; x_wconf 66' lang='lat' dir='ltr'><strong>fode-</strong></span> 
     </span>
    </p>
   </div>
   <div class='ocr_carea' id='block_1_39' title="bbox 223 2247 1842 2326">
    <p class='ocr_par' dir='ltr' id='par_1_39' title="bbox 223 2247 1842 2326">
     <span class='ocr_line' id='line_1_39' title="bbox 223 2247 1842 2326; baseline 0.005 -24"><span class='ocrx_word' id='word_1_261' title='bbox 223 2257 357 2304; x_wconf 73' lang='lat' dir='ltr'><strong>runt</strong></span> <span class='ocrx_word' id='word_1_262' title='bbox 380 2247 474 2306; x_wconf 81' lang='lat' dir='ltr'><strong>sibi</strong></span> <span class='ocrx_word' id='word_1_263' title='bbox 525 2249 670 2308; x_wconf 74' lang='lat' dir='ltr'><strong>locus</strong></span> <span class='ocrx_word' id='word_1_264' title='bbox 727 2255 1031 2325; x_wconf 72' lang='lat' dir='ltr'><strong>perforatas,</strong></span> <span class='ocrx_word' id='word_1_265' title='bbox 1083 2254 1170 2326; x_wconf 76' lang='lat' dir='ltr'><strong>qui</strong></span> <span class='ocrx_word' id='word_1_266' title='bbox 1220 2269 1406 2324; x_wconf 77' lang='lat' dir='ltr'><strong>aquam</strong></span> <span class='ocrx_word' id='word_1_267' title='bbox 1452 2254 1711 2309; x_wconf 82' lang='lat' dir='ltr'><strong>continere</strong></span> <span class='ocrx_word' id='word_1_268' title='bbox 1751 2268 1842 2310; x_wconf 83' lang='lat' dir='ltr'><strong>ne-</strong></span> 
     </span>
    </p>
   </div>
   <div class='ocr_carea' id='block_1_40' title="bbox 226 2343 1840 2418">
    <p class='ocr_par' dir='ltr' id='par_1_40' title="bbox 226 2343 1840 2418">
     <span class='ocr_line' id='line_1_40' title="bbox 226 2343 1840 2418; baseline 0.004 -22"><span class='ocrx_word' id='word_1_269' title='bbox 226 2351 440 2412; x_wconf 71' lang='lat' dir='ltr'><strong>queunt.</strong></span> <span class='ocrx_word' id='word_1_270' title='bbox 472 2343 538 2399; x_wconf 85' lang='lat' dir='ltr'><strong>Et</strong></span> <span class='ocrx_word' id='word_1_271' title='bbox 586 2358 774 2402; x_wconf 84' lang='lat' dir='ltr'><strong>rursus</strong></span> <span class='ocrx_word' id='word_1_272' title='bbox 798 2358 950 2401; x_wconf 89' lang='lat' dir='ltr'><strong>sacra</strong></span> <span class='ocrx_word' id='word_1_273' title='bbox 983 2344 1257 2417; x_wconf 88' lang='lat' dir='ltr'><strong>Scriptura</strong></span> <span class='ocrx_word' id='word_1_274' title='bbox 1288 2346 1390 2402; x_wconf 88' lang='lat' dir='ltr'><strong>hoc</strong></span> <span class='ocrx_word' id='word_1_275' title='bbox 1414 2346 1840 2418; x_wconf 65' lang='lat' dir='ltr'><strong>prmsignitlcans</strong></span> 
     </span>
    </p>
   </div>
   <div class='ocr_carea' id='block_1_41' title="bbox 225 2432 1841 2513">
    <p class='ocr_par' dir='ltr' id='par_1_41' title="bbox 225 2432 1841 2513">
     <span class='ocr_line' id='line_1_41' title="bbox 225 2432 1841 2513; baseline 0.004 -25"><span class='ocrx_word' id='word_1_276' title='bbox 225 2432 401 2491; x_wconf 88' lang='lat' dir='ltr'><strong>dicit:</strong></span> <span class='ocrx_word' id='word_1_277' title='bbox 427 2434 505 2490; x_wconf 79' lang='lat' dir='ltr'><strong>Ab</strong></span> <span class='ocrx_word' id='word_1_278' title='bbox 535 2453 668 2509; x_wconf 82' lang='lat' dir='ltr'><strong>aqua</strong></span> <span class='ocrx_word' id='word_1_279' title='bbox 695 2437 867 2494; x_wconf 75' lang='lat' dir='ltr'><strong>aliena</strong></span> <span class='ocrx_word' id='word_1_280' title='bbox 896 2439 1153 2505; x_wconf 86' lang='lat' dir='ltr'><strong>abstinete,</strong></span> <span class='ocrx_word' id='word_1_281' title='bbox 1185 2450 1232 2495; x_wconf 89' lang='lat' dir='ltr'><strong>et</strong></span> <span class='ocrx_word' id='word_1_282' title='bbox 1257 2455 1322 2495; x_wconf 81' lang='lat' dir='ltr'><strong>ea:</strong></span> <span class='ocrx_word' id='word_1_283' title='bbox 1376 2443 1519 2513; x_wconf 84' lang='lat' dir='ltr'><strong>fonte</strong></span> <span class='ocrx_word' id='word_1_284' title='bbox 1566 2439 1734 2495; x_wconf 82' lang='lat' dir='ltr'><strong>alieno</strong></span> <span class='ocrx_word' id='word_1_285' title='bbox 1776 2455 1841 2495; x_wconf 83' lang='lat' dir='ltr'><strong>ne</strong></span> 
     </span>
    </p>
   </div>
   <div class='ocr_carea' id='block_1_42' title="bbox 226 2524 1840 2605">
    <p class='ocr_par' dir='ltr' id='par_1_42' title="bbox 226 2524 1840 2605">
     <span class='ocr_line' id='line_1_42' title="bbox 226 2524 1840 2605; baseline 0.005 -23"><span class='ocrx_word' id='word_1_286' title='bbox 226 2524 406 2584; x_wconf 77' lang='lat' dir='ltr'><strong>bibite.</strong></span> <span class='ocrx_word' id='word_1_287' title='bbox 455 2526 681 2599; x_wconf 83' lang='lat' dir='ltr'><strong>Oportet</strong></span> <span class='ocrx_word' id='word_1_288' title='bbox 729 2539 909 2588; x_wconf 88' lang='lat' dir='ltr'><strong>autem</strong></span> <span class='ocrx_word' id='word_1_289' title='bbox 967 2546 1161 2604; x_wconf 85' lang='lat' dir='ltr'><strong>aquam</strong></span> <span class='ocrx_word' id='word_1_290' title='bbox 1219 2534 1453 2604; x_wconf 88' lang='lat' dir='ltr'><strong>primum</strong></span> <span class='ocrx_word' id='word_1_291' title='bbox 1520 2534 1739 2605; x_wconf 87' lang='lat' dir='ltr'><strong>purgari</strong></span> <span class='ocrx_word' id='word_1_292' title='bbox 1784 2543 1840 2590; x_wconf 85' lang='lat' dir='ltr'><strong>et</strong></span> 
     </span>
    </p>
   </div>
   <div class='ocr_carea' id='block_1_43' title="bbox 226 2620 1835 2698">
    <p class='ocr_par' dir='ltr' id='par_1_43' title="bbox 226 2620 1835 2698">
     <span class='ocr_line' id='line_1_43' title="bbox 226 2620 1835 2698; baseline 0.004 -22"><span class='ocrx_word' id='word_1_293' title='bbox 226 2620 558 2678; x_wconf 74' lang='lat' dir='ltr'><strong>sanetilleari</strong></span> <span class='ocrx_word' id='word_1_294' title='bbox 603 2639 633 2676; x_wconf 90' lang='lat' dir='ltr'><strong>a</strong></span> <span class='ocrx_word' id='word_1_295' title='bbox 673 2625 993 2693; x_wconf 75' lang='lat' dir='ltr'><strong>sacerdme,</strong></span> <span class='ocrx_word' id='word_1_296' title='bbox 1045 2634 1105 2682; x_wconf 88' lang='lat' dir='ltr'><strong>ut</strong></span> <span class='ocrx_word' id='word_1_297' title='bbox 1153 2627 1323 2698; x_wconf 87' lang='lat' dir='ltr'><strong>possit</strong></span> <span class='ocrx_word' id='word_1_298' title='bbox 1372 2627 1594 2698; x_wconf 86' lang='lat' dir='ltr'><strong>proprio</strong></span> <span class='ocrx_word' id='word_1_299' title='bbox 1621 2627 1835 2698; x_wconf 64' lang='lat' dir='ltr'><strong>Bnptis-</strong></span> 
     </span>
    </p>
   </div>
   <div class='ocr_carea' id='block_1_44' title="bbox 226 2712 1839 2788">
    <p class='ocr_par' dir='ltr' id='par_1_44' title="bbox 226 2712 1839 2788">
     <span class='ocr_line' id='line_1_44' title="bbox 226 2712 1839 2788; baseline 0.007 -22"><span class='ocrx_word' id='word_1_300' title='bbox 226 2720 376 2767; x_wconf 75' lang='lat' dir='ltr'><strong>male</strong></span> <span class='ocrx_word' id='word_1_301' title='bbox 406 2712 639 2770; x_wconf 83' lang='lat' dir='ltr'><strong>hominis</strong></span> <span class='ocrx_word' id='word_1_302' title='bbox 675 2716 766 2787; x_wconf 89' lang='lat' dir='ltr'><strong>qni</strong></span> <span class='ocrx_word' id='word_1_303' title='bbox 796 2715 1098 2788; x_wconf 86' lang='lat' dir='ltr'><strong>baptizatur</strong></span> <span class='ocrx_word' id='word_1_304' title='bbox 1129 2730 1346 2788; x_wconf 80' lang='lat' dir='ltr'><strong>peccata</strong></span> <span class='ocrx_word' id='word_1_305' title='bbox 1374 2721 1579 2777; x_wconf 89' lang='lat' dir='ltr'><strong>eluere.</strong></span> <span class='ocrx_word' id='word_1_306' title='bbox 1610 2718 1745 2775; x_wconf 85' lang='lat' dir='ltr'><strong>Nam</strong></span> <span class='ocrx_word' id='word_1_307' title='bbox 1781 2728 1839 2777; x_wconf 89' lang='lat' dir='ltr'><strong>et</strong></span> 
     </span>
    </p>
   </div>
   <div class='ocr_carea' id='block_1_45' title="bbox 228 2806 1836 2886">
    <p class='ocr_par' dir='ltr' id='par_1_45' title="bbox 228 2806 1836 2886">
     <span class='ocr_line' id='line_1_45' title="bbox 228 2806 1836 2886; baseline 0.005 -26"><span class='ocrx_word' id='word_1_308' title='bbox 228 2820 328 2875; x_wconf 88' lang='lat' dir='ltr'><strong>per</strong></span> <span class='ocrx_word' id='word_1_309' title='bbox 353 2806 691 2865; x_wconf 83' lang='lat' dir='ltr'><strong>Ezechielem</strong></span> <span class='ocrx_word' id='word_1_310' title='bbox 726 2810 1043 2884; x_wconf 87' lang='lat' dir='ltr'><strong>prophetam</strong></span> <span class='ocrx_word' id='word_1_311' title='bbox 1082 2811 1211 2868; x_wconf 84' lang='lat' dir='ltr'><strong>dicit</strong></span> <span class='ocrx_word' id='word_1_312' title='bbox 1238 2811 1536 2870; x_wconf 86' lang='lat' dir='ltr'><strong>Dominus:</strong></span> <span class='ocrx_word' id='word_1_313' title='bbox 1573 2811 1636 2867; x_wconf 81' lang='lat' dir='ltr'><strong>Et</strong></span> <span class='ocrx_word' id='word_1_314' title='bbox 1660 2830 1836 2886; x_wconf 82' lang='lat' dir='ltr'><strong>asper-</strong></span> 
     </span>
    </p>
   </div>
   <div class='ocr_carea' id='block_1_46' title="bbox 224 2906 1835 2976">
    <p class='ocr_par' dir='ltr' id='par_1_46' title="bbox 224 2906 1835 2976">
     <span class='ocr_line' id='line_1_46' title="bbox 224 2906 1835 2976; baseline 0.006 -21"><span class='ocrx_word' id='word_1_315' title='bbox 224 2916 346 2973; x_wconf 72' lang='lat' dir='ltr'><strong>gunt</strong></span> <span class='ocrx_word' id='word_1_316' title='bbox 363 2918 455 2957; x_wconf 78' lang='lat' dir='ltr'><strong>cos</strong></span> <span class='ocrx_word' id='word_1_317' title='bbox 477 2918 613 2976; x_wconf 78' lang='lat' dir='ltr'><strong>aqua</strong></span> <span class='ocrx_word' id='word_1_318' title='bbox 639 2921 793 2976; x_wconf 79' lang='lat' dir='ltr'><strong>pura,</strong></span> <span class='ocrx_word' id='word_1_319' title='bbox 822 2916 870 2960; x_wconf 86' lang='lat' dir='ltr'><strong>et</strong></span> <span class='ocrx_word' id='word_1_320' title='bbox 893 2906 1152 2962; x_wconf 71' lang='lat' dir='ltr'><strong>mandabo</strong></span> <span class='ocrx_word' id='word_1_321' title='bbox 1200 2908 1340 2963; x_wconf 75' lang='lat' dir='ltr'><strong>vobis</strong></span> <span class='ocrx_word' id='word_1_322' title='bbox 1389 2924 1479 2963; x_wconf 88' lang='lat' dir='ltr'><strong>cor</strong></span> <span class='ocrx_word' id='word_1_323' title='bbox 1526 2924 1736 2976; x_wconf 74' lang='lat' dir='ltr'><strong>norunt,</strong></span> <span class='ocrx_word' id='word_1_324' title='bbox 1786 2918 1835 2965; x_wconf 82' lang='lat' dir='ltr'><strong>et</strong></span> 
     </span>
    </p>
   </div>
   <div class='ocr_carea' id='block_1_47' title="bbox 224 2995 1834 3065">
    <p class='ocr_par' dir='ltr' id='par_1_47' title="bbox 224 2995 1834 3065">
     <span class='ocr_line' id='line_1_47' title="bbox 224 2995 1834 3065; baseline 0.006 -18"><span class='ocrx_word' id='word_1_325' title='bbox 224 2995 464 3065; x_wconf 77' lang='lat' dir='ltr'><strong>spiritum</strong></span> <span class='ocrx_word' id='word_1_326' title='bbox 516 3012 701 3052; x_wconf 75' lang='lat' dir='ltr'><strong>nouum</strong></span> <span class='ocrx_word' id='word_1_327' title='bbox 752 2997 884 3052; x_wconf 89' lang='lat' dir='ltr'><strong>dabo</strong></span> <span class='ocrx_word' id='word_1_328' title='bbox 935 2998 1109 3065; x_wconf 76' lang='lat' dir='ltr'><strong>vobis;</strong></span> <span class='ocrx_word' id='word_1_329' title='bbox 1151 3010 1205 3056; x_wconf 88' lang='lat' dir='ltr'><strong>et</strong></span> <span class='ocrx_word' id='word_1_330' title='bbox 1235 3015 1359 3056; x_wconf 55' lang='lat' dir='ltr'><strong>ctum</strong></span> <span class='ocrx_word' id='word_1_331' title='bbox 1396 3000 1542 3055; x_wconf 81' lang='lat' dir='ltr'><strong>dicat</strong></span> <span class='ocrx_word' id='word_1_332' title='bbox 1574 3000 1834 3057; x_wconf 86' lang='lat' dir='ltr'><strong>Dominus</strong></span> 
     </span>
    </p>
   </div>
   <div class='ocr_carea' id='block_1_48' title="bbox 224 3085 1832 3165">
    <p class='ocr_par' dir='ltr' id='par_1_48' title="bbox 224 3085 1832 3165">
     <span class='ocr_line' id='line_1_48' title="bbox 224 3085 1832 3165; baseline 0.004 -23"><span class='ocrx_word' id='word_1_333' title='bbox 224 3085 280 3142; x_wconf 86' lang='lat' dir='ltr'><strong>in</strong></span> <span class='ocrx_word' id='word_1_334' title='bbox 332 3086 583 3147; x_wconf 80' lang='lat' dir='ltr'><strong>Numeris</strong></span> <span class='ocrx_word' id='word_1_335' title='bbox 627 3107 642 3145; x_wconf 90' lang='lat'><strong>:</strong></span> <span class='ocrx_word' id='word_1_336' title='bbox 683 3088 754 3145; x_wconf 83' lang='lat' dir='ltr'><strong>Et</strong></span> <span class='ocrx_word' id='word_1_337' title='bbox 801 3094 976 3147; x_wconf 81' lang='lat' dir='ltr'><strong>omnia</strong></span> <span class='ocrx_word' id='word_1_338' title='bbox 1029 3107 1144 3161; x_wconf 69' lang='lat' dir='ltr'><strong>qua</strong></span> <span class='ocrx_word' id='word_1_339' title='bbox 1190 3102 1360 3165; x_wconf 82' lang='lat' dir='ltr'><strong>tanget</strong></span> <span class='ocrx_word' id='word_1_340' title='bbox 1388 3092 1703 3158; x_wconf 82' lang='lat' dir='ltr'><strong>immundus,</strong></span> <span class='ocrx_word' id='word_1_341' title='bbox 1732 3093 1832 3148; x_wconf 84' lang='lat' dir='ltr'><strong>int-</strong></span> 
     </span>
    </p>
   </div>
   <div class='ocr_carea' id='block_1_49' title="bbox 1945 1873 3553 1953">
    <p class='ocr_par' dir='ltr' id='par_1_49' title="bbox 1945 1873 3553 1953">
     <span class='ocr_line' id='line_1_49' title="bbox 1945 1873 3553 1953; baseline -0.002 -18"><span class='ocrx_word' id='word_1_342' title='bbox 1945 1879 2188 1951; x_wconf 78' lang='grc' dir='ltr'>ἀσφαλῶς</span> <span class='ocrx_word' id='word_1_343' title='bbox 2222 1883 2531 1953; x_wconf 76' lang='grc' dir='ltr'><strong>κρατοῦντες</strong></span> <span class='ocrx_word' id='word_1_344' title='bbox 2559 1873 2751 1949; x_wconf 76' lang='grc' dir='ltr'>μηδένα</span> <span class='ocrx_word' id='word_1_345' title='bbox 2779 1875 3119 1949; x_wconf 79' lang='grc' dir='ltr'><strong>βαπτίζεσθαι</strong></span> <span class='ocrx_word' id='word_1_346' title='bbox 3162 1873 3412 1933; x_wconf 71' lang='grc' dir='ltr'>δύνασθαι</span> <span class='ocrx_word' id='word_1_347' title='bbox 3451 1875 3553 1943; x_wconf 66' lang='grc' dir='ltr'><strong>ἔξω</strong></span> 
     </span>
    </p>
   </div>
   <div class='ocr_carea' id='block_1_50' title="bbox 1943 1965 3552 2042">
    <p class='ocr_par' dir='ltr' id='par_1_50' title="bbox 1943 1965 3552 2042">
     <span class='ocr_line' id='line_1_50' title="bbox 1943 1965 3552 2042; baseline 0 -15"><span class='ocrx_word' id='word_1_348' title='bbox 1943 1980 2039 2035; x_wconf 79' lang='grc' dir='ltr'><strong>τῆς</strong></span> <span class='ocrx_word' id='word_1_349' title='bbox 2067 1971 2326 2033; x_wconf 58' lang='grc' dir='ltr'>καθοὴκῆς</span> <span class='ocrx_word' id='word_1_350' title='bbox 2350 1970 2637 2032; x_wconf 76' lang='grc' dir='ltr'>Ἐκκλεσίας</span> <span class='ocrx_word' id='word_1_351' title='bbox 2663 1969 2771 2032; x_wconf 82' lang='grc' dir='ltr'><strong>ἑνὸς</strong></span> <span class='ocrx_word' id='word_1_352' title='bbox 2801 1965 2943 2032; x_wconf 74' lang='grc' dir='ltr'>ὄντος</span> <span class='ocrx_word' id='word_1_353' title='bbox 2967 1969 3357 2042; x_wconf 84' lang='grc' dir='ltr'>βαπτίσματος.</span> <span class='ocrx_word' id='word_1_354' title='bbox 3389 1971 3477 2027; x_wconf 83' lang='grc' dir='ltr'><strong>καί</strong></span> <span class='ocrx_word' id='word_1_355' title='bbox 3499 1972 3552 2027; x_wconf 74' lang='grc' dir='ltr'><strong><em>ἕν</em></strong></span> 
     </span>
    </p>
   </div>
   <div class='ocr_carea' id='block_1_51' title="bbox 1944 2061 3553 2139">
    <p class='ocr_par' dir='ltr' id='par_1_51' title="bbox 1944 2061 3553 2139">
     <span class='ocr_line' id='line_1_51' title="bbox 1944 2061 3553 2139; baseline 0 -21"><span class='ocrx_word' id='word_1_356' title='bbox 1944 2065 2073 2138; x_wconf 76' lang='grc' dir='ltr'>μόνῃ</span> <span class='ocrx_word' id='word_1_357' title='bbox 2097 2062 2600 2139; x_wconf 74' lang='grc' dir='ltr'>καθολικῇἘκκλεσίᾳ</span> <span class='ocrx_word' id='word_1_358' title='bbox 2621 2062 2957 2137; x_wconf 73' lang='grc' dir='ltr'>ὑπάρχοντος</span> <span class='ocrx_word' id='word_1_359' title='bbox 2999 2064 3293 2139; x_wconf 71' lang='grc' dir='ltr'><strong>Γέγραπται</strong></span> <span class='ocrx_word' id='word_1_360' title='bbox 3310 2064 3411 2137; x_wconf 84' lang='grc' dir='ltr'><strong>γάρ</strong></span> <span class='ocrx_word' id='word_1_361' title='bbox 3440 2061 3553 2136; x_wconf 71' lang='grc' dir='ltr'><strong>Ἐμὲ</strong></span> 
     </span>
    </p>
   </div>
   <div class='ocr_carea' id='block_1_52' title="bbox 1943 2155 3554 2234">
    <p class='ocr_par' dir='ltr' id='par_1_52' title="bbox 1943 2155 3554 2234">
     <span class='ocr_line' id='line_1_52' title="bbox 1943 2155 3554 2234; baseline -0.002 -19"><span class='ocrx_word' id='word_1_362' title='bbox 1943 2158 2271 2230; x_wconf 63' lang='grc' dir='ltr'>ἐγκατέλιπον</span> <span class='ocrx_word' id='word_1_363' title='bbox 2523 2155 2714 2221; x_wconf 77' lang='grc' dir='ltr'>ὕδατος</span> <span class='ocrx_word' id='word_1_364' title='bbox 2753 2161 2942 2223; x_wconf 81' lang='grc' dir='ltr'>ζῶντος</span> <span class='ocrx_word' id='word_1_365' title='bbox 2958 2199 2974 2220; x_wconf 81' lang='lat'><strong>,</strong></span> <span class='ocrx_word' id='word_1_366' title='bbox 3011 2159 3098 2212; x_wconf 88' lang='grc' dir='ltr'><strong>καί</strong></span> <span class='ocrx_word' id='word_1_367' title='bbox 3124 2155 3323 2234; x_wconf 72' lang='grc' dir='ltr'>ὤρυξαν</span> <span class='ocrx_word' id='word_1_368' title='bbox 3352 2156 3554 2222; x_wconf 71' lang='grc' dir='ltr'>ἕαυτοῖς</span> 
     </span>
    </p>
   </div>
   <div class='ocr_carea' id='block_1_53' title="bbox 1942 2247 3551 2327">
    <p class='ocr_par' dir='ltr' id='par_1_53' title="bbox 1942 2247 3551 2327">
     <span class='ocr_line' id='line_1_53' title="bbox 1942 2247 3551 2327; baseline -0.002 -16"><span class='ocrx_word' id='word_1_369' title='bbox 1942 2253 2162 2316; x_wconf 83' lang='grc' dir='ltr'>λάκκους</span> <span class='ocrx_word' id='word_1_370' title='bbox 2233 2256 2730 2327; x_wconf 74' lang='grc' dir='ltr'>συντετριμμένους.</span> <span class='ocrx_word' id='word_1_371' title='bbox 2779 2253 2866 2308; x_wconf 84' lang='grc' dir='ltr'><strong>καί</strong></span> <span class='ocrx_word' id='word_1_372' title='bbox 2924 2253 2996 2322; x_wconf 79' lang='grc' dir='ltr'>μὴ</span> <span class='ocrx_word' id='word_1_373' title='bbox 3047 2247 3357 2322; x_wconf 75' lang='grc' dir='ltr'>δυναμένους</span> <span class='ocrx_word' id='word_1_374' title='bbox 3410 2248 3551 2326; x_wconf 79' lang='grc' dir='ltr'>ὕδωρ</span> 
     </span>
    </p>
   </div>
   <div class='ocr_carea' id='block_1_54' title="bbox 1944 2341 3550 2421">
    <p class='ocr_par' dir='ltr' id='par_1_54' title="bbox 1944 2341 3550 2421">
     <span class='ocr_line' id='line_1_54' title="bbox 1944 2341 3550 2421; baseline -0.002 -17"><span class='ocrx_word' id='word_1_375' title='bbox 1944 2355 2188 2421; x_wconf 84' lang='grc' dir='ltr'>συσχεῖν.</span> <span class='ocrx_word' id='word_1_376' title='bbox 2210 2349 2305 2402; x_wconf 73' lang='grc' dir='ltr'>Καί</span> <span class='ocrx_word' id='word_1_377' title='bbox 2318 2347 2468 2403; x_wconf 83' lang='grc' dir='ltr'>πάλιν</span> <span class='ocrx_word' id='word_1_378' title='bbox 2493 2348 2525 2405; x_wconf 75' lang='grc' dir='ltr'>ἡ</span> <span class='ocrx_word' id='word_1_379' title='bbox 2545 2345 2848 2419; x_wconf 51' lang='lat' dir='ltr'><strong>its/tarpeiam</strong></span> <span class='ocrx_word' id='word_1_380' title='bbox 2868 2344 3244 2418; x_wconf 75' lang='grc' dir='ltr'>προμηνυούσα</span> <span class='ocrx_word' id='word_1_381' title='bbox 3254 2343 3403 2416; x_wconf 80' lang='grc' dir='ltr'>λέγει’</span> <span class='ocrx_word' id='word_1_382' title='bbox 3429 2341 3550 2401; x_wconf 79' lang='grc' dir='ltr'><strong>’Δπὸ</strong></span> 
     </span>
    </p>
   </div>
   <div class='ocr_carea' id='block_1_55' title="bbox 1943 2435 3552 2513">
    <p class='ocr_par' dir='ltr' id='par_1_55' title="bbox 1943 2435 3552 2513">
     <span class='ocr_line' id='line_1_55' title="bbox 1943 2435 3552 2513; baseline -0.002 -17"><span class='ocrx_word' id='word_1_383' title='bbox 1943 2436 2131 2501; x_wconf 77' lang='grc' dir='ltr'>ὓδατος</span> <span class='ocrx_word' id='word_1_384' title='bbox 2160 2440 2423 2513; x_wconf 84' lang='grc' dir='ltr'>ἀλλοτρίου</span> <span class='ocrx_word' id='word_1_385' title='bbox 2458 2438 2783 2510; x_wconf 82' lang='grc' dir='ltr'>ἀπὸσχεσθε.</span> <span class='ocrx_word' id='word_1_386' title='bbox 2825 2439 2911 2492; x_wconf 84' lang='grc' dir='ltr'>καὶ</span> <span class='ocrx_word' id='word_1_387' title='bbox 2946 2437 3056 2507; x_wconf 78' lang='grc' dir='ltr'>ἀπὸ</span> <span class='ocrx_word' id='word_1_388' title='bbox 3081 2444 3249 2510; x_wconf 79' lang='grc' dir='ltr'>πηγῆς</span> <span class='ocrx_word' id='word_1_389' title='bbox 3283 2435 3552 2509; x_wconf 85' lang='grc' dir='ltr'>αλλοτρίας</span> 
     </span>
    </p>
   </div>
   <div class='ocr_carea' id='block_1_56' title="bbox 1940 2525 3548 2608">
    <p class='ocr_par' dir='ltr' id='par_1_56' title="bbox 1940 2525 3548 2608">
     <span class='ocr_line' id='line_1_56' title="bbox 1940 2525 3548 2608; baseline -0.007 -15"><span class='ocrx_word' id='word_1_390' title='bbox 1940 2538 2013 2608; x_wconf 82' lang='grc' dir='ltr'><strong><em>μή</em></strong></span> <span class='ocrx_word' id='word_1_391' title='bbox 2041 2538 2209 2593; x_wconf 72' lang='grc' dir='ltr'>πίητε.</span> <span class='ocrx_word' id='word_1_392' title='bbox 2252 2540 2338 2588; x_wconf 84' lang='grc' dir='ltr'><strong>Διῖ</strong></span> <span class='ocrx_word' id='word_1_393' title='bbox 2376 2530 2430 2587; x_wconf 70' lang='grc' dir='ltr'>δὲ</span> <span class='ocrx_word' id='word_1_394' title='bbox 2464 2531 2850 2604; x_wconf 73' lang='grc' dir='ltr'>καθαρίζεσθαι,</span> <span class='ocrx_word' id='word_1_395' title='bbox 2883 2530 2970 2584; x_wconf 88' lang='grc' dir='ltr'>καὶ</span> <span class='ocrx_word' id='word_1_396' title='bbox 2996 2527 3294 2599; x_wconf 81' lang='grc' dir='ltr'>άγιάζεσθαι</span> <span class='ocrx_word' id='word_1_397' title='bbox 3318 2529 3379 2585; x_wconf 87' lang='grc' dir='ltr'>τὸ</span> <span class='ocrx_word' id='word_1_398' title='bbox 3408 2525 3548 2604; x_wconf 77' lang='grc' dir='ltr'>ὕδωρ</span> 
     </span>
    </p>
   </div>
   <div class='ocr_carea' id='block_1_57' title="bbox 1940 2619 3548 2706">
    <p class='ocr_par' dir='ltr' id='par_1_57' title="bbox 1940 2619 3548 2706">
     <span class='ocr_line' id='line_1_57' title="bbox 1940 2619 3548 2706; baseline -0.004 -20"><span class='ocrx_word' id='word_1_399' title='bbox 1940 2636 2144 2706; x_wconf 84' lang='grc' dir='ltr'>πρῶτον</span> <span class='ocrx_word' id='word_1_400' title='bbox 2175 2630 2278 2685; x_wconf 82' lang='grc' dir='ltr'>ἀπὸ</span> <span class='ocrx_word' id='word_1_401' title='bbox 2315 2631 2409 2683; x_wconf 92' lang='grc' dir='ltr'><strong>τοῦ</strong></span> <span class='ocrx_word' id='word_1_402' title='bbox 2432 2627 2632 2699; x_wconf 78' lang='grc' dir='ltr'>ἱερέως,</span> <span class='ocrx_word' id='word_1_403' title='bbox 2657 2625 2743 2680; x_wconf 82' lang='grc' dir='ltr'>ἶνα</span> <span class='ocrx_word' id='word_1_404' title='bbox 2767 2622 2949 2698; x_wconf 81' lang='grc' dir='ltr'>δυνηθῂ</span> <span class='ocrx_word' id='word_1_405' title='bbox 2979 2630 3051 2696; x_wconf 80' lang='grc' dir='ltr'>τῷ</span> <span class='ocrx_word' id='word_1_406' title='bbox 3076 2619 3188 2695; x_wconf 82' lang='grc' dir='ltr'>ἰδίῳ</span> <span class='ocrx_word' id='word_1_407' title='bbox 3217 2622 3548 2695; x_wconf 73' lang='grc' dir='ltr'>βαπτίσματι</span> 
     </span>
    </p>
   </div>
   <div class='ocr_carea' id='block_1_58' title="bbox 1938 2719 3543 2798">
    <p class='ocr_par' dir='ltr' id='par_1_58' title="bbox 1938 2719 3543 2798">
     <span class='ocr_line' id='line_1_58' title="bbox 1938 2719 3543 2798; baseline -0.006 -17"><span class='ocrx_word' id='word_1_408' title='bbox 1938 2725 2038 2787; x_wconf 80' lang='grc' dir='ltr'><strong>τὰς</strong></span> <span class='ocrx_word' id='word_1_409' title='bbox 2075 2723 2335 2798; x_wconf 79' lang='grc' dir='ltr'>ἁμαρτίας</span> <span class='ocrx_word' id='word_1_410' title='bbox 2373 2726 2467 2778; x_wconf 90' lang='grc' dir='ltr'><strong>τοῦ</strong></span> <span class='ocrx_word' id='word_1_411' title='bbox 2494 2720 2870 2796; x_wconf 79' lang='grc' dir='ltr'>βαπτίζομένου</span> <span class='ocrx_word' id='word_1_412' title='bbox 2918 2719 3179 2795; x_wconf 82' lang='grc' dir='ltr'>ἀνθρώπου</span> <span class='ocrx_word' id='word_1_413' title='bbox 3218 2719 3543 2790; x_wconf 84' lang='grc' dir='ltr'>ἀποσμῦζαι.</span> 
     </span>
    </p>
   </div>
   <div class='ocr_carea' id='block_1_59' title="bbox 1937 2809 3547 2889">
    <p class='ocr_par' dir='ltr' id='par_1_59' title="bbox 1937 2809 3547 2889">
     <span class='ocr_line' id='line_1_59' title="bbox 1937 2809 3547 2889; baseline -0.006 -15"><span class='ocrx_word' id='word_1_414' title='bbox 1937 2818 2028 2874; x_wconf 84' lang='grc' dir='ltr'>Διά</span> <span class='ocrx_word' id='word_1_415' title='bbox 2061 2836 2118 2873; x_wconf 88' lang='grc' dir='ltr'><strong>τε</strong></span> <span class='ocrx_word' id='word_1_416' title='bbox 2143 2814 2370 2880; x_wconf 71' lang='grc' dir='ltr'>ἰεζεκιήλ</span> <span class='ocrx_word' id='word_1_417' title='bbox 2393 2819 2487 2871; x_wconf 89' lang='grc' dir='ltr'><strong>τοῦ</strong></span> <span class='ocrx_word' id='word_1_418' title='bbox 2516 2815 2775 2889; x_wconf 71' lang='grc' dir='ltr'>προφήτου</span> <span class='ocrx_word' id='word_1_419' title='bbox 2813 2810 2946 2883; x_wconf 76' lang='grc' dir='ltr'>λέγει</span> <span class='ocrx_word' id='word_1_420' title='bbox 2973 2811 3173 2886; x_wconf 70' lang='grc' dir='ltr'><strong>Κύριος·</strong></span> <span class='ocrx_word' id='word_1_421' title='bbox 3204 2811 3295 2865; x_wconf 70' lang='grc' dir='ltr'><strong>Καὶ</strong></span> <span class='ocrx_word' id='word_1_422' title='bbox 3317 2809 3547 2883; x_wconf 82' lang='grc' dir='ltr'>ραντίσω</span> 
     </span>
    </p>
   </div>
   <div class='ocr_carea' id='block_1_60' title="bbox 1938 2896 3545 2981">
    <p class='ocr_par' dir='ltr' id='par_1_60' title="bbox 1938 2896 3545 2981">
     <span class='ocr_line' id='line_1_60' title="bbox 1938 2896 3545 2981; baseline -0.006 -17"><span class='ocrx_word' id='word_1_423' title='bbox 1938 2908 2077 2981; x_wconf 75' lang='grc' dir='ltr'>ὑμᾶς</span> <span class='ocrx_word' id='word_1_424' title='bbox 2105 2909 2310 2980; x_wconf 78' lang='grc' dir='ltr'>καθαρῷ</span> <span class='ocrx_word' id='word_1_425' title='bbox 2338 2902 2511 2966; x_wconf 81' lang='grc' dir='ltr'>ὕδατι.</span> <span class='ocrx_word' id='word_1_426' title='bbox 2549 2907 2638 2960; x_wconf 81' lang='grc' dir='ltr'><strong>καί</strong></span> <span class='ocrx_word' id='word_1_427' title='bbox 2673 2904 2898 2976; x_wconf 90' lang='grc' dir='ltr'>καθαριῶ</span> <span class='ocrx_word' id='word_1_428' title='bbox 2939 2901 3098 2973; x_wconf 76' lang='grc' dir='ltr'><strong>ὑμᾶς,</strong></span> <span class='ocrx_word' id='word_1_429' title='bbox 3136 2902 3223 2955; x_wconf 87' lang='grc' dir='ltr'>καὶ</span> <span class='ocrx_word' id='word_1_430' title='bbox 3249 2896 3398 2955; x_wconf 79' lang='grc' dir='ltr'>δώσω</span> <span class='ocrx_word' id='word_1_431' title='bbox 3424 2900 3545 2973; x_wconf 78' lang='grc' dir='ltr'>ὑμῖν</span> 
     </span>
    </p>
   </div>
   <div class='ocr_carea' id='block_1_61' title="bbox 1936 2991 3543 3076">
    <p class='ocr_par' dir='ltr' id='par_1_61' title="bbox 1936 2991 3543 3076">
     <span class='ocr_line' id='line_1_61' title="bbox 1936 2991 3543 3076; baseline -0.004 -19"><span class='ocrx_word' id='word_1_432' title='bbox 1936 2998 2151 3076; x_wconf 87' lang='grc' dir='ltr'>καρδίαν</span> <span class='ocrx_word' id='word_1_433' title='bbox 2170 3003 2364 3059; x_wconf 73' lang='grc' dir='ltr'><strong>κοιιννὶν⁹</strong></span> <span class='ocrx_word' id='word_1_434' title='bbox 2390 3000 2479 3055; x_wconf 82' lang='grc' dir='ltr'><strong>καί</strong></span> <span class='ocrx_word' id='word_1_435' title='bbox 2494 3003 2701 3069; x_wconf 83' lang='grc' dir='ltr'>πνεῦμα</span> <span class='ocrx_word' id='word_1_436' title='bbox 2729 2997 2898 3051; x_wconf 85' lang='grc' dir='ltr'>καινὸν</span> <span class='ocrx_word' id='word_1_437' title='bbox 2924 2991 3075 3049; x_wconf 79' lang='grc' dir='ltr'>δώσω</span> <span class='ocrx_word' id='word_1_438' title='bbox 3100 2995 3149 3048; x_wconf 74' lang='grc' dir='ltr'>ἐν</span> <span class='ocrx_word' id='word_1_439' title='bbox 3176 2994 3312 3065; x_wconf 72' lang='grc' dir='ltr'>ὑμῖν.</span> <span class='ocrx_word' id='word_1_440' title='bbox 3336 2991 3469 3065; x_wconf 83' lang='grc' dir='ltr'><strong>(Πῶς</strong></span> <span class='ocrx_word' id='word_1_441' title='bbox 3488 2992 3543 3050; x_wconf 78' lang='grc' dir='ltr'>δὲ</span> 
     </span>
    </p>
   </div>
   <div class='ocr_carea' id='block_1_62' title="bbox 1937 3085 3543 3165">
    <p class='ocr_par' dir='ltr' id='par_1_62' title="bbox 1937 3085 3543 3165">
     <span class='ocr_line' id='line_1_62' title="bbox 1937 3085 3543 3165; baseline -0.004 -16"><span class='ocrx_word' id='word_1_442' title='bbox 1937 3091 2153 3150; x_wconf 81' lang='grc' dir='ltr'>δύναται</span> <span class='ocrx_word' id='word_1_443' title='bbox 2180 3094 2458 3165; x_wconf 79' lang='grc' dir='ltr'>καθαρίσαι</span> <span class='ocrx_word' id='word_1_444' title='bbox 2503 3092 2589 3145; x_wconf 83' lang='grc' dir='ltr'>καὶ</span> <span class='ocrx_word' id='word_1_445' title='bbox 2633 3088 2850 3161; x_wconf 81' lang='grc' dir='ltr'>ἁγιάσαι</span> <span class='ocrx_word' id='word_1_446' title='bbox 2885 3085 3024 3164; x_wconf 78' lang='grc' dir='ltr'>ὕδωρ</span> <span class='ocrx_word' id='word_1_447' title='bbox 3089 3086 3430 3162; x_wconf 82' lang='grc' dir='ltr'>ὁάκὰθαρτος</span> <span class='ocrx_word' id='word_1_448' title='bbox 3474 3087 3543 3143; x_wconf 80' lang='grc' dir='ltr'>ὢν</span> 
     </span>
    </p>
   </div>
   <div class='ocr_carea' id='block_1_63' title="bbox 222 3180 1826 3262">
    <p class='ocr_par' dir='ltr' id='par_1_63' title="bbox 222 3180 1826 3255">
     <span class='ocr_line' id='line_1_63' title="bbox 222 3180 1826 3255; baseline 0.005 -21"><span class='ocrx_word' id='word_1_449' title='bbox 222 3180 420 3235; x_wconf 79' lang='lat' dir='ltr'><strong>munda</strong></span> <span class='ocrx_word' id='word_1_450' title='bbox 473 3193 622 3237; x_wconf 78' lang='lat' dir='ltr'><strong>erunt</strong></span> <span class='ocrx_word' id='word_1_451' title='bbox 664 3199 681 3238; x_wconf 65' lang='grc' dir='ltr'><strong><em>ξ</em></strong></span> <span class='ocrx_word' id='word_1_452' title='bbox 718 3184 992 3254; x_wconf 89' lang='lat' dir='ltr'><strong>quomodo</strong></span> <span class='ocrx_word' id='word_1_453' title='bbox 1037 3194 1215 3255; x_wconf 86' lang='lat' dir='ltr'><strong>potest</strong></span> <span class='ocrx_word' id='word_1_454' title='bbox 1264 3185 1544 3255; x_wconf 82' lang='lat' dir='ltr'><strong>baptizans</strong></span> <span class='ocrx_word' id='word_1_455' title='bbox 1583 3185 1715 3241; x_wconf 85' lang='lat' dir='ltr'><strong>dare</strong></span> <span class='ocrx_word' id='word_1_456' title='bbox 1739 3185 1826 3242; x_wconf 87' lang='lat' dir='ltr'><strong>alii</strong></span> 
     </span>
    </p>
   </div>
   <div class='ocr_carea' id='block_1_64' title="bbox 1930 3180 3540 3262">
    <p class='ocr_par' dir='ltr' id='par_1_64' title="bbox 1937 3180 3540 3261">
     <span class='ocr_line' id='line_1_64' title="bbox 1937 3180 3540 3261; baseline -0.003 -19"><span class='ocrx_word' id='word_1_457' title='bbox 1937 3189 2115 3250; x_wconf 80' lang='grc' dir='ltr'>αὐτὸς.</span> <span class='ocrx_word' id='word_1_458' title='bbox 2147 3188 2233 3242; x_wconf 81' lang='grc' dir='ltr'><strong>καί</strong></span> <span class='ocrx_word' id='word_1_459' title='bbox 2260 3185 2386 3261; x_wconf 81' lang='grc' dir='ltr'>παρ’</span> <span class='ocrx_word' id='word_1_460' title='bbox 2478 3189 2683 3256; x_wconf 86' lang='grc' dir='ltr'>πνεῦμα</span> <span class='ocrx_word' id='word_1_461' title='bbox 2703 3180 2845 3255; x_wconf 78' lang='grc' dir='ltr'>ἅγιον</span> <span class='ocrx_word' id='word_1_462' title='bbox 2875 3183 2967 3235; x_wconf 82' lang='grc' dir='ltr'><strong>οὐκ</strong></span> <span class='ocrx_word' id='word_1_463' title='bbox 2988 3180 3146 3243; x_wconf 61' lang='grc' dir='ltr'>ἔστω</span> <span class='ocrx_word' id='word_1_464' title='bbox 3175 3182 3422 3255; x_wconf 77' lang='grc' dir='ltr'><strong><em>Λέγοντος</em></strong></span> <span class='ocrx_word' id='word_1_465' title='bbox 3445 3186 3540 3238; x_wconf 89' lang='grc' dir='ltr'><strong>τοῦ</strong></span> 
     </span>
    </p>
   </div>
   <div class='ocr_carea' id='block_1_65' title="bbox 224 3274 1826 3349">
    <p class='ocr_par' dir='ltr' id='par_1_65' title="bbox 224 3274 1826 3349">
     <span class='ocr_line' id='line_1_65' title="bbox 224 3274 1826 3349; baseline 0.004 -20"><span class='ocrx_word' id='word_1_466' title='bbox 224 3274 602 3332; x_wconf 82' lang='lat' dir='ltr'><strong>remissionem</strong></span> <span class='ocrx_word' id='word_1_467' title='bbox 651 3288 1020 3347; x_wconf 84' lang='lat' dir='ltr'><strong>peccatorum,</strong></span> <span class='ocrx_word' id='word_1_468' title='bbox 1073 3278 1163 3349; x_wconf 89' lang='lat' dir='ltr'><strong>qni</strong></span> <span class='ocrx_word' id='word_1_469' title='bbox 1217 3292 1323 3333; x_wconf 91' lang='lat' dir='ltr'><strong>non</strong></span> <span class='ocrx_word' id='word_1_470' title='bbox 1380 3287 1556 3347; x_wconf 83' lang='lat' dir='ltr'><strong>potest</strong></span> <span class='ocrx_word' id='word_1_471' title='bbox 1609 3278 1826 3349; x_wconf 82' lang='lat' dir='ltr'><strong>propria</strong></span> 
     </span>
    </p>
   </div>
   <div class='ocr_carea' id='block_1_66' title="bbox 223 3368 1828 3441">
    <p class='ocr_par' dir='ltr' id='par_1_66' title="bbox 223 3368 1828 3441">
     <span class='ocr_line' id='line_1_66' title="bbox 223 3368 1828 3441; baseline 0.003 -19"><span class='ocrx_word' id='word_1_472' title='bbox 223 3375 443 3435; x_wconf 87' lang='lat' dir='ltr'><strong>peccata</strong></span> <span class='ocrx_word' id='word_1_473' title='bbox 486 3377 638 3423; x_wconf 82' lang='lat' dir='ltr'><strong>extra</strong></span> <span class='ocrx_word' id='word_1_474' title='bbox 670 3368 971 3425; x_wconf 85' lang='lat' dir='ltr'><strong>Ecclesiam</strong></span> <span class='ocrx_word' id='word_1_475' title='bbox 1015 3368 1328 3426; x_wconf 79' lang='lat' dir='ltr'><strong>dimittere?</strong></span> <span class='ocrx_word' id='word_1_476' title='bbox 1375 3368 1481 3426; x_wconf 88' lang='lat' dir='ltr'><strong>Sed</strong></span> <span class='ocrx_word' id='word_1_477' title='bbox 1509 3379 1562 3426; x_wconf 92' lang='lat' dir='ltr'><strong>et</strong></span> <span class='ocrx_word' id='word_1_478' title='bbox 1600 3371 1713 3441; x_wconf 83' lang='lat' dir='ltr'><strong>ipsa</strong></span> <span class='ocrx_word' id='word_1_479' title='bbox 1744 3370 1828 3427; x_wconf 89' lang='lat' dir='ltr'><strong>in-</strong></span> 
     </span>
    </p>
   </div>
   <div class='ocr_carea' id='block_1_67' title="bbox 222 3462 1822 3534">
    <p class='ocr_par' dir='ltr' id='par_1_67' title="bbox 222 3462 1822 3534">
     <span class='ocr_line' id='line_1_67' title="bbox 222 3462 1822 3534; baseline 0.003 -17"><span class='ocrx_word' id='word_1_480' title='bbox 222 3462 517 3532; x_wconf 83' lang='lat' dir='ltr'><strong>terrogatio</strong></span> <span class='ocrx_word' id='word_1_481' title='bbox 543 3477 666 3534; x_wconf 74' lang='lat' dir='ltr'><strong>qua:</strong></span> <span class='ocrx_word' id='word_1_482' title='bbox 692 3465 753 3520; x_wconf 86' lang='lat' dir='ltr'><strong>lit</strong></span> <span class='ocrx_word' id='word_1_483' title='bbox 785 3464 838 3518; x_wconf 92' lang='lat' dir='ltr'><strong>in</strong></span> <span class='ocrx_word' id='word_1_484' title='bbox 868 3463 1221 3533; x_wconf 82' lang='lat' dir='ltr'><strong>Baptismate,</strong></span> <span class='ocrx_word' id='word_1_485' title='bbox 1251 3474 1337 3521; x_wconf 90' lang='lat' dir='ltr'><strong>est</strong></span> <span class='ocrx_word' id='word_1_486' title='bbox 1377 3465 1528 3520; x_wconf 75' lang='lat' dir='ltr'><strong>testis</strong></span> <span class='ocrx_word' id='word_1_487' title='bbox 1557 3466 1822 3533; x_wconf 80' lang='lat' dir='ltr'><strong>veritatis;</strong></span> 
     </span>
    </p>
   </div>
   <div class='ocr_carea' id='block_1_68' title="bbox 219 3556 1826 3630">
    <p class='ocr_par' dir='ltr' id='par_1_68' title="bbox 219 3556 1826 3630">
     <span class='ocr_line' id='line_1_68' title="bbox 219 3556 1826 3630; baseline 0.004 -17"><span class='ocrx_word' id='word_1_488' title='bbox 219 3556 464 3614; x_wconf 84' lang='lat' dir='ltr'><strong>dicentes</strong></span> <span class='ocrx_word' id='word_1_489' title='bbox 489 3560 632 3614; x_wconf 90' lang='lat' dir='ltr'><strong>enim</strong></span> <span class='ocrx_word' id='word_1_490' title='bbox 659 3559 710 3615; x_wconf 94' lang='lat' dir='ltr'><strong>ei</strong></span> <span class='ocrx_word' id='word_1_491' title='bbox 737 3560 826 3630; x_wconf 91' lang='lat' dir='ltr'><strong>qui</strong></span> <span class='ocrx_word' id='word_1_492' title='bbox 846 3562 1187 3616; x_wconf 84' lang='lat' dir='ltr'><strong>examinatur</strong></span> <span class='ocrx_word' id='word_1_493' title='bbox 1211 3579 1224 3614; x_wconf 93' lang='lat'>:</span> <span class='ocrx_word' id='word_1_494' title='bbox 1249 3556 1441 3618; x_wconf 87' lang='lat' dir='ltr'><strong>Credis</strong></span> <span class='ocrx_word' id='word_1_495' title='bbox 1470 3564 1638 3618; x_wconf 87' lang='lat' dir='ltr'><strong>vitam</strong></span> <span class='ocrx_word' id='word_1_496' title='bbox 1666 3572 1826 3620; x_wconf 67' lang='lat' dir='ltr'><strong>aeter-</strong></span> 
     </span>
    </p>
   </div>
   <div class='ocr_carea' id='block_1_69' title="bbox 221 3651 1824 3726">
    <p class='ocr_par' dir='ltr' id='par_1_69' title="bbox 221 3651 1824 3726">
     <span class='ocr_line' id='line_1_69' title="bbox 221 3651 1824 3726; baseline 0.006 -23"><span class='ocrx_word' id='word_1_497' title='bbox 221 3664 344 3704; x_wconf 84' lang='lat' dir='ltr'><strong>nam</strong></span> <span class='ocrx_word' id='word_1_498' title='bbox 367 3660 422 3704; x_wconf 91' lang='lat' dir='ltr'><strong>et</strong></span> <span class='ocrx_word' id='word_1_499' title='bbox 450 3651 824 3707; x_wconf 85' lang='lat' dir='ltr'><strong>remissionem</strong></span> <span class='ocrx_word' id='word_1_500' title='bbox 855 3664 1200 3723; x_wconf 85' lang='lat' dir='ltr'><strong>peccatorum</strong></span> <span class='ocrx_word' id='word_1_501' title='bbox 1226 3655 1500 3726; x_wconf 64' lang='lat' dir='ltr'><strong>accipere?</strong></span> <span class='ocrx_word' id='word_1_502' title='bbox 1526 3655 1657 3711; x_wconf 85' lang='lat' dir='ltr'><strong>nihil</strong></span> <span class='ocrx_word' id='word_1_503' title='bbox 1683 3657 1824 3713; x_wconf 84' lang='lat' dir='ltr'><strong>aliud</strong></span> 
     </span>
    </p>
   </div>
   <div class='ocr_carea' id='block_1_70' title="bbox 220 3742 1823 3817">
    <p class='ocr_par' dir='ltr' id='par_1_70' title="bbox 220 3742 1823 3817">
     <span class='ocr_line' id='line_1_70' title="bbox 220 3742 1823 3817; baseline 0.004 -18"><span class='ocrx_word' id='word_1_504' title='bbox 220 3742 473 3814; x_wconf 83' lang='lat' dir='ltr'><strong>dicimus,</strong></span> <span class='ocrx_word' id='word_1_505' title='bbox 507 3760 668 3814; x_wconf 89' lang='lat' dir='ltr'><strong>qnam</strong></span> <span class='ocrx_word' id='word_1_506' title='bbox 707 3746 849 3817; x_wconf 88' lang='lat' dir='ltr'><strong>quod</strong></span> <span class='ocrx_word' id='word_1_507' title='bbox 884 3747 937 3801; x_wconf 93' lang='lat' dir='ltr'><strong>in</strong></span> <span class='ocrx_word' id='word_1_508' title='bbox 968 3746 1233 3803; x_wconf 85' lang='lat' dir='ltr'><strong>catholica</strong></span> <span class='ocrx_word' id='word_1_509' title='bbox 1262 3749 1499 3805; x_wconf 87' lang='lat' dir='ltr'><strong>Ecclesia</strong></span> <span class='ocrx_word' id='word_1_510' title='bbox 1550 3749 1665 3805; x_wconf 66' lang='lat' dir='ltr'><strong>haec</strong></span> <span class='ocrx_word' id='word_1_511' title='bbox 1705 3750 1823 3806; x_wconf 84' lang='lat' dir='ltr'><strong>dari</strong></span> 
     </span>
    </p>
   </div>
   <div class='ocr_carea' id='block_1_71' title="bbox 219 3835 1816 3911">
    <p class='ocr_par' dir='ltr' id='par_1_71' title="bbox 219 3835 1816 3911">
     <span class='ocr_line' id='line_1_71' title="bbox 219 3835 1816 3911; baseline 0.004 -20"><span class='ocrx_word' id='word_1_512' title='bbox 219 3847 465 3906; x_wconf 86' lang='lat' dir='ltr'><strong>possunt.</strong></span> <span class='ocrx_word' id='word_1_513' title='bbox 492 3835 648 3911; x_wconf 80' lang='lat' dir='ltr'><strong>Apud</strong></span> <span class='ocrx_word' id='word_1_514' title='bbox 672 3836 958 3894; x_wconf 69' lang='lat' dir='ltr'><strong>haereticos</strong></span> <span class='ocrx_word' id='word_1_515' title='bbox 982 3849 1185 3908; x_wconf 86' lang='lat' dir='ltr'><strong>autem,</strong></span> <span class='ocrx_word' id='word_1_516' title='bbox 1210 3840 1297 3896; x_wconf 91' lang='lat' dir='ltr'><strong>ubi</strong></span> <span class='ocrx_word' id='word_1_517' title='bbox 1314 3840 1555 3897; x_wconf 83' lang='lat' dir='ltr'><strong>Ecclesia</strong></span> <span class='ocrx_word' id='word_1_518' title='bbox 1582 3856 1687 3897; x_wconf 91' lang='lat' dir='ltr'><strong>non</strong></span> <span class='ocrx_word' id='word_1_519' title='bbox 1715 3851 1816 3911; x_wconf 85' lang='lat' dir='ltr'><strong>est,</strong></span> 
     </span>
    </p>
   </div>
   <div class='ocr_carea' id='block_1_72' title="bbox 217 3926 1819 4007">
    <p class='ocr_par' dir='ltr' id='par_1_72' title="bbox 217 3926 1819 4007">
     <span class='ocr_line' id='line_1_72' title="bbox 217 3926 1819 4007; baseline 0.006 -25"><span class='ocrx_word' id='word_1_520' title='bbox 217 3926 404 3985; x_wconf 84' lang='lat' dir='ltr'><strong>haberi</strong></span> <span class='ocrx_word' id='word_1_521' title='bbox 433 3942 540 3985; x_wconf 91' lang='lat' dir='ltr'><strong>non</strong></span> <span class='ocrx_word' id='word_1_522' title='bbox 578 3938 755 4000; x_wconf 89' lang='lat' dir='ltr'><strong>potest</strong></span> <span class='ocrx_word' id='word_1_523' title='bbox 802 3940 1140 4001; x_wconf 86' lang='lat' dir='ltr'><strong>peccatorum</strong></span> <span class='ocrx_word' id='word_1_524' title='bbox 1165 3934 1416 3990; x_wconf 84' lang='lat' dir='ltr'><strong>remissio</strong></span> <span class='ocrx_word' id='word_1_525' title='bbox 1444 3951 1460 3988; x_wconf 92' lang='lat'><strong>:</strong></span> <span class='ocrx_word' id='word_1_526' title='bbox 1491 3944 1548 3990; x_wconf 92' lang='lat' dir='ltr'><strong>et</strong></span> <span class='ocrx_word' id='word_1_527' title='bbox 1578 3934 1700 3991; x_wconf 90' lang='lat' dir='ltr'><strong>ideo</strong></span> <span class='ocrx_word' id='word_1_528' title='bbox 1728 3936 1819 4007; x_wconf 91' lang='lat' dir='ltr'><strong>qui</strong></span> 
     </span>
    </p>
   </div>
   <div class='ocr_carea' id='block_1_73' title="bbox 217 4016 1823 4095">
    <p class='ocr_par' dir='ltr' id='par_1_73' title="bbox 217 4016 1823 4095">
     <span class='ocr_line' id='line_1_73' title="bbox 217 4016 1823 4095; baseline 0.007 -22"><span class='ocrx_word' id='word_1_529' title='bbox 217 4016 591 4077; x_wconf 60' lang='lat' dir='ltr'><strong>haereticorum</strong></span> <span class='ocrx_word' id='word_1_530' title='bbox 621 4024 976 4092; x_wconf 89' lang='lat' dir='ltr'><strong>patrocinium</strong></span> <span class='ocrx_word' id='word_1_531' title='bbox 1026 4025 1325 4095; x_wconf 82' lang='lat' dir='ltr'><strong>suscipiunt</strong></span> <span class='ocrx_word' id='word_1_532' title='bbox 1358 4069 1372 4093; x_wconf 88' lang='lat'><strong>,</strong></span> <span class='ocrx_word' id='word_1_533' title='bbox 1407 4028 1491 4082; x_wconf 87' lang='lat' dir='ltr'><strong>vel</strong></span> <span class='ocrx_word' id='word_1_534' title='bbox 1515 4027 1716 4084; x_wconf 79' lang='lat' dir='ltr'><strong>debent</strong></span> <span class='ocrx_word' id='word_1_535' title='bbox 1742 4029 1823 4085; x_wconf 83' lang='lat' dir='ltr'><strong>in-</strong></span> 
     </span>
    </p>
   </div>
   <div class='ocr_carea' id='block_1_74' title="bbox 217 4115 1819 4186">
    <p class='ocr_par' dir='ltr' id='par_1_74' title="bbox 217 4115 1819 4186">
     <span class='ocr_line' id='line_1_74' title="bbox 217 4115 1819 4186; baseline 0.006 -18"><span class='ocrx_word' id='word_1_536' title='bbox 217 4115 638 4186; x_wconf 83' lang='lat' dir='ltr'><strong>terrogationem</strong></span> <span class='ocrx_word' id='word_1_537' title='bbox 669 4125 899 4184; x_wconf 89' lang='lat' dir='ltr'><strong>mutare,</strong></span> <span class='ocrx_word' id='word_1_538' title='bbox 925 4118 1006 4173; x_wconf 83' lang='lat' dir='ltr'><strong>vel</strong></span> <span class='ocrx_word' id='word_1_539' title='bbox 1031 4121 1315 4176; x_wconf 84' lang='lat' dir='ltr'><strong>veritatem</strong></span> <span class='ocrx_word' id='word_1_540' title='bbox 1344 4120 1561 4175; x_wconf 86' lang='lat' dir='ltr'><strong>intueri.</strong></span> <span class='ocrx_word' id='word_1_541' title='bbox 1585 4120 1819 4178; x_wconf 77' lang='lat' dir='ltr'><strong>Necesse</strong></span> 
     </span>
    </p>
   </div>
   <div class='ocr_carea' id='block_1_75' title="bbox 214 4207 1817 4283">
    <p class='ocr_par' dir='ltr' id='par_1_75' title="bbox 214 4207 1817 4283">
     <span class='ocr_line' id='line_1_75' title="bbox 214 4207 1817 4283; baseline 0.006 -21"><span class='ocrx_word' id='word_1_542' title='bbox 214 4215 299 4262; x_wconf 85' lang='lat' dir='ltr'><strong>est</strong></span> <span class='ocrx_word' id='word_1_543' title='bbox 320 4207 489 4262; x_wconf 87' lang='lat' dir='ltr'><strong>etiam</strong></span> <span class='ocrx_word' id='word_1_544' title='bbox 520 4224 645 4266; x_wconf 91' lang='lat' dir='ltr'><strong>eum</strong></span> <span class='ocrx_word' id='word_1_545' title='bbox 670 4212 761 4280; x_wconf 87' lang='lat' dir='ltr'><strong>qui</strong></span> <span class='ocrx_word' id='word_1_546' title='bbox 793 4211 1094 4280; x_wconf 83' lang='lat' dir='ltr'><strong>baptizatus</strong></span> <span class='ocrx_word' id='word_1_547' title='bbox 1115 4222 1227 4276; x_wconf 87' lang='lat' dir='ltr'><strong>est,</strong></span> <span class='ocrx_word' id='word_1_548' title='bbox 1261 4212 1483 4283; x_wconf 89' lang='lat' dir='ltr'><strong>inungi,</strong></span> <span class='ocrx_word' id='word_1_549' title='bbox 1513 4223 1570 4268; x_wconf 90' lang='lat' dir='ltr'><strong>ut</strong></span> <span class='ocrx_word' id='word_1_550' title='bbox 1597 4226 1817 4283; x_wconf 85' lang='lat' dir='ltr'><strong>accepta</strong></span> 
     </span>
    </p>
   </div>
   <div class='ocr_carea' id='block_1_76' title="bbox 210 4301 1816 4375">
    <p class='ocr_par' dir='ltr' id='par_1_76' title="bbox 210 4301 1816 4375">
     <span class='ocr_line' id='line_1_76' title="bbox 210 4301 1816 4375; baseline 0.004 -22"><span class='ocrx_word' id='word_1_551' title='bbox 210 4302 486 4369; x_wconf 84' lang='lat' dir='ltr'><strong>unctione,</strong></span> <span class='ocrx_word' id='word_1_552' title='bbox 536 4301 625 4356; x_wconf 82' lang='lat' dir='ltr'><strong>ﬁat</strong></span> <span class='ocrx_word' id='word_1_553' title='bbox 673 4302 875 4357; x_wconf 84' lang='lat' dir='ltr'><strong>Christi</strong></span> <span class='ocrx_word' id='word_1_554' title='bbox 937 4304 1225 4375; x_wconf 84' lang='lat' dir='ltr'><strong>particeps.</strong></span> <span class='ocrx_word' id='word_1_555' title='bbox 1256 4304 1601 4361; x_wconf 74' lang='lat' dir='ltr'><strong>Sanctificare</strong></span> <span class='ocrx_word' id='word_1_556' title='bbox 1638 4312 1816 4360; x_wconf 88' lang='lat' dir='ltr'><strong>autem</strong></span> 
     </span>
    </p>
   </div>
   <div class='ocr_carea' id='block_1_77' title="bbox 209 4393 1811 4468">
    <p class='ocr_par' dir='ltr' id='par_1_77' title="bbox 209 4393 1811 4468">
     <span class='ocr_line' id='line_1_77' title="bbox 209 4393 1811 4468; baseline 0.004 -21"><span class='ocrx_word' id='word_1_557' title='bbox 209 4393 388 4449; x_wconf 82' lang='lat' dir='ltr'><strong>oleum</strong></span> <span class='ocrx_word' id='word_1_558' title='bbox 420 4409 525 4449; x_wconf 86' lang='lat' dir='ltr'><strong>non</strong></span> <span class='ocrx_word' id='word_1_559' title='bbox 572 4405 747 4465; x_wconf 79' lang='lat' dir='ltr'><strong>potest</strong></span> <span class='ocrx_word' id='word_1_560' title='bbox 796 4397 1102 4466; x_wconf 69' lang='lat' dir='ltr'><strong>luereticns,</strong></span> <span class='ocrx_word' id='word_1_561' title='bbox 1146 4398 1238 4468; x_wconf 89' lang='lat' dir='ltr'><strong>qni</strong></span> <span class='ocrx_word' id='word_1_562' title='bbox 1285 4411 1385 4452; x_wconf 90' lang='lat' dir='ltr'><strong>nec</strong></span> <span class='ocrx_word' id='word_1_563' title='bbox 1427 4397 1598 4453; x_wconf 88' lang='lat' dir='ltr'><strong>altare</strong></span> <span class='ocrx_word' id='word_1_564' title='bbox 1631 4399 1811 4465; x_wconf 81' lang='lat' dir='ltr'><strong>habet,</strong></span> 
     </span>
    </p>
   </div>
   <div class='ocr_carea' id='block_1_78' title="bbox 207 4485 1811 4559">
    <p class='ocr_par' dir='ltr' id='par_1_78' title="bbox 207 4485 1811 4559">
     <span class='ocr_line' id='line_1_78' title="bbox 207 4485 1811 4559; baseline 0.004 -18"><span class='ocrx_word' id='word_1_565' title='bbox 207 4499 309 4541; x_wconf 86' lang='lat' dir='ltr'><strong>nec</strong></span> <span class='ocrx_word' id='word_1_566' title='bbox 351 4485 676 4543; x_wconf 83' lang='lat' dir='ltr'><strong>Ecclesiam.</strong></span> <span class='ocrx_word' id='word_1_567' title='bbox 705 4486 821 4544; x_wconf 87' lang='lat' dir='ltr'><strong>Non</strong></span> <span class='ocrx_word' id='word_1_568' title='bbox 871 4500 1045 4559; x_wconf 87' lang='lat' dir='ltr'><strong>potest</strong></span> <span class='ocrx_word' id='word_1_569' title='bbox 1070 4499 1251 4545; x_wconf 86' lang='lat' dir='ltr'><strong>autem</strong></span> <span class='ocrx_word' id='word_1_570' title='bbox 1299 4491 1520 4546; x_wconf 89' lang='lat' dir='ltr'><strong>omnino</strong></span> <span class='ocrx_word' id='word_1_571' title='bbox 1565 4489 1811 4547; x_wconf 87' lang='lat' dir='ltr'><strong>Cbrisma</strong></span> 
     </span>
    </p>
   </div>
   <div class='ocr_carea' id='block_1_79' title="bbox 1931 3268 3538 3356">
    <p class='ocr_par' dir='ltr' id='par_1_79' title="bbox 1931 3268 3538 3356">
     <span class='ocr_line' id='line_1_79' title="bbox 1931 3268 3538 3356; baseline -0.006 -19"><span class='ocrx_word' id='word_1_572' title='bbox 1931 3284 2116 3356; x_wconf 72' lang='grc' dir='ltr'>Κυρίου</span> <span class='ocrx_word' id='word_1_573' title='bbox 2146 3281 2197 3335; x_wconf 75' lang='grc' dir='ltr'>ἐν</span> <span class='ocrx_word' id='word_1_574' title='bbox 2215 3286 2324 3341; x_wconf 84' lang='grc' dir='ltr'>τοῖς</span> <span class='ocrx_word' id='word_1_575' title='bbox 2352 3280 2588 3354; x_wconf 83' lang='grc' dir='ltr'>Δριθμοῖς</span> <span class='ocrx_word' id='word_1_576' title='bbox 2606 3293 2618 3306; x_wconf 87' lang='lat'>&#39;</span> <span class='ocrx_word' id='word_1_577' title='bbox 2651 3277 2745 3331; x_wconf 72' lang='grc' dir='ltr'><strong>Καὶ</strong></span> <span class='ocrx_word' id='word_1_578' title='bbox 2779 3275 2984 3330; x_wconf 85' lang='grc' dir='ltr'>πάντων</span> <span class='ocrx_word' id='word_1_579' title='bbox 3029 3268 3098 3326; x_wconf 83' lang='grc' dir='ltr'>ὧν</span> <span class='ocrx_word' id='word_1_580' title='bbox 3129 3271 3319 3345; x_wconf 75' lang='grc' dir='ltr'>ἅψεται</span> <span class='ocrx_word' id='word_1_581' title='bbox 3354 3274 3381 3329; x_wconf 79' lang='grc' dir='ltr'><strong>ὁ</strong></span> <span class='ocrx_word' id='word_1_582' title='bbox 3408 3274 3538 3331; x_wconf 83' lang='grc' dir='ltr'>ἀκά-</span> 
     </span>
    </p>
   </div>
   <div class='ocr_carea' id='block_1_80' title="bbox 1927 3363 3537 3452">
    <p class='ocr_par' dir='ltr' id='par_1_80' title="bbox 1927 3363 3537 3452">
     <span class='ocr_line' id='line_1_80' title="bbox 1927 3363 3537 3452; baseline -0.005 -22"><span class='ocrx_word' id='word_1_583' title='bbox 1927 3377 2143 3452; x_wconf 84' lang='grc' dir='ltr'>θαρτος.</span> <span class='ocrx_word' id='word_1_584' title='bbox 2175 3374 2442 3448; x_wconf 84' lang='grc' dir='ltr'>ἀκάθαρτα</span> <span class='ocrx_word' id='word_1_585' title='bbox 2486 3369 2658 3432; x_wconf 74' lang='grc' dir='ltr'>ἔσται.</span> <span class='ocrx_word' id='word_1_586' title='bbox 2687 3375 2800 3431; x_wconf 84' lang='grc' dir='ltr'>πῶς</span> <span class='ocrx_word' id='word_1_587' title='bbox 2832 3367 3095 3441; x_wconf 83' lang='grc' dir='ltr'>βαπτίζων</span> <span class='ocrx_word' id='word_1_588' title='bbox 3144 3364 3359 3422; x_wconf 82' lang='grc' dir='ltr'>δύναται</span> <span class='ocrx_word' id='word_1_589' title='bbox 3402 3363 3537 3422; x_wconf 76' lang='grc' dir='ltr'>ἄλλω</span> 
     </span>
    </p>
   </div>
   <div class='ocr_carea' id='block_1_81' title="bbox 1929 3456 3537 3541">
    <p class='ocr_par' dir='ltr' id='par_1_81' title="bbox 1929 3456 3537 3541">
     <span class='ocr_line' id='line_1_81' title="bbox 1929 3456 3537 3541; baseline -0.006 -16"><span class='ocrx_word' id='word_1_590' title='bbox 1929 3466 2106 3525; x_wconf 88' lang='grc' dir='ltr'>δοῦναι</span> <span class='ocrx_word' id='word_1_591' title='bbox 2141 3464 2286 3524; x_wconf 79' lang='grc' dir='ltr'>ἅεσιν</span> <span class='ocrx_word' id='word_1_592' title='bbox 2333 3465 2597 3541; x_wconf 74' lang='grc' dir='ltr'>ἀμαρτιιῖιν</span> <span class='ocrx_word' id='word_1_593' title='bbox 2635 3462 2662 3518; x_wconf 85' lang='grc' dir='ltr'>ὁ</span> <span class='ocrx_word' id='word_1_594' title='bbox 2704 3466 2775 3536; x_wconf 69' lang='grc' dir='ltr'>μή</span> <span class='ocrx_word' id='word_1_595' title='bbox 2802 3459 3026 3523; x_wconf 82' lang='grc' dir='ltr'>δυνηθεὶς</span> <span class='ocrx_word' id='word_1_596' title='bbox 3055 3462 3122 3515; x_wconf 85' lang='grc' dir='ltr'><strong>τά</strong></span> <span class='ocrx_word' id='word_1_597' title='bbox 3165 3456 3270 3515; x_wconf 84' lang='grc' dir='ltr'>ἴδια</span> <span class='ocrx_word' id='word_1_598' title='bbox 3299 3458 3537 3532; x_wconf 76' lang='grc' dir='ltr'>ἁμαρτή-</span> 
     </span>
    </p>
   </div>
   <div class='ocr_carea' id='block_1_82' title="bbox 1927 3552 3532 3637">
    <p class='ocr_par' dir='ltr' id='par_1_82' title="bbox 1927 3552 3532 3637">
     <span class='ocr_line' id='line_1_82' title="bbox 1927 3552 3532 3637; baseline -0.009 -18"><span class='ocrx_word' id='word_1_599' title='bbox 1927 3585 2070 3637; x_wconf 92' lang='grc' dir='ltr'>ματα</span> <span class='ocrx_word' id='word_1_600' title='bbox 2091 3559 2186 3628; x_wconf 65' lang='grc' dir='ltr'><strong>ἔξω</strong></span> <span class='ocrx_word' id='word_1_601' title='bbox 2207 3570 2299 3623; x_wconf 80' lang='grc' dir='ltr'>τῆς</span> <span class='ocrx_word' id='word_1_602' title='bbox 2331 3558 2623 3621; x_wconf 86' lang='grc' dir='ltr'>Ἐκκλεσίας</span> <span class='ocrx_word' id='word_1_603' title='bbox 2665 3557 2969 3618; x_wconf 79' lang='grc' dir='ltr'>ἀποθέσθαι;</span> <span class='ocrx_word' id='word_1_604' title='bbox 3008 3552 3152 3608; x_wconf 77' lang='grc' dir='ltr'>Ἀλλά</span> <span class='ocrx_word' id='word_1_605' title='bbox 3199 3555 3285 3607; x_wconf 87' lang='grc' dir='ltr'>καὶ</span> <span class='ocrx_word' id='word_1_606' title='bbox 3331 3554 3462 3612; x_wconf 74' lang='grc' dir='ltr'>αὐτή</span> <span class='ocrx_word' id='word_1_607' title='bbox 3501 3553 3532 3612; x_wconf 78' lang='grc' dir='ltr'>ἡ</span> 
     </span>
    </p>
   </div>
   <div class='ocr_carea' id='block_1_83' title="bbox 1927 3647 3534 3730">
    <p class='ocr_par' dir='ltr' id='par_1_83' title="bbox 1927 3647 3534 3730">
     <span class='ocr_line' id='line_1_83' title="bbox 1927 3647 3534 3730; baseline -0.002 -19"><span class='ocrx_word' id='word_1_608' title='bbox 1927 3658 2177 3730; x_wconf 79' lang='grc' dir='ltr'>ἐρώτησις·</span> <span class='ocrx_word' id='word_1_609' title='bbox 2204 3656 2235 3714; x_wconf 74' lang='grc' dir='ltr'><strong>ἦ</strong></span> <span class='ocrx_word' id='word_1_610' title='bbox 2259 3656 2310 3709; x_wconf 74' lang='grc' dir='ltr'>ἐν</span> <span class='ocrx_word' id='word_1_611' title='bbox 2338 3660 2414 3724; x_wconf 83' lang='grc' dir='ltr'>τῷ</span> <span class='ocrx_word' id='word_1_612' title='bbox 2438 3652 2768 3728; x_wconf 83' lang='grc' dir='ltr'>βαπτίσματι</span> <span class='ocrx_word' id='word_1_613' title='bbox 2789 3649 3046 3724; x_wconf 81' lang='grc' dir='ltr'>γινομένη,</span> <span class='ocrx_word' id='word_1_614' title='bbox 3077 3648 3277 3720; x_wconf 79' lang='grc' dir='ltr'>μάρτυς</span> <span class='ocrx_word' id='word_1_615' title='bbox 3306 3647 3417 3702; x_wconf 68' lang='grc' dir='ltr'>ἐστὶ</span> <span class='ocrx_word' id='word_1_616' title='bbox 3440 3654 3534 3708; x_wconf 73' lang='grc' dir='ltr'><strong>τῆς</strong></span> 
     </span>
    </p>
   </div>
   <div class='ocr_carea' id='block_1_84' title="bbox 1927 3736 3532 3821">
    <p class='ocr_par' dir='ltr' id='par_1_84' title="bbox 1927 3736 3532 3821">
     <span class='ocr_line' id='line_1_84' title="bbox 1927 3736 3532 3821; baseline -0.007 -18"><span class='ocrx_word' id='word_1_617' title='bbox 1927 3747 2179 3821; x_wconf 80' lang='grc' dir='ltr'>ἀληθείας.</span> <span class='ocrx_word' id='word_1_618' title='bbox 2206 3748 2451 3820; x_wconf 81' lang='grc' dir='ltr'>Λίγοντες</span> <span class='ocrx_word' id='word_1_619' title='bbox 2470 3746 2571 3820; x_wconf 82' lang='grc' dir='ltr'>γὰρ</span> <span class='ocrx_word' id='word_1_620' title='bbox 2590 3750 2664 3818; x_wconf 83' lang='grc' dir='ltr'><strong>τῷ</strong></span> <span class='ocrx_word' id='word_1_621' title='bbox 2689 3736 3028 3814; x_wconf 80' lang='grc' dir='ltr'><strong>ἐξεταζομένῳ</strong></span> <span class='ocrx_word' id='word_1_622' title='bbox 3048 3782 3064 3802; x_wconf 90' lang='grc'><strong>.</strong></span> <span class='ocrx_word' id='word_1_623' title='bbox 3087 3741 3316 3801; x_wconf 83' lang='grc' dir='ltr'>πισεύεις</span> <span class='ocrx_word' id='word_1_624' title='bbox 3335 3741 3532 3795; x_wconf 77' lang='grc' dir='ltr'>αἰώνιον</span> 
     </span>
    </p>
   </div>
   <div class='ocr_carea' id='block_1_85' title="bbox 1924 3827 3529 3912">
    <p class='ocr_par' dir='ltr' id='par_1_85' title="bbox 1924 3827 3529 3912">
     <span class='ocr_line' id='line_1_85' title="bbox 1924 3827 3529 3912; baseline -0.008 -15"><span class='ocrx_word' id='word_1_625' title='bbox 1924 3844 2057 3905; x_wconf 74' lang='grc' dir='ltr'>ζωήν</span> <span class='ocrx_word' id='word_1_626' title='bbox 2084 3843 2169 3896; x_wconf 85' lang='grc' dir='ltr'><strong>καί</strong></span> <span class='ocrx_word' id='word_1_627' title='bbox 2206 3837 2382 3912; x_wconf 74' lang='grc' dir='ltr'>ἄφεσιν</span> <span class='ocrx_word' id='word_1_628' title='bbox 2416 3837 2683 3912; x_wconf 81' lang='grc' dir='ltr'>ἁμαρτιῶν</span> <span class='ocrx_word' id='word_1_629' title='bbox 2709 3834 2982 3907; x_wconf 77' lang='grc' dir='ltr'>λαμϐάνειν</span> <span class='ocrx_word' id='word_1_630' title='bbox 2999 3873 3015 3899; x_wconf 84' lang='grc'><em>,</em></span> <span class='ocrx_word' id='word_1_631' title='bbox 3047 3834 3139 3887; x_wconf 77' lang='grc' dir='ltr'><strong>οὐκ</strong></span> <span class='ocrx_word' id='word_1_632' title='bbox 3163 3827 3284 3886; x_wconf 84' lang='grc' dir='ltr'>ἀλλο</span> <span class='ocrx_word' id='word_1_633' title='bbox 3310 3853 3360 3887; x_wconf 91' lang='grc' dir='ltr'><strong>τι</strong></span> <span class='ocrx_word' id='word_1_634' title='bbox 3386 3830 3529 3905; x_wconf 80' lang='grc' dir='ltr'>λέγο-</span> 
     </span>
    </p>
   </div>
   <div class='ocr_carea' id='block_1_86' title="bbox 1924 3922 3526 4010">
    <p class='ocr_par' dir='ltr' id='par_1_86' title="bbox 1924 3922 3526 4010">
     <span class='ocr_line' id='line_1_86' title="bbox 1924 3922 3526 4010; baseline -0.011 -17"><span class='ocrx_word' id='word_1_635' title='bbox 1924 3958 2038 4010; x_wconf 70' lang='grc' dir='ltr'>μεν,</span> <span class='ocrx_word' id='word_1_636' title='bbox 2071 3937 2114 3991; x_wconf 83' lang='grc' dir='ltr'><strong>εἰ</strong></span> <span class='ocrx_word' id='word_1_637' title='bbox 2142 3938 2212 4006; x_wconf 72' lang='grc' dir='ltr'>μή</span> <span class='ocrx_word' id='word_1_638' title='bbox 2257 3930 2335 3988; x_wconf 82' lang='grc' dir='ltr'>ὅτι</span> <span class='ocrx_word' id='word_1_639' title='bbox 2358 3934 2409 3988; x_wconf 71' lang='grc' dir='ltr'>ἐν</span> <span class='ocrx_word' id='word_1_640' title='bbox 2434 3940 2499 4006; x_wconf 80' lang='grc' dir='ltr'>τῇ</span> <span class='ocrx_word' id='word_1_641' title='bbox 2527 3929 2762 4001; x_wconf 82' lang='grc' dir='ltr'>καθολικῇ</span> <span class='ocrx_word' id='word_1_642' title='bbox 2784 3927 3043 4002; x_wconf 81' lang='grc' dir='ltr'>Ἐκκλεσίᾳ</span> <span class='ocrx_word' id='word_1_643' title='bbox 3073 3923 3272 3985; x_wconf 83' lang='grc' dir='ltr'>δοθῆναι</span> <span class='ocrx_word' id='word_1_644' title='bbox 3292 3922 3526 3980; x_wconf 79' lang='grc' dir='ltr'>δύναται.</span> 
     </span>
    </p>
   </div>
   <div class='ocr_carea' id='block_1_87' title="bbox 1922 4016 3525 4104">
    <p class='ocr_par' dir='ltr' id='par_1_87' title="bbox 1922 4016 3525 4104">
     <span class='ocr_line' id='line_1_87' title="bbox 1922 4016 3525 4104; baseline -0.007 -20"><span class='ocrx_word' id='word_1_645' title='bbox 1922 4030 2066 4104; x_wconf 84' lang='grc' dir='ltr'><strong>Παρά</strong></span> <span class='ocrx_word' id='word_1_646' title='bbox 2081 4026 2135 4082; x_wconf 83' lang='grc' dir='ltr'><em>δέ</em></span> <span class='ocrx_word' id='word_1_647' title='bbox 2160 4034 2267 4088; x_wconf 86' lang='grc' dir='ltr'>τοῖς</span> <span class='ocrx_word' id='word_1_648' title='bbox 2292 4027 2564 4101; x_wconf 78' lang='grc' dir='ltr'>αἱρετικοῖς</span> <span class='ocrx_word' id='word_1_649' title='bbox 2588 4020 2715 4078; x_wconf 78' lang='grc' dir='ltr'>ὅπου</span> <span class='ocrx_word' id='word_1_650' title='bbox 2731 4020 3002 4079; x_wconf 78' lang='grc' dir='ltr'>Ἐκκλησία</span> <span class='ocrx_word' id='word_1_651' title='bbox 3021 4021 3115 4075; x_wconf 73' lang='grc' dir='ltr'><strong>οὐκ</strong></span> <span class='ocrx_word' id='word_1_652' title='bbox 3144 4016 3303 4075; x_wconf 79' lang='grc' dir='ltr'>ἔστιν.</span> <span class='ocrx_word' id='word_1_653' title='bbox 3340 4016 3525 4073; x_wconf 78' lang='grc' dir='ltr'>ἀδύνα-</span> 
     </span>
    </p>
   </div>
   <div class='ocr_carea' id='block_1_88' title="bbox 1920 4109 3526 4194">
    <p class='ocr_par' dir='ltr' id='par_1_88' title="bbox 1920 4109 3526 4194">
     <span class='ocr_line' id='line_1_88' title="bbox 1920 4109 3526 4194; baseline -0.007 -18"><span class='ocrx_word' id='word_1_654' title='bbox 1920 4142 2007 4177; x_wconf 84' lang='grc' dir='ltr'><strong>τον</strong></span> <span class='ocrx_word' id='word_1_655' title='bbox 2042 4119 2425 4194; x_wconf 77' lang='grc' dir='ltr'>ἁμαρτημάτων</span> <span class='ocrx_word' id='word_1_656' title='bbox 2453 4113 2628 4191; x_wconf 71' lang='grc' dir='ltr'>ἄφεσιν</span> <span class='ocrx_word' id='word_1_657' title='bbox 2662 4112 2868 4174; x_wconf 76' lang='grc' dir='ltr'>λαϐεῖν,</span> <span class='ocrx_word' id='word_1_658' title='bbox 2915 4115 3002 4167; x_wconf 87' lang='grc' dir='ltr'><strong>καί</strong></span> <span class='ocrx_word' id='word_1_659' title='bbox 3040 4109 3124 4168; x_wconf 85' lang='grc' dir='ltr'><strong>διά</strong></span> <span class='ocrx_word' id='word_1_660' title='bbox 3160 4118 3314 4168; x_wconf 89' lang='grc' dir='ltr'>τοῦτο</span> <span class='ocrx_word' id='word_1_661' title='bbox 3344 4112 3389 4165; x_wconf 82' lang='grc' dir='ltr'><strong>οἱ</strong></span> <span class='ocrx_word' id='word_1_662' title='bbox 3425 4117 3526 4167; x_wconf 84' lang='grc' dir='ltr'><strong>τῶν</strong></span> 
     </span>
    </p>
   </div>
   <div class='ocr_carea' id='block_1_89' title="bbox 1919 4204 3526 4290">
    <p class='ocr_par' dir='ltr' id='par_1_89' title="bbox 1919 4204 3526 4290">
     <span class='ocr_line' id='line_1_89' title="bbox 1919 4204 3526 4290; baseline -0.006 -21"><span class='ocrx_word' id='word_1_663' title='bbox 1919 4215 2188 4290; x_wconf 78' lang='grc' dir='ltr'>αἰρετικῶν</span> <span class='ocrx_word' id='word_1_664' title='bbox 2217 4215 2492 4283; x_wconf 76' lang='grc' dir='ltr'>συνήγοροι</span> <span class='ocrx_word' id='word_1_665' title='bbox 2516 4208 2546 4269; x_wconf 81' lang='grc' dir='ltr'><strong>ἣ</strong></span> <span class='ocrx_word' id='word_1_666' title='bbox 2584 4213 2674 4269; x_wconf 73' lang='grc' dir='ltr'>τὴν</span> <span class='ocrx_word' id='word_1_667' title='bbox 2713 4209 3027 4285; x_wconf 78' lang='grc' dir='ltr'>ἐπερῶτησιν</span> <span class='ocrx_word' id='word_1_668' title='bbox 3058 4206 3265 4270; x_wconf 80' lang='grc' dir='ltr'>ἀλλάξαι</span> <span class='ocrx_word' id='word_1_669' title='bbox 3301 4204 3526 4277; x_wconf 74' lang='grc' dir='ltr'>ὀφείλου-</span> 
     </span>
    </p>
   </div>
   <div class='ocr_carea' id='block_1_90' title="bbox 1919 4300 3523 4374">
    <p class='ocr_par' dir='ltr' id='par_1_90' title="bbox 1919 4300 3523 4374">
     <span class='ocr_line' id='line_1_90' title="bbox 1919 4300 3523 4374; baseline -0.007 -10"><span class='ocrx_word' id='word_1_670' title='bbox 1919 4330 2021 4374; x_wconf 81' lang='grc' dir='ltr'>σιν,</span> <span class='ocrx_word' id='word_1_671' title='bbox 2046 4307 2077 4369; x_wconf 72' lang='grc' dir='ltr'><strong>ἦ</strong></span> <span class='ocrx_word' id='word_1_672' title='bbox 2120 4311 2211 4367; x_wconf 66' lang='grc' dir='ltr'>τὴν</span> <span class='ocrx_word' id='word_1_673' title='bbox 2240 4306 2466 4365; x_wconf 75' lang='grc' dir='ltr'>ἀλήθειαν</span> <span class='ocrx_word' id='word_1_674' title='bbox 2494 4300 2759 4362; x_wconf 77' lang='grc' dir='ltr'>ἐκδικῆσαι</span> <span class='ocrx_word' id='word_1_675' title='bbox 2780 4343 2792 4360; x_wconf 86' lang='grc'><strong>.</strong></span> <span class='ocrx_word' id='word_1_676' title='bbox 2832 4303 2875 4357; x_wconf 86' lang='grc' dir='ltr'><strong>εἰ</strong></span> <span class='ocrx_word' id='word_1_677' title='bbox 2915 4306 2986 4373; x_wconf 72' lang='grc' dir='ltr'>μή</span> <span class='ocrx_word' id='word_1_678' title='bbox 3029 4323 3080 4356; x_wconf 89' lang='grc' dir='ltr'><strong>τι</strong></span> <span class='ocrx_word' id='word_1_679' title='bbox 3115 4301 3289 4362; x_wconf 78' lang='grc' dir='ltr'>αὐτοῖς</span> <span class='ocrx_word' id='word_1_680' title='bbox 3319 4302 3405 4353; x_wconf 88' lang='grc' dir='ltr'>καὶ</span> <span class='ocrx_word' id='word_1_681' title='bbox 3433 4303 3523 4356; x_wconf 71' lang='grc' dir='ltr'>τήν</span> 
     </span>
    </p>
   </div>
   <div class='ocr_carea' id='block_1_91' title="bbox 1914 4388 3523 4474">
    <p class='ocr_par' dir='ltr' id='par_1_91' title="bbox 1914 4388 3523 4474">
     <span class='ocr_line' id='line_1_91' title="bbox 1914 4388 3523 4474; baseline -0.006 -19"><span class='ocrx_word' id='word_1_682' title='bbox 1914 4398 2208 4459; x_wconf 75' lang='grc' dir='ltr'>Ἐκκλησίαν</span> <span class='ocrx_word' id='word_1_683' title='bbox 2235 4398 2642 4474; x_wconf 74' lang='grc' dir='ltr'>προσνέμουσιν.</span> <span class='ocrx_word' id='word_1_684' title='bbox 2688 4389 2777 4456; x_wconf 78' lang='grc' dir='ltr'><strong>οῦς</strong></span> <span class='ocrx_word' id='word_1_685' title='bbox 2830 4393 3105 4465; x_wconf 78' lang='grc' dir='ltr'>βάπτισμα</span> <span class='ocrx_word' id='word_1_686' title='bbox 3151 4388 3293 4463; x_wconf 78' lang='grc' dir='ltr'>ἒχειν</span> <span class='ocrx_word' id='word_1_687' title='bbox 3347 4388 3523 4446; x_wconf 81' lang='grc' dir='ltr'>διαϐε-</span> 
     </span>
    </p>
   </div>
   <div class='ocr_carea' id='block_1_92' title="bbox 1919 4484 3522 4565">
    <p class='ocr_par' dir='ltr' id='par_1_92' title="bbox 1919 4484 3522 4565">
     <span class='ocr_line' id='line_1_92' title="bbox 1919 4484 3522 4565; baseline -0.005 -18"><span class='ocrx_word' id='word_1_688' title='bbox 1919 4493 2201 4549; x_wconf 76' lang='grc' dir='ltr'>ϐαιοῦνται.</span> <span class='ocrx_word' id='word_1_689' title='bbox 2225 4490 2435 4565; x_wconf 82' lang='grc' dir='ltr'>’Δνάγκη</span> <span class='ocrx_word' id='word_1_690' title='bbox 2456 4486 2509 4545; x_wconf 78' lang='grc' dir='ltr'>δέ</span> <span class='ocrx_word' id='word_1_691' title='bbox 2531 4490 2644 4544; x_wconf 81' lang='grc' dir='ltr'>ἐστι</span> <span class='ocrx_word' id='word_1_692' title='bbox 2670 4489 2756 4543; x_wconf 82' lang='grc' dir='ltr'><strong>καί</strong></span> <span class='ocrx_word' id='word_1_693' title='bbox 2783 4488 3027 4563; x_wconf 80' lang='grc' dir='ltr'>χρίεσθαι</span> <span class='ocrx_word' id='word_1_694' title='bbox 3051 4484 3138 4542; x_wconf 79' lang='grc' dir='ltr'><strong>τὸν</strong></span> <span class='ocrx_word' id='word_1_695' title='bbox 3166 4485 3522 4558; x_wconf 71' lang='grc' dir='ltr'>βεϐαπτισμὲ-</span> 
     </span>
    </p>
   </div>
   <div class='ocr_carea' id='block_1_93' title="bbox 207 4573 1826 4664">
    <p class='ocr_par' dir='ltr' id='par_1_93' title="bbox 207 4576 1812 4649">
     <span class='ocr_line' id='line_1_93' title="bbox 207 4576 1812 4649; baseline 0.003 -16"><span class='ocrx_word' id='word_1_696' title='bbox 207 4591 328 4633; x_wconf 63' lang='lat' dir='ltr'><strong>eme</strong></span> <span class='ocrx_word' id='word_1_697' title='bbox 356 4576 498 4649; x_wconf 85' lang='lat' dir='ltr'><strong>apud</strong></span> <span class='ocrx_word' id='word_1_698' title='bbox 546 4579 852 4636; x_wconf 60' lang='lat' dir='ltr'><strong>haereticos.</strong></span> <span class='ocrx_word' id='word_1_699' title='bbox 882 4579 1049 4637; x_wconf 88' lang='lat' dir='ltr'><strong>Nobis</strong></span> <span class='ocrx_word' id='word_1_700' title='bbox 1093 4581 1237 4636; x_wconf 90' lang='lat' dir='ltr'><strong>enim</strong></span> <span class='ocrx_word' id='word_1_701' title='bbox 1278 4583 1483 4637; x_wconf 83' lang='lat' dir='ltr'><strong>clarum</strong></span> <span class='ocrx_word' id='word_1_702' title='bbox 1528 4594 1633 4647; x_wconf 83' lang='lat' dir='ltr'><strong>est,</strong></span> <span class='ocrx_word' id='word_1_703' title='bbox 1664 4583 1812 4639; x_wconf 89' lang='lat' dir='ltr'><strong>nullo</strong></span> 
     </span>
    </p>
   </div>
   <div class='ocr_carea' id='block_1_94' title="bbox 1930 4573 3520 4664">
    <p class='ocr_par' dir='ltr' id='par_1_94' title="bbox 1930 4573 3520 4654">
     <span class='ocr_line' id='line_1_94' title="bbox 1930 4573 3520 4654; baseline -0.005 -16"><span class='ocrx_word' id='word_1_704' title='bbox 1930 4604 2020 4642; x_wconf 76' lang='grc' dir='ltr'><strong>ρον,</strong></span> <span class='ocrx_word' id='word_1_705' title='bbox 2036 4584 2120 4638; x_wconf 79' lang='grc' dir='ltr'>ἵνα</span> <span class='ocrx_word' id='word_1_706' title='bbox 2143 4581 2311 4637; x_wconf 79' lang='grc' dir='ltr'>λαϐὼν</span> <span class='ocrx_word' id='word_1_707' title='bbox 2337 4585 2568 4654; x_wconf 86' lang='grc' dir='ltr'>χρίσμα,</span> <span class='ocrx_word' id='word_1_708' title='bbox 2592 4579 2823 4652; x_wconf 82' lang='grc' dir='ltr'>μέτοχος</span> <span class='ocrx_word' id='word_1_709' title='bbox 2843 4579 3049 4652; x_wconf 81' lang='grc' dir='ltr'>γένηται</span> <span class='ocrx_word' id='word_1_710' title='bbox 3072 4582 3318 4652; x_wconf 79' lang='grc' dir='ltr'>Χριστοῦ.</span> <span class='ocrx_word' id='word_1_711' title='bbox 3346 4573 3520 4650; x_wconf 75' lang='grc' dir='ltr'>Ἀγία-</span> 
     </span>
    </p>
   </div>
   <div class='ocr_carea' id='block_1_95' title="bbox 206 4668 1810 4747">
    <p class='ocr_par' dir='ltr' id='par_1_95' title="bbox 206 4668 1810 4747">
     <span class='ocr_line' id='line_1_95' title="bbox 206 4668 1810 4747; baseline 0.006 -24"><span class='ocrx_word' id='word_1_712' title='bbox 206 4668 369 4724; x_wconf 84' lang='lat' dir='ltr'><strong>modo</strong></span> <span class='ocrx_word' id='word_1_713' title='bbox 389 4670 528 4740; x_wconf 86' lang='lat' dir='ltr'><strong>apud</strong></span> <span class='ocrx_word' id='word_1_714' title='bbox 556 4672 677 4727; x_wconf 91' lang='lat' dir='ltr'><strong>illos</strong></span> <span class='ocrx_word' id='word_1_715' title='bbox 698 4674 1020 4728; x_wconf 83' lang='lat' dir='ltr'><strong>sam-titicari</strong></span> <span class='ocrx_word' id='word_1_716' title='bbox 1047 4688 1204 4744; x_wconf 57' lang='lat' dir='ltr'><strong>posse</strong></span> <span class='ocrx_word' id='word_1_717' title='bbox 1229 4675 1408 4730; x_wconf 88' lang='lat' dir='ltr'><strong>oleum</strong></span> <span class='ocrx_word' id='word_1_718' title='bbox 1429 4674 1496 4730; x_wconf 90' lang='lat' dir='ltr'><strong>ad</strong></span> <span class='ocrx_word' id='word_1_719' title='bbox 1518 4676 1810 4747; x_wconf 77' lang='lat' dir='ltr'><strong>gratiarum</strong></span> 
     </span>
    </p>
   </div>
   <div class='ocr_carea' id='block_1_96' title="bbox 204 4765 1812 4841">
    <p class='ocr_par' dir='ltr' id='par_1_96' title="bbox 204 4765 1812 4841">
     <span class='ocr_line' id='line_1_96' title="bbox 204 4765 1812 4841; baseline 0.005 -24"><span class='ocrx_word' id='word_1_720' title='bbox 204 4765 494 4820; x_wconf 68' lang='lat' dir='ltr'><strong>actionum.</strong></span> <span class='ocrx_word' id='word_1_721' title='bbox 526 4765 679 4822; x_wconf 86' lang='lat' dir='ltr'><strong>Scire</strong></span> <span class='ocrx_word' id='word_1_722' title='bbox 707 4767 869 4832; x_wconf 87' lang='lat' dir='ltr'><strong>enim,</strong></span> <span class='ocrx_word' id='word_1_723' title='bbox 896 4779 949 4824; x_wconf 87' lang='lat' dir='ltr'><strong>et</strong></span> <span class='ocrx_word' id='word_1_724' title='bbox 976 4783 1080 4824; x_wconf 90' lang='lat' dir='ltr'><strong>non</strong></span> <span class='ocrx_word' id='word_1_725' title='bbox 1117 4772 1363 4841; x_wconf 82' lang='lat' dir='ltr'><strong>ignorare</strong></span> <span class='ocrx_word' id='word_1_726' title='bbox 1386 4769 1646 4824; x_wconf 80' lang='lat' dir='ltr'><strong>debemus</strong></span> <span class='ocrx_word' id='word_1_727' title='bbox 1667 4770 1812 4841; x_wconf 86' lang='lat' dir='ltr'><strong>quod</strong></span> 
     </span>
    </p>
   </div>
   <div class='ocr_carea' id='block_1_97' title="bbox 202 4856 1810 4933">
    <p class='ocr_par' dir='ltr' id='par_1_97' title="bbox 202 4856 1810 4933">
     <span class='ocr_line' id='line_1_97' title="bbox 202 4856 1810 4933; baseline 0.001 -19"><span class='ocrx_word' id='word_1_728' title='bbox 202 4858 464 4929; x_wconf 87' lang='lat' dir='ltr'><strong>scriptum</strong></span> <span class='ocrx_word' id='word_1_729' title='bbox 492 4868 575 4914; x_wconf 86' lang='lat' dir='ltr'><strong>est</strong></span> <span class='ocrx_word' id='word_1_730' title='bbox 610 4876 625 4913; x_wconf 89' lang='lat'><strong>:</strong></span> <span class='ocrx_word' id='word_1_731' title='bbox 663 4856 846 4913; x_wconf 79' lang='lat' dir='ltr'><strong>Oleum</strong></span> <span class='ocrx_word' id='word_1_732' title='bbox 874 4863 1156 4932; x_wconf 73' lang='lat' dir='ltr'><strong>peccatoris</strong></span> <span class='ocrx_word' id='word_1_733' title='bbox 1195 4879 1296 4916; x_wconf 85' lang='lat' dir='ltr'><strong>non</strong></span> <span class='ocrx_word' id='word_1_734' title='bbox 1348 4862 1631 4933; x_wconf 58' lang='lat' dir='ltr'><strong>impingat</strong></span> <span class='ocrx_word' id='word_1_735' title='bbox 1656 4873 1810 4932; x_wconf 78' lang='lat' dir='ltr'><strong>caput</strong></span> 
     </span>
    </p>
   </div>
   <div class='ocr_carea' id='block_1_98' title="bbox 200 4951 1810 5024">
    <p class='ocr_par' dir='ltr' id='par_1_98' title="bbox 200 4951 1810 5024">
     <span class='ocr_line' id='line_1_98' title="bbox 200 4951 1810 5024; baseline 0.002 -18"><span class='ocrx_word' id='word_1_736' title='bbox 200 4966 393 5006; x_wconf 74' lang='lat' dir='ltr'><strong>meum.</strong></span> <span class='ocrx_word' id='word_1_737' title='bbox 441 4951 594 5019; x_wconf 87' lang='lat' dir='ltr'><strong>Quod</strong></span> <span class='ocrx_word' id='word_1_738' title='bbox 638 4952 854 5023; x_wconf 86' lang='lat' dir='ltr'><strong>quidem</strong></span> <span class='ocrx_word' id='word_1_739' title='bbox 887 4956 1050 5009; x_wconf 78' lang='lat' dir='ltr'><strong>etiam</strong></span> <span class='ocrx_word' id='word_1_740' title='bbox 1080 4953 1206 5009; x_wconf 87' lang='lat' dir='ltr'><strong>olim</strong></span> <span class='ocrx_word' id='word_1_741' title='bbox 1247 4951 1569 5024; x_wconf 65' lang='lat' dir='ltr'><strong>signiﬁcavit</strong></span> <span class='ocrx_word' id='word_1_742' title='bbox 1592 4967 1810 5023; x_wconf 70' lang='lat' dir='ltr'><strong>sanctus</strong></span> 
     </span>
    </p>
   </div>
   <div class='ocr_carea' id='block_1_99' title="bbox 201 5041 1806 5117">
    <p class='ocr_par' dir='ltr' id='par_1_99' title="bbox 201 5041 1806 5117">
     <span class='ocr_line' id='line_1_99' title="bbox 201 5041 1806 5117; baseline 0.001 -16"><span class='ocrx_word' id='word_1_743' title='bbox 201 5043 442 5114; x_wconf 74' lang='lat' dir='ltr'><strong>Spiritus</strong></span> <span class='ocrx_word' id='word_1_744' title='bbox 481 5043 534 5097; x_wconf 92' lang='lat' dir='ltr'><strong>in</strong></span> <span class='ocrx_word' id='word_1_745' title='bbox 565 5041 813 5108; x_wconf 85' lang='lat' dir='ltr'><strong>Psalmis,</strong></span> <span class='ocrx_word' id='word_1_746' title='bbox 857 5061 924 5100; x_wconf 89' lang='lat' dir='ltr'><strong>ne</strong></span> <span class='ocrx_word' id='word_1_747' title='bbox 968 5045 1106 5101; x_wconf 74' lang='lat' dir='ltr'><strong>forte</strong></span> <span class='ocrx_word' id='word_1_748' title='bbox 1135 5045 1397 5101; x_wconf 84' lang='lat' dir='ltr'><strong>abductus</strong></span> <span class='ocrx_word' id='word_1_749' title='bbox 1436 5047 1649 5117; x_wconf 83' lang='lat' dir='ltr'><strong>aliquis.</strong></span> <span class='ocrx_word' id='word_1_750' title='bbox 1691 5056 1746 5102; x_wconf 90' lang='lat' dir='ltr'><strong>et</strong></span> <span class='ocrx_word' id='word_1_751' title='bbox 1773 5062 1806 5101; x_wconf 88' lang='lat' dir='ltr'><strong>a</strong></span> 
     </span>
    </p>
   </div>
   <div class='ocr_carea' id='block_1_100' title="bbox 199 5136 1801 5207">
    <p class='ocr_par' dir='ltr' id='par_1_100' title="bbox 199 5136 1801 5207">
     <span class='ocr_line' id='line_1_100' title="bbox 199 5136 1801 5207; baseline 0.004 -16"><span class='ocrx_word' id='word_1_752' title='bbox 199 5144 348 5191; x_wconf 81' lang='lat' dir='ltr'><strong>recta</strong></span> <span class='ocrx_word' id='word_1_753' title='bbox 379 5136 462 5191; x_wconf 87' lang='lat' dir='ltr'><strong>via</strong></span> <span class='ocrx_word' id='word_1_754' title='bbox 496 5137 772 5204; x_wconf 80' lang='lat' dir='ltr'><strong>aberrans,</strong></span> <span class='ocrx_word' id='word_1_755' title='bbox 801 5138 941 5206; x_wconf 88' lang='lat' dir='ltr'><strong>apud</strong></span> <span class='ocrx_word' id='word_1_756' title='bbox 971 5138 1278 5207; x_wconf 64' lang='lat' dir='ltr'><strong>haereticos,</strong></span> <span class='ocrx_word' id='word_1_757' title='bbox 1308 5138 1508 5197; x_wconf 88' lang='lat' dir='ltr'><strong>Christi</strong></span> <span class='ocrx_word' id='word_1_758' title='bbox 1541 5141 1608 5196; x_wconf 88' lang='lat' dir='ltr'><strong>ad</strong></span> <span class='ocrx_word' id='word_1_759' title='bbox 1620 5156 1801 5197; x_wconf 83' lang='lat' dir='ltr'><strong>versa-</strong></span> 
     </span>
    </p>
   </div>
   <div class='ocr_carea' id='block_1_101' title="bbox 198 5227 1804 5306">
    <p class='ocr_par' dir='ltr' id='par_1_101' title="bbox 198 5227 1804 5306">
     <span class='ocr_line' id='line_1_101' title="bbox 198 5227 1804 5306; baseline 0.004 -23"><span class='ocrx_word' id='word_1_760' title='bbox 198 5229 335 5290; x_wconf 81' lang='lat' dir='ltr'><strong>rios.</strong></span> <span class='ocrx_word' id='word_1_761' title='bbox 353 5227 658 5299; x_wconf 89' lang='lat' dir='ltr'><strong>inungatur.</strong></span> <span class='ocrx_word' id='word_1_762' title='bbox 682 5229 963 5298; x_wconf 87' lang='lat' dir='ltr'><strong>Quomodo</strong></span> <span class='ocrx_word' id='word_1_763' title='bbox 981 5243 1159 5288; x_wconf 86' lang='lat' dir='ltr'><strong>autem</strong></span> <span class='ocrx_word' id='word_1_764' title='bbox 1181 5250 1276 5303; x_wconf 87' lang='lat' dir='ltr'><strong>pro</strong></span> <span class='ocrx_word' id='word_1_765' title='bbox 1302 5249 1368 5290; x_wconf 89' lang='lat' dir='ltr'><strong>co</strong></span> <span class='ocrx_word' id='word_1_766' title='bbox 1393 5234 1484 5306; x_wconf 89' lang='lat' dir='ltr'><strong>qui</strong></span> <span class='ocrx_word' id='word_1_767' title='bbox 1508 5235 1804 5305; x_wconf 79' lang='lat' dir='ltr'><strong>baptizatus</strong></span> 
     </span>
    </p>
   </div>
   <div class='ocr_carea' id='block_1_102' title="bbox 199 5321 1801 5399">
    <p class='ocr_par' dir='ltr' id='par_1_102' title="bbox 199 5321 1801 5399">
     <span class='ocr_line' id='line_1_102' title="bbox 199 5321 1801 5399; baseline 0.003 -22"><span class='ocrx_word' id='word_1_768' title='bbox 199 5331 288 5378; x_wconf 87' lang='lat' dir='ltr'><strong>est</strong></span> <span class='ocrx_word' id='word_1_769' title='bbox 311 5321 644 5393; x_wconf 87' lang='lat' dir='ltr'><strong>peccabitur,</strong></span> <span class='ocrx_word' id='word_1_770' title='bbox 675 5339 784 5379; x_wconf 92' lang='lat' dir='ltr'><strong>non</strong></span> <span class='ocrx_word' id='word_1_771' title='bbox 815 5325 1091 5393; x_wconf 85' lang='lat' dir='ltr'><strong>sacerdos,</strong></span> <span class='ocrx_word' id='word_1_772' title='bbox 1122 5324 1219 5382; x_wconf 88' lang='lat' dir='ltr'><strong>sed</strong></span> <span class='ocrx_word' id='word_1_773' title='bbox 1245 5327 1560 5399; x_wconf 80' lang='lat' dir='ltr'><strong>sacrilegus,</strong></span> <span class='ocrx_word' id='word_1_774' title='bbox 1588 5338 1643 5383; x_wconf 91' lang='lat' dir='ltr'><strong>et</strong></span> <span class='ocrx_word' id='word_1_775' title='bbox 1672 5341 1801 5398; x_wconf 87' lang='lat' dir='ltr'><strong>pec-</strong></span> 
     </span>
    </p>
   </div>
   <div class='ocr_carea' id='block_1_103' title="bbox 198 5417 1804 5491">
    <p class='ocr_par' dir='ltr' id='par_1_103' title="bbox 198 5417 1804 5491">
     <span class='ocr_line' id='line_1_103' title="bbox 198 5417 1804 5491; baseline 0.001 -17"><span class='ocrx_word' id='word_1_776' title='bbox 198 5417 610 5474; x_wconf 82' lang='lat' dir='ltr'><strong>cator?diccnte</strong></span> <span class='ocrx_word' id='word_1_777' title='bbox 627 5417 1082 5491; x_wconf 87' lang='lat' dir='ltr'><strong>Scriptura,quod</strong></span> <span class='ocrx_word' id='word_1_778' title='bbox 1100 5418 1241 5475; x_wconf 83' lang='lat' dir='ltr'><strong>Deus</strong></span> <span class='ocrx_word' id='word_1_779' title='bbox 1265 5431 1555 5491; x_wconf 85' lang='lat' dir='ltr'><strong>peccatores</strong></span> <span class='ocrx_word' id='word_1_780' title='bbox 1581 5437 1683 5476; x_wconf 88' lang='lat' dir='ltr'><strong>non</strong></span> <span class='ocrx_word' id='word_1_781' title='bbox 1709 5436 1804 5475; x_wconf 84' lang='lat' dir='ltr'><strong>au-</strong></span> 
     </span>
    </p>
   </div>
   <div class='ocr_carea' id='block_1_104' title="bbox 200 5509 1801 5587">
    <p class='ocr_par' dir='ltr' id='par_1_104' title="bbox 200 5509 1801 5587">
     <span class='ocr_line' id='line_1_104' title="bbox 200 5509 1801 5587; baseline 0.001 -22"><span class='ocrx_word' id='word_1_782' title='bbox 200 5509 297 5579; x_wconf 86' lang='lat' dir='ltr'><strong>dit,</strong></span> <span class='ocrx_word' id='word_1_783' title='bbox 319 5509 408 5566; x_wconf 88' lang='lat' dir='ltr'><strong>sed</strong></span> <span class='ocrx_word' id='word_1_784' title='bbox 422 5510 467 5565; x_wconf 90' lang='lat' dir='ltr'><strong>si</strong></span> <span class='ocrx_word' id='word_1_785' title='bbox 489 5512 603 5580; x_wconf 84' lang='lat' dir='ltr'><strong>quis</strong></span> <span class='ocrx_word' id='word_1_786' title='bbox 631 5522 704 5567; x_wconf 83' lang='lat' dir='ltr'><strong>est</strong></span> <span class='ocrx_word' id='word_1_787' title='bbox 732 5514 848 5585; x_wconf 83' lang='lat' dir='ltr'><strong>pius</strong></span> <span class='ocrx_word' id='word_1_788' title='bbox 872 5529 935 5568; x_wconf 84' lang='lat' dir='ltr'><strong>ac</strong></span> <span class='ocrx_word' id='word_1_789' title='bbox 958 5512 1248 5587; x_wconf 79' lang='lat' dir='ltr'><strong>religiosus,</strong></span> <span class='ocrx_word' id='word_1_790' title='bbox 1280 5524 1326 5569; x_wconf 86' lang='lat' dir='ltr'><strong>et</strong></span> <span class='ocrx_word' id='word_1_791' title='bbox 1354 5514 1467 5585; x_wconf 82' lang='lat' dir='ltr'><strong>ejus</strong></span> <span class='ocrx_word' id='word_1_792' title='bbox 1490 5517 1801 5568; x_wconf 82' lang='lat' dir='ltr'><strong>voluntatem</strong></span> 
     </span>
    </p>
   </div>
   <div class='ocr_carea' id='block_1_105' title="bbox 276 5647 1798 5727">
    <p class='ocr_par' dir='ltr' id='par_1_105' title="bbox 276 5647 1798 5727">
     <span class='ocr_line' id='line_1_105' title="bbox 276 5647 1798 5727; baseline 0.003 -24"><span class='ocrx_word' id='word_1_793' title='bbox 276 5647 728 5727; x_wconf 35' lang='lat' dir='ltr'><strong>(l)‘.lttbaian_um.</strong></span> <span class='ocrx_word' id='word_1_794' title='bbox 752 5650 819 5708; x_wconf 78' lang='lat' dir='ltr'><strong>At</strong></span> <span class='ocrx_word' id='word_1_795' title='bbox 838 5652 892 5708; x_wconf 90' lang='lat' dir='ltr'><strong>in</strong></span> <span class='ocrx_word' id='word_1_796' title='bbox 921 5653 1054 5710; x_wconf 88' lang='lat' dir='ltr'><strong>edit.</strong></span> <span class='ocrx_word' id='word_1_797' title='bbox 1084 5654 1287 5712; x_wconf 86' lang='lat' dir='ltr'><strong>Pamel.</strong></span> <span class='ocrx_word' id='word_1_798' title='bbox 1316 5664 1373 5710; x_wconf 88' lang='lat' dir='ltr'><strong>et</strong></span> <span class='ocrx_word' id='word_1_799' title='bbox 1398 5655 1517 5727; x_wconf 68' lang='lat' dir='ltr'><strong>ltig.</strong></span> <span class='ocrx_word' id='word_1_800' title='bbox 1550 5653 1798 5727; x_wconf 82' lang='lat' dir='ltr'><strong>inscribi-</strong></span> 
     </span>
    </p>
   </div>
   <div class='ocr_carea' id='block_1_106' title="bbox 200 5719 1794 5800">
    <p class='ocr_par' dir='ltr' id='par_1_106' title="bbox 200 5719 1794 5800">
     <span class='ocr_line' id='line_1_106' title="bbox 200 5719 1794 5800; baseline 0.007 -27"><span class='ocrx_word' id='word_1_801' title='bbox 200 5719 296 5800; x_wconf 68' lang='lat' dir='ltr'><strong>tur</strong></span> <span class='ocrx_word' id='word_1_802' title='bbox 317 5720 383 5800; x_wconf 80' lang='lat' dir='ltr'><strong>ad</strong></span> <span class='ocrx_word' id='word_1_803' title='bbox 411 5719 810 5800; x_wconf 63' lang='lat' dir='ltr'><strong>Januariumet</strong></span> <span class='ocrx_word' id='word_1_804' title='bbox 845 5735 1073 5800; x_wconf 66' lang='lat' dir='ltr'><strong>caeteros</strong></span> <span class='ocrx_word' id='word_1_805' title='bbox 1102 5727 1386 5800; x_wconf 84' lang='lat' dir='ltr'><strong>episcopos</strong></span> <span class='ocrx_word' id='word_1_806' title='bbox 1426 5719 1686 5787; x_wconf 63' lang='lat' dir='ltr'><strong>Numidas</strong></span> <span class='ocrx_word' id='word_1_807' title='bbox 1724 5725 1794 5784; x_wconf 88' lang='lat' dir='ltr'><strong>de</strong></span> 
     </span>
    </p>
   </div>
   <div class='ocr_carea' id='block_1_107' title="bbox 202 5791 1066 5863">
    <p class='ocr_par' dir='ltr' id='par_1_107' title="bbox 202 5791 1066 5863">
     <span class='ocr_line' id='line_1_107' title="bbox 202 5791 1066 5863; baseline 0.006 -15"><span class='ocrx_word' id='word_1_808' title='bbox 202 5791 535 5863; x_wconf 76' lang='lat' dir='ltr'><strong>baptizandis</strong></span> <span class='ocrx_word' id='word_1_809' title='bbox 554 5793 846 5858; x_wconf 66' lang='lat' dir='ltr'><strong>hwretids.</strong></span> <span class='ocrx_word' id='word_1_810' title='bbox 870 5798 1066 5858; x_wconf 63' lang='lat' dir='ltr'><strong>Lause.</strong></span> 
     </span>
    </p>
   </div>
   <div class='ocr_carea' id='block_1_108' title="bbox 1917 4669 3518 4748">
    <p class='ocr_par' dir='ltr' id='par_1_108' title="bbox 1917 4669 3518 4748">
     <span class='ocr_line' id='line_1_108' title="bbox 1917 4669 3518 4748; baseline -0.008 -14"><span class='ocrx_word' id='word_1_811' title='bbox 1917 4700 2009 4734; x_wconf 90' lang='grc' dir='ltr'><strong>σαι</strong></span> <span class='ocrx_word' id='word_1_812' title='bbox 2036 4675 2091 4733; x_wconf 78' lang='grc' dir='ltr'>δὲ</span> <span class='ocrx_word' id='word_1_813' title='bbox 2120 4672 2283 4732; x_wconf 69' lang='grc' dir='ltr'>ἔλαιον</span> <span class='ocrx_word' id='word_1_814' title='bbox 2308 4676 2366 4730; x_wconf 77' lang='grc' dir='ltr'><strong>οὐ</strong></span> <span class='ocrx_word' id='word_1_815' title='bbox 2394 4672 2607 4729; x_wconf 82' lang='grc' dir='ltr'>δύναται</span> <span class='ocrx_word' id='word_1_816' title='bbox 2629 4672 2655 4726; x_wconf 84' lang='grc' dir='ltr'>ὁ</span> <span class='ocrx_word' id='word_1_817' title='bbox 2677 4672 2931 4748; x_wconf 85' lang='grc' dir='ltr'>αίρετικός</span> <span class='ocrx_word' id='word_1_818' title='bbox 2958 4669 2984 4724; x_wconf 85' lang='grc' dir='ltr'>ὁ</span> <span class='ocrx_word' id='word_1_819' title='bbox 3004 4673 3131 4742; x_wconf 80' lang='grc' dir='ltr'>μήτε</span> <span class='ocrx_word' id='word_1_820' title='bbox 3158 4670 3518 4744; x_wconf 79' lang='grc' dir='ltr'>θυσιαστήριον</span> 
     </span>
    </p>
   </div>
   <div class='ocr_carea' id='block_1_109' title="bbox 1914 4763 3518 4843">
    <p class='ocr_par' dir='ltr' id='par_1_109' title="bbox 1914 4763 3518 4843">
     <span class='ocr_line' id='line_1_109' title="bbox 1914 4763 3518 4843; baseline -0.006 -17"><span class='ocrx_word' id='word_1_821' title='bbox 1914 4769 2079 4843; x_wconf 74' lang='grc' dir='ltr'>ἔχων,</span> <span class='ocrx_word' id='word_1_822' title='bbox 2104 4773 2231 4843; x_wconf 78' lang='grc' dir='ltr'>μήτε</span> <span class='ocrx_word' id='word_1_823' title='bbox 2258 4767 2541 4831; x_wconf 81' lang='grc' dir='ltr'>ἐκκλεσίαν,</span> <span class='ocrx_word' id='word_1_824' title='bbox 2571 4763 2675 4821; x_wconf 82' lang='grc' dir='ltr'>ὅθεν</span> <span class='ocrx_word' id='word_1_825' title='bbox 2699 4767 2759 4820; x_wconf 83' lang='grc' dir='ltr'><strong>οῦ</strong></span> <span class='ocrx_word' id='word_1_826' title='bbox 2791 4766 3007 4822; x_wconf 76' lang='grc' dir='ltr'>δύναται</span> <span class='ocrx_word' id='word_1_827' title='bbox 3032 4764 3242 4839; x_wconf 87' lang='grc' dir='ltr'>χρίσμα</span> <span class='ocrx_word' id='word_1_828' title='bbox 3269 4763 3328 4817; x_wconf 85' lang='grc' dir='ltr'>τὸ</span> <span class='ocrx_word' id='word_1_829' title='bbox 3354 4763 3518 4834; x_wconf 77' lang='grc' dir='ltr'>παράο</span> 
     </span>
    </p>
   </div>
   <div class='ocr_carea' id='block_1_110' title="bbox 1914 4853 3517 4938">
    <p class='ocr_par' dir='ltr' id='par_1_110' title="bbox 1914 4853 3517 4938">
     <span class='ocr_line' id='line_1_110' title="bbox 1914 4853 3517 4938; baseline -0.009 -16"><span class='ocrx_word' id='word_1_830' title='bbox 1914 4887 2018 4922; x_wconf 85' lang='grc' dir='ltr'><strong>παν</strong></span> <span class='ocrx_word' id='word_1_831' title='bbox 2043 4865 2189 4938; x_wconf 87' lang='grc' dir='ltr'><strong>παρά</strong></span> <span class='ocrx_word' id='word_1_832' title='bbox 2214 4868 2321 4924; x_wconf 87' lang='grc' dir='ltr'><strong><em>τοῖς</em></strong></span> <span class='ocrx_word' id='word_1_833' title='bbox 2355 4860 2627 4934; x_wconf 83' lang='grc' dir='ltr'>αἱρετικοῖς</span> <span class='ocrx_word' id='word_1_834' title='bbox 2652 4853 2800 4913; x_wconf 85' lang='grc' dir='ltr'>εἶναι.</span> <span class='ocrx_word' id='word_1_835' title='bbox 2830 4856 3079 4933; x_wconf 81' lang='grc' dir='ltr'>Πρόδηλον</span> <span class='ocrx_word' id='word_1_836' title='bbox 3104 4856 3203 4931; x_wconf 82' lang='grc' dir='ltr'><strong>γάρ</strong></span> <span class='ocrx_word' id='word_1_837' title='bbox 3234 4857 3370 4910; x_wconf 80' lang='grc' dir='ltr'>ἐστιν</span> <span class='ocrx_word' id='word_1_838' title='bbox 3399 4855 3517 4927; x_wconf 78' lang='grc' dir='ltr'>ἡμῖν</span> 
     </span>
    </p>
   </div>
   <div class='ocr_carea' id='block_1_111' title="bbox 1912 4944 3516 5031">
    <p class='ocr_par' dir='ltr' id='par_1_111' title="bbox 1912 4944 3516 5031">
     <span class='ocr_line' id='line_1_111' title="bbox 1912 4944 3516 5031; baseline -0.012 -15"><span class='ocrx_word' id='word_1_839' title='bbox 1912 4957 2162 5031; x_wconf 82' lang='grc' dir='ltr'>μηδαμῶς</span> <span class='ocrx_word' id='word_1_840' title='bbox 2198 4954 2443 5011; x_wconf 72' lang='grc' dir='ltr'>δύνασθαι</span> <span class='ocrx_word' id='word_1_841' title='bbox 2486 4952 2783 5026; x_wconf 79' lang='grc' dir='ltr'>ἀγιάζεσθαι</span> <span class='ocrx_word' id='word_1_842' title='bbox 2820 4947 2946 5026; x_wconf 84' lang='grc' dir='ltr'>παρ’</span> <span class='ocrx_word' id='word_1_843' title='bbox 2985 4949 3189 5009; x_wconf 83' lang='grc' dir='ltr'>ἐκείνοις</span> <span class='ocrx_word' id='word_1_844' title='bbox 3229 4944 3397 5002; x_wconf 55' lang='lat' dir='ltr'><strong>{lator</strong></span> <span class='ocrx_word' id='word_1_845' title='bbox 3443 4947 3516 5008; x_wconf 85' lang='grc' dir='ltr'><strong>εἰς·</strong></span> 
     </span>
    </p>
   </div>
   <div class='ocr_carea' id='block_1_112' title="bbox 1912 5036 3515 5127">
    <p class='ocr_par' dir='ltr' id='par_1_112' title="bbox 1912 5036 3515 5127">
     <span class='ocr_line' id='line_1_112' title="bbox 1912 5036 3515 5127; baseline -0.01 -18"><span class='ocrx_word' id='word_1_846' title='bbox 1912 5053 2271 5127; x_wconf 76' lang='grc' dir='ltr'>εὐχαριστίαν.</span> <span class='ocrx_word' id='word_1_847' title='bbox 2317 5046 2510 5103; x_wconf 85' lang='grc' dir='ltr'>Είδέναι</span> <span class='ocrx_word' id='word_1_848' title='bbox 2544 5047 2649 5122; x_wconf 90' lang='grc' dir='ltr'>γάρ</span> <span class='ocrx_word' id='word_1_849' title='bbox 2680 5048 2765 5099; x_wconf 85' lang='grc' dir='ltr'><strong>καί</strong></span> <span class='ocrx_word' id='word_1_850' title='bbox 2796 5049 2865 5116; x_wconf 75' lang='grc' dir='ltr'>μὴ</span> <span class='ocrx_word' id='word_1_851' title='bbox 2894 5044 3086 5117; x_wconf 82' lang='grc' dir='ltr'>ἀγνοεῖν</span> <span class='ocrx_word' id='word_1_852' title='bbox 3115 5038 3402 5115; x_wconf 70' lang='grc' dir='ltr'>ὀφείλομεν,</span> <span class='ocrx_word' id='word_1_853' title='bbox 3435 5036 3515 5095; x_wconf 81' lang='grc' dir='ltr'>ὅτι</span> 
     </span>
    </p>
   </div>
   <div class='ocr_carea' id='block_1_113' title="bbox 1905 5132 3512 5220">
    <p class='ocr_par' dir='ltr' id='par_1_113' title="bbox 1905 5132 3512 5220">
     <span class='ocr_line' id='line_1_113' title="bbox 1905 5132 3512 5220; baseline -0.011 -19"><span class='ocrx_word' id='word_1_854' title='bbox 1905 5148 2212 5220; x_wconf 71' lang='grc' dir='ltr'>γέγραπταιε</span> <span class='ocrx_word' id='word_1_855' title='bbox 2278 5138 2472 5198; x_wconf 72' lang='grc' dir='ltr'>Ἐλαιον</span> <span class='ocrx_word' id='word_1_856' title='bbox 2568 5135 2874 5212; x_wconf 84' lang='grc' dir='ltr'>ἀμαρτωλοῦ</span> <span class='ocrx_word' id='word_1_857' title='bbox 2950 5140 3040 5193; x_wconf 76' lang='grc' dir='ltr'>τὴν</span> <span class='ocrx_word' id='word_1_858' title='bbox 3133 5132 3344 5206; x_wconf 70' lang='grc' dir='ltr'>κεφαλήν</span> <span class='ocrx_word' id='word_1_859' title='bbox 3410 5136 3512 5203; x_wconf 84' lang='grc' dir='ltr'><strong>μοῦ</strong></span> 
     </span>
    </p>
   </div>
   <div class='ocr_carea' id='block_1_114' title="bbox 1905 5228 3512 5311">
    <p class='ocr_par' dir='ltr' id='par_1_114' title="bbox 1905 5228 3512 5311">
     <span class='ocr_line' id='line_1_114' title="bbox 1905 5228 3512 5311; baseline -0.008 -16"><span class='ocrx_word' id='word_1_860' title='bbox 1905 5242 1977 5311; x_wconf 77' lang='grc' dir='ltr'>μή</span> <span class='ocrx_word' id='word_1_861' title='bbox 2029 5236 2302 5293; x_wconf 86' lang='grc' dir='ltr'>λιπανάτω.</span> <span class='ocrx_word' id='word_1_862' title='bbox 2362 5232 2426 5289; x_wconf 82' lang='grc' dir='ltr'>Ὀ</span> <span class='ocrx_word' id='word_1_863' title='bbox 2479 5231 2540 5293; x_wconf 74' lang='grc' dir='ltr'>δὴ</span> <span class='ocrx_word' id='word_1_864' title='bbox 2601 5234 2687 5287; x_wconf 85' lang='grc' dir='ltr'><strong>καί</strong></span> <span class='ocrx_word' id='word_1_865' title='bbox 2739 5229 2896 5286; x_wconf 85' lang='grc' dir='ltr'>πάλαι</span> <span class='ocrx_word' id='word_1_866' title='bbox 2940 5228 3157 5301; x_wconf 74' lang='grc' dir='ltr'>εμηνύσε</span> <span class='ocrx_word' id='word_1_867' title='bbox 3212 5228 3270 5282; x_wconf 84' lang='grc' dir='ltr'>τὸ</span> <span class='ocrx_word' id='word_1_868' title='bbox 3310 5230 3512 5298; x_wconf 78' lang='grc' dir='ltr'>Πνεῦμα</span> 
     </span>
    </p>
   </div>
   <div class='ocr_carea' id='block_1_115' title="bbox 1904 5325 3509 5408">
    <p class='ocr_par' dir='ltr' id='par_1_115' title="bbox 1904 5325 3509 5408">
     <span class='ocr_line' id='line_1_115' title="bbox 1904 5325 3509 5408; baseline -0.007 -17"><span class='ocrx_word' id='word_1_869' title='bbox 1904 5336 1965 5391; x_wconf 86' lang='grc' dir='ltr'>τὸ</span> <span class='ocrx_word' id='word_1_870' title='bbox 2002 5333 2143 5408; x_wconf 81' lang='grc' dir='ltr'>ἅγιον</span> <span class='ocrx_word' id='word_1_871' title='bbox 2170 5336 2220 5388; x_wconf 86' lang='grc' dir='ltr'>ἐν</span> <span class='ocrx_word' id='word_1_872' title='bbox 2252 5333 2473 5406; x_wconf 72' lang='grc' dir='ltr'>Ψαλμοῖς</span> <span class='ocrx_word' id='word_1_873' title='bbox 2493 5372 2509 5398; x_wconf 87' lang='lat'><strong>,</strong></span> <span class='ocrx_word' id='word_1_874' title='bbox 2539 5335 2610 5405; x_wconf 81' lang='grc' dir='ltr'>μή</span> <span class='ocrx_word' id='word_1_875' title='bbox 2644 5336 2755 5391; x_wconf 81' lang='grc' dir='ltr'><strong>πῶς</strong></span> <span class='ocrx_word' id='word_1_876' title='bbox 2785 5329 3120 5400; x_wconf 83' lang='grc' dir='ltr'>ἐξιχνιασθείς</span> <span class='ocrx_word' id='word_1_877' title='bbox 3146 5348 3223 5387; x_wconf 88' lang='grc' dir='ltr'><strong>τις</strong></span> <span class='ocrx_word' id='word_1_878' title='bbox 3246 5365 3258 5386; x_wconf 84' lang='grc'><em>,</em></span> <span class='ocrx_word' id='word_1_879' title='bbox 3292 5327 3377 5379; x_wconf 85' lang='grc' dir='ltr'><strong>καί</strong></span> <span class='ocrx_word' id='word_1_880' title='bbox 3406 5325 3509 5379; x_wconf 83' lang='grc' dir='ltr'>ἀπὸ</span> 
     </span>
    </p>
   </div>
   <div class='ocr_carea' id='block_1_116' title="bbox 1904 5421 3508 5498">
    <p class='ocr_par' dir='ltr' id='par_1_116' title="bbox 1904 5421 3508 5498">
     <span class='ocr_line' id='line_1_116' title="bbox 1904 5421 3508 5498; baseline -0.009 -14"><span class='ocrx_word' id='word_1_881' title='bbox 1904 5436 1995 5490; x_wconf 82' lang='grc' dir='ltr'>τῆς</span> <span class='ocrx_word' id='word_1_882' title='bbox 2025 5429 2216 5490; x_wconf 76' lang='grc' dir='ltr'>εὐθείας</span> <span class='ocrx_word' id='word_1_883' title='bbox 2238 5424 2358 5482; x_wconf 85' lang='grc' dir='ltr'>ὁδοῦ</span> <span class='ocrx_word' id='word_1_884' title='bbox 2374 5426 2637 5486; x_wconf 82' lang='grc' dir='ltr'>πλανηθεὶς</span> <span class='ocrx_word' id='word_1_885' title='bbox 2659 5424 2806 5498; x_wconf 85' lang='grc' dir='ltr'><strong>παρά</strong></span> <span class='ocrx_word' id='word_1_886' title='bbox 2830 5428 2937 5484; x_wconf 89' lang='grc' dir='ltr'>τοῖς</span> <span class='ocrx_word' id='word_1_887' title='bbox 2960 5421 3233 5497; x_wconf 83' lang='grc' dir='ltr'>αἰρετικοίς</span> <span class='ocrx_word' id='word_1_888' title='bbox 3276 5425 3385 5481; x_wconf 85' lang='grc' dir='ltr'>τοῖς</span> <span class='ocrx_word' id='word_1_889' title='bbox 3414 5422 3508 5473; x_wconf 89' lang='grc' dir='ltr'><strong>τοῦ</strong></span> 
     </span>
    </p>
   </div>
   <div class='ocr_carea' id='block_1_117' title="bbox 1902 5511 3507 5596">
    <p class='ocr_par' dir='ltr' id='par_1_117' title="bbox 1902 5511 3507 5596">
     <span class='ocr_line' id='line_1_117' title="bbox 1902 5511 3507 5596; baseline -0.007 -21"><span class='ocrx_word' id='word_1_890' title='bbox 1902 5525 2128 5596; x_wconf 79' lang='grc' dir='ltr'>Χριστοῦ</span> <span class='ocrx_word' id='word_1_891' title='bbox 2185 5520 2475 5581; x_wconf 79' lang='grc' dir='ltr'>ἀντιπάλοις</span> <span class='ocrx_word' id='word_1_892' title='bbox 2527 5520 2735 5592; x_wconf 80' lang='grc' dir='ltr'>χρισθῇ</span> <span class='ocrx_word' id='word_1_893' title='bbox 2774 5523 2882 5578; x_wconf 82' lang='grc' dir='ltr'><strong>Ιῐῶς</strong></span> <span class='ocrx_word' id='word_1_894' title='bbox 2913 5513 2966 5570; x_wconf 78' lang='grc' dir='ltr'>δὲ</span> <span class='ocrx_word' id='word_1_895' title='bbox 3025 5511 3226 5579; x_wconf 66' lang='grc' dir='ltr'>εὔξεται</span> <span class='ocrx_word' id='word_1_896' title='bbox 3252 5513 3384 5588; x_wconf 73' lang='grc' dir='ltr'><strong>ὑπὲρ</strong></span> <span class='ocrx_word' id='word_1_897' title='bbox 3413 5517 3507 5568; x_wconf 86' lang='grc' dir='ltr'><strong>τοῦ</strong></span> 
     </span>
    </p>
   </div>
   <div class='ocr_carea' id='block_1_118' title="bbox 1899 5604 3527 5693">
    <p class='ocr_par' dir='ltr' id='par_1_118' title="bbox 1899 5604 3527 5693">
     <span class='ocr_line' id='line_1_118' title="bbox 1899 5604 3527 5693; baseline -0.007 -24"><span class='ocrx_word' id='word_1_898' title='bbox 1899 5612 2271 5683; x_wconf 84' lang='grc' dir='ltr'>βάπτιστεντος</span> <span class='ocrx_word' id='word_1_899' title='bbox 2291 5613 2416 5683; x_wconf 74' lang='grc' dir='ltr'>οὐχί</span> <span class='ocrx_word' id='word_1_900' title='bbox 2438 5612 2622 5684; x_wconf 78' lang='grc' dir='ltr'><strong>ἱερεὺς,</strong></span> <span class='ocrx_word' id='word_1_901' title='bbox 2654 5609 2758 5664; x_wconf 67' lang='grc' dir='ltr'>ἀλλ’</span> <span class='ocrx_word' id='word_1_902' title='bbox 2782 5607 3043 5685; x_wconf 79' lang='grc' dir='ltr'>ἱερόσυλος</span> <span class='ocrx_word' id='word_1_903' title='bbox 3071 5610 3157 5662; x_wconf 85' lang='grc' dir='ltr'><strong>καί</strong></span> <span class='ocrx_word' id='word_1_904' title='bbox 3182 5604 3527 5693; x_wconf 26' lang='grc' dir='ltr'>ἁμαρτωλὸς..</span> 
     </span>
    </p>
   </div>
   <div class='ocr_carea' id='block_1_119' title="bbox 1896 5698 3502 5779">
    <p class='ocr_par' dir='ltr' id='par_1_119' title="bbox 1896 5698 3502 5779">
     <span class='ocr_line' id='line_1_119' title="bbox 1896 5698 3502 5779; baseline -0.005 -21"><span class='ocrx_word' id='word_1_905' title='bbox 1896 5703 2143 5778; x_wconf 77' lang='grc' dir='ltr'>λεγούσης</span> <span class='ocrx_word' id='word_1_906' title='bbox 2163 5712 2255 5766; x_wconf 77' lang='grc' dir='ltr'>τῆς</span> <span class='ocrx_word' id='word_1_907' title='bbox 2281 5711 2501 5779; x_wconf 71' lang='grc' dir='ltr'><strong>Γραφῆς⁶</strong></span> <span class='ocrx_word' id='word_1_908' title='bbox 2532 5700 2610 5759; x_wconf 79' lang='grc' dir='ltr'>ὅτι</span> <span class='ocrx_word' id='word_1_909' title='bbox 2636 5702 2663 5759; x_wconf 83' lang='grc' dir='ltr'><strong>ὁ</strong></span> <span class='ocrx_word' id='word_1_910' title='bbox 2690 5705 2813 5764; x_wconf 87' lang='grc' dir='ltr'><strong>Θεὸς</strong></span> <span class='ocrx_word' id='word_1_911' title='bbox 2841 5699 3157 5775; x_wconf 85' lang='grc' dir='ltr'>άμαρτωλῶν</span> <span class='ocrx_word' id='word_1_912' title='bbox 3182 5700 3275 5754; x_wconf 77' lang='grc' dir='ltr'>οὐκ</span> <span class='ocrx_word' id='word_1_913' title='bbox 3304 5698 3502 5763; x_wconf 82' lang='grc' dir='ltr'>ἀκούει,</span> 
     </span>
    </p>
   </div>
   <div class='ocr_carea' id='block_1_120' title="bbox 1891 5789 3502 5870">
    <p class='ocr_par' dir='ltr' id='par_1_120' title="bbox 1891 5789 3502 5870">
     <span class='ocr_line' id='line_1_120' title="bbox 1891 5789 3502 5870; baseline -0.007 -17"><span class='ocrx_word' id='word_1_914' title='bbox 1891 5795 1998 5860; x_wconf 79' lang='grc' dir='ltr'>ἀλλ’</span> <span class='ocrx_word' id='word_1_915' title='bbox 2024 5798 2110 5857; x_wconf 73' lang='grc' dir='ltr'>ἐάν</span> <span class='ocrx_word' id='word_1_916' title='bbox 2132 5818 2211 5861; x_wconf 88' lang='grc' dir='ltr'><strong>τις</strong></span> <span class='ocrx_word' id='word_1_917' title='bbox 2235 5795 2473 5857; x_wconf 74' lang='grc' dir='ltr'>θεοσεϐὴς</span> <span class='ocrx_word' id='word_1_918' title='bbox 2535 5833 2552 5862; x_wconf 81' lang='grc'><strong><em>,</em></strong></span> <span class='ocrx_word' id='word_1_919' title='bbox 2579 5798 2664 5854; x_wconf 83' lang='grc' dir='ltr'>καὶ</span> <span class='ocrx_word' id='word_1_920' title='bbox 2690 5798 2750 5853; x_wconf 85' lang='grc' dir='ltr'>τὸ</span> <span class='ocrx_word' id='word_1_921' title='bbox 2774 5795 2962 5868; x_wconf 82' lang='grc' dir='ltr'>θέλημα</span> <span class='ocrx_word' id='word_1_922' title='bbox 2982 5796 3144 5852; x_wconf 71' lang='grc' dir='ltr'>αὐτοῦ</span> <span class='ocrx_word' id='word_1_923' title='bbox 3158 5800 3302 5860; x_wconf 68' lang='lat' dir='ltr'><strong>noui,</strong></span> <span class='ocrx_word' id='word_1_924' title='bbox 3314 5789 3502 5850; x_wconf 76' lang='grc' dir='ltr'>τούτου</span> 
     </span>
    </p>
   </div>
  </div>
