4008 6320
496 286 639 346 1085

1748 274 2102 345 ιιειιιουωῑ
2139 274 2415 344 ΒΔΩΒΕ.

3636 295 3740 354 1088

496 404 642 476 facit,
677 417 790 457 eum
817 403 982 457 audit.
1013 403 1114 456 Per
1138 409 1380 457 sanctam
1404 399 1704 458 Ecclesium
1734 404 2078 469 peccatorum

2205 395 2380 459 ὶκούει;
2396 397 2486 451 Διὰ
2513 405 2605 468 τῆς
2625 395 2777 472 άγίοις
2792 398 3080 465 Ἐκκλεσίας
3088 410 3302 480 νοοῦμεν
3315 403 3488 479 ρ’ίφεσιν
3503 411 3740 482 ἁμαρτιῶν

495 498 874 570 remissionem
923 494 1274 578 intelligimus
1307 513 1320 550 :
1353 493 1482 562 Quis
1529 505 1700 554 autem
1754 492 1880 545 dare
1929 500 2092 578 potest

495 592 554 648 id
591 593 728 662 quod
777 592 887 662 ipse
936 608 1038 645 non
1089 589 1279 644 habet?
1329 590 1405 643 vel
1454 589 1706 662 quomodo
1759 597 1920 659 potest
1975 604 2094 657 ope-

497 690 608 743 rari
629 687 906 756 spiritalia,
936 685 1024 756 qui
1053 685 1307 756 Spiritum
1329 695 1558 740 sanctum
1606 682 1831 754 abjecit?
1863 681 1928 738 Et
1974 680 2094 738 ideo

499 783 664 840 etiam
709 780 961 844 renovari
1001 779 1164 835 debet
1205 780 1294 849 qui
1337 778 1402 832 ad
1433 778 1728 832 Ecclesiam
1769 777 2008 840 accedit,
2037 783 2096 833 ut

498 878 648 933 intus
689 890 785 947 per
819 886 1037 935 sanctos
1076 873 1460 930 sanetiiicetur.
1491 872 1758 941 Scriptum
1800 880 1882 928 est
1917 870 2092 926 etiim:

499 967 872 1036 Sancti‘erltis,
904 970 1034 1024 sicut
1089 979 1133 1024 et
1183 985 1277 1040 ego
1329 978 1535 1024 sanctus
1581 985 1716 1030 sum,
1747 967 1878 1022 dicit
1912 966 2095 1026 Domi-

498 1082 601 1122 nus
621 1108 636 1132 ,
665 1075 723 1121 ut
751 1067 842 1136 qui
871 1065 924 1119 in
961 1080 1196 1120 errorem
1227 1065 1478 1120 seductus
1507 1074 1618 1130 est,
1649 1065 1700 1118 in
1725 1078 1862 1126 uero
1909 1071 1964 1117 et
2004 1077 2096 1116 ec-

499 1160 806 1216 clesiastico
854 1159 1208 1230 Baptismate,
1240 1161 1354 1230 ipse
1385 1174 1599 1230 quoque
1644 1160 1746 1214 hoc
1786 1167 1978 1224 exuat,
2004 1158 2096 1228 qui

499 1253 664 1309 homo
691 1253 758 1310 ad
791 1255 956 1310 Deum
989 1245 1256 1310 accedens
1283 1264 1336 1310 et
1368 1254 1705 1316 sacerdotem
1736 1270 2014 1324 quzcrctts,
2044 1255 2095 1307 in

497 1363 684 1404 errore
739 1349 991 1404 inventus
1033 1351 1084 1404 in
1135 1351 1476 1420 sacrilegium
1528 1349 1732 1406 incidit.
1792 1349 1885 1404 Est
1952 1350 2095 1404 enim

499 1441 879 1500 haereticorum
921 1455 977 1500 et
1017 1445 1483 1501 schismaticorum
1532 1445 1780 1503 haeresim
1829 1445 2092 1514 probare,

499 1552 594 1592 eos
619 1539 712 1610 qui
735 1539 802 1594 ab
825 1539 929 1593 illis
961 1537 1211 1609 baptizati
1239 1547 1364 1593 sunt
1387 1539 1762 1608 comprobare.
1799 1537 1916 1592 Non
1947 1536 2094 1591 enim

498 1639 678 1701 potest
702 1630 754 1686 in
786 1641 938 1702 parte
966 1634 1177 1697 valere;
1208 1633 1251 1687 si
1281 1631 1422 1686 enim
1463 1647 1568 1686 non
1597 1631 1767 1701 potuit
1809 1630 1854 1685 is
1896 1631 1984 1700 qui
2019 1639 2100 1700 est

497 1732 650 1777 extra
703 1724 904 1780 habere
937 1724 1216 1794 spiritum,
1242 1738 1347 1778 non
1388 1733 1564 1794 potest
1590 1726 1891 1778 venientem
1923 1722 2096 1792 bapti-

2196 492 2284 550 Τίς
2304 487 2358 543 δὲ
2378 487 2597 546 δύναται
2627 490 2800 546 δοῦναι
2821 492 2948 566 ὅπερ
2977 497 3134 558 αὐτὸς
3148 495 3386 569 οὐκέχει,
3408 499 3437 558 ἢ
3463 510 3560 563 πῶς
3573 501 3744 562 δύναται

2197 586 2518 654 πνεῦματικά
2555 586 2875 659 ἐργάζεσθαι,
2921 588 2947 642 ό
2986 590 3257 644 ἀποϐαλὼν
3289 598 3484 664 Πνεῦμα
3509 594 3745 668 ἅγιον;Διᾱι

2196 679 2350 730 τοῦτο
2373 679 2458 729 καὶ
2480 678 2814 734 ἀνανεοῦσθαι
2841 680 3019 753 ὀφείλει
3042 682 3067 736 ὁ
3090 686 3220 760 πρὸς
3239 684 3603 744 τῆνἘκκλεσέαν
3620 692 3747 764 ἐρχό-

2196 787 2366 837 μενος,
2404 769 2487 823 ἶνα
2515 767 2619 824 ἔσω
2645 767 2729 826 διά
2770 778 2869 826 τῶν
2916 773 3073 846 ἁγίων
3102 775 3337 850 ὁιγιασθῇ⁸
3366 779 3633 853 γέγραπται
3651 787 3746 858 γὰρ,

2197 857 2276 916 ὅτι
2307 862 2442 934 ἅγιοι
2469 860 2666 932 ἔσεσθε,
2697 867 2862 930 καθώς
2882 869 2980 941 ἐγὼ
3008 867 3152 942 ἅγιος
3179 874 3301 943 εἰμι,
3329 873 3648 950 λέγειιύριος.
3671 857 3752 935 ἰνα

2198 954 2332 1010 καὶὸ
2361 957 2444 1014 ἐπί
2474 958 2669 1021 πλάνης
2699 961 3021 1032 βουκοληθεὶς
3049 964 3098 1018 ἐν
3133 972 3206 1038 τῷ
3229 965 3398 1022 ἀληθεῖ
3427 969 3508 1020 καὶ
3532 969 3752 1025 ἐκκλησία-

2200 1056 2362 1121 στικῷ
2406 1049 2738 1124 βαπτίσματι
2779 1057 2864 1108 καὶ
2905 1056 3031 1110 αὐτὸ
3061 1061 3212 1112 τοῦτο
3243 1055 3590 1126 άποδύσηται,
3619 1059 3665 1122 ὃς
3696 1084 3755 1126 τις

2199 1145 2329 1216 πρὸς
2374 1146 2496 1200 Θεὸν
2529 1147 2818 1218 ἐρχόμενος
2867 1144 3131 1218 ἄνθρωπος
3171 1153 3254 1206 καὶ
3297 1151 3434 1226 ἱερέα
3463 1152 3686 1218 ἐπιζητῶν
3719 1157 3756 1208 ἐν

2198 1238 2360 1311 πλάνη
2388 1240 2605 1312 εὑρεθείς
2632 1240 2882 1313 ἱεροσύλῳ
2909 1244 3224 1314 προσέπεσε.
3248 1245 3536 1313 Δοκιμάζειν
3561 1246 3649 1317 γάρ
3673 1247 3758 1302 ἐστι

2198 1334 2256 1388 τό
2286 1341 2386 1392 τῶν
2413 1334 2677 1407 αἱρετικῶν
2706 1339 2792 1392 καί
2819 1346 3187 1409 σχισματικῶν
3212 1338 3515 1411 βάπτισμα,
3536 1341 3591 1394 τό
3613 1361 3759 1395 συνευ-

2199 1422 2360 1482 δοκεῖν
2398 1434 2503 1489 τοῖς
2534 1426 2624 1483 ὑπ’
2650 1430 2850 1482 ἐκείνων
2887 1429 3339 1502 βεϐαπτισμένοις.
3373 1433 3445 1485 Οὐ
3469 1434 3564 1504 γὰρ
3587 1431 3763 1489 δύναται

2200 1519 2250 1572 ἐν
2277 1520 2831 1593 μέρειύπερισχύνειν·
2878 1523 2920 1574 εἰ
2945 1519 3161 1582 ἠδυνήθη
3188 1522 3467 1593 βαπτίσαι,
3496 1520 3673 1595 ἴσχυσε
3699 1529 3763 1579 καί

2200 1609 2341 1682 ἅγιον
2363 1619 2565 1685 Πνεῦμα
2593 1612 2792 1670 δοῦναι·
2824 1617 2868 1668 εἰ
2891 1616 2982 1669 οὐκ
3003 1613 3241 1678 ἠδυνήθη.
3273 1615 3352 1672 ὅτι
3377 1615 3479 1682 ἔξω
3508 1616 3570 1672 ὢν
3595 1625 3759 1691 Πνεῦμα

2203 1704 2344 1778 ἅγιον
2374 1708 2466 1760 οὐκ
2490 1703 2627 1778 ἔχει,
2657 1710 2716 1761 ού
2753 1706 2972 1776 δύναται
2999 1712 3059 1778 τὸ
3096 1711 3378 1783 ἐρχόμενον
3408 1710 3652 1782 βαπτίσαι
3684 1713 3766 1776 ἐνὸς

499 1832 655 1883 zare,
683 1831 809 1872 cum
831 1818 898 1872 sit
937 1833 1074 1872 unus
1114 1817 1446 1888 Baptismus,
1479 1827 1532 1872 et
1561 1833 1696 1871 unus
1724 1829 1944 1878 sanctus
1969 1815 2094 1884 Spi-

2205 1796 2343 1862 ὂντος
2368 1806 2460 1856 τοῦ
2491 1800 2884 1873 βαπτίσματος,
2917 1805 3004 1858 καὶ
3047 1803 3156 1872 ἑνὸς
3185 1799 3328 1870 ὄντος
3358 1811 3452 1864 τοῦ
3478 1804 3616 1878 ἁγίου
3647 1809 3765 1862 Ilota-

497 1910 669 1978 ritus,
713 1919 770 1965 et
809 1926 912 1966 una
969 1910 1244 1976 Ecclesia,
1292 1926 1321 1966 a
1370 1910 1584 1966 Christo
1633 1910 1860 1966 Domino
1910 1919 2096 1964 nostro

499 1989 736 2069 dicente,
762 2002 831 2056 ab
853 2001 1008 2057 initio
1051 2017 1211 2073 supra
1263 2002 1480 2058 Petrum
1528 2004 1829 2071 apostolum
1878 2000 2096 2058 futtdata

498 2093 723 2150 unitate.
755 2093 823 2148 Et
849 2093 972 2149 ideo
1001 2109 1120 2165 quae
1145 2095 1213 2149 ab
1240 2096 1319 2151 eis
1351 2093 1489 2150 facta
1517 2105 1670 2161 sunt,
1695 2111 1815 2156 cum
1834 2097 1942 2150 sint
1963 2095 2094 2158 falsa

500 2193 556 2241 et
582 2200 743 2252 vana,
773 2187 952 2246 omnis
992 2196 1118 2242 sunt
1156 2187 1461 2258 reprobate.
1506 2188 1689 2259 Neque
1737 2189 1878 2244 enim
1920 2197 2096 2259 potest

500 2294 624 2336 esse
659 2281 772 2336 Deo
799 2291 1012 2352 gratum
1037 2291 1091 2339 et
1121 2294 1400 2354 acceptum
1444 2283 1588 2354 quod
1621 2284 1678 2339 tit
1705 2283 1773 2338 ab
1799 2283 1902 2338 illis
1921 2325 1934 2348 ,
1959 2297 2096 2352 quos

503 2375 763 2430 Dominus
808 2375 990 2432 hostes
1035 2385 1090 2432 et
1129 2377 1468 2433 adversarios
1511 2377 1638 2432 dicit
1664 2377 1716 2432 in
1751 2377 2092 2448 Evangeliis:

503 2467 604 2536 Qui
655 2487 758 2524 non
806 2481 881 2526 est
926 2488 1140 2541 mecum,
1170 2483 1350 2528 contra
1375 2490 1458 2530 me
1484 2483 1594 2540 est,
1626 2483 1674 2527 et
1702 2475 1788 2543 qui
1810 2491 1912 2528 non
1940 2475 2092 2528 colli-

501 2563 574 2631 git
627 2579 860 2632 mecum,
888 2564 1156 2637 dispergit.
1198 2565 1334 2633 Quin
1380 2566 1543 2622 etiam
1588 2566 1777 2620 beatus
1818 2567 2096 2636 apoStolus

500 2653 735 2711 Joannes
761 2667 1026 2727 pracepta
1060 2658 1271 2714 Domini
1301 2673 1542 2725 servans,
1573 2659 1626 2713 in
1673 2659 1906 2729 Epistola
1955 2675 2094 2729 prae-

502 2748 720 2819 scripsit
773 2767 786 2804 :
818 2750 1098 2806 Audivistis
1127 2754 1264 2823 quod
1293 2754 1624 2812 antichristus
1651 2754 1784 2807 venit
1804 2794 1819 2818 ,
1875 2764 1920 2814 et
1962 2769 2096 2809 nunc

501 2843 654 2898 etiam
704 2845 855 2898 multi
910 2847 1198 2901 antichristi
1237 2849 1364 2919 facti
1392 2857 1528 2904 sunt.
1564 2846 1715 2902 Unde
1741 2849 2096 2919 cognoscimus

499 2936 639 3005 quod
683 2945 906 2990 extrema
953 2940 1078 2991 hora
1130 2948 1224 2993 est.
1287 2939 1371 2994 Ea:
1424 2940 1569 2994 nobis
1597 2942 1848 3005 exierunt,
1872 2940 1964 2994 sed
1994 2955 2097 2994 non

501 3038 645 3083 erant
685 3045 748 3084 ea:
796 3030 960 3086 nobis.
997 3031 1146 3088 Unde
1187 3044 1240 3086 et
1281 3048 1379 3088 nos
1422 3034 1723 3103 intelligere
1766 3043 1820 3088 et
1859 3036 2098 3104 cogitare

501 3119 763 3179 debemus
788 3166 802 3188 ,
829 3125 872 3179 si
907 3125 996 3179 Dei
1047 3126 1246 3181 inimici
1274 3167 1288 3190 ,
1317 3136 1370 3181 et
1395 3125 1486 3198 qui
1516 3127 1817 3186 antichristi
1842 3136 1969 3182 sunt
1996 3143 2098 3181 no-

2200 1915 2384 1964 ματος,
2411 1897 2497 1958 καί
2523 1901 2644 1966 μιᾶς
2672 1894 2958 1958 Ἐκκλεσίας
2980 1897 3083 1962 ὑπὸ
3104 1903 3329 1972 Χριστοῦ
3349 1904 3443 1964 τοῦ
3460 1902 3637 1971 Κυρίου
3660 1902 3768 1971 ἡμῶν

2199 1988 2371 2049 ἐπάνω
2400 1990 2589 2062 Πέτρου
2620 1995 2712 2044 τοῦ
2740 1990 3033 2044 ἀποστόλου
3053 1992 3280 2062 ἀρχῆθεν
3315 1991 3547 2064 λέγοντος
3575 1992 3770 2056 ἐνότητος

2199 2082 2637 2154 τεθεμελιωμένης.
2685 2087 2777 2146 Καὶ
2822 2082 2907 2140 διά
2941 2090 3096 2142 τοῦτο
3134 2087 3202 2142 τά
3239 2086 3330 2142 ὑπ’
3362 2088 3531 2142 αὐτῶν
3574 2090 3774 2160 γινομίνα

2199 2174 2364 2247 ψευδῆ
2402 2182 2487 2232 καί
2515 2181 2634 2236 κενά
2662 2178 2979 2254 ὑπάρχοντα
3008 2181 3346 2238 πάνταῖστίν
3391 2179 3630 2252 ἀδόκιμα.
3669 2180 3772 2238 Ούδί

2197 2272 2299 2344 γάρ
2325 2269 2540 2328 δύναται
2573 2270 2748 2328 δεκτόν
2785 2276 2870 2330 καί
2897 2275 3092 2330 αἰνετὸν
3122 2269 3250 2328 εἶναι
3281 2277 3430 2348 παρὰ
3456 2283 3564 2348 Θεῷ
3595 2284 3685 2330 τῶν
3704 2277 3774 2334 ὑπ’

2199 2364 2397 2422 ἐκείνων
2421 2367 2705 2436 γινομένην,
2729 2363 2818 2427 οὓς
2841 2365 2868 2420 ό
2888 2368 3070 2442 Κύριος
3096 2367 3373 2438 πολεμίους
3393 2372 3484 2424 καί

2199 2457 2362 2512 αὐτοῦ
2387 2457 2519 2529 λέγει
2545 2458 2596 2510 ἐν
2621 2465 2728 2519 τοῖς
2752 2459 3094 2532 Εὐαγγελίοιςο
3126 2458 3183 2514 ¹Ο
3211 2465 3281 2531 μη
3296 2457 3364 2514 ὢν
3391 2459 3507 2530 μετ’
3532 2463 3650 2532 ἐμοῦ
3679 2462 3772 2517 κατ’

2199 2552 2326 2623 ἐμοῦ
2371 2554 2482 2616 ἐστι
2502 2590 2517 2615 ,
2550 2555 2637 2606 καὶ
2676 2552 2702 2608 ό
2731 2559 2802 2626 μή
2832 2555 3069 2627 συνάγων
3097 2554 3208 2626 μετ’
3239 2556 3367 2626 ἐμοῦ
3403 2558 3683 2626 σκορπίζει.
3704 2557 3777 2610 Kri

2199 2643 2226 2699 ὁ
2248 2646 2500 2719 μακάριος
2525 2646 2811 2708 ἀπόστολος
2837 2645 3061 2722 Ἰωάννης
3092 2647 3296 2709 ἐντολάς
3317 2651 3507 2722 Κυρίου
3530 2657 3687 2721 τηρῶν
3707 2688 3720 2712 ,
3738 2650 3773 2702 it

2199 2747 2261 2809 τῇ
2288 2737 2552 2810 Ἐπιστολῄ
2590 2739 2935 2814 προέγραψεν
2965 2740 3240 2798 Ἠκούσατε
3295 2739 3373 2798 ὅτι
3412 2740 3441 2795 ὁ
3470 2746 3777 2813 Δντίχριστος

2201 2827 2420 2907 ἔρχεται
2439 2872 2453 2895 ,
2497 2835 2582 2886 καὶ
2609 2837 2698 2888 νῦν
2741 2830 2796 2888 δέ
2824 2837 3163 2908 Δντίχριστοι
3185 2833 3358 2889 πολλοὶ
3385 2834 3669 2906 γεγόνασιν,
3695 2829 3776 2888 ὅθεν

2198 2926 2508 2996 γινώσκομεν
2529 2921 2608 2978 ὅτι
2636 2925 2843 2995 ἐσχάτη
2871 2926 2983 2996 ὥρα
3010 2927 3170 2984 ἐστίν.
3204 2924 3277 2990 Ἐξ
3316 2927 3460 2997 ἡμῶν
3491 2923 3654 2989 ἦλθον,
3689 2921 3772 2980 ἀλλ’

2201 3018 2292 3072 οὐκ
2327 3013 2456 3078 ἦσαν
2482 3015 2588 3088 μεθ’
2609 3018 2769 3087 ἡμῶν.
2811 3013 2948 3072 Ὀθεν
2979 3020 3067 3072 καὶ
3111 3019 3256 3088 ἡμεῖς
3293 3019 3523 3076 συνιέναι
3559 3017 3777 3091 ὀφείλομεν

2201 3111 2288 3169 καὶ
2313 3118 2439 3166 νοεῖν
2465 3112 2534 3172 ὡς
2563 3111 2608 3166 οἱ
2639 3112 2818 3186 ἐχθροι
2845 3114 3032 3183 Κυρίου
3057 3114 3143 3166 καὶ
3168 3111 3213 3166 οἱ
3241 3114 3581 3188 Δντίχριστοι
3611 3116 3776 3181 ὠνομα-

503 3216 730 3280 minati,
764 3218 974 3274 Domini
1001 3221 1226 3294 gratiam
1252 3221 1380 3276 dare
1411 3197 1516 3276 nou
1547 3231 1809 3292 possunt,
1843 3222 1964 3276 ideo
1995 3235 2094 3276 nos

2205 3204 2374 3273 σμένοι
2398 3201 2605 3258 δυνατοὶ
2629 3205 2720 3256 οὐκ
2748 3197 2841 3258 εἷεν
2868 3205 3027 3274 χάριν
3068 3201 3244 3259 δοῦναι
3285 3211 3377 3260 τοῦ
3403 3207 3590 3276 Κυρίου
3613 3205 3690 3258 καί
3714 3200 3780 3257 διά

503 3310 596 3381 qui
643 3326 829 3378 sumus
866 3326 990 3368 cum
1035 3314 1371 3380 Domino,et
1399 3315 1609 3369 Domini
1646 3316 1902 3371 unitatem
1944 3324 2096 3376 tene-

504 3420 658 3470 mus,
692 3415 748 3459 ut
788 3421 882 3475 pro
918 3407 1034 3486 ejus
1072 3408 1333 3486 dignitate
1375 3407 1814 3479 suppeditantcs,
1848 3406 2099 3462 sacerdo-

452 3558 460 3568 _
505 3499 638 3553 tium
675 3498 794 3568 ejus
831 3499 884 3554 in
925 3499 1164 3573 Ecclesia
1209 3503 1474 3572 gerimus,
1515 3517 1865 3573 quaecumque
1909 3502 2100 3555 adver-

504 3591 630 3646 sarii
661 3601 716 3647 et
753 3591 917 3661 ipsius
956 3598 1171 3664 generis
1199 3594 1414 3656 hostes,
1449 3604 1503 3650 et
1529 3595 1833 3649 antichristi
1868 3594 2094 3660 faciunt,

502 3682 825 3754 reprobare,
865 3701 1183 3751 removere,
1221 3696 1273 3743 et
1315 3687 1580 3758 abjicere,
1627 3696 1680 3742 et
1723 3703 1818 3758 pro
1864 3686 2100 3757 profanis

504 3775 706 3833 habere
734 3778 992 3849 debemus
1021 3800 1034 3836 :
1066 3781 1236 3852 iisque
1258 3783 1346 3852 qui
1369 3784 1436 3836 ab
1457 3798 1646 3838 errore
1673 3794 1724 3837 et
1751 3783 2100 3850 perversitate

504 3873 756 3948 veniunt,
789 3890 932 3930 verte
961 3887 1013 3932 et
1049 3877 1431 3931 ecclesiasticae
1478 3877 1600 3931 fidei
1651 3878 1871 3932 omnino
1917 3877 2098 3947 cogni-

505 3968 702 4023 tionem
732 3967 882 4033 dare,
908 3969 1102 4025 divina:
1131 3972 1383 4043 potentia:
1406 3973 1742 4042 mysterium,
1775 3981 1829 4026 et
1857 3971 2095 4038 unitatis,

505 4070 561 4116 et
587 4061 730 4128 lldei,
759 4072 814 4118 et
841 4063 1098 4120 veritatis.

577 4154 919 4214 ZONARAS.
949 4157 1186 4228 Epistola
1215 4160 1344 4236 haec,
1375 4176 1716 4230 quoscumque
1735 4160 1799 4213 ab
1829 4159 2097 4224 htereticis,

506 4257 596 4302 aut
622 4249 957 4305 schismaticis
983 4253 1284 4322 baptizatos,
1309 4255 1352 4308 si
1377 4253 1444 4307 ad
1472 4253 1756 4307 Ecclesium
1795 4253 2103 4310 catholicam

506 4355 560 4406 se
585 4342 851 4416 recipiant,
883 4345 1066 4398 iterum
1090 4344 1342 4415 baptizari
1366 4347 1534 4417 jubet,
1559 4363 1766 4416 eamque
1803 4346 2104 4400 sententiam

506 4439 662 4500 uariis
688 4439 1128 4505 epichircntatibus
1157 4457 1217 4494 ac
1255 4443 1769 4514 enthymemathibus,
1791 4442 2105 4511 Scriptura:-

505 4550 604 4604 que
630 4535 932 4590 testimoniis
970 4536 1260 4604 confirmat.
1305 4540 1364 4590 At
1399 4553 1514 4606 vero
1543 4537 1766 4591 secunda
1798 4537 2105 4590 meumenica

2199 3301 2352 3354 τοῦτο
2373 3298 2515 3366 ἡμεῖς·
2549 3304 2622 3368 τῷ
2655 3300 2820 3369 Κυρίῷ
2854 3293 3037 3360 ἶοντες,
3071 3301 3157 3353 καί
3186 3299 3399 3360 ἑνότητα
3420 3303 3606 3371 Κυρίου
3633 3318 3776 3370 πρατ-

2199 3395 2427 3451 τοῦντες.
2467 3392 2556 3444 καί
2591 3394 2724 3446 κατὰ
2763 3396 2854 3450 τήν
2886 3393 3030 3456 ἀξίαν
3060 3393 3224 3450 αὐτοῦ
3264 3395 3674 3466 χορηγούμενοι,
3713 3395 3784 3449 τόν

2201 3483 2455 3558 ἱερατέιαν
2487 3485 2649 3544 αὐτοῦ
2685 3485 2737 3538 ἐν
2777 3493 2840 3556 τῇ
2876 3484 3134 3561 Ἐκκλεσίᾳ
3157 3486 3597 3562 λειτουργοῦντες,
3629 3485 3715 3540 ὃσα
3750 3484 3784 3538 οἱ

2201 3578 2533 3644 αντικείμενοι
2575 3577 2752 3648 αὐτῷ,
2786 3577 3026 3633 τουτέστι
3066 3578 3296 3649 πολέμιοι
3339 3581 3426 3631 καὶ
3482 3582 3783 3652 Δντίχριστοι

2200 3674 2458 3732 ποιοῦσιν,
2497 3667 2902 3743 ἀποδοκιμάσαι,
2935 3675 3022 3726 καί
3049 3673 3371 3732 ἀποποιὴσαι
3396 3676 3487 3728 καί
3509 3669 3783 3745 ἀπορρίψων

2201 3763 2288 3828 καί
2315 3763 2382 3822 ὡς
2405 3761 2598 3834 βέϐηλα
2624 3760 2765 3833 ἔχειν
2795 3764 3073 3835 ὀφείλομεν,
3107 3768 3193 3819 καί
3233 3773 3339 3826 τοῖς
3383 3767 3492 3822 ἀπὸ
3516 3766 3696 3826 πλάνης
3719 3764 3787 3820 καί

2205 3856 2577 3927 στρεϐλότητος
2611 3859 2912 3930 ἐρχομένοις
2957 3859 3042 3912 ἐπὶ
3084 3861 3270 3930 γνώσει
3313 3867 3406 3922 τῆς
3452 3859 3678 3920 ἀληθινῆς
3715 3857 3785 3912 καὶ

2203 3949 2628 4013 ἐκκλησιαστικῆς
2670 3955 2898 4013 πίστεως
2941 3951 3118 4008 δοῦναι
3157 3952 3512 4014 καθόλουθείας
3556 3951 3788 4022 δυνάμεως

2205 4047 2512 4118 μυστήριον.
2541 4043 2776 4107 ἑνότητός
2800 4065 2854 4100 τε
2883 4049 2970 4102 καί
2995 4048 3221 4108 πίστεως
3243 4047 3330 4102 καί
3359 4045 3615 4106 ἀληθείας.

2279 4145 2561 4192 ΖΩΝΑΡΑΣ.
2595 4137 2730 4195 Λῦτη
2755 4139 2785 4196 η
2816 4137 3077 4201 ἐπιστολὴ,
3108 4137 3341 4202 καθάπαξ
3387 4140 3514 4198 τοὺς
3551 4136 3650 4192 ύπό
3676 4132 3790 4203 αἱρε-

2206 4238 2358 4288 τικῶν
2383 4230 2414 4290 ἦ
2455 4237 2822 4302 σχισματικῶν
2844 4230 3228 4301 βαπτιστῖὲντας
3272 4231 3720 4306 προσερχομένους
3743 4232 3790 4295 τῇ

2209 4323 2438 4394 καθολικῇ
2459 4321 2715 4398 Ἐκκλεσίᾳ
2742 4323 3082 4397 βαπτίζεσθαι
3103 4320 3436 4378 διατάττεται
3462 4326 3552 4378 καί
3573 4323 3621 4376 ἐν
3645 4317 3789 4391 διαγό-

2205 4439 2308 4493 ρων
2332 4419 2724 4490 ἐνθυμημάτων,
2749 4420 2835 4472 καὶ
2881 4418 3300 4492 ἐπιχειρημάτων
3342 4419 3432 4471 καί
3456 4417 3623 4491 ῥητῶν
3643 4434 3792 4488 γραῖάν

2207 4523 2309 4569 κῶν
2330 4516 2417 4570 τόν
2441 4515 2620 4572 οὶκεῐον
2648 4514 2793 4588 λόγον
2822 4515 3233 4578 κατωσκευὰζει.
3269 4508 3377 4566 Ἡδὲ
3402 4509 3623 4580 δευτέρα
3654 4511 3791 4562 οἰκον·

507 4629 733 4700 synodus
755 4646 948 4690 canone
977 4632 1211 4696 septimo,
1242 4647 1342 4700 non
1370 4649 1541 4686 omnes
1565 4633 1652 4702 qui
1671 4648 1732 4686 ea:
1750 4630 2099 4701 ha'residemi-

2210 4615 2386 4683 μενικνό
2407 4607 2620 4670 σύνοδος
2640 4610 2691 4662 έν
2711 4609 2882 4663 κανόνι
2902 4609 3063 4669 αὐτῆς
3084 4605 3286 4679 ἑϐδόμῳ
3303 4607 3364 4660 ού
3392 4628 3596 4667 πάντας·
3622 4605 3669 4668 ἐξ
3689 4604 3794 4671 αἰρέ-

508 4733 679 4794 grant,
713 4724 978 4793 Baptisnto
1005 4729 1186 4780 iterum
1213 4727 1515 4798 expiandos,
1539 4726 1627 4780 sed
1670 4725 1798 4780 alios
1833 4727 2031 4796 quidem
2061 4728 2106 4780 si

509 4817 644 4874 datis
671 4819 856 4872 libellis
882 4835 1028 4874 suam
1057 4831 1300 4888 prwterea
1328 4821 1536 4892 quisque
1563 4821 1793 4874 haeresim
1813 4837 2109 4890 omnemque

508 4928 543 4964 a
571 4912 823 4968 catholica
851 4922 894 4966 et
922 4913 1208 4990 apostolica
1242 4913 1335 4968 Dei
1367 4916 1594 4970 Ecclesia
1631 4916 1854 4982 alienum
1886 4932 2109 4970 errorem

509 5013 840 5072 execrentur,
880 5005 1173 5060 charactere
1214 5017 1442 5073 notatos,
1474 5011 1568 5062 hoc
1595 5018 1668 5062 est
1713 5019 1890 5063 sancto
1935 5007 2110 5062 Chris-

512 5111 647 5155 mate
690 5102 923 5158 inunctos
967 5104 1170 5158 admitti
1220 5116 1452 5174 oportere
1499 5107 1756 5172 decernit;
1812 5104 1941 5159 alios
1993 5120 2109 5158 vero

515 5209 689 5262 omnes
712 5236 726 5264 ,
759 5210 822 5248 ea:
848 5195 1030 5265 quibus
1061 5196 1333 5251 nonnullos
1371 5197 1670 5261 nominatim
1701 5181 1952 5265 designat,
1986 5196 2108 5265 bap-

517 5286 686 5353 tizari,
715 5296 864 5358 atque
896 5301 950 5343 ιιι
989 5291 1070 5360 (l)
1107 5291 1311 5346 Graecos
1351 5292 1550 5344 admitti
1571 5291 1734 5363 jubet.
1774 5291 1874 5358 Qui
1909 5293 2111 5360 quidem

517 5379 672 5434 etiam
715 5398 880 5435 canon
919 5399 1010 5436 suo
1043 5384 1155 5442 loco
1192 5384 1478 5452 explicatus
1502 5395 1574 5438 est
1604 5400 1622 5437 .'
1655 5386 1965 5454 proindeque
2001 5385 2114 5455 ejus

517 5475 729 5530 canonis
755 5477 1168 5531 constitutionem
1193 5494 1226 5529 a
1257 5479 1446 5532 sanctis
1474 5487 1647 5547 postea
1678 5475 1920 5546 Patr-ibus
1944 5493 2116 5547 recep-

520 5575 623 5622 tam
653 5565 794 5619 haud
823 5567 978 5634 fuisse
1001 5569 1154 5640 facile
1173 5580 1408 5639 apparet.
1433 5569 1561 5624 Cum
1581 5570 1739 5642 igitur
1768 5570 1830 5624 de
1855 5570 2030 5624 eadem
2064 5586 2118 5624 re

517 5658 620 5711 duo
646 5657 832 5730 synodi
858 5661 1114 5716 contraria
1154 5662 1284 5720 inter
1311 5679 1365 5719 se
1390 5663 1590 5720 decreta
1627 5664 1932 5734 protulerint
1958 5704 1973 5730 ,
2021 5680 2112 5735 po-

583 5818 661 5882 li)
695 5817 990 5881 Ethtuicos,

2211 4723 2342 4758 σεων
2362 4703 2783 4778 ἐπιστρέφοντας,
2825 4695 3008 4756 ἄνωθεν
3058 4700 3247 4755 κελεύει
3291 4699 3666 4770 βαπτίζεσθαι,
3707 4691 3792 4748 ἀλλ’

2211 4800 2490 4871 ἀπαριθμεῖ
2504 4817 2647 4856 τινας
2673 4798 2762 4867 μὲν
2783 4793 2884 4849 δεῖν
2905 4793 3155 4866 δέχεσθαι
3176 4791 3413 4854 διδόντας
3431 4791 3702 4853 λιϐέλλους,
3726 4787 3793 4844 καί

2212 4893 2672 4962 ἁναθεματίζοντας
2713 4892 2828 4944 τίνα
2871 4909 2925 4944 τε
2971 4891 3158 4943 οἰκείαν
3219 4887 3417 4960 αἰρεσιν
3450 4883 3693 4945 ἕκαστον,
3726 4879 3794 4932 καί

2214 4991 2391 5042 πᾶσαν
2417 4991 2486 5057 μή
2521 4990 2804 5058 φρονοῦσαν
2821 5024 2836 5048 ,
2871 4986 2939 5044 ὡς
2965 4985 2995 5040 ἡ
3036 4982 3159 5054 ἁγία
3205 4987 3296 5036 τοῦ
3323 4987 3453 5037 Θεοῦ
3484 4982 3706 5036 καθολικό
3727 4975 3794 5030 καί

2216 5079 2496 5136 ἁποσολικὴ
2521 5075 2779 5132 Ἐκκλεσία
2801 5083 2987 5151 φρονεῖ.
3013 5076 3442 5150 σφρανιζομένους
3465 5075 3580 5133 ἦτοι
3607 5067 3793 5147 χριομέ-

2216 5193 2334 5233 νους
2359 5179 2432 5243 τῷ
2457 5173 2584 5242 ἁγίῳ
2624 5171 2770 5241 μύρῳ
2789 5185 2800 5198 ⁸
2837 5171 2959 5229 τοὺς
2985 5167 3038 5223 δέ
3067 5167 3276 5230 λοιπούς
3315 5168 3516 5228 πάντας
3539 5206 3553 5230 ,
3583 5162 3648 5218 ὧν
3683 5179 3798 5220 τινας

2216 5271 2301 5319 καὶ
2322 5267 2568 5337 ὀνομαστὶ
2589 5264 2873 5337 καταλέγει,
2882 5263 3219 5337 βαπτίζεσθαι
3240 5261 3486 5339 ὁρίζεται,
3512 5260 3565 5316 δε
3571 5260 3798 5332 χομέλσυι·

2219 5363 2288 5421 ὡς
2314 5358 2574 5420 Ἐλληνας.
2608 5356 2696 5419 Ὃς
2723 5355 2852 5416 δῆτα
2877 5361 3042 5422 κανὼν
3071 5359 3157 5411 καί
3182 5359 3233 5410 έν
3253 5364 3326 5429 τῷ
3351 5354 3462 5428 ἰδίῳ
3489 5357 3632 5412 τόπω
3651 5354 3796 5423 ἇξήγπ-

2219 5470 2323 5509 ται⁶
2351 5450 2493 5506 Ὀθεν
2524 5455 2772 5525 φαίνεται,
2797 5446 2875 5505 ὅτι
2906 5452 2996 5503 οὐκ
3024 5447 3209 5520 ἐδέχθη
3235 5451 3382 5524 παρὰ
3419 5457 3521 5504 τῶν
3555 5448 3796 5520 μετέπειτα

2220 5548 2455 5621 πατέρων
2482 5544 2636 5618 ἁγίων
2664 5546 2694 5601 ἡ
2716 5541 2933 5615 διαταγή
2964 5539 3116 5600 αὕτη.
3140 5540 3368 5597 Ἐναντία
3389 5543 3557 5595 τοίνυν
3589 5541 3635 5594 έν
3658 5537 3796 5602 τούτῷ

2222 5647 2296 5714 τῷ
2313 5638 2562 5713 κεφαλαίῳ
2580 5645 2677 5694 τῶν
2696 5635 2786 5690 δύο
2808 5634 3029 5691 συνόδων
3055 5639 3371 5710 εἰσαγουσὼν
3389 5637 3451 5689 τὰ
3466 5642 3560 5694 τῆς
3581 5629 3794 5700 δευτέρας

2221 5741 2402 5810 κρατεῖ
2428 5728 2749 5797 συνόδου,ὄτι
2779 5753 2830 5790 τε
2861 5732 3269 5807 μεταγενεστὲρα
3290 5731 3418 5796 ἐστὶ,
3444 5731 3530 5782 καὶ
3556 5723 3631 5782 ὅτι
3656 5725 3793 5777 οἰκου-

2227 5828 2420 5897 μενική,
2451 5826 2500 5877 έν
2527 5822 2782 5899 πάντως
2800 5825 2853 5880 ἐκ
2879 5825 3081 5880 πάντων
3105 5831 3206 5886 τῶν
3226 5826 3620 5895 πατριαρχικῶν
3641 5814 3794 5888 θρόνων
