4008 6320
484 311 622 370 1087

1794 301 2144 374 αειιρυιιε
2180 300 2450 361 εΑρευε.

3602 319 3712 376 1088

480 431 668 505 legus,
701 428 815 487 Deo
838 427 1159 493 sacriﬁcium
1189 425 1345 483 oﬂ'ert
1372 427 1462 498 qui
1499 425 1715 481 diabolo
1743 421 1931 480 servit.
1967 419 2063 476 Di-
2092 473 2095 480 .

2206 443 2368 494 ματος
2407 427 2492 479 καί
2536 425 2765 498 ἀφέσεως
2794 423 3059 499 ἁμαρτιῶν
3085 425 3338 489 τοιούτοις
3366 437 3711 507 συγκοινωνήσῃ.

480 533 626 593 cant,
658 524 750 597 qui
779 521 888 579 illis
934 521 1211 585 assistunt,
1261 519 1378 575 haec
1422 518 1603 574 omnia
1662 516 1793 572 falsa
1847 529 1970 571 esse
2006 512 2074 570 de

483 615 776 673 haereticis.
803 614 941 671 Ecce
960 614 1027 670 ad
1050 613 1231 685 qualia
1248 611 1490 669 Ecclesia
1507 610 1818 666 consentire
1840 607 2071 679 cogitur,

2173 511 2340 577 Ὅθεν,
2367 514 2587 590 ἀδελφοί,
2618 521 2836 593 φεύγειν,
2885 523 2975 574 καί
3027 520 3266 575 εκκλίνειν
3332 521 3569 595 ὀφείλομεν
3595 567 3608 588 .
3650 534 3717 583 καί

2177 612 2421 683 χωρίζειν
2470 610 2689 673 ἰαυτούς
2711 613 2815 668 ἀπὸ
2840 613 3085 669 τοιούτων
3112 613 3559 687 πλημμελημάτων,
3586 623 3658 673 uti
3680 620 3719 674 ἓν

483 722 542 767 ut
582 711 703 768 sine
731 709 1007 779 Baptismn
1035 724 1100 764 ac
1128 709 1280 763 venia
1322 704 1642 761 delictorum
1672 701 2079 765 communicare

2205 703 2453 777 Ιάπτισμα
2500 707 2741 779 κατέχεεν
2789 708 2851 764 τὸ
2875 707 3025 779 μόνον
3068 709 3120 764 ἕν
3147 717 3212 780 τῇ
3237 707 3497 786 Ἐκκλησία
3520 717 3602 767 τοῦ
3617 721 3721 768 Θεοῦ

484 803 857 875 compellatur,
886 817 1047 873 quam
1091 816 1205 856 rem
1247 798 1440 855 fratres
1471 797 1657 870 fugere
1682 812 1746 852 ac
1778 797 1946 851 vitare
1976 795 2074 849 de-

3873 268 3875 389 ψ

3878 588 3879 655 ι

2178 795 2545 872 δεδωρημένον.

485 895 695 960 bemus.
727 905 781 951 et
807 910 837 949 a
862 904 1013 950 tanto
1036 895 1239 950 scelere
1263 906 1361 949 nos
1385 905 1657 961 separare,
1693 899 1750 945 et
1776 902 1938 943 unum
1984 886 2078 942 ba-

486 991 682 1062 ptisma
711 999 929 1057 tenere,
958 987 1104 1061 quod
1130 985 1233 1043 soli
1261 985 1516 1042 Ecclesia:
1558 999 1591 1039 a
1625 983 1737 1040 Deo
1760 995 2079 1039 concessum

490 1092 595 1139 88L

556 1177 613 1232 2.
646 1175 858 1233 Primus
884 1175 1036 1233 Felix
1065 1190 1096 1231 a
1125 1175 1345 1247 Migirpa
1379 1172 1543 1228 dixit:

557 1270 768 1328 Censeo
794 1287 1013 1328 onmem
1044 1270 1315 1326 hominem
1341 1269 1411 1323 ab
1440 1267 1633 1323 haeresi
1664 1265 1964 1323 venientem
1984 1263 2082 1319 Ba-

490 1363 820 1436 ptizandum.
862 1364 1079 1420 Frustra
1118 1364 1262 1420 enim
1295 1363 1402 1418 illic
1431 1369 1579 1432 putat
1606 1374 1666 1415 se
1692 1373 1813 1415 esse
1843 1359 2084 1428 baptiza-

490 1467 624 1521 tum.
656 1474 780 1516 cum
811 1474 918 1515 non
959 1459 1031 1514 sit
1068 1457 1371 1529 Baptisnta,
1410 1456 1513 1510 nisi
1550 1454 1602 1508 in
1644 1452 1879 1508 Ecclesia
1921 1467 2084 1505 uuunt

489 1564 545 1610 et
571 1569 791 1620 verum,
819 1556 945 1624 quia
974 1561 1029 1610 et
1052 1553 1192 1608 Deus
1218 1567 1359 1608 unus
1385 1561 1437 1607 et
1469 1549 1710 1606 Ecclesia
1740 1563 1877 1609 una.
1902 1548 1953 1601 in
1983 1561 2087 1618 qua

491 1656 600 1702 stat
636 1662 801 1703 unum
832 1646 1104 1717 Baptisma
1140 1656 1196 1702 et
1228 1644 1612 1708 sanctificatio,
1648 1652 1704 1697 et
1740 1657 2089 1713 quacumque

490 1740 592 1795 alia
632 1741 699 1795 ad
748 1740 977 1797 salutem
1024 1747 1080 1794 et
1126 1741 1289 1793 vitam
1337 1748 1594 1792 aeternam
1625 1743 1898 1804 Spectant,
1934 1733 2090 1804 perﬁ-

491 1834 723 1889 ciuntur.
770 1833 904 1888 Nam
930 1847 1051 1903 qua:
1080 1841 1231 1888 extra
1265 1829 1560 1886 Ecclesiam
1592 1835 1937 1894 exercentur,
1971 1826 2090 1881 nul-

492 1925 602 1984 lum
635 1928 837 1983 habent
861 1926 1053 1983 salutis
1079 1924 1355 1983 electum.

563 2016 618 2079 3.
652 2022 981 2096 Polycarpus
1009 2022 1078 2077 ab
1108 2020 1405 2077 Adrumeto
1433 2016 1606 2073 dixit:

566 2117 665 2188 Qui
693 2116 1071 2174 hsrreticorum
1088 2115 1361 2189 Baptisma
1391 2113 1617 2187 probant
1638 2119 1879 2168 nostrum
1905 2124 2091 2182 repro-

495 2209 623 2268 bum
659 2211 916 2270 efﬁciunt.
2120 2225 2171 2287 Β

564 2308 621 2365 4.
661 2306 896 2367 Novatus
923 2323 953 2363 a
984 2307 1292 2380 Tamugade
1319 2306 1487 2363 dixit:

566 2401 717 2458 Licet
738 2403 972 2459 sciamus
991 2418 1206 2459 omnem
1222 2403 1556 2474 Scripturam
1580 2401 1944 2458 testimonium
1964 2398 2091 2455 red-

494 2491 627 2551 dere
652 2494 722 2551 de
748 2495 965 2551 salutari
985 2495 1277 2567 Baptismo,
1307 2496 1567 2551 debemus
1596 2506 1772 2550 tamen
1799 2494 1956 2549 tidem
1990 2508 2087 2548 no-

494 2596 660 2643 stram
684 2590 1009 2659 exprimere,
1037 2598 1094 2643 ut
1117 2588 1402 2644 htereticos
1421 2600 1471 2644 et
1496 2587 1872 2644 schismaticos
1893 2588 1959 2643 ad
1982 2587 2089 2644 Ec-

494 2681 715 2737 clesiam
737 2682 1034 2749 venientes,
1050 2683 1142 2752 qui
1170 2682 1627 2753 pseudobaptizati
1670 2683 1939 2750 videntur,
1962 2694 2091 2737 vero

494 2773 769 2848 Bapti~mo
799 2775 1151 2846 baptizcmus.
1189 2777 1256 2830 Et
1294 2775 1417 2831 ideo
1444 2792 1632 2832 nnmcs
1669 2776 1760 2847 qui
1799 2776 1866 2831 ad
1900 2774 2088 2831 Eccle-

496 2867 630 2924 siam
660 2869 910 2925 conversi
940 2880 1086 2935 sunt,
1119 2883 1309 2925 omnes
1341 2870 1602 2940 baptizavi
1626 2911 1642 2935 ,
1673 2877 1730 2925 et
1765 2870 2090 2941 quicumque

496 2975 567 3018 ex
593 2963 741 3019 clero
769 2962 1000 3018 ordinati
1033 2962 1351 3018 videbantur
1379 2963 1519 3019 inter
1547 2961 1713 3018 laicos
1740 2962 1939 3033 recepi.

570 3056 626 3112 5.
657 3053 1015 3113 Nemesianus
1044 3071 1073 3109 a
1106 3055 1391 3112 'l'httbunis
1418 3055 1589 3111 dixit:

500 3146 509 3153 ’
571 3148 840 3218 Baptisma
872 3150 1015 3221 quod
1045 3150 1137 3207 dat
1166 3150 1449 3206 Ita-.reticus
1477 3159 1533 3206 et
1571 3149 1949 3206 schismaticus
1987 3163 2093 3204 non

501 3256 622 3297 esse
652 3257 837 3298 verum
857 3284 873 3309 ,
906 3243 1101 3315 ubique
1132 3244 1182 3299 in
1212 3245 1503 3314 Scripturis
1529 3245 1730 3299 sanctis
1758 3242 2093 3299 declaratum

500 3347 620 3392 est:
648 3337 898 3409 quoniam
939 3337 1039 3409 ipsi
1069 3337 1341 3410 praepositi
1369 3352 1556 3394 eorum
1588 3337 1707 3393 falsi
1738 3336 1939 3392 Christi
1968 3346 2096 3393 sunt

503 3441 557 3487 et
584 3430 701 3487 falsi
731 3432 1024 3502 prophetre.

574 3525 628 3580 6.
660 3524 949 3583 Ianuarius
975 3543 1005 3583 a
1035 3526 1300 3584 Lambesc
1327 3527 1459 3583 dixit
1487 3545 1500 3582 :

575 3618 878 3676 Secundum
929 3621 1328 3692 Scripturarutn
1370 3631 1678 3677 sanctarum
1724 3621 2097 3676 auctoritatem

505 3710 739 3770 decerno
770 3715 1056 3772 haereticos
1084 3731 1277 3773 onmes
1308 3715 1683 3785 baptizandos,
1719 3725 1774 3771 et
1802 3717 1880 3771 sic
1909 3717 1960 3771 in
1992 3715 2096 3771 Ec-

506 3805 723 3861 clesiam
752 3822 991 3863 sanetam
1023 3806 1403 3863 admittendos.

2205 3795 2354 3870 ἁγίαν
2384 3797 2675 3858 Ἐκκλησίαν
2704 3798 3114 3873 προσδίχεσθαι.

578 3900 632 3955 7.
666 3897 864 3955 Lttcms
893 3917 921 3954 ιι
949 3898 1295 3971 Castragalba
1322 3900 1492 3957 dixit:

2280 3895 2493 3954 Λούκιος
2530 3894 2632 3948 ἀπὸ
2654 3894 3049 3969 Γαστρογα).ϐἦς
3078 3889 3236 3950 εἶπεν

580 3991 712 4047 Cum
755 3993 1014 4049 Dominus
1052 3995 1105 4049 in
1136 3960 1426 4064 Evangelio
1461 3994 1685 4051 dixerit:
1729 3993 1832 4049 Vos
1868 3995 1989 4050 estis
2023 3998 2095 4049 sat

2278 3988 2335 4042 Ὀ
2362 3990 2543 4063 Κύριος
2568 3990 2621 4042 ἓν
2649 3996 2723 4061 τῷ
2749 3989 3034 4061 Exiet-77911,:
3061 3992 3229 4060 φησίν,
3261 3987 3432 4061 ⁶Ὑμεῖς
3454 3992 3572 4044 ἕστε
3596 3989 3654 4044 τὸ
3680 3987 3783 4046 ἅλας

511 4093 695 4151 term;
725 4086 769 4141 si
794 4097 962 4141 autem
981 4088 1062 4142 sal
1090 4089 1399 4157 inlatuatum
1428 4091 1583 4161 fuerit
1626 4090 1680 4143 in
1718 4106 1816 4159 quo
1854 4090 2095 4145 satietur!

2207 4091 2299 4144 τῆς
2338 4091 2453 4156 γῆς,
2485 4084 2571 4136 ἐὰν
2609 4079 2663 4135 δὲ
2692 4084 2749 4137 τὸ
2780 4080 2905 4143 ἅλας
2932 4085 3187 4157 μωρανθῇ,
3230 4083 3282 4136 ἐν
3324 4083 3423 4137 τίνι
3450 4082 3779 4143 alta-Maura;

510 4187 568 4233 et
608 4178 949 4235 manifestum
990 4181 1058 4236 sit
1105 4183 1406 4246 hzcreticos,
1436 4183 1485 4236 id
1515 4192 1599 4238 est
1631 4182 1816 4239 hostes
1849 4183 1963 4251 Dei,
1996 4200 2095 4238 non

2208 4176 2361 4234 ὁπότε
2393 4172 2483 4232 οὖν
2519 4178 2677 4248 σαφές
2702 4178 2815 4232 ἐστι
2843 4179 2964 4239 τοὺς
2990 4177 3278 4251 αἱρετικοὺς
3298 4177 3572 4232 τουτέστιν
3593 4176 3785 4249 ἐχθροὺς

515 4287 676 4344 posse
695 4289 1017 4345 quemquam
1041 4277 1268 4348 spiritali
1287 4277 1628 4333 confessione
1645 4277 1937 4340 vivificare.
1960 4278 2095 4349 quod

2208 4277 2302 4328 τοῦ
2329 4278 2480 4338 Θεοῦ,
2509 4276 2578 4343 μὴ
2608 4268 2710 4326 δεῖν
2750 4269 3000 4325 δύνασθαι
3041 4273 3314 4334 ζοποιῆσαί
3340 4290 3452 4325 τινα
3493 4273 3783 4340 πνευματικῇ

516 4366 760 4422 infatttati
804 4369 942 4434 sint,
975 4378 1029 4426 et
1073 4382 1225 4425 extra
1267 4371 1595 4439 Ecclesiam,
1642 4371 1970 4428 accedentes
2013 4388 2106 4429 eos

516 4474 708 4519 sancto
738 4463 1072 4530 Baptismate
1093 4464 1368 4535 baptizare
1396 4465 1675 4522 debemus.

2254 1147 2476 1221 Πρίαμος
2504 1143 2605 1200 ἀπὸ
2633 1148 2939 1219 Μαστρίπης
2966 1139 3095 1201 εἶπε’

2256 1240 2552 1312 Δογματίζω
2579 1238 2748 1294 πάντα
2774 1233 3033 1307 ἄνθρωπον
3061 1238 3166 1294 ἀπὸ
3195 1238 3443 1314 αἱρέσεως
3469 1239 3731 1315 ἐρχόμενον,

2185 1332 2286 1389 δεῖν
2323 1334 2681 1406 βαπτίζεσθαι.
2728 1333 2899 1391 Μάτην
2925 1334 3026 1407 γάρ
3077 1334 3231 1389 αὐτὸν
3286 1334 3391 1388 ἐκεῖ
3414 1332 3735 1405 βεϐαπτίσθαι,

2187 1432 2257 1499 μή
2283 1424 2442 1492 ὄντος,
2462 1429 2503 1480 εί
2532 1430 2601 1498 μη
2625 1425 2734 1487 ἑνὸς
2761 1424 3144 1497 βαπτίσματος,
3173 1427 3223 1480 ἕν
3248 1434 3311 1499 τῇ
3339 1424 3597 1502 Ἐκκλησία
3617 1429 3738 1502 μόνῃ,

2187 1522 2299 1576 ίπεί
2317 1523 2404 1574 καί
2434 1518 2459 1574 ὁ
2488 1520 2613 1582 Θεὸς
2636 1514 2728 1584 εἷς,
2766 1522 2853 1574 καί
2889 1519 3163 1591 βάπτισμα
3188 1516 3262 1585 ἓν,
3287 1523 3374 1575 καί
3398 1518 3627 1578 ἐκκλησία
3648 1525 3739 1593 μία,

2189 1618 2239 1672 ἄν
2332 1618 2390 1672 τὸ
2421 1616 2697 1689 βάπτισμα
2733 1620 2819 1670 καί
2850 1613 2876 1669 ὁ
2903 1614 3159 1688 ἁγιασμὸς
3185 1618 3273 1668 καί
3299 1610 3398 1669 ὅσα
3429 1610 3551 1668 ἄλλα
3576 1617 3638 1676 εἰς
3660 1636 3742 1669 σω-

2190 1713 2370 1785 τηρίαν
2400 1713 2487 1764 καί
2505 1712 2575 1770 εἰς
2603 1713 2733 1776 ζωήν
2772 1711 2969 1764 αἰώνιον
3000 1708 3303 1765 ἐπιτελεῖται
3350 1709 3430 1763 Τά
3453 1709 3551 1781 γὰρ
3570 1704 3655 1773 ἔξω
3674 1719 3744 1773 τῆς

2192 1802 2485 1866 Ἐκκλησίας
2512 1803 2767 1878 γινόμενα,
2792 1805 2866 1866 είς
2894 1801 3037 1859 οὐδὲν
3059 1804 3254 1860 τούτων
3280 1803 3597 1876 ἀφεικνείται.

2264 1963 2591 2040 Πολύκαρπος
2620 1959 2942 2036 Δδραμέντου
2971 1956 3134 2017 εἶπεν⁶

2265 2057 2326 2111 Οί
2351 2060 2410 2113 τὸ
2438 2064 2539 2113 τῶν
2562 2057 2825 2132 αίρετικῶν
2863 2055 3139 2131 βάπτισμα
3173 2053 3551 2129 δοκιμάζοντες,
3576 2057 3633 2113 τὸ
3654 2057 3752 2129 ὑμέ·

2193 2169 2339 2225 τερον
2365 2148 2607 2224 ἀδόκιμον
2635 2156 2864 2207 ποιοῦσι.

2262 2311 2525 2372 Νουσάτος
2558 2308 2637 2378 (1)
2667 2310 2769 2364 ἀπὸ
2798 2311 2991 2366 Θαννού
3021 2309 3273 2385 βασιλέως
3299 2304 3430 2366 εἶπε⁶

2264 2408 2429 2458 Πᾶσαι
2459 2401 2538 2474 (‘2)
2566 2405 2620 2458 αί
2642 2408 2834 2480 γραφαί
2858 2409 3188 2480 μαρτυροῦσι
3216 2406 3337 2475 περί
3373 2404 3485 2467 ἑνὸς
3504 2407 3590 2461 καί
3628 2405 3757 2479 μόνον

2190 2502 2284 2553 τοῦ
2311 2497 2361 2550 ἐν
2387 2504 2449 2567 τῇ
2468 2493 2724 2571 Ἐκκλισίᾳ
2739 2496 3103 2568 βαπτίσματος
3126 2499 3401 2567 σωτηρίου.
3429 2496 3674 2568 ὀφείλομεν
3689 2501 3758 2553 τήν

2192 2590 2443 2664 ἡμετέραν
2485 2591 2658 2644 πίστιν
2701 2587 3011 2661 ὁμολογῆσαι
3079 2589 3163 2644 ἶνα
3204 2592 3326 2650 τούς
3370 2588 3651 2665 αἱρετικοὺς
3693 2594 3760 2642 καί

2192 2685 2574 2755 σχισματικοὺς
2597 2684 3053 2756 προσερχομένους
3072 2692 3134 2757 ειῇ
3151 2681 3415 2758 Ἐκκλησία
3436 2684 3567 2755 μετᾶ
3586 2684 3641 2738 τὸ
3666 2682 3762 2754 ψευ-

2193 2774 2275 2838 δές
2318 2779 2514 2831 ἐκείνων
2562 2776 2835 2849 βάπτισμα
2863 2785 2936 2850 τῷ
2984 2776 3154 2835 ἀληθεί
3202 2777 3558 2849 βαπτίσωμεν.
3588 2779 3673 2830 Καί
3695 2773 3763 2830 διὰ

2192 2874 2345 2924 τοῦτο
2373 2870 2472 2941 ἐγὼ
2498 2869 2621 2929 τοὺς
2663 2869 2843 2923 ἐκεῖθεν
2886 2868 3118 2931 ἐλθόντας
3159 2870 3359 2931 πάντας
3382 2869 3669 2933 ’ἆϐἁπτισα,
3697 2870 3764 2921 καὶ

2191 2965 2313 3024 τοὺς
2339 2964 2443 3018 ἀπὸ
2474 2963 2659 3038 κλήρου
2691 2964 2860 3018 αὐτῶν
2897 2962 3105 3025 λαεκοὺς
3134 2960 3351 3023 ἓστησα.

2261 3059 2568 3130 Νεμεσιανός
2598 3059 2701 3112 ἀπὸ
2727 3058 3027 3112 Θουϐούνων
3053 3053 3186 3113 εἶπε⁸

2272 3150 2544 3221 Βάπτισμα
2587 3146 2614 3203 ὃ
2656 3146 2862 3204 δίδωσιν
2904 3151 3160 3226 αίρετικὸς
3204 3152 3290 3206 καί
3328 3154 3677 3224 σχισματικός
3715 3156 3769 3223 μή

2200 3237 2327 3297 εἶναι
2367 3242 2539 3303 ἀληθὲς
2568 3246 2738 3297 πᾶσαι
2764 3243 2817 3297 αί
2845 3247 3036 3317 γραφαί
3067 3250 3454 3321 μαρτυροῦσιν,
3498 3248 3608 3299 ἐπεί
3650 3246 3771 3299 αὐτοὶ

2202 3341 2526 3405 προεστῶτες
2548 3335 2715 3389 αὐτῶν
2735 3333 3117 3411 ψευδόχριστοί
3136 3340 3236 3393 είσι
3254 3338 3341 3392 καί
3357 3335 3769 3411 φευδοπρογῆται.

2273 3514 2572 3592 Ἰανουάριος
2608 3518 2713 3572 ἀπὸ
2738 3517 2913 3580 Λαϐἧς
2942 3512 3071 3573 εἶπε·

2274 3613 2411 3667 Κατὰ
2447 3613 2514 3666 τὰ
2556 3612 2935 3686 προστάγματα
2962 3619 3063 3669 τῶν
3089 3612 3245 3687 ἁγίων
3268 3621 3481 3686 Γραφῶν
3525 3617 3672 3687 κρίνω
3695 3608 3778 3665 δεῖν

2203 3707 2400 3768 πάντας
2438 3707 2560 3768 τοὺς
2600 3707 2887 3782 αίρετικοὺς
2926 3708 3285 3781 βαπτίζεσθαι,
3320 3711 3407 3763 καί
3433 3708 3600 3771 οὕτως
3621 3709 3686 3768 είς
3707 3710 3777 3763 τίν

2211 4364 2451 4440 ὁμολογίᾳ
2490 4365 2812 4436 μωραθέντας
2841 4365 3029 4425 αὐτοὺς
3072 4366 3159 4418 καί
3189 4361 3288 4428 ἔξω
3312 4357 3468 4423 ὄντας
3497 4371 3593 4423 τῆς
3613 4360 3786 4415 Ἐκκληο

2213 4462 2365 4521 σίας,
2409 4457 2537 4531 ἁγίῳ
2583 4457 2909 4530 βαπτίσματι
2946 4456 3214 4529 βαπτίζειν
3259 4456 3450 4516 αὐτοὺς
3498 4456 3785 4530 ἐρχομένους

2214 4551 2489 4625 ὀφείλομεν.

590 4642 645 4699 8.
675 4642 943 4700 Crescens
967 4658 996 4697 a
1024 4642 1169 4699 Cirta
1196 4644 1365 4701 dixit:

593 4737 806 4795 Cen~eo
845 4748 900 4794 et
940 4741 1055 4808 ipse
1095 4738 1383 4797 haereticos
1423 4749 1477 4797 et
1514 4740 1892 4797 scbismaticos
1921 4742 2012 4813 qui
2043 4740 2113 4797 ad

520 4832 841 4889 catholicam
874 4830 1171 4889 Ecclesiam
1222 4835 1494 4891 voluerint
1555 4837 1776 4902 venire,
1835 4852 1942 4891 non
1988 4846 2114 4894 ante

523 4925 863 4995 recipiendos
918 4941 1079 4997 quam
1128 4929 1417 4983 exorcizati
1475 4937 1531 4985 et
1584 4930 1835 4998 baptizati
1883 4929 2113 4996 fuerint,

525 5020 767 5088 exceptis
816 5021 882 5077 iis
932 5022 1022 5093 qui
1064 5022 1115 5078 in
1158 5022 1398 5078 Ecclesia
1435 5023 1699 5079 catholica
1741 5024 1939 5080 fuerint
1992 5035 2120 5081 ante

527 5114 784 5181 baptizati
828 5126 883 5171 et
922 5117 992 5173 ab
1020 5132 1081 5172 ea
1110 5116 1451 5173 defecerint:
1484 5118 1555 5173 ita
1590 5131 1769 5175 tamen
1790 5131 1847 5175 ut
1881 5134 1977 5190 per
2007 5134 2122 5175 ma-

528 5221 631 5261 nus
679 5208 1078 5279 impositionem
1120 5208 1176 5264 in
1214 5210 1582 5280 paenitentiam
1626 5212 1886 5270 Ecclesia:
1924 5228 2121 5273 recon-
2144 5282 2202 5346 Β

528 5301 793 5346 ηἰΙίρηιιιι

525 5301 795 5358 cilientur.

602 5396 657 5452 9.
683 5395 1007 5452 Nicomedes
1031 5410 1061 5450 a
1091 5396 1362 5468 Segermis
1381 5398 1549 5456 dixit:

602 5491 715 5546 Mea
745 5492 1013 5547 sententia
1051 5490 1165 5548 hac
1191 5502 1309 5561 est,
1338 5504 1399 5550 ut
1437 5496 1675 5553 haeretici
1714 5496 1780 5552 ad
1823 5496 2123 5554 Ecclesiam

530 5586 814 5642 venientes
842 5586 1201 5656 baptizcntur,
1241 5603 1308 5644 eo
1346 5590 1487 5659 quod
1525 5592 1726 5646 nullam
1764 5592 1894 5647 foris
1919 5608 2125 5664 .pecca-

534 5692 713 5740 torum
756 5682 1131 5742 remissionem
1172 5688 1450 5744 consecuti
1486 5687 1596 5745 sint
1634 5686 1701 5747 ad
1732 5687 2002 5746 haereticis
2030 5690 2127 5747 ba-

536 5778 741 5850 ptizati.

2291 4650 2476 4717 Κρίσης
2503 4648 2606 4702 ἀπὸ
2633 4644 2713 4719 (5)
2746 4650 2941 4723 Κρήτης
2968 4640 3098 4700 εἴτι-ε’

2288 4742 2380 4793 Καὶ
2407 4740 2563 4801 αὐτὸς
2588 4743 2707 4802 τοὺς
2738 4740 3031 4811 αἱρετεκοὺς
3056 4741 3141 4792 καί
3170 4742 3593 4810 σχισματικοὺς,
3625 4738 3791 4794 ὁπόταν

2221 4838 2293 4897 είς
2319 4839 2409 4893 τήν
2454 4832 2742 4894 Ἐκκλησίαν
2785 4838 2873 4892 τὴν
2919 4833 3179 4891 καθολικὴν
3221 4829 3397 4889 ἔλθωσι
3415 4877 3431 4900 ,
3463 4841 3533 4908 μή
3572 4835 3792 4907 πρότερον

2223 4928 2482 5002 δεχθῆναι.
2509 4934 2628 5005 πρὶν
2657 4932 2983 5002 ἐξορκισθῶσι
3005 4932 3091 4983 καὶ
3117 4928 3459 5000 βαπτισθῶσι.
3494 4932 3663 5003 χωρίς
3686 4929 3795 4981 itii-

2223 5045 2320 5077 νων
2337 5031 2437 5079 τῶν
2466 5022 2620 5096 (Al—rs“;
2645 5021 2911 5097 Ἐκκλησία
2936 5021 3315 5096 βαπτισθέντων
3346 5025 3436 5076 καί
3460 5021 3789 5077 ἀποστάντων.

2224 5110 2377 5171 Οὗτοι
2423 5120 2525 5191 γὰρ
2567 5115 2819 5189 ὀφείλουσι
2858 5118 3263 5187 μετανοήσαντες
3303 5117 3626 5189 χειροθεσίας
3662 5113 3794 5185 μόνος

2225 5219 2431 5283 τυχεῖν.

2224 5446 2229 5453 ,
2295 5372 2581 5450 Νικομήδης
2606 5372 2709 5427 ἀπὸ
2739 5367 2820 5443 (5)
2849 5370 3134 5443 Σεργομέων
3164 5363 3322 5424 εἶπεν·

2295 5476 2351 5531 ‘n
2377 5476 2473 5546 ίμή
2497 5468 2754 5540 ἀπόφασις
2775 5465 2907 5525 αὕτη
2929 5466 3067 5522 ἐστίν
3088 5480 3100 5492 ·
3126 5466 3211 5519 ἶνα
3231 5464 3277 5519 οἱ
3297 5464 3610 5538 αἱρετικοίτῆ
3632 5459 3797 5520 Ἐκκλη·

2322 5630 2367 5699 ξ)
2399 5625 2558 5699 ξοειε
2573 5633 2785 5699 ,Νονϐάτοθ

2322 5631 2367 5690 1)
2408 5631 2558 5675 ίίὈΐῐῧ
2573 5633 2785 5699 ,Νονϐάτοθ

2228 5724 2231 5735 ·
2293 5631 2375 5875 is;
2394 5688 2538 5813 et:

2301 5817 2355 5875 (ι
2399 5813 2539 5875 Lege
2561 5818 2644 5864 ἰὀν
2662 5824 2700 5861 ιν
2720 5827 2780 5872 τί.

2301 5813 2375 5878 (ι)
2399 5813 2539 5878 Lege
2561 5818 2644 5864 ἰὀν
2662 5824 2700 5861 ιν
2720 5827 2780 5872 τί.

2298 5874 2375 5939 (ες)
2399 5874 2556 5924 Ροεῖῐσ
2573 5887 2662 5936 pro
2684 5881 2894 5936 ἵιγιτὲιέιϊλ·
