4008 6320
297 281 431 341 1089

365 660 455 717 10.
488 659 859 717 Secundianus
887 677 917 716 a
948 659 1199 718 Carindia
1229 660 1398 716 dixit:

272 832 277 837 ἢ
362 755 499 813 Cum
552 758 809 814 Dominus
856 766 1043 812 noster
1085 756 1242 813 Iesus
1284 753 1531 810 Christus
1570 752 1746 810 dicat:
1781 750 1883 820 Qui

272 868 391 931 Anon
418 860 491 906 est
538 868 729 906 mecum
777 861 957 905 contra
1005 866 1084 903 me
1110 859 1217 914 est,
1248 857 1301 903 et
1337 847 1572 903 Joannes
1610 845 1883 918 apostolus

290 960 385 1003 eos
422 944 514 1019 qui
545 946 611 1000 ab
643 944 883 1001 Ecclesia
917 952 1147 1006 exeunt,
1181 940 1528 998 antichristos
1570 940 1731 994 dicat.
1775 939 1880 993 lm-

291 1040 550 1115 possibile
587 1041 728 1095 enim
768 1051 852 1097 est
880 1051 938 1094 ut
968 1039 1067 1109 ipsi
1098 1037 1286 1110 gratia:
1318 1035 1411 1091 Dei
1443 1043 1497 1090 et
1524 1034 1744 1089 salutari
1782 1032 1879 1087 ba-

291 1135 491 1207 ptismo
522 1133 851 1197 inserviant;
883 1142 936 1187 et
968 1131 1090 1187 ideo
1128 1146 1324 1187 censeo
1357 1144 1451 1183 eos
1480 1128 1568 1200 qui
1600 1126 1666 1183 ad
1698 1126 1880 1181 Eccle-

288 1227 428 1283 siam
457 1225 771 1298 cenfngiunt
797 1235 855 1281 et
878 1241 909 1280 a
941 1226 1093 1281 nobis
1121 1238 1242 1281 esse
1273 1221 1637 1294 baptizandus.

365 1320 451 1375 11.
485 1318 628 1376 Felix
658 1336 689 1375 a
718 1317 874 1391 Bagai
905 1316 1071 1373 dixit:

361 1413 515 1470 Sicut
550 1428 727 1470 caecus
756 1428 959 1468 cmcutn
1000 1409 1205 1467 ducens
1243 1408 1401 1465 simul
1441 1409 1495 1465 in
1535 1409 1744 1464 foveam
1785 1419 1876 1462 ea—

284 1507 460 1575 dunt,
490 1509 560 1564 ita
596 1507 879 1563 haereticus
907 1505 1216 1561 haereticum
1248 1504 1522 1577 baptizans
1560 1502 1718 1560 simul
1759 1516 1879 1557 cum

285 1622 357 1662 eo
394 1605 448 1661 in
488 1612 716 1660 mortem
771 1602 948 1657 cadit:
990 1613 1044 1658 et
1083 1599 1205 1657 ideo
1245 1599 1594 1672 baptizandus
1631 1605 1716 1652 est
1743 1593 1882 1667 apud

289 1714 393 1755 nos
426 1697 710 1755 haereticus
729 1740 745 1767 ,
775 1712 845 1753 ne
874 1710 974 1751 nos
1004 1694 1109 1751 vivi
1134 1696 1366 1751 mortuis
1403 1689 1883 1749 communicantis.

365 1907 458 1965 l2.
489 1908 786 1966 Successus
815 1906 883 1963 ab
914 1903 1083 1961 Abbir
1109 1900 1535 1961 Germaniceana
1564 1899 1739 1956 dixit:

364 2003 645 2060 Haereticis
672 2010 767 2057 aut
796 1998 929 2073 nihil
958 1998 1113 2063 licet,
1157 2007 1250 2051 aut
1276 2004 1445 2053 totum
1472 1993 1628 2050 licet:
1671 1992 1720 2049 si
1758 2005 1888 2065 pos-

286 2107 418 2154 sunt
448 2096 754 2166 baptizare,
787 2100 1014 2164 possunt
1050 2099 1106 2148 et
1144 2090 1275 2146 dare
1311 2088 1572 2159 Spiritum
1602 2099 1882 2152 sanctum;

287 2190 338 2247 si
368 2200 546 2246 autem
576 2203 683 2244 non
713 2186 911 2243 habent
930 2227 945 2253 ,
975 2200 1075 2241 nec
1104 2183 1378 2255 baptizare
1410 2180 1723 2253 spiritaliter
1762 2194 1887 2251 pos-

287 2292 453 2342 sunt:
486 2290 769 2354 propterea
806 2295 1005 2360 censeo
1044 2278 1332 2334 haereticos
1359 2275 1710 2349 baptizandus
1739 2289 1882 2332 esse.

372 2402 460 2459 l3.
494 2399 823 2457 Fortunatus
859 2413 890 2452 a
924 2396 1230 2453 'l'bueabori
1249 2394 1427 2451 dixit:

344 2495 470 2565 ‘Qui
518 2506 669 2550 extra
729 2491 1025 2549 Ecclesiam
1080 2499 1227 2558 sunt,
1269 2498 1327 2546 et
1374 2497 1563 2545 contra
1608 2486 1883 2544 Christum

293 2598 526 2652 stantes,
547 2587 711 2659 utqui
740 2601 869 2642 oves
915 2586 1032 2657 ejus
1068 2594 1125 2642 et
1151 2598 1369 2657 gregem
1397 2591 1679 2656 spargunt,
1707 2582 1885 2654 bapti-

291 2698 425 2740 zare
476 2680 607 2739 foris
647 2693 753 2739 non
785 2688 1030 2752 possunt.

368 2798 460 2858 ﬂ.
489 2798 721 2856 Sedatus
742 2815 771 2855 a
804 2796 1061 2853 Tuburbo
1089 2795 1266 2853 dixit:

370 2893 633 2949 Omnibus
677 2891 878 2951 viribus
924 2890 1201 2947 nitendum
1245 2898 1348 2958 est,
1374 2905 1443 2946 ne
1488 2888 1605 2961 quis
1635 2887 1891 2943 lueretico

296 2988 731 3050 erroreinl'eetus
756 2996 811 3043 et
835 2988 1031 3042 tinctus
1051 2986 1323 3057 singulare
1349 2994 1405 3042 et
1428 3000 1615 3042 verum
1637 2982 1892 3039 Ecclesiae

1465 280 1777 345 CONCILIA
1800 279 2399 343 CARTHAGINENSIA
2411 324 2424 338 .

1900 404 1948 465 Α
1980 405 2069 479 σίᾳ
2112 403 2525 479 προσερχόμενοι
2577 399 2929 474 βαηισθῶσιν
2959 436 2975 467 ,
3033 400 3146 458 ἐπεὶ
3187 400 3439 479 μηδεμίαν
3484 405 3580 474 ἔξω

3438 287 3581 351 1090

1982 491 2157 566 ἄφεσιν
2204 495 2463 569 ἁμαρτιῶν
2503 494 2756 566 εἰληρασιν
2794 494 2898 549 ὑπὸ
2936 501 3038 550 τῶν
3063 494 3345 568 Ῑαίρετικῶν
3388 499 3581 571 βαπτι-

1985 592 2203 652 σθέντες.

2057 680 2404 745 Σεκουνδιανὸς
2431 683 2534 739 ἀπὸ
2557 678 2825 759 Καρινδίας
2844 676 3002 739 εἶπεν*

2055 771 2171 830 Ὀτι
2200 774 2226 829 ὁ
2269 778 2451 852 κύριος
2479 778 2620 848 ἡμῶν
2638 772 2842 838 Ἰησοῦς
2869 778 3091 853 Χριστὸς
3117 777 3251 852 λέγει
3271 793 3284 810 ⁶
3317 777 3376 834 Ὀ
3402 782 3474 852 μή
3516 780 3584 835 ὧν

1986 866 2095 939 μετ’
2120 868 2265 941 ἐμοῦ,
2294 869 2408 926 κατ’
2433 870 2558 942 ἔμοῦ
2583 871 2710 926 ἐστι.
2738 873 2830 925 Καὶ
2855 868 3126 934 Ἰωάννηςὸ
3148 873 3434 938 ἀπόστολος
3458 877 3583 938 τοὺς

1983 964 2353 1038 ἕξερχομένους
2415 972 2507 1027 τῆς
2535 964 2831 1027 Ἐκκλησίας
2886 970 3263 1043 Λντιχρίστους
3328 969 3583 1042 ὀνομάζει.

1984 1054 2237 1113 Δδύνατον
2282 1060 2380 1134 γάρ
2410 1058 2549 1115 ἐστιν
2591 1060 2779 1121 αὐτοὺς
2834 1060 3158 1136 ὑπηρετῆσαι
3195 1062 3383 1135 χάριτι
3432 1070 3584 1127 Θεοῦ.

1982 1152 2069 1203 καί
2105 1154 2342 1227 σωτηρίῳ
2373 1150 2734 1227 βαπτίσματι·
2764 1154 2851 1207 καί
2889 1150 2973 1208 διά
3002 1160 3158 1210 τοῦτο
3187 1159 3342 1233 κρίνω
3372 1157 3495 1220 τοῦς
3525 1164 3587 1216 τῆ

1992 1243 2245 1319 Εκκλησίᾳ
2270 1244 2641 1342 προσελθὸντας
2671 1245 3015 1320 βαπτισθῆναι
3048 1250 3174 1323 παρ’
3199 1251 3360 1324 ἡμῶν.

2053 1337 2196 1404 Φίληξ
2222 1341 2326 1394 ἀπὸ
2348 1336 2590 1415 Γαμετῶν
2620 1336 2775 1397 εἶπεν⁸

2054 1427 2141 1491 Ὠς
2164 1430 2348 1504 τυφλὸς
2371 1432 2552 1504 τυφλὸν
2573 1430 2765 1507 ὁδηγῶν
2783 1433 2892 1508 ἅμα
2913 1437 2983 1499 εἰς
2999 1432 3178 1514 βόθρον
3200 1437 3549 1511 ἐμπίπτουσιν
3563 1480 3580 1506 ,

1985 1522 2122 1581 οὕτω
2160 1527 2246 1579 καί
2286 1525 2538 1600 αἱρετικὸς
2576 1527 2830 1604 αἱρετικὸν
2860 1530 3126 1606 βαπτίζων
3154 1540 3228 1606 τῷ
3256 1533 3591 1609 βαπισμὲνῳ

1988 1622 2410 1679 συναποθνῆσκει.
2446 1624 2540 1676 Καί
2581 1618 2665 1678 διά
2703 1629 2856 1680 τοῦτο
2884 1624 3009 1701 παρ’
3052 1627 3169 1699 ἡμῖν
3212 1628 3299 1682 τὸν
3339 1629 3595 1704 αἱρετικὸν

1913 1731 1963 1795 Β
1990 1714 2332 1790 βαπτισθῆναι
2355 1714 2449 1777 δεῖ.
2473 1716 2559 1771 ἵνα
2586 1722 2657 1790 μή
2683 1719 2827 1791 ἡμεῖς
2853 1719 2899 1774 oi
2930 1724 3114 1785 ζῶντες
3137 1728 3333 1797 νεκροῖς
3353 1727 3593 1782 κοινωνή-

1991 1834 2180 1887 σωμεν.

2060 1930 2349 1992 Σουκέντιος
2378 1930 2481 1986 ἀπὸ
2508 1929 2991 2005 Δϐιρσγεμανικιανῆς
3021 1926 3180 1989 εἶπεν·

2059 2022 2339 2092 Δίρετικοῖς
2365 2021 2396 2082 ἦ
2422 2020 2568 2079 οὐδὲν
2596 2021 2825 2090 ἔξεστιν.
2868 2023 2900 2086 ἦ
2923 2025 3112 2082 πάντα·
3143 2027 3187 2080 εἰ
3224 2021 3467 2082 δύνανται
3493 2022 3596 2101 βα-

1989 2120 2204 2182 πτίσαι,
2248 2115 2492 2175 δύνανται
2532 2120 2619 2173 καί
2646 2125 2848 2192 Πνεῦμα
2874 2117 3017 2193 ἅγιον
3057 2117 3250 2176 δοῦναι·
3306 2121 3417 2176 imi
3443 2116 3498 2175 δέ
3527 2123 3598 2192 μὴ

1989 2208 2231 2283 ἔχουσιν,
2264 2208 2381 2266 οὐδὲ
2410 2219 2768 2285 πνευματικῶς
2806 2212 3146 2288 βαπτίζουσι’
3189 2216 3275 2269 καί
3321 2212 3408 2270 διά
3440 2218 3597 2271 τοῦτο

1943 2376 1951 2384 _
1990 2307 2143 2381 κρίνω
2170 2302 2271 2360 δεῖν
2299 2305 2423 2367 τοὺς
2455 2304 2741 2381 αἱρετικοῦς
2768 2305 3133 2381 βαπτίζεσθαι.

2062 2421 2413 2497 Φουρτουάτος
2438 2422 2540 2477 άπὸ
2561 2422 2893 2498 Θουκχαϐὡρ
2922 2416 3080 2478 εἶπεν·

2061 2512 2121 2567 Oi
2150 2510 2250 2577 ἔξω
2271 2521 2364 2574 τῆς
2385 2510 2680 2577 Ἐκκλησίας
2706 2509 2845 2577 ὄντες
2860 2553 2878 2582 ,
2902 2517 2988 2569 καί
3026 2515 3243 2571 ἐναντίοι
3274 2521 3350 2589 τῷ
3367 2521 3597 2591 Χριστῷ,

1992 2607 2061 2668 ὥς
2082 2606 2149 2661 τά
2167 2604 2429 2681 πρόϐατα,
2459 2608 2547 2661 καί
2573 2611 2664 2666 τήν
2691 2607 2870 2680 ἀγέλην
2891 2608 3053 2663 αὐτοῦ
3073 2609 3459 2684 σκορπίζοντες,
3490 2606 3591 2682 βα·

1992 2702 2187 2764 πτίζειν
2207 2694 2306 2764 ἔξω
2331 2700 2391 2752 οὐ
2417 2696 2679 2755 δύνανται.

2068 2813 2298 2878 Θήδατος
2326 2816 2431 2872 ἀπὸ
2460 2816 2705 2892 Θουρϐῶν
2734 2810 2867 2872 εἶπε’

2067 2906 2211 2981 Πάσῃ
2236 2902 2448 2978 δυνάμει
2473 2906 2798 2977 ἀγωνιστέον,
2824 2905 2908 2959 ἵνα
2932 2908 3001 2979 μή
3027 2903 3054 2960 ὁ
3079 2907 3169 2965 τήν
3202 2910 3303 2961 τῶν
3335 2900 3601 2979 αίρετικῶν

1997 2998 2186 3055 πλάνην
2208 2997 2370 3070 ἀφείς,
2397 2998 2458 3053 τὸ
2482 2998 2632 3070 μόνον
2659 3007 2751 3060 τῆς
2762 2996 3057 3060 Ἐκκλησίας
3083 2997 3359 3070 βάπτισμα
3378 2994 3602 3071 διστάση

297 3070 564 3155 baptisma
593 3082 857 3139 detrectet
884 3081 1150 3151 accipere,
1195 3095 1303 3151 quo
1329 3076 1572 3151 quisquis
1599 3093 1703 3134 non
1732 3075 1890 3130 fuerit

2023 3090 2186 3151 αϐεῖν.
2211 3087 2252 3163 ᾧ
2270 3112 2349 3152 τις
2371 3094 2441 3163 μὴ
2466 3090 2786 3165 βαπτισθεὶς,
2816 3088 3174 3165 ἀλλοτριοῦται
3204 3098 3298 3152 τῆς
3320 3097 3420 3146 τῶν
3440 3089 3598 3164 οὖρα-

268 3192 279 3203 '
307 3176 630 3250 baptiZatus,
659 3191 689 3230 a
716 3188 884 3246 regno
907 3170 1177 3249 caelorum
1199 3171 1257 3226 tit
1282 3169 1507 3228 alienus.

375 3290 468 3348 15.
499 3289 843 3346 Ρτὶνειιίοηυε
890 3302 921 3342 a
955 3276 1202 3345 ‘Sufetula
1248 3285 1382 3342 dixit
1434 3302 1449 3339 :

373 3384 433 3441 Si
482 3381 707 3439 haeresis
740 3398 768 3435 a
804 3381 914 3437 Deo
935 3389 1040 3447 est,
1073 3377 1288 3435 habebit
1317 3377 1606 3436 haereticus
1633 3385 1689 3433 et
1718 3374 1893 3431 indul-

298 3480 538 3554 gentiam
563 3477 822 3534 divinam.
873 3475 931 3533 Si
983 3490 1114 3531 vero
1147 3490 1177 3529 a
1213 3474 1326 3529 Deo
1356 3489 1462 3529 non
1494 3482 1599 3539 est,
1622 3470 1892 3541 φιοιιιοόο

300 3576 529 3649 gratiam
557 3573 651 3630 Dei
670 3580 760 3628 aut
786 3571 1011 3639 habere,
1044 3579 1137 3626 aut
1164 3568 1415 3626 conferre
1443 3567 1600 3624 alicui
1631 3572 1809 3638 potest
1834 3565 1858 3618 ?

377 3691 470 3745 16.
515 3686 799 3744 Munnulus
843 3701 872 3739 a
927 3684 1090 3742 Girba
1143 3683 1327 3741 dixit:

377 3781 611 3838 Domino
632 3780 846 3839 dicente
870 3796 883 3834 :
919 3778 1187 3849 Baptisate
1212 3793 1388 3835 omnes
1409 3786 1586 3849 genus
1612 3776 1670 3832 in
1698 3775 1901 3832 nomine

306 3873 510 3936 Patris.
536 3884 583 3929 et
612 3870 764 3940 Filii,
811 3882 857 3927 et
895 3871 1126 3942 Spiritus
1151 3872 1334 3935 sancti,
1371 3868 1657 3931 manifeste
1700 3869 1901 3926 scimus

305 3967 729 4024 haereticosnon
790 3963 991 4020 habere
1025 3978 1126 4020 nec
1175 3963 1411 4029 Patrem,
1432 3977 1536 4019 nec
1557 3962 1774 4029 Filium,
1802 3976 1901 4018 nec

304 4062 565 4133 Spiritum
594 4069 862 4117 sanctum.
885 4058 1094 4113 Debent
1121 4057 1282 4129 igitur
1301 4057 1585 4115 venientes
1613 4055 1679 4111 ad
1710 4054 1900 4112 Eccle-

306 4156 448 4212 siam
498 4153 781 4225 baptizari,
831 4160 890 4207 ut
921 4159 1295 4206 renascantur.

384 4274 477 4329 17.
499 4271 798 4331 Politianus
818 4285 847 4322 a
876 4269 1042 4326 Mileo
1070 4268 1206 4324 dixit
1235 4285 1249 4321 :

1996 3192 2093 3240 νῶν
2123 3184 2408 3259 βασιλέιας.

2070 3298 2416 3373 Προϐατιανὸς
2433 3300 2537 3356 ἀπὸ
2548 3302 2779 3375 Σοφετίης
2801 3294 2958 3355 εἶπεν·

2065 3392 2123 3445 Εἰ
2146 3393 2250 3449 ἀπὸ
2275 3398 2405 3448 Θεοῦ
2433 3395 2465 3452 ἡ
2489 3395 2686 3471 αἵρεσίς
2706 3396 2866 3457 ἔστιν,
2890 3390 2995 3459 ἕξει
3016 3391 3275 3470 αίρετικὸς
3296 3393 3383 3448 καί
3406 3388 3601 3466 δωρεάν

1996 3492 2147 3543 Θεοῦ.
2168 3490 2225 3542 Ei
2249 3486 2305 3543 δὲ
2323 3493 2395 3561 μὴ
2418 3490 2557 3545 ἐστιν
2589 3491 2690 3545 ἀπὸ
2712 3493 2864 3549 Θεοῦ.
2895 3496 3008 3550 πῶς
3028 3485 3244 3546 δύναται
3272 3488 3431 3550 αὐτὸς
3451 3482 3597 3557 ἔχειν

2000 3587 2090 3640 τὴν
2111 3584 2270 3659 χάριν
2290 3588 2380 3637 τοῦ
2409 3589 2538 3639 Θεοῦ
2558 3585 2646 3638 καί
2684 3579 2816 3655 ἄλλῳ
2837 3579 3061 3649 διδόναις

2073 3695 2367 3760 Μανούαλος
2394 3698 2497 3753 ἀπὸ
2522 3697 2715 3775 Γέρϐης
2742 3692 2874 3752 εἷπε*
2936 3704 2941 3715 ’

2074 3794 2177 3843 Τοῦ
2205 3792 2387 3864 Κυρίου
2412 3789 2665 3863 λέγοντος.
2697 3791 2988 3845 Βαπτίσατε
3022 3789 3193 3846 πάντα
3213 3790 3279 3844 τά
3308 3785 3420 3845 ἔθνη
3449 3787 3518 3849 εἰς
3538 3785 3599 3842 τὸ

2005 3877 2165 3953 ὄνομα
2188 3888 2282 3937 τοῦ
2309 3882 2509 3958 Παπρὸς
2524 3884 2611 3936 καὶ
2632 3886 2725 3939 τοῦ
2751 3884 2871 3937 Tim“)
2892 3884 2978 3937 καί
3006 3888 3099 3938 τοῦ
3116 3881 3262 3956 ἁγίου
3289 3881 3600 3953 Πνεῦματος,

2004 3972 2210 4049 οἴδαμεν
2245 3985 2419 4049 σαφῶς
2477 3979 2599 4039 τοῦς
2636 3976 2923 4055 αίρετικούς
2954 4017 2967 4038 ,
3010 3981 3138 4047 μήτε
3183 3977 3384 4055 Πατέρα
3435 3970 3600 4047 εχειν,

2002 4074 2130 4144 μήτε
2155 4071 2287 4130 Υίὸν.
2317 4075 2444 4144 μήτε
2475 4070 2617 4145 άγίον
2652 4076 2873 4146 Πνεῦμα’
2925 4068 3004 4127 δεῖ
3039 4067 3125 4127 οὖν
3172 4071 3492 4149 ἐρχομένους
3534 4070 3606 4131 εἰς

2004 4168 2091 4223 τήν
2141 4162 2433 4223 Ἐκκλησίαν
2463 4164 2750 4237 βαπτίζειν,
2778 4165 2862 4219 ἵνα
2884 4166 3296 4239 άναγεννηθῶσιν.

2076 4280 2362 4342 Πολιτιανὸς
2398 4280 2500 4338 άπὸ
2528 4280 2718 4343 Μίλεως
2748 4274 2909 4336 εἶπεν·

382 4368 413 4424 J
421 4376 598 4424 ustum
624 4375 710 4424 est
728 4366 781 4420 in
799 4364 1042 4422 Ecclesia
1061 4362 1320 4434 baptizari
1339 4378 1484 4429 eum,
1509 4362 1600 4433 qui
1616 4362 1685 4419 ab
1706 4360 1890 4417 haeresi

2080 4372 2237 4444 Ορθόν
2260 4374 2372 4429 ἔστι
2385 4375 2472 4430 τὸν
2492 4375 2595 4429 ἀπὸ
2618 4373 2864 4451 αἱρέσεως
2892 4373 3171 4449 ἐρχόμενον
3195 4373 3250 4429 ἐν
3270 4370 3608 4448 τῇἘκκλησίᾳ

307 4463 484 4519 venit.

383 4578 476 4634 18.
507 4576 778 4648 Theognis
803 4573 871 4631 ab
904 4572 1149 4643 Hippone
1182 4570 1350 4642 Regio
1379 4569 1552 4625 dicit:

290 4680 293 4683 ’
384 4668 694 4728 Secundum
719 4673 1121 4723 sacramentum
1145 4664 1237 4720 Dei
1258 4664 1444 4737 gratiae
1461 4662 1720 4729 caelestis,
1744 4676 1904 4733 quam

306 4761 641 4834 accepimus,
667 4759 932 4831 baptisma
961 4758 1103 4831 quod
1134 4766 1219 4814 est
1243 4757 1295 4812 in
1319 4755 1561 4813 Ecclesia
1594 4763 1781 4811 saneta
1810 4769 1907 4809 no-

310 4871 516 4912 Vtmus.
1282 4870 1287 4875 '

392 4973 479 5030 19.
509 4971 729 5028 Dativus
753 4987 782 5026 a
825 4967 986 5025 Badis
1032 4967 1169 5024 dixit
1200 4985 1213 5022 :

387 5068 496 5127 Nos
525 5079 780 5142 quantum
809 5068 862 5122 in
894 5062 1048 5121 nobis
1077 5070 1180 5130 est,
1207 5061 1477 5118 hmreticis
1520 5075 1629 5115 non
1659 5072 1907 5114 commu-

309 5164 581 5229 nicamus,
614 5158 715 5217 nisi
758 5158 1017 5231 baptizari
1066 5156 1117 5211 iu
1174 5154 1416 5210 Ecclesia
1464 5151 1684 5220 fuerint,
1732 5160 1787 5207 et
1816 5164 1905 5206 re-

309 5259 632 5318 missionem
664 5265 1004 5325 peccatorum
1033 5248 1362 5319 acceperint.

388 5351 479 5407 20.
511 5350 759 5406 Privatus
810 5362 840 5401 a
892 5345 1120 5401 Susihus
1182 5340 1357 5396 dixit:

392 5443 496 5513 Qui
530 5441 905 5497 lia-reticorum
973 5436 1295 5508 baptismum
1350 5432 1540 5505 probat
1562 5472 1577 5498 ,
1609 5431 1736 5504 quid
1766 5428 1909 5486 aliud

300 5552 479 5613 quam
512 5535 778 5593 haereticis
804 5532 1164 5590 communicat
1188 5529 1213 5583 ?

392 5634 484 5690 21.
515 5631 903 5688 Hortensianus
928 5643 958 5682 a
980 5625 1210 5682 Laribus
1234 5622 1371 5679 dixit
1398 5638 1412 5674 :

394 5725 505 5781 Nos
545 5740 711 5779 unum
765 5718 1029 5792 baptisma
1055 5761 1070 5786 ,
1120 5710 1266 5789 quod
1320 5713 1539 5773 nonnisi
1566 5712 1622 5769 in
1665 5710 1910 5770 Ecclesia

317 5824 597 5892 novimus,
630 5818 890 5878 Ecclesia:
918 5815 1272 5874 vindicamus.

2011 4467 2371 4539 βαπτίζεσθαι·

2079 4586 2281 4661 Θέογνις
2310 4587 2415 4642 άπὸ
2440 4584 2669 4649 ἱππῶνος
2695 4585 2874 4661 finiat)
2901 4579 3059 4643 εἶπεν·

2081 4679 2365 4742 Λκολούθως
2393 4688 2466 4754 τῷ
2504 4683 2774 4758 μυστηρίῳ
2796 4684 2889 4734 τοῦ
2914 4684 3069 4738 Θεοῦ.
3102 4680 3188 4733 καὶ
3220 4684 3319 4745 τῆς
3364 4675 3605 4754 οὐρανίου

2014 4773 2256 4847 χάριτος.
2288 4774 2347 4833 ἣν
2374 4774 2675 4849 εἰλήφαμην,
2704 4774 3002 4845 βάπτισμα,
3036 4769 3064 4828 ὃ
3090 4793 3229 4829 εστιν
3276 4759 3334 4825 ἕν’
3368 4776 3431 4844 τῇ

2010 4863 2298 4939 Ἐκκλησία,
2328 4862 2556 4940 οἴδαμεν.

2084 4986 2319 5044 Διατίους
2346 4980 2373 5037 ὁ
2398 4979 2583 5045 Σεάδης
2609 4977 2765 5039 εἶπεν

2082 5074 2248 5147 Ἡμεῖς
2274 5072 2302 5130 ὃ
2321 5076 2393 5150 ἐφ’
2424 5077 2540 5149 ἡμῖν
2566 5077 2725 5133 ἐστιν.
2754 5075 3030 5148 αἱρετικοῖς
3049 5078 3112 5128 οῦ
3137 5076 3491 5144 κοινωνοῦμεν,
3521 5069 3609 5124 ἐάν

2006 5174 2079 5243 μὴ
2105 5173 2156 5226 ἐν
2180 5180 2245 5243 τῇ
2276 5168 2539 5247 Ἐκκλησία
2553 5171 2836 5247 βαπτισθῇ,
2864 5172 2950 5225 καί
2969 5165 3149 5243 ἄφεσιν
3171 5170 3434 5246 ἁμαρτιῶν
3453 5164 3606 5223 λάϐη-

2087 5335 2347 5413 Προϐάτος
2372 5334 2475 5390 ἀπὸ
2501 5337 2750 5407 Ζοφιστοῦ
2777 5324 2933 5387 εἶπεν*

2085 5411 2142 5485 ’ὁ
2167 5429 2455 5502 δοκιμάζων
2507 5428 2654 5505 παρά
2697 5433 2805 5487 τοῖς
2843 5424 3114 5503 αἱρετικοῖς
3142 5421 3417 5493 βάπτισμα
3457 5411 3603 5483 εἶναι,

2013 5527 2064 5580 τί
2090 5519 2227 5582 ἄλλο.
2251 5521 2282 5581 ἣ
2308 5528 2415 5584 τοῖς
2445 5519 2717 5593 αἱρετικοῖς
2737 5525 2964 5572 κοινωνεῖ
2981 5531 2997 5580 ;

2086 5618 2399 5696 Ορτησιανὸς
2430 5614 2533 5669 άπὸ
2556 5614 2853 5690 Δαϐούρνης
2882 5605 3012 5667 εἷπε.

2088 5714 2180 5767 Καὶ
2204 5712 2348 5783 ἡμεῖς
2376 5706 2428 5763 ἓν
2459 5708 2750 5779 βάπτισμα,
2778 5703 2905 5785 ὅπερ
2930 5706 2981 5761 ἓν
3003 5712 3068 5779 τῇ
3093 5701 3359 5778 Ἐκκλησία
3383 5697 3609 5771 οἴδαμεν,

2018 5812 2170 5863 τοῦτο
2191 5802 2528 5877 τῇἘκκλησίᾳ
2542 5799 2858 5874 εκδικοῦμεν.
