4008 6320
553 282 692 338 10θῦ
1864 270 2212 346 31⁸1101]ιῶ
2249 271 2521 334 ΞΑΟΒΑΕ.
3676 274 3778 334 1096

623 398 713 452 t7.
739 392 1066 463 Pomponius
1108 389 1494 465 aDionysiana
1514 389 1680 448 dixit:
2195 432 2206 453 ε

2195 392 2247 453 Α
2344 397 2638 465 Πομπώνιος
2661 391 2766 450 ἀπὸ
2792 397 3122 453 mmmam“:
3139 382 3295 446 εἶπεν

624 488 874 544 tlteretici
919 485 1188 557 baptizare
1213 502 1319 540 non
1376 494 1624 556 possunt,
1656 499 1831 555 neque
1877 483 2150 539 remissio-

2333 491 2395 543 Οί
2423 493 2667 568 αἱρετικοί
2689 491 2748 543 οὐ
2773 487 3017 543 δύνανται
3037 487 3327 558 βαπτίζειν,
3349 481 3460 541 οῦόί
3485 481 3640 559 ἄφεσιν
3661 487 3784 568 ἆμαρ·

554 596 679 636 nem
709 591 1051 651 peccatorum
1073 578 1224 646 dare,
1257 577 1349 648 qui
1397 587 1713 645 potestatem
1763 593 1868 631 non
1928 576 2137 632 habent

2259 607 2378 640 τιων
2408 582 2604 648 δοῦναι,
2638 583 2770 654 οἱμὴ
2786 580 2999 653 ἔχοντες
3025 581 3258 646 ἐξουσίαν
3283 579 3438 635 λῦσαί
3462 601 3510 635 τι
3532 581 3608 637 ini
3629 591 3784 654 τῆςγῆς

552 681 612 727 ιιι
653 682 746 727 aut
800 671 1010 727 solvere
1039 681 1132 725 aut
1177 671 1344 741 ligare
1364 669 1564 742 aliquid
1589 670 1640 724 in
1663 670 1821 726 terris
1853 670 2076 740 pOSsint.
2258 677 2289 736 ἦ
2317 675 2494 736 δῆσαι,

621 765 715 820 48.
743 765 1031 820 Venantitts
1057 781 1086 820 a
1108 763 1364 821 Thumisa
1379 765 1544 821 dixit:

2329 770 2574 831 Οὐινάτος
2595 770 2698 824 άπό
2722 767 3062 836 (1),Θηίνίσης
3086 761 3242 823 εἶπεν·

619 859 718 928 Qui
760 858 1022 929 baptisma
1080 858 1333 914 Ecclesia:
1386 873 1674 914 Commune
1716 873 1838 914 cum
1893 857 2150 913 haeriticis

2327 863 2382 917 Ὀ
2408 865 2466 918 τὸ
2494 863 2767 935 βάπτισμα
2794 871 2887 924 τῆς
2911 862 3206 924 Ἐκκλησίας
3235 859 3615 939 τοῐςῖαίρετικοίς
3632 871 3783 930 κοινῶν,

550 953 701 1020 facit,
751 967 1008 1021 sponsam
1035 951 1236 1007 Christi
1263 951 1525 1008 adulteris
1548 951 1741 1022 prodit.

2337 979 2342 1004 ι
2367 959 2560 1029 νύμφην
2587 963 2681 1012 τοῦ
2700 962 2918 1035 Χριςτοῦ
2945 964 3158 1029 μοιχοῖς
3185 953 3554 1030 παραδίδωσιν.
3919 981 3920 1008 ι

618 1046 708 1102 49.
739 1045 999 1118 Aytnnius
1020 1048 1088 1100 ab
1114 1044 1360 1115 Answga
1409 1045 1571 1100 dixit:

2332 1062 2544 1122 Λνμμος
2565 1049 2648 1122 (2)
2672 1052 2777 1104 ἀπὸ
2798 1051 3036 1122 Λσνάγης
3062 1044 3217 1104 εἶπεν·
3481 1059 3483 1062 ‘

620 1139 730 1196 Nos
761 1156 923 1194 unum
957 1139 1218 1210 baptisma
1246 1141 1578 1210 accepimus,
1602 1153 1656 1196 et
1684 1141 1857 1207 ipsum
1883 1149 2146 1206 tenemus,

2326 1143 2491 1216 Ἡμεῖς
2520 1141 2570 1197 ἓν
2595 1141 2871 1214 βάπτισμα
2897 1141 3182 1214 εἰλήφαμεν.
3213 1142 3298 1196 καί
3334 1143 3488 1197 τούτο
3505 1140 3788 1207 ἐξακολουθοῦ-

548 1244 601 1290 et
625 1248 967 1290 exercemus.
997 1233 1097 1299 Qui
1117 1243 1295 1289 autem
1326 1231 1457 1287 dicit
1486 1234 1610 1302 quia
1632 1246 1687 1288 et
1708 1232 1977 1288 hereticis
2025 1231 2127 1287 lice

2255 1256 2365 1310 μεν·
2397 1237 2424 1292 ὁ
2451 1234 2504 1291 δὲ
2547 1237 2721 1308 λέγων.
2760 1238 2846 1291 καί
2888 1243 2997 1296 τοῖς
3041 1235 3317 1312 αἱρετικοῖς
3353 1232 3525 1300 ἔξεστι
3560 1234 3788 1306 βαπτίζω,

544 1331 842 1401 baptizare,
877 1330 991 1397 ipse
1044 1328 1152 1384 duo
1179 1330 1500 1400 baptistnata
1531 1328 1675 1384 facit.

1369 1337 1500 1383 [nata
1531 1328 1675 1384 facit.
2254 1330 2348 1386 δύο
2373 1330 2715 1402 βαπτίσματα
2741 1329 2952 1401 εἰσάγει.

617 1425 711 1481 50.
743 1423 1113 1482 Saturninusa
1146 1423 1452 1479 Victoriana
1480 1421 1616 1477 dixit
1647 1441 1660 1477 :

2327 1424 2618 1503 ΣατορνίἏος
2642 1425 2745 1479 ἀπὸ
2774 1430 3154 1500 1ουκτορνιανῆς
3192 1417 3349 1478 εἶπεν

615 1518 674 1574 Si
724 1518 844 1572 licet
871 1517 1138 1573 ltmretieis
1169 1517 1467 1587 baptizare,
1499 1516 1739 1572 excusati
1769 1524 1916 1580 sunt,
1967 1522 2022 1568 et
2058 1513 2152 1569 de-

2327 1522 2383 1574 Εί
2412 1518 2580 1584 ἔξεστι
2618 1526 2726 1580 τοῖς
2759 1518 3032 1596 αἱρετικοῖς
3075 1518 3340 1590 βαπτίζειν
3384 1516 3665 1592 άνὶγκλητοί
3701 1520 3791 1573 εἰσιν

542 1609 681 1666 fensi
750 1611 931 1666 illicita
987 1609 1278 1676 facientes;
1351 1624 1451 1664 nec
1498 1608 1786 1676 invenies,
1843 1623 2010 1679 quare
2060 1622 2125 1662 eo

2257 1611 2423 1686 ἄνομα
2448 1619 2712 1674 ποιοῦντες
2766 1609 2884 1668 οῦδὲ
2910 1613 3146 1690 εὑρήσεις
3166 1609 3253 1667 διά
3280 1634 3330 1667 τι
3356 1613 3548 1672 αὐτοὺς
3570 1609 3596 1665 ὁ
3621 1613 3792 1688 Χριστὸς

543 1703 788 1758 Christus
815 1702 1156 1760 adversarios
1185 1717 1336 1770 suos,
1381 1711 1476 1756 aut
1496 1701 1788 1772 Apostolus
1809 1700 2126 1757 autichristo

2078 1708 2152 1755 L05
2183 1714 2230 1776 Β
2257 1711 2537 1775 ἐναντίους,
2579 1707 2609 1767 ἣ
2636 1707 2662 1763 ὁ
2688 1706 2995 1770 ’Λπὸστολος
3021 1711 3400 1786 Δντιχρίστους
3419 1707 3661 1781 ὀνομάζει.

544 1795 922 1866 appellaverit.

614 1890 700 1944 51.
721 1890 874 1946 Alius
906 1890 1224 1946 Saturninus
1263 1905 1294 1945 a
1314 1887 1526 1945 Thueca
1549 1887 1713 1945 dixit:

2330 1889 2650 1968 Σατορνῦλος
2673 1885 2820 1952 ἄλλος
2848 1890 2952 1946 ἀπὸ
2993 1897 3151 1950 Συκῆς
3191 1883 3350 1946 εἶπεν·

615 1984 854 2041 Gentiles
902 1985 1144 2053 quamvis
1182 1984 1324 2040 idola
1375 1985 1576 2051 colant,
1610 1995 1788 2039 tamen
1845 1984 2012 2040 Deum
2055 1997 2152 2054 pa-

2330 1983 2390 2037 Οἱ
2407 1985 2587 2038 ἐθνικοὶ
2617 1984 2662 2036 ιί
2699 1985 2786 2037 καί
2813 1978 2977 2037 ἓδωλα
3014 1982 3275 2047 σέϐονται,
3303 1979 3446 2054 ὅμως
3483 1981 3569 2037 τὸν
3597 1981 3704 2036 Θεὸν
3725 2001 3791 2034 πα·

545 2092 680 2149 trem
711 2085 767 2133 et
812 2087 1110 2132 creatorem
1151 2088 1482 2149 engttoscunt
1507 2086 1564 2132 et
1613 2077 1934 2133 conﬁtentur
1974 2077 2123 2130 Domi

2256 2078 2382 2154 τέρα
2418 2079 2503 2130 καί
2522 2078 2732 2133 κτίστην
2752 2077 3148 2148 ἑπιγινώσκονσι
3199 2076 3285 2129 καί
3323 2073 3625 2147 ὁμολογοῦσι
3653 2071 3794 2128 δεσπό-

546 2188 710 2227 num:
737 2171 788 2226 in
814 2170 958 2226 hunc
986 2172 1220 2227 Marcion
1255 2170 1616 2243 blasphemat,
1648 2181 1704 2225 et
1727 2169 2000 2243 quomodo
2046 2187 2129 2226 n01

2258 2189 2366 2229 την·
2397 2171 2470 2230 είς
2495 2175 2692 2225 τοῦτων
2703 2172 2942 2246 Μαρκίων
2967 2168 3276 2240 βλασφημεῖ,
3291 2169 3380 2221 καί
3399 2174 3514 2228 πῶς
3535 2168 3621 2221 οὐκ
3646 2167 3796 2236 αισχὺ·

541 2266 887 2332 οιιιιιθεουηι,
944 2263 1035 2335 qni
1075 2265 1359 2320 Marcionis
1389 2266 1708 2337 baptismum
1735 2264 1994 2336 probant?

2255 2287 2426 2322 νονται
2450 2266 2497 2320 οί
2531 2266 2590 2320 τὸ
2619 2267 2910 2342 Μαρκίωνος
2940 2264 3218 2336 βάπτισμα
3233 2260 3621 2333 δοκιμάζοντεςς

612 2357 702 2412 3'2.
739 2357 1018 2412 Marcellus
1043 2373 1072 2412 a
1101 2358 1257 2412 Zama
1287 2359 1450 2413 dixit:

2327 2359 2611 2436 Μάρκελλος
2635 2360 2739 2414 ἀπὸ
2771 2359 2944 2431 Ζάμης
2998 2352 3159 2412 εἶπεν·

613 2450 745 2507 Cum
781 2463 995 2520 peccata
1041 2453 1280 2507 nonnisi
1337 2453 1390 2507 in
1444 2451 1704 2508 Ecclesia:
1757 2453 2024 2521 baptismo
2064 2469 2149 2509 re-

2325 2452 2507 2509 Ὀπὸτε
2555 2447 2731 2524 άφεσις
2776 2450 3041 2530 ἁμαρτιῶν
3081 2449 3334 2525 οὐδαμοῦ.
3371 2452 3417 2504 εί
3459 2456 3528 2521 μη
3570 2451 3619 2506 ἐν
3727 2447 3796 2503 Ἐκ-

540 2543 840 2611 mittantur,
898 2544 988 2616 qui
1037 2544 1350 2601 haereticum
1407 2561 1512 2600 non
1566 2545 1822 2617 baptizat,
1877 2555 2123 2616 peccator

2251 2549 2434 2623 κλησίᾳ
2471 2546 2688 2614 δίδοται,
2729 2546 2756 2602 ὁ
2795 2549 3083 2625 αἰρετικούς
3126 2551 3197 2620 μη
3235 2546 3527 2617 βαπτίζων,
3569 2543 3797 2622 ἁμάρτω).ιῇ

537 2639 922 2693 communiunt.

910 2676 922 2692 -
2255 2652 2493 2700 κοινωνεῖ.

610 2730 702 2787 55.
729 2727 965 2787 Irenteus
990 2732 1058 2787 ab
1085 2731 1266 2789 Usttlis
1281 2731 1445 2788 dixit:

2319 2738 2580 2814 Εἰρηναῖος
2611 2736 2713 2792 ἀπὸ
2743 2735 2918 2792 Ουλῶν
2943 2729 3101 2790 εἶπεν·

607 2824 664 2880 Si
712 2823 834 2879 ideo
884 2824 1121 2880 Ecclesia
1140 2825 1451 2880 h:ereticum
1484 2840 1589 2879 non
1610 2823 1862 2894 baptizat,
1885 2824 2026 2896 quod
2053 2823 2140 2879 di-

2317 2832 2374 2885 Ei
2401 2827 2486 2885 διὰ
2513 2835 2668 2884 τοῦτο
2719 2830 2750 2886 ἡ
2772 2826 3040 2887 Ἐκκλησία
3077 2828 3166 2907 τρν
3194 2825 3450 2906 αἱρετικὸν
3490 2825 3550 2880 σῦ
3586 2825 3795 2897 βαπτίζεις

535 2928 689 2974 eatur
704 2917 816 2987 jam
847 2920 1146 2990 baptizatus
1169 2934 1311 2987 esse,
1343 2918 1638 2975 antefertur
1667 2919 1911 2986 haeresis,
1943 2929 1997 2975 et
2026 2935 2118 2974 ma

2245 2923 2327 2980 ὅτι
2377 2921 2472 2983 ἤδη
2526 2923 2725 2994 λέγεται
2775 2921 3138 2994 βεϐαπτίσθαι,
3189 2924 3455 2999 προκρίνει
3480 2922 3511 2978 ἦ
3540 2921 3796 2997 αἶρεσιςκιιὶ

529 3013 619 3085 jor
643 3013 720 3068 lit.

2167 3037 2213 3100 ρ
2245 3024 2430 3094 μείζων
2455 3023 2669 3092 γίνεται.

607 3107 698 3162 54.
734 3107 968 3161 Donatus
991 3122 1019 3159 a
1047 3105 1307 3178 Cyhalina
1334 3106 1471 3161 dixit
1499 3123 1513 3160 :

2310 3114 2531 3175 Δονάτος
2557 3112 2661 3168 ἀπὸ
2693 3111 2960 3174 Κιϐαλινῆς
2991 3105 3150 3167 εἶπεν·

607 3199 662 3258 Si
692 3213 777 3256 est
804 3202 894 3270 qui
917 3200 1060 3256 diCat
1091 3215 1214 3255 esse
1236 3199 1374 3271 apud
1409 3199 1694 3256 haereticos
1721 3199 1973 3270 baptismi
2010 3215 2133 3271 gra-

2309 3222 2348 3264 O
2397 3209 2552 3279 λέγων
2594 3207 2742 3278 παρὰ
2788 3212 2896 3266 τοῖς
2944 3204 3218 3275 αίριτικοῖς
3263 3203 3426 3280 χάριν
3476 3202 3795 3274 ﬂaminum

538 3295 686 3358 tiam,
701 3303 826 3348 ante
837 3301 920 3350 est
938 3303 992 3347 ut
1006 3297 1257 3349 ostendat
1279 3304 1333 3348 et
1349 3293 1669 3364 probetesse
1683 3293 1794 3348 illic
1809 3293 2121 3350 Ecclesium.

1884 3297 2127 3350 είθδίῖιιη·
2236 3296 2384 3366 εἶναι,
2413 3300 2660 3377 πρότερον
2691 3295 2996 3362 ἁποδειξάτο
3024 3294 3156 3351 Ἐκεῖ
3176 3295 3467 3355 ἐκκλησίαν.

729 3385 975 3440 Zosimus
1005 3403 1034 3440 a
1065 3385 1328 3442 Tharassn
1358 3385 1495 3442 dixit
1526 3403 1540 3439 :

1532 3403 1540 3439 ⁵
2309 3400 2540 3467 Ζὼσιμος
2570 3395 2672 3448 άπὸ
2693 3397 2933 3470 Θαραζοῦ
2957 3387 3115 3448 εἷπε-θ’

604 3481 955 3538 Rcvelatione
985 3485 1125 3539 facta
1151 3485 1392 3541 veritatis
1413 3525 1428 3549 ,
1451 3486 1611 3542 cedat
1635 3501 1789 3543 error
1814 3487 2050 3543 veritati.

2307 3488 2764 3560 Ἀποκαλυφθείσης
2787 3495 2882 3549 τῆς
2907 3487 3158 3552 ἀληθείας,
3187 3488 3580 3564 παραχωρείτω
3616 3485 3644 3541 ἡ
3671 3481 3794 3536 πλάνη

2229 3607 2293 3660 τῃ
2319 3585 2542 3658 ἀληθείᾳ.

603 3661 691 3720 .‘i6.
724 3662 970 3720 Julianus
1007 3678 1036 3717 a
1066 3661 1288 3734 Telepte
1314 3662 1456 3718 dixit
1483 3680 1496 3716 :

2301 3676 2554 3737 Ιουλιανὸς
2581 3675 2685 3731 ἀπὸ
2709 3674 2956 3730 Φιλίππου
2978 3668 3107 3728 εἶπε·

599 3758 867 3828 Scriptum
899 3764 984 3812 est
1015 3774 1027 3811 :
1059 3755 1226 3812 Nemo
1253 3768 1414 3829 potest
1459 3755 1658 3829 aliquid
1707 3757 1941 3826 accipere
1962 3796 1976 3820 ,
2024 3755 2124 3810 nisi

2296 3771 2612 3843 Γέγραπται.
2633 3768 2704 3824 Οῦ
2736 3765 2951 3824 δύναται
2974 3763 3238 3844 ἄνθρωπος
3262 3765 3540 3839 λαμϐάνειν
3559 3759 3709 3818 οὐδὲν.
3728 3757 3792 3812 ἐὰν

528 3851 705 3906 datum
734 3851 887 3923 fuerit
915 3848 994 3906 illi
1030 3851 1094 3905 de
1141 3849 1268 3905 casto
1313 3850 1493 3917 (Joan.
1526 3860 1643 3920 In).
1696 3849 1753 3906 Si
1793 3847 2015 3905 ltwresis
2054 3848 2111 3904 de

2225 3861 2348 3940 μὴᾖ
2379 3860 2643 3937 δεδομένον
2691 3863 2836 3936 ἀντῷ
2873 3862 2929 3917 ἐκ
2976 3865 3071 3916 τοῦ
3120 3860 3379 3931 οὐρανοῦ·
3407 3861 3452 3912 εἰ
3490 3865 3522 3916 ἡ
3559 3848 3790 3932 άιρεσιςέξ

527 3947 664 4002 οωΙιι
685 3955 766 4000 est
787 3986 803 4011 ,
839 3954 1014 4015 potest
1053 3953 1108 4000 et
1127 3946 1349 4000 coateste
1381 3943 1644 4014 baptisma
1669 3943 1818 4000 dare.

2222 3958 2443 4032 οὐρανοῦ
2474 3957 2605 4012 ἐστι,
2639 3951 2856 4009 δύναται
2884 3955 2972 4007 καὶ
2996 3952 3227 4030 οὐράνιον
3251 3952 3530 4024 βάπτισμα
3555 3947 3731 4004 δοῦναι.

599 4037 686 4092 57.
716 4035 943 4092 Faustus
971 4052 1002 4090 a
1026 4035 1231 4090 Timida
1259 4035 1392 4090 dixit
1423 4052 1436 4089 :

2293 4056 2524 4112 Φαῦστος
2554 4050 2656 4104 άπὸ
2680 4045 2907 4121 Θημίδης
2935 4041 3091 4102 εἶπεν*

597 4128 699 4196 Qui
725 4143 820 4200 pro
851 4129 1116 4185 haereticis
1145 4127 1509 4184 ecclesiastico
1535 4127 1859 4198 baptismate
1886 4129 2116 4184 interce-

2290 4143 2350 4198 Οί
2374 4145 2433 4200 τὸ
2458 4150 2558 4199 τῶν
2586 4142 2849 4219 αἱρετικῶν
2875 4142 3008 4213 πρὸς
3035 4141 3096 4196 τὸ
3128 4147 3221 4201 τῆς
3243 4138 3520 4200 ἐκκλησίας
3549 4135 3786 4212 βάπτισμα

525 4224 686 4293 dunt,
724 4221 844 4279 illos
885 4222 1210 4278 christianos
1233 4263 1250 4289 ,
1285 4233 1341 4278 et
1379 4238 1478 4278 nos
1511 4221 1798 4278 haereticos
1820 4220 2044 4279 iaciunt.

2220 4238 2556 4309 ἐνιστάμενοι.
2598 4237 2820 4296 ἐκείνους
2861 4235 2951 4306 μὲν
3015 4234 3380 4307 χριστιανούς,
3408 4233 3547 4304 ἡμᾶς
3575 4231 3656 4285 ταί
3678 4225 3785 4302 αἱρε-

2139 4363 2195 4424 D
2219 4335 2393 4393 τικοῦς
2419 4335 2676 4388 ποιοῦσιν.

593 4399 682 4456 58.
711 4397 967 4457 Geminus
994 4417 1025 4456 a
1049 4399 1242 4456 Fttrnis
1268 4397 1443 4456 dixit:
1549 4469 1552 4471 ς
2139 4397 2176 4424 ι

1549 4469 1552 4471 ’
2081 4497 2094 4500 _
2139 4397 2194 4424 υ
2291 4433 2499 4499 Γεμῖνος
2529 4425 2634 4480 ἀπὸ
2661 4423 2864 4500 Φόρμης
2890 4417 3045 4480 εἶπεν

590 4492 746 4564 Quod
776 4493 941 4552 semel
981 4496 1352 4562 decrevimus,
1385 4490 1484 4552 hoc
1523 4505 1578 4552 et
1619 4507 1894 4563 tenemus,
1947 4504 2007 4552 ut
2046 4497 2115 4552 ab

2287 4529 2328 4572 Ο
2348 4516 2486 4582 ἅπαξ
2513 4518 2796 4596 ἐκρίναμεν,
2826 4522 2982 4573 τοῦτο
2998 4517 3087 4570 καί
3116 4515 3428 4587 κατείχομεν·
3455 4513 3544 4568 ἶνα
3574 4512 3687 4571 τοὺς
3703 4501 3782 4562 ά.τὸ

520 4591 788 4648 haereticis
818 4592 1100 4670 venientes
1131 4591 1484 4662 baptizemus.

2215 4608 2458 4685 αἱρέσεων
2485 4591 2805 4683 ἐρχομένους
2836 4609 3186 4681 βαπτίζωμεν.

589 4686 680 4742 59.
710 4685 1039 4756 Rogatianus
1065 4703 1092 4738 a
1122 4683 1267 4740 Nova
1295 4686 1426 4740 dixit
1454 4703 1466 4738 :

2283 4704 2585 4776 Ρογατιανὸς
2609 4704 2713 4758 ἀπὸ
2740 4700 2912 4765 Οὔσης
2934 4697 3089 4757 εἶπενο

542 4801 545 4804 ·
595 4777 895 4835 Ecclesium
939 4776 1188 4833 Christus
1216 4778 1488 4845 instituit,
1522 4778 1772 4835 haeresim
1807 4778 2056 4835 diabolus
2091 4795 2107 4834 :

2284 4801 2382 4854 Τήν
2409 4796 2702 4855 Ἐκκλησίαν
2753 4793 2780 4851 ὁ
2808 4797 3029 4869 Χριστὸς
3079 4792 3397 4867 ὡκοδομησε,
3434 4803 3527 4858 τςιν
3554 4793 3732 4868 αἵρεσιν
3760 4781 3781 4836 ὅ

517 4870 790 4945 quomodo
829 4887 960 4944 ergo
991 4880 1166 4943 potest
1205 4870 1406 4928 habere
1434 4872 1760 4945 baptismum
1788 4871 1986 4929 Chrtsti
2019 4889 2100 4945 sy-

2212 4887 2446 4952 διάϐολος
2476 4907 2484 4917 '
2517 4898 2626 4952 πῶς
2657 4885 2747 4945 οῦν
2787 4888 3002 4946 δύναται
3041 4886 3182 4961 ἔχειν
3211 4888 3489 4961 βάπτισμα
3518 4886 3728 4960 Χριστοῦ
3757 4877 3778 4932 ἦ

516 4983 718 5038 nagoga
746 4965 943 5020 diaboli
958 4968 983 5019 ζ’
2211 4989 2484 5058 συναγωγὴ
2512 4981 2795 5050 διάϐολοῦῖ

589 5059 680 5115 60.
711 5058 1014 5130 Therapius
1043 5075 1070 5113 a
1099 5058 1252 5115 Bulla
1290 5059 1427 5114 dixit
1455 5075 1469 5111 :

1834 5151 1866 5156 ,Α
2054 5152 2065 5156 _
2088 5152 2101 5156 _
2282 5082 2542 5156 Θῆράπιος
2565 5082 2666 5136 ἀπὸ
2694 5080 2994 5152 Βουλισμίου
3020 5074 3176 5135 εἶπεν·

585 5152 687 5220 Qui
740 5152 1006 5209 lia-reticis
1044 5152 1300 5209 Ecclesia:
1341 5151 1603 5222 baptisma
1647 5151 1930 5220 concedit,
1979 5152 2104 5224 quid

2281 5186 2322 5229 Ο
2359 5183 2466 5236 τοῖς
2493 5175 2770 5253 αἱρετικοῖς
2797 5176 2856 5231 τὸ
2885 5175 3160 5247 βάπτισμα
3186 5183 3280 5237 τῆς
3300 5173 3599 5233 Ἐκκλησίας
3623 5160 3774 5245 προδε-

514 5245 658 5301 aliud
683 5262 843 5318 quam
867 5263 1083 5318 sponsae
1112 5247 1312 5304 Christi
1345 5245 1588 5318 proditor
1631 5246 1856 5302 existit?

2207 5265 2349 5330 δοὺς.
2381 5269 2434 5322 τί
2461 5263 2578 5322 ἄλλο
2605 5267 2637 5327 ἦ
2662 5277 2753 5330 τῆς
2781 5269 2978 5340 νύμφης
3019 5274 3112 5324 τοῦ
3155 5272 3383 5345 Χριστοῦ
3422 5263 3674 5343 προδότης

2207 5381 2348 5416 νεται
2370 5375 2390 5425 ;

585 5453 676 5510 Gl.
708 5451 908 5509 Lucius
934 5467 965 5507 a
993 5450 1455 5507 Membresa'dixit
1483 5467 1498 5504 :
2068 5483 2082 5492 ρ

2068 5483 2082 5492 ν
2278 5454 2500 5516 Λούκιος
2528 5455 2631 5512 άπὸ
2657 5456 2949 5530 Μεμερέσης
2975 5450 3103 5512 εἶπε.

582 5547 849 5617 Scriptum
891 5555 977 5604 est
1023 5562 1036 5599 :
1094 5544 1236 5601 Deus
1283 5554 1573 5618 peccatores
1618 5560 1716 5599 non
1764 5545 1952 5612 audit;
1988 5543 2098 5600 ha:-

2271 5549 2583 5626 Γέγραπται.
2611 5545 2690 5603 ὅτι
2738 5548 2764 5602 ὁ
2806 5551 2931 5611 Θεὸς
2971 5547 3285 5622 ἁμαρτωλῶν
3313 5549 3404 5603 οῦκ
3451 5540 3690 5601 mou-5
3726 5533 3767 5590 δέ

509 5646 748 5712 rcticus,
778 5645 868 5717 qui
901 5652 1154 5716 peccator
1201 5652 1323 5713 est,
1373 5642 1646 5716 quomodo
1683 5641 1859 5699 audiri
1906 5641 1960 5698 in
2004 5641 2092 5697 ha-

2198 5641 2453 5721 αἶρετικὸς
2483 5640 2549 5695 ὢν
2570 5641 2897 5720 ἁμαρτωλὸς,
2927 5649 3039 5704 πῶς
3059 5643 3299 5700 ἀκούεται
3329 5662 3380 5698 εν
3396 5648 3468 5715 τῷ
3485 5639 3763 5710 βαπτίζεινς

511 5739 707 5810 ptismo
744 5738 957 5809 potest?

2264 5800 2341 5862 (1)
2365 5799 2454 5862 ΑΙ.
2489 5813 2689 5861 Quantam.

2259 5857 2335 5924 (il
2363 5861 2507 5925 Lege
2530 5857 2699 5925 Αῳνιά.
