4008 6320
264 292 393 349 1097

326 407 419 463 62.
454 407 604 463 Alius
634 408 783 466 Felix
810 409 881 465 ab
910 408 1222 469 Uslaccenis
1244 411 1388 469 dixit
1414 431 1430 470 :

324 504 383 559 in
437 504 707 560 hmreticis
761 505 881 561 sine
937 505 1195 562 Ecclesia:
1253 507 1520 579 baptismo
1575 511 1843 584 recipien-

252 594 357 655 dis.
383 610 548 652 nemo
594 597 1038 654 consuetudinem
1087 599 1281 655 rationi
1327 609 1384 655 et
1433 602 1645 658 veritati
1702 619 1844 673 pra:-

254 698 437 758 μπημ

322 782 412 840 65.
436 784 588 841 Alius
611 784 934 843 Saturninus
959 787 1030 843 ab
1054 788 1285 844 Avitinis
1313 791 1450 847 dixit
1483 810 1496 847 :

322 875 381 941 Si
406 888 582 946 potest
619 879 983 936 Antichristus
1000 879 1134 937 dare
1159 881 1318 938 alicui
1346 884 1580 954 gratiam
1605 882 1842 950 Christi,

248 980 474 1041 possunt
532 982 589 1027 et
634 972 872 1030 lmretici
932 973 1208 1044 baptizare
1263 977 1353 1047 qui
1403 976 1658 1046 appellati
1703 977 1846 1032 anti-

246 1063 458 1120 christi.

318 1158 407 1213 64.
436 1157 666 1227 Quintus
693 1159 762 1215 ab
789 1159 990 1232 Aggiva
1035 1160 1180 1216 dixit
1207 1179 1220 1215 :

321 1250 464 1307 Deus
489 1267 628 1308 unus
644 1260 758 1319 est,
780 1262 837 1309 et
859 1252 1103 1310 Ecclesia
1131 1269 1259 1321 una,
1288 1262 1344 1310 et
1370 1256 1634 1326 baptisma
1657 1272 1846 1314 unum.

242 1343 518 1414 qut-modo
540 1360 670 1416 ergo
693 1346 805 1401 illic
830 1347 1089 1419 baptizari
1114 1348 1311 1419 aliquis
1334 1360 1549 1419 potest,
1575 1350 1665 1405 ubi
1702 1351 1848 1406 Deus

240 1448 296 1492 et
322 1436 572 1492 Christus
600 1449 658 1495 et
688 1440 928 1496 Ecclesia
960 1458 1070 1497 non
1098 1451 1209 1498 est.

314 1533 409 1589 65.
438 1532 681 1589 Julianus
704 1551 735 1589 a
764 1534 1073 1593 Marciliana
1103 1538 1243 1593 dixit
1278 1558 1293 1594 :

314 1629 373 1684 Si
400 1639 575 1699 potest
620 1630 786 1686 homo
825 1631 1036 1688 duobus
1063 1634 1298 1690 deniinis
1336 1635 1546 1691 servire
1570 1680 1583 1704 ,
1638 1636 1750 1692 Deo
1785 1647 1842 1692 et

238 1737 574 1778 mammona
595 1763 612 1790 ,
639 1734 818 1794 potest
840 1736 897 1781 et
921 1725 1188 1796 baptisma
1219 1727 1431 1784 duobus
1457 1730 1745 1786 inservire.

316 1814 410 1870 66.
457 1814 634 1870 'l‘enax
661 1817 731 1872 ab
752 1806 964 1874 horreis
992 1818 1180 1875 C(nlia:
1219 1822 1356 1877 dixit
1380 1840 1393 1877 :

235 1915 244 1950 ί
313 1908 584 1976 Baptisma
609 1924 772 1966 unum
817 1921 934 1979 est,
968 1912 1064 1969 sed
1103 1915 1382 1984 Ecclesiae,
1429 1918 1585 1989 cujus
1631 1929 1718 1977 est
1757 1936 1847 1977 ve-

237 2020 369 2061 rum
394 2004 682 2075 baptisma.

315 2095 409 2151 67.
445 2096 597 2153 Alius
620 2097 803 2155 Victor
828 2099 896 2156 ab
924 2102 1147 2158 Assnris
1170 2103 1308 2160 dixit
1336 2106 1588 2164 similiter
1617 2124 1631 2162 :

236 2228 244 2253 .
316 2189 413 2245 68.
449 2190 746 2248 Donatulus
775 2208 804 2246 a
831 2192 1007 2264 Caspe
1038 2195 1172 2251 dixit
1202 2216 1217 2251 :

316 2283 390 2339 Et
419 2299 520 2356 ego
553 2301 769 2358 semper
809 2287 913 2344 hoc
937 2291 1121 2354 sensi,
1165 2299 1225 2345 ut
1254 2294 1532 2360 haeretici,
1579 2296 1669 2366 qui
1714 2297 1844 2352 nihil

239 2377 380 2434 foris
426 2383 684 2452 consequi
715 2393 972 2450 possunt,
1025 2386 1241 2455 quando
1283 2387 1350 2441 ad
1398 2386 1698 2444 Ecclesiam
1748 2406 1841 2448 ve-

240 2471 402 2528 niunt
419 2514 435 2539 ,
466 2472 825 2544 haptizentur.

318 2564 412 2623 69.
446 2565 677 2623 Vernlus
704 2583 734 2624 a
764 2569 1064 2628 Rusiccade
1095 2572 1232 2629 dixit
1261 2593 1274 2629 :

319 2660 493 2717 llomn
523 2661 808 2719 haereticus
831 2664 965 2721 dare
987 2666 1066 2738 (i)
1099 2677 1282 2738 potest
1320 2670 1465 2740 quod
1493 2687 1599 2727 non
1629 2670 1830 2739 habet;

242 2753 418 2809 multo
439 2755 607 2826 magis
637 2755 1010 2813 schismaticus
1029 2800 1046 2826 ,
1089 2762 1179 2829 qui
1204 2762 1348 2832 quod
1373 2764 1607 2821 habebat
1629 2768 1828 2822 amisit.

321 2846 413 2903 70.
449 2846 818 2904 Pudentianus
844 2865 875 2905 a
902 2851 1113 2917 cuicuii
1143 2853 1280 2908 dixit
1310 2874 1325 2909 :

319 2940 378 2995 Si
407 2941 529 3011 quis
560 2956 628 2996 ex
656 2942 848 2998 haeresi
879 2946 1120 3010 venerit,
1156 2945 1417 3018 baptizari
1459 2964 1582 3006 eum
1611 2960 1758 3009 recte
1782 2968 1847 3009 ac

236 3037 389 3106 juste
413 3041 677 3088 statntum
708 3043 811 3089 est.

317 3128 409 3181 7i.
463 3126 657 3183 Petrus
685 3130 752 3184 ab
781 3129 1023 3202 Ilippone
1065 3132 1344 3206 diarrytho
1372 3136 1549 3193 dixit:
1576 3139 1711 3195 Cum
1752 3142 1847 3197 ha-

241 3221 440 3291 ptisma
468 3236 630 3275 unum
647 3222 719 3276 sit
745 3222 799 3277 in
821 3225 932 3277 sola
955 3225 1218 3282 catholica
1236 3228 1496 3298 Ecclesia,
1528 3230 1731 3287 ideirco
1752 3248 1848 3289 eos

240 3313 333 3383 qui
362 3313 432 3369 ab
477 3313 746 3370 haereticis
783 3324 838 3371 et
882 3317 1243 3376 schismaticis
1283 3323 1531 3390 vcninnt,
1564 3333 1621 3380 ut
1646 3327 1737 3398 qui
1766 3328 1848 3383 ni-

242 3407 320 3463 hil
364 3408 493 3465 inde
543 3410 874 3481 acceperint,
930 3414 984 3468 in
1038 3413 1282 3471 Ecclesia
1326 3431 1524 3474 censeo
1588 3419 1847 3492 baptizari

241 3514 519 3573 oportere.

314 3597 409 3652 72.
441 3596 594 3653 Alius
622 3597 820 3656 Lucius
850 3602 918 3658 ab
948 3603 1144 3658 Ausafa
1173 3605 1316 3662 dixit
1350 3626 1365 3664 :

312 3688 448 3745 Cum
487 3690 558 3746 sit
584 3708 721 3749 unus
747 3695 885 3751 Deus
929 3708 985 3751 et
1028 3696 1208 3764 Pater,
1239 3712 1293 3755 et
1319 3699 1506 3769 Filius,
1536 3713 1592 3760 et
1615 3703 1846 3775 Spiritus

241 3794 483 3849 sanctus,
512 3793 570 3840 et
597 3800 699 3840 una
729 3801 873 3856 spes,
900 3800 955 3845 et
985 3806 1088 3844 una
1126 3792 1386 3865 Ecclesia,
1416 3813 1536 3867 quae
1565 3799 1706 3870 apud
1735 3800 1846 3856 lue-

240 3876 443 3930 reticos
494 3874 630 3931 facta
659 3889 801 3944 sunt,
836 3882 1068 3937 rescindi
1111 3883 1312 3941 debere
1361 3887 1502 3956 dico,
1534 3902 1587 3945 et
1614 3906 1710 3947 eos
1755 3895 1845 3964 qni

238 3968 369 4027 inde
396 3972 637 4036 veniunt,
666 3974 720 4027 in
750 3974 994 4031 Ecclesia
1027 3976 1379 4048 baptizandus
1416 3997 1556 4037 esse.

312 4065 405 4121 7‘5.
432 4064 587 4121 Alius
616 4066 765 4122 Felix
791 4083 821 4123 a
851 4068 1167 4140 Gurgitibus
1198 4072 1331 4129 dixit
1359 4092 1372 4129 :

313 4159 432 4231 Ego
460 4174 679 4229 censeo,
713 4173 770 4218 ut
791 4165 1085 4221 secundum
1116 4179 1423 4229 sanctarum
1446 4172 1842 4246 Scripturarum

236 4266 521 4323 pratcepta
546 4255 866 4328 iuiquiapud
889 4258 1177 4317 hmreticos
1203 4264 1478 4337 baptizati,
1501 4269 1546 4323 si
1570 4271 1635 4324 ad
1661 4272 1846 4329 Eccle-

231 4345 377 4399 siam
409 4344 767 4416 confugerint,
822 4348 1084 4408 Ecclesia:
1117 4353 1458 4426 baptismate,
1492 4361 1580 4417 ubi
1611 4372 1848 4432 potestas

229 4438 425 4494 omnis
452 4452 482 4493 a
513 4438 625 4495 Deo
648 4440 772 4497 data
799 4451 907 4508 est.
956 4446 1314 4517 haptizentur.

245 4587 259 4597 ,
310 4531 407 4587 7-4.
443 4531 678 4588 Pusillus
706 4550 737 4589 a
768 4534 1032 4593 Lamasba
1054 4540 1191 4597 dixit
1220 4560 1235 4596 :

312 4624 430 4696 Ego
448 4625 613 4682 credo
635 4626 894 4698 baptisma
911 4632 1150 4692 salutare
1171 4650 1278 4691 non
1301 4653 1443 4708 csse,
1471 4640 1571 4697 nisi
1593 4640 1646 4697 in
1666 4642 1851 4700 Eccle-

226 4718 319 4774 sia
345 4720 636 4789 catholtca,
662 4730 722 4778 et
747 4725 961 4794 quando
985 4740 1139 4785 extra
1168 4731 1465 4790 Ecclesiam
1494 4735 1576 4803 iit,
1620 4738 1848 4795 simula-

226 4813 447 4871 tionem
469 4828 613 4873 esse.

310 4908 404 4963 75.
431 4910 714 4969 Salvianus
740 4932 769 4969 a
798 4914 1086 4975 Ganzal‘ala
1113 4921 1249 4978 dixit
1276 4940 1290 4978 :

309 5000 609 5077 [hereticos
656 5007 789 5062 nihil
835 5008 1035 5067 habere
1079 5024 1310 5081 constat,
1366 5027 1422 5073 et
1474 5018 1598 5076 ideo
1635 5021 1702 5077 ad
1747 5038 1848 5079 nos

222 5095 485 5157 veniunt,
516 5106 575 5151 ut
598 5100 804 5168 possint
832 5103 1082 5173 accipere
1112 5109 1254 5178 quod
1286 5124 1391 5165 non
1424 5110 1639 5169 habent.

309 5187 404 5241 76.
431 5187 734 5246 Honoratus
764 5209 791 5245 a
811 5192 988 5251 Tucca
1025 5198 1161 5254 dixit
1186 5218 1200 5253 :

309 5280 449 5337 Cum
481 5283 727 5342 Christus
785 5291 984 5347 veritas
1032 5295 1123 5358 sit,
1157 5296 1325 5368 magis
1365 5299 1647 5358 veritatem
1690 5318 1846 5373 quam

221 5376 684 5435 consuetudinem
736 5386 891 5453 sequi
940 5385 1199 5444 dehcmns
1244 5406 1259 5445 :
1312 5401 1371 5447 ut
1416 5392 1721 5461 haereticos,
1754 5397 1846 5466 qui

222 5468 366 5525 ideo
392 5468 459 5525 ad
487 5487 583 5528 nos
612 5478 854 5545 veninnt,
903 5481 1027 5551 quia
1057 5481 1187 5539 luris
1212 5485 1347 5542 nihil
1375 5489 1623 5560 accipere
1652 5501 1847 5562 potuc-

222 5571 389 5628 runt,
419 5564 672 5624 Ecclesia:
701 5570 966 5641 baptismo
995 5579 1417 5638 sanctiticemus.

308 5655 403 5709 77.
441 5656 618 5716 Victor
636 5663 705 5718 ab
729 5664 927 5721 Octava
959 5669 1094 5726 dixit
1122 5690 1134 5724 :

312 5789 400 5869 (l)
429 5792 568 5851 Non.

686 5898 964 5966 ΡΑτιιοι..
1012 5905 1125 5968 ΙΙΙ.

1460 294 1776 356 CONCILIA
1815 296 2438 361 CARTHAGINENSIA.

1876 423 1927 481 Α
2023 421 2175 483 Δλλὸς
2198 424 2343 489 Φιληξ
2366 425 2467 480 διπὸ
2491 425 2841 498 Οὐαγλακηνῆς
2864 418 3025 483 εἶπεν

1876 4498 1925 4560 D

3425 309 3559 370 10'38

2025 511 2099 567 Ἐν
2124 522 2197 588 τῷ
2227 514 2578 592 προδέχεσθαι
2606 521 2728 581 τοὺς
2759 519 3046 596 αἰρετικοὺς
3076 515 3195 577 ἄνευ
3221 531 3313 581 τοῦ
3336 536 3431 590 τῆς
3448 526 3557 584 Ἐκ-

1951 605 2164 669 κλησίας
2186 607 2573 684 βαπτίσματος,
2604 610 2785 684 μηδείς
2835 616 2925 672 τήν
2968 617 3230 674 συνήθειαν
3272 618 3423 692 λόγου
3469 628 3555 678 καί

1952 708 2045 762 τῆς
2069 702 2303 765 ἀληθείας
2318 707 2657 784 νπροκρινίτω.

2027 790 2205 857 Ἀλλος
2231 798 2526 875 Σατορνῦος
2551 800 2655 854 ἀπὸ
2683 799 2993 874 Πλουτίμνης
3012 795 3170 857 εἶπεν·

2023 890 2081 942 Εἰ
2109 887 2324 947 δύναται
2350 891 2707 971 ’Δντίχριστος
2745 892 2923 951 δοῦναι
2970 902 3059 956 τήν
3106 900 3267 977 χάριν
3294 907 3386 955 τοῦ
3434 913 3551 979 Χρι-

1956 988 2105 1040 στοῦ.
2126 980 2371 1040 δύνανται
2394 989 2482 1040 καὶ
2508 986 2555 1041 οἱ
2570 986 2815 1065 αἱρετικοί
2830 988 3120 1061 βαπτίζειν,
3134 990 3181 1046 oi
3194 993 3555 1064 ὀνομασθέντες

1954 1077 2304 1155 ἀντίχριστοι.

2025 1173 2229 1234 ιοίντος
2259 1174 2363 1229 ἀπὸ
2390 1174 2597 1247 Οὐγϐἆς
2622 1170 2780 1232 εἶπεν

2026 1261 2083 1319 Ὀ
2109 1268 2234 1328 Θεὸς
2258 1263 2333 1329 εἷς
2357 1268 2490 1333 ἐστι,
2522 1271 2609 1324 καί
2635 1267 2899 1330 Ἐκκλησία
2934 1277 3030 1347 μία
3058 1278 3145 1330 καί
3189 1274 3239 1329 ἕν
3281 1276 3557 1352 βάπτισμα

1957 1361 2043 1413 καὶ
2114 1368 2226 1423 πῶς
2289 1360 2507 1419 δύναταί
2550 1386 2629 1426 τις
2681 1366 3026 1438 βαπτισθῆναι
3066 1373 3173 1426 ἐκεῖ
3193 1413 3208 1437 ,
3255 1369 3386 1428 ὅπου
3439 1372 3557 1431 οὔτε

1954 1453 2099 1515 Θεὸς,
2130 1450 2250 1508 οὔτε
2271 1458 2514 1533 Χριστὸς,
2539 1454 2658 1513 οὔτε
2686 1456 2951 1519 Ἐκκλησία
2974 1463 3087 1518 ἐστί
3115 1479 3132 1527 ;

2023 1544 2289 1610 Ἰουλιανὸς
2312 1550 2417 1604 άπὸ
2429 1551 2804 1628 Μαρκελλιανῆς
2824 1548 2983 1609 εἶπεν

2022 1640 2080 1691 Εἰ
2103 1637 2319 1696 δύναται
2344 1636 2608 1719 ἅνθρωπος
2648 1642 2770 1700 δυσί
2812 1651 3006 1726 κυρίοις
3034 1647 3306 1720 δουλεύειν,
3339 1663 3450 1729 Θεῷ
3473 1658 3560 1710 καί

1873 1754 1923 1815 Β
1949 1737 2194 1803 μαμωνᾷ,
2223 1730 2439 1789 δύναται
2463 1738 2550 1791 καί
2578 1736 2857 1813 βάπτισμα
2882 1739 3029 1796 δυσίν
3058 1744 3347 1823 ὑπηρετεῖν.

2025 1826 2181 1891 Τίναξ
2207 1828 2310 1882 άπὸ
2338 1828 2516 1906 Ὀρίων
2537 1832 2745 1887 ιελλίων
2769 1829 2927 1891 εἶπεν

2028 1921 2305 1995 Βάπτισμα
2329 1923 2381 1979 ἕν
2407 1925 2568 1993 ἔστιν,
2744 1938 2837 1993 τῆς
2866 1930 3179 2009 Ἐκκλησίας,
3208 1935 3267 2001 ἧς
3287 1940 3346 1996 τὸ
3368 1942 3557 2012 βαπτι-

1955 2035 2066 2087 σμα
2095 2016 2291 2079 ἀληθές.

2024 2105 2205 2171 ’Ἄλλος
2228 2113 2463 2170 Οὐίκτωο
2484 2115 2588 2171 άπὸ
2614 2114 2866 2197 ’Λσούρας
2895 2117 3032 2179 εἶπεν
3061 2122 3270 2191 ὁαοίως’

2025 2206 2372 2268 Δουνατοῦλος
2398 2208 2502 2264 ἀπὸ
2531 2209 2739 2283 Κάμφης
2768 2208 2926 2269 εἶπεν*

2024 2296 2123 2354 ’Λεὶ
2148 2306 2305 2357 τοῦτο
2330 2304 2443 2376 ἳγώ
2486 2304 2761 2382 ἐφρόνησα,
2791 2308 2876 2363 ἵνα
2905 2310 2952 2364 οἱ
2992 2312 3254 2389 αἱρετικοί,
3281 2313 3437 2387 μηδὲν
3459 2316 3560 2395 ἔξω

1948 2393 2119 2449 λαϐεῖν
2173 2393 2440 2469 δυνάμενοι
2465 2439 2480 2462 ,
2530 2396 2651 2455 ὅταν
2702 2404 2833 2479 πρὸς
2891 2410 2980 2465 τήν
3008 2403 3302 2466 Ἐκκλησίαν
3348 2407 3556 2476 ἔλθωσι,

1951 2485 2325 2555 βαπτισθῶσιν.

2022 2583 2313 2660 Οὺήρουλος
2339 2585 2443 2640 άπὸ
2469 2585 2832 2653 Ῥουσιοκάδας
2858 2586 3015 2648 εἶπεν·

2029 2671 2320 2752 ’Ἄνθρωπος
2352 2678 2607 2754 αἱρετικὸς
2634 2678 2716 2754 (1)
2759 2680 2974 2740 δύναται
3022 2683 3198 2742 δοῦναι
3243 2685 3368 2760 ὂμή
3418 2687 3555 2762 ἔχει.

1955 2768 2085 2823 πολὺ
2113 2770 2300 2841 μᾶλλον
2326 2778 2700 2847 σχισματικός,
2733 2774 2857 2856 ὅπερ
2888 2775 3030 2853 εἶχεν
3058 2783 3341 2845 ἀπολέσας.

2027 2861 2388 2929 Πουδεντιανός
2408 2869 2513 2924 άπὸ
2543 2872 2839 2934 Κουινκόλης
2868 2868 3028 2929 εἶπεν

2026 2952 2134 3011 Ἐάν
2160 2980 2238 3021 τις
2266 2962 2369 3015 άπὸ
2398 2962 2643 3039 αἱρέσεως
2680 2963 2820 3041 ἔλθῃ,
2850 2968 3193 3039 βαπτισθῆναι
3215 2974 3370 3029 αὐτὸν
3398 2976 3558 3054 ὀρθῶς

1872 3078 1918 3142 C
1953 3051 2040 3104 καί
2066 3047 2276 3114 δικαίως
2306 3055 2556 3132 κέκριται.

2023 3146 2209 3223 Πέτρος
2236 3148 2341 3204 άπὸ
2364 3146 2614 3215 Ἰππῶνος
2651 3154 2939 3227 Διαρρύτου
2960 3151 3121 3213 εἶπεν

2005 3236 2139 3295 Ἐπεί
2155 3238 2206 3295 ἓν
2222 3242 2501 3319 βάπτισμα
2524 3246 2662 3302 ἔστιν
2683 3249 2734 3302 ἐν
2750 3248 2877 3324 μόνῃ
2907 3259 2969 3321 τῇ
2992 3249 3279 3331 Ἐκκλησία,
3297 3253 3382 3313 διά
3398 3266 3554 3317 τοῦτο

1948 3334 2070 3395 τοὺς
2101 3336 2203 3391 ἀπὸ
2233 3345 2333 3393 τῶν
2379 3340 2645 3417 αἱρετικῶν
2674 3344 2759 3396 καὶ
2802 3354 3170 3418 σχισματικῶν
3198 3349 3450 3414 ἐλθόντας.
3484 3356 3554 3416 ὡς

1951 3425 2107 3521 μηδὲν
2145 3434 2325 3488 ἐκεῖθεν
2374 3435 2638 3509 εἰληφότας
2661 3477 2677 3503 ,
2715 3437 2765 3491 ἕν
2816 3447 2879 3509 τῇ
2906 3437 3175 3517 Ἐκκλησία
3216 3442 3556 3513 βαπτίζεσθαι

1953 3524 2128 3585 κρίνω.

2022 3596 2199 3661 ’Δλλος
2214 3600 2430 3662 Λούκιος
2455 3600 2560 3656 άπὸ
2578 3602 2818 3676 Λύσάφης
2839 3600 2999 3659 εἶπεν·

2019 3694 2159 3757 Ἐνός
2185 3689 2330 3756 ὄντος
2356 3701 2489 3749 Θεοῦ
2517 3696 2604 3749 καί
2623 3698 2822 3774 πατρὸς
2847 3700 2933 3751 καί
2953 3699 3070 3753 υἱοῦ
3096 3704 3182 3755 καὶ
3209 3700 3360 3776 ἁγίου
3401 3707 3551 3761 tracti--

1946 3807 2130 3860 ματος,
2154 3789 2242 3840 καί
2270 3790 2393 3857 μιᾶς
2417 3783 2620 3849 ἐλπίδος
2669 3790 2757 3843 καί
2798 3794 2921 3861 μιᾶς
2946 3788 3262 3854 Ἐκκλησίας.
3300 3798 3367 3850 τά
3411 3802 3559 3875 παρὰ

1946 3889 2055 3945 τοῖς
2085 3880 2358 3960 αἱρετικοῖς
2382 3883 2714 3961 πραττόμενα
2740 3884 2947 3939 λύεσθαι
2991 3883 3093 3941 δεῖν
3120 3910 3266 3961 φημι,
3305 3892 3392 3944 καὶ
3436 3893 3558 3954 τοὺς

1946 3974 2036 4030 ἀπ’
2055 3975 2221 4030 αὐτῶν
2242 3976 2566 4052 ἐρχομένους
2589 3976 2640 4030 ἓν
2755 3975 3023 4053 Ἐκκλησία
3049 3979 3338 4051 βαπτίζειν.

2018 4064 2194 4129 ’Ἃλλός
2220 4069 2367 4134 Φίληξ
2394 4069 2496 4124 ἀπὸ
2520 4077 2781 4146 Τουριτῶν
2810 4065 2968 4125 εἶπενο

2018 4159 2141 4233 Ἐγὼ
2163 4162 2317 4238 κρίνω
2335 4161 2441 4225 ἵνα,
2469 4159 2753 4222 ἀκολούθως
2786 4168 2901 4223 ταῖς
2929 4165 3085 4226 θείαις
3111 4175 3355 4244 γραφαῖς,
3375 4165 3556 4245 ἄνομοι

1949 4255 2094 4331 παρὰ
2116 4261 2225 4315 τοῖς
2247 4254 2518 4331 αἱρετικοῖς
2545 4253 2913 4326 βαπτισθέντες
2940 4297 2951 4316 ,
2985 4252 3045 4310 ἂν
3072 4263 3201 4336 πρὸς
3238 4268 3327 4322 τήν
3352 4261 3553 4325 Ἐκκλη-

1948 4348 2065 4401 σίαν
2092 4348 2447 4420 καταφύγωσι,
2493 4355 2568 4420 τῷ
2602 4355 2694 4408 τῆς
2720 4345 3014 4411 Ἐκκλησίας
3058 4350 3408 4426 βαπτίσματι,
3440 4356 3554 4413 ἔνθα

1949 4443 2098 4494 πᾶσα
2128 4439 2339 4503 ἐξουσία
2364 4441 2511 4518 παρὰ
2536 4446 2629 4495 τοῦ
2655 4444 2785 4493 Θεοῦ
2816 4437 3037 4504 δέδοται,
3070 4442 3441 4513 βαπτισθῶσιν.

2029 4532 2333 4593 Πλουτιανός
2360 4533 2463 4586 άπὸ
2491 4531 2731 4603 Λαβὰνης
2760 4527 2920 4587 εἶπεν*

2026 4622 2151 4698 Ἐγὼ
2167 4623 2399 4680 πιστεύω
2423 4623 2753 4698 βαπτίσματι
2782 4629 3042 4704 σωτηρίαν
3064 4632 3133 4699 μή
3162 4624 3308 4689 εἶναι.
3341 4634 3384 4685 εἰ
3407 4639 3476 4706 μή
3500 4636 3552 4711 ἐν

1954 4717 2083 4793 μόνῃ
2201 4717 2431 4789 καθολικῇ
2460 4716 2746 4794 Ἐκκλησία,
2778 4720 2868 4772 καί
2889 4715 3011 4774 ὅταν
3031 4715 3126 4785 ἕξω
3147 4730 3239 4783 τῆς
3264 4720 3555 4788 Ἐκκλησίας

1952 4813 2178 4884 γένηται,
2210 4812 2515 4883 πιθηκισμὼ
2543 4804 2690 4865 εἶναι.

2027 4904 2328 4965 Σαλουιανὸς
2353 4903 2458 4958 ἀπὸ
2488 4901 2716 4974 Ζυφάλης
2736 4897 2896 4958 εἶπεν

2027 4999 2158 5058 Τοὺς
2178 4994 2464 5074 αἱρετικούς
2485 4991 2638 5066 μηδὲν
2664 4989 2810 5067 ἒχειν
2831 4997 3131 5059 συνέστηκε,
3163 5003 3249 5053 καὶ
3274 4997 3360 5056 διὰ
3400 5010 3555 5059 τοῦτο

1954 5093 2087 5167 πρὸς
2113 5092 2251 5165 ἡμᾶς
2282 5086 2555 5168 ἔρχονται,
2579 5088 2664 5144 ἵνα
2688 5089 2917 5145 λάϐωσιν
2946 5086 2973 5144 ὂ
2998 5097 3067 5163 μή
3093 5088 3332 5165 ἔχουσιν.

2028 5183 2314 5261 Ὁνωράτος
2344 5184 2449 5240 ἀπὸ
2473 5182 2705 5256 Δούγκης
2732 5178 2894 5238 εἶπεν
3316 5192 3335 5217 ⁸

2026 5275 2212 5333 Ὀπότε
2258 5274 2285 5331 ὁ
2322 5276 2547 5352 Χριστὸς
2589 5275 2771 5337 ἀληθής
2800 5277 2932 5341 ἐστι,
2963 5277 3147 5350 μᾶλλον
3179 5289 3241 5355 τῇ
3272 5282 3489 5360 ἀληθείᾳ,
3525 5284 3559 5346 ἢ

1954 5377 2018 5428 τῆ
2044 5370 2278 5443 συνηθιίᾳ
2301 5366 2514 5423 ἔπεσθαι
2540 5367 2816 5441 ὀφείλομεν,
2855 5368 2940 5423 ἵνα
2968 5371 3089 5431 τοὺς
3135 5372 3441 5448 αἱρετικῶς,
3471 5376 3557 5435 διά

1952 5466 2106 5516 τοῦτο
2134 5461 2264 5538 πρὸς
2288 5460 2426 5531 ἡμᾶς
2455 5460 2795 5537 ἐρχομένους,
2824 5456 2903 5515 ὅτι
2925 5457 3025 5526 ἔξω
3048 5460 3201 5534 μηδὲν
3226 5465 3397 5524 λαϐεῖν
3429 5468 3550 5529 ἡδυ-

1950 5558 2190 5618 νήθησαν,
2205 5562 2278 5628 τῷ
2303 5562 2395 5616 τῆς
2413 5551 2708 5615 Ἐκκλησίας
2741 5553 3070 5628 βαπτίσματι
3094 5556 3410 5635 ἆγίασωμιν.

2025 5650 2257 5727 Οὐίκτωρ
2296 5649 2400 5704 άπὸ
2428 5645 2683 5702 Ὀκτύϐου
2705 5642 2866 5703 εἶπεν·

2016 5764 2090 5832 (l)
2123 5765 2205 5832 Sic
2228 5766 2379 5815 etiam
2418 5776 2537 5832 mss.
2579 5770 2634 5832 et
2661 5764 2918 5829 Bevereg.
2946 5767 3036 5817 sed
3077 5770 3416 5832 interrogandi
3442 5782 3558 5828 nota

1957 5826 2185 5879 addenda
2207 5837 2302 5889 est,
2329 5833 2415 5876 aut
2434 5826 2707 5890 legendum
2733 5841 2774 5879 σὺ
2800 5826 2968 5881 ita...

3189 5917 3270 5981 35
