4008 6320
246 302 379 359 1097

311 417 406 473 62.
441 418 590 473 Alius
620 419 769 476 Felix
796 420 867 476 ab
895 420 1207 480 Uslaccenis
1230 422 1374 480 dixit
1400 443 1416 481 :

309 514 369 569 in
424 514 693 571 haereticis
747 516 867 572 sine
924 517 1181 574 Ecclesia:
1238 519 1506 591 baptismo
1561 522 1829 596 recipien-

236 605 343 666 dis.
369 621 535 663 nemo
581 608 1024 665 consuetudinem
1073 610 1266 666 rationi
1313 620 1369 667 et
1419 613 1631 670 veritati
1688 630 1831 685 pra:-

237 708 424 769 ponat.

308 793 398 851 63.
422 795 575 852 Alius
598 794 920 853 Saturninus
945 798 1016 854 ab
1040 798 1271 855 Avitinis
1299 801 1436 857 dixit
1469 821 1482 858 :

308 885 367 951 Si
393 898 568 956 potest
605 889 968 947 Antichristus
986 890 1120 948 dare
1145 892 1303 949 alicui
1332 895 1565 965 gratiam
1591 892 1792 951 Christi
1814 938 1828 961 ,

233 991 461 1051 possunt
519 993 575 1038 et
621 983 858 1040 hazretici
918 984 1193 1055 baptizare
1249 988 1339 1058 qui
1389 987 1644 1058 appellati
1689 988 1831 1043 anti-

231 1074 444 1130 cltrisli.

304 1168 394 1223 64.
422 1167 652 1237 Quintus
680 1169 749 1225 ab
776 1170 976 1242 Aggiva
1021 1171 1165 1228 dixit
1192 1190 1206 1226 :

307 1260 450 1317 Deus
475 1277 614 1317 unus
631 1271 746 1329 est,
768 1273 824 1319 et
847 1263 1089 1320 Ecclesia
1118 1280 1245 1332 una,
1274 1274 1329 1320 et
1355 1266 1619 1337 baptisma
1642 1283 1832 1325 unum.

227 1354 504 1424 cptumodo
526 1371 656 1427 ergo
680 1356 792 1412 illic.
817 1358 1075 1429 baptizari
1100 1360 1297 1430 aliquis
1319 1371 1498 1429 p0test
1520 1402 1535 1427 ,
1561 1361 1651 1415 ttbi
1687 1361 1834 1417 Deus

226 1459 283 1503 et
309 1447 558 1504 Christus
586 1460 644 1506 et
675 1450 915 1507 Ecclesia
948 1468 1056 1507 non
1085 1460 1194 1508 est.

300 1543 395 1600 65.
424 1543 667 1600 Julianus
690 1561 722 1600 a
750 1545 1059 1603 Marciliana
1089 1547 1228 1603 dixit
1264 1567 1278 1604 :

300 1640 360 1693 Si
385 1649 561 1709 potest
606 1641 772 1696 homo
812 1641 1022 1699 duobus
1049 1644 1284 1700 dominis
1321 1645 1531 1702 servire
1555 1692 1569 1715 ,
1623 1647 1735 1703 Deo
1771 1657 1828 1703 et

225 1747 560 1788 mammona:
580 1774 597 1800 ,
624 1744 804 1805 petest
826 1746 883 1791 et
907 1735 1173 1807 baptisma
1204 1738 1416 1795 duobus
1442 1741 1731 1797 inservire.

302 1824 395 1881 66.
442 1825 619 1881 Tcnax
647 1826 716 1883 ab
737 1814 950 1884 horreis
978 1828 1166 1886 Cteliac
1205 1831 1379 1887 dixit:

221 1926 229 1961 ί
299 1918 569 1986 Baptisma
594 1935 758 1977 unum
802 1932 921 1989 est,
953 1923 1049 1979 sed
1090 1925 1368 1994 Ecclesiae,
1415 1930 1570 2000 cujus
1617 1939 1703 1988 est
1743 1947 1833 1988 ve-

222 2030 354 2071 rum
379 2015 668 2085 baptisma.

302 2106 395 2162 67.
430 2107 581 2164 Alius
605 2107 788 2165 Victor
814 2109 882 2166 ab
909 2111 1133 2168 Assnris
1156 2113 1294 2169 dixit
1322 2115 1573 2173 similiter
1603 2134 1617 2171 :

223 2240 231 2263 .
304 2200 398 2256 68.
434 2201 731 2259 Donatulus
760 2219 788 2257 a
816 2203 993 2275 Caspc
1023 2205 1157 2261 dixit
1187 2225 1203 2261 :

303 2293 376 2349 Et
404 2309 504 2367 ego
537 2311 754 2367 semper
793 2297 898 2354 hoc
922 2301 1106 2365 sensi,
1151 2309 1210 2356 ut
1239 2304 1478 2359 haeretici
1501 2346 1518 2371 ,
1565 2306 1655 2376 qui
1701 2307 1831 2362 nihil

225 2387 365 2444 foris
411 2392 670 2461 consequi
700 2403 957 2460 possunt,
1010 2396 1226 2465 quando
1268 2398 1335 2452 ad
1385 2397 1685 2455 Ecclesiam
1735 2416 1829 2458 ve-

227 2481 420 2549 niunt,
450 2483 810 2554 baptizentur.

305 2574 397 2632 69.
431 2575 661 2633 Vernlus
689 2594 718 2634 a
749 2580 1049 2638 Rusiccade
1080 2582 1217 2640 dixit
1247 2604 1259 2639 :

305 2670 477 2726 llomn
508 2671 793 2729 haereticus
816 2674 950 2731 dare
972 2675 1051 2749 (l)
1084 2688 1267 2749 potest
1305 2680 1452 2751 quod
1480 2697 1586 2737 non
1616 2681 1817 2749 habet;

228 2762 404 2819 multo
424 2765 593 2836 magis
622 2765 995 2824 schismaticus
1014 2810 1031 2836 ,
1074 2772 1164 2839 qui
1190 2772 1333 2842 quod
1359 2774 1593 2831 habebat
1615 2778 1814 2833 amisit.

307 2856 398 2912 70.
434 2856 803 2915 Pudentianus
829 2875 859 2915 a
886 2862 1099 2917 Cuiculi
1128 2864 1265 2919 dixit
1295 2884 1311 2919 :

306 2949 364 3005 Si
392 2950 515 3021 quis
546 2966 614 3006 ex
642 2952 832 3009 hzeresi
864 2956 1104 3021 venerit,
1142 2956 1403 3029 baptizari
1444 2974 1568 3017 eum
1597 2970 1744 3018 recte
1768 2978 1833 3019 ac

223 3046 375 3116 justc
400 3052 662 3099 statutum
693 3054 796 3101 est.

305 3138 395 3192 7i.
448 3137 642 3193 Petrus
670 3140 737 3194 ab
765 3140 1008 3213 llippnne
1050 3143 1329 3217 diarrytho
1357 3147 1493 3204 dixit
1520 3167 1534 3203 ε
1561 3151 1696 3207 Cum
1738 3153 1833 3208 ba-

227 3231 426 3302 ptisma
454 3246 616 3285 unum
633 3233 704 3286 sit
729 3233 784 3288 in
806 3236 917 3288 sola
940 3236 1202 3293 catholica
1222 3239 1481 3309 Ecclesia,
1513 3242 1716 3298 idcirco
1738 3260 1833 3301 eos

226 3324 320 3394 qui
348 3324 417 3379 ab
463 3324 731 3380 haereticis
768 3334 822 3382 et
867 3327 1229 3386 schistnaticis
1268 3334 1516 3402 veniunt,
1549 3345 1606 3391 ut
1632 3338 1723 3409 qui
1752 3340 1834 3394 ni-

229 3417 307 3473 hil
350 3419 479 3475 inde
528 3420 859 3492 acceperint,
915 3424 969 3477 in
1022 3423 1267 3482 Ecclesia
1312 3442 1509 3486 censeo
1574 3430 1833 3503 baptizari

226 3525 503 3583 oportere.

302 3607 394 3662 72.
425 3607 579 3665 Alius
606 3609 805 3667 Lucius
834 3613 903 3669 ab
933 3615 1129 3670 Attsal'a
1157 3616 1301 3673 dixit
1336 3637 1350 3675 :

298 3698 432 3755 Cum
473 3701 543 3756 sit
570 3718 705 3759 unus
732 3705 870 3761 Deus
915 3720 971 3762 et
1013 3708 1192 3775 Pater,
1223 3724 1277 3767 et
1304 3710 1491 3780 Filius,
1521 3724 1576 3771 et
1600 3713 1831 3793 Spiritus

227 3805 468 3860 sanctus,
497 3804 555 3851 et
581 3811 683 3851 una
714 3813 858 3867 spes,
885 3810 941 3855 et
971 3817 1073 3856 una
1111 3804 1370 3877 Ecclesia,
1400 3822 1521 3877 qua:
1551 3810 1690 3880 apud
1720 3811 1832 3867 ha:—

226 3887 428 3941 reticos
479 3885 614 3942 facta
643 3900 786 3955 sunt,
822 3893 1055 3947 rescindi
1096 3894 1296 3952 debere
1345 3898 1486 3967 dico,
1518 3912 1572 3956 et
1599 3917 1695 3957 eos
1740 3906 1830 3975 qui

226 3979 355 4037 inde
381 3983 621 4047 veniunt,
649 3986 704 4038 in
735 3984 979 4042 Ecclesia
1013 3987 1363 4060 baptizandus
1400 4009 1540 4050 esse.

300 4075 390 4131 75.
418 4075 571 4132 Alius
601 4077 749 4134 Felix
775 4095 807 4134 a
836 4080 1153 4151 Gurgitibus
1182 4084 1314 4141 dixit
1343 4104 1356 4141 :

299 4170 416 4240 Ego
444 4185 663 4239 censeo,
697 4183 755 4228 ut
776 4176 1070 4232 secundum
1102 4191 1407 4241 sanctarum
1430 4184 1827 4257 Scripturarum

226 4275 505 4333 prmcepIa
531 4264 851 4339 iuiquiaputl
874 4268 1163 4328 bmreticos
1188 4274 1463 4347 baptizati,
1486 4281 1531 4334 si
1554 4282 1619 4335 ad
1646 4283 1831 4340 Eccle-

221 4354 362 4409 siam
393 4354 753 4427 confugerint,
808 4360 1069 4419 Ecclesiae
1102 4364 1442 4437 baptismate,
1477 4372 1565 4428 ubi
1595 4383 1832 4443 potestas

221 4447 409 4503 omnis
436 4463 467 4503 a
498 4449 610 4506 Deo
633 4451 757 4508 data
784 4463 891 4519 est,
941 4458 1299 4528 baptizentur.

237 4597 248 4607 ,
295 4542 392 4599 74.
427 4541 663 4600 Pusillus
691 4561 723 4600 τι
754 4545 1017 4604 Lamasha
1039 4551 1177 4608 dixit
1205 4571 1220 4607 :

296 4635 415 4707 Ego
432 4636 598 4694 credo
620 4638 878 4709 baptisma
896 4643 1136 4701 salutare
1156 4660 1261 4702 non
1285 4663 1428 4718 csse,
1456 4651 1555 4707 nisi
1577 4651 1631 4707 in
1650 4653 1835 4710 Eccle-

218 4730 303 4785 sia
330 4731 621 4800 cathohca,
648 4741 707 4788 et
731 4735 945 4805 quando
970 4751 1124 4795 extra
1153 4741 1450 4801 Ecclesiam
1479 4745 1561 4813 ﬁt,
1604 4748 1832 4805 simula-

219 4823 431 4880 tionem
453 4839 597 4883 esse.

294 4918 388 4974 75.
413 4919 698 4978 Salvianus
725 4940 754 4978 a
782 4923 1071 4986 Ganzal‘ala
1098 4931 1233 4989 dixit
1260 4950 1274 4989 :

293 5011 593 5087 Haereticos
639 5017 773 5072 nihil
820 5017 1020 5077 habere
1064 5034 1295 5090 constat,
1351 5036 1407 5083 et
1459 5029 1582 5086 ideo
1619 5031 1688 5087 ad
1732 5050 1833 5090 nos

211 5106 468 5169 veniunt,
499 5116 558 5163 ut
581 5110 789 5180 possint
817 5114 1066 5185 accipere
1096 5119 1239 5188 quod
1271 5134 1376 5175 non
1408 5121 1623 5180 habent.

292 5199 386 5253 76.
413 5199 719 5259 Honoratus
749 5221 776 5257 a
796 5205 972 5262 Tucca
1009 5208 1146 5264 dixit
1171 5228 1185 5263 :

292 5292 431 5348 Cum
463 5295 712 5354 Christus
770 5301 968 5357 veritas
1016 5305 1107 5369 sit,
1141 5308 1310 5379 magis
1349 5310 1630 5369 veritatem
1674 5330 1832 5385 quam

210 5386 667 5446 consuetudinem
720 5396 874 5463 sequi
924 5396 1184 5455 debemus
1230 5417 1245 5455 :
1297 5412 1355 5458 ut
1401 5404 1706 5473 ltmreticos,
1739 5409 1831 5479 qui

212 5479 348 5537 ideo
373 5480 440 5536 ad
469 5498 566 5539 nos
596 5489 838 5557 veniunt,
887 5493 1011 5563 quia
1040 5493 1172 5551 furis
1196 5496 1332 5553 nihil
1360 5500 1608 5571 accipere
1637 5513 1833 5574 potuc-

213 5583 369 5640 runt,
400 5576 656 5635 Ecclesia:
685 5581 951 5653 baptismo
979 5591 1402 5650 sanctilicemus.

292 5666 385 5721 77.
422 5668 602 5728 Victor
620 5674 688 5731 ab
712 5676 911 5733 Octava
943 5680 1076 5738 dixit
1105 5701 1118 5736 :

297 5800 382 5879 (t)
410 5804 551 5864 Non.

670 5910 947 5978 ΡΑτιιοι..
994 5916 1107 5979 Ill.

1446 306 1762 368 CONCILIA
1801 308 2423 373 CARTHAGINENSIA.

1862 435 1913 493 Α
2010 433 2161 495 Δλλός
2184 436 2328 501 Φιληξ
2352 436 2453 492 ἀπό
2477 437 2826 511 Ούαγλακηνῆς
2850 430 3010 495 εἶπεν

1859 4509 1910 4572 D

3411 322 3428 376 Ι
3439 322 3545 382 ΟἾΒ

2011 523 2085 579 Ἐν
2110 534 2183 600 τῷ
2213 525 2564 604 προδέχεσθαι
2592 532 2714 593 τοὺς
2744 531 3031 607 αίρετικοὺς
3061 526 3180 589 ἀνευ
3207 543 3299 592 τοῦ
3321 538 3542 603 τῆςἘκ-

1937 616 2150 680 κλησίας
2171 619 2558 695 βαπτίσματος.
2589 621 2770 696 μηδείς
2820 628 2910 683 τήν
2953 628 3215 685 συνήθειαν
3257 629 3408 705 λόγου
3454 639 3541 690 καί

1937 719 2031 773 τῆς
2055 713 2288 776 ἀληθείας
2307 718 2642 795 προκρινέτω.

2014 800 2190 868 Ἀλλος
2216 808 2512 886 Σατορνῖλος
2537 811 2641 865 ἀπό
2668 811 2978 885 Πλουτίμνης
2997 806 3155 869 εἶπεν

2010 901 2067 954 Ei
2094 898 2309 957 δύναται
2336 902 2693 981 ’Δντίχριστος
2730 903 2909 963 δοῦναι
2954 913 3045 967 τήν
3092 911 3252 989 χάριν
3279 918 3371 967 τοῦ
3418 924 3537 990 Χριο

1942 998 2090 1051 στοῦ.
2111 990 2357 1051 δύνανται
2380 999 2467 1051 καί
2493 996 2541 1052 οἱ
2555 997 2801 1077 αἱρετικοί
2816 1000 3105 1072 βαπτίζειν,
3119 1003 3166 1057 οί
3179 1005 3541 1076 ὀνομασθέντες

1940 1088 2290 1165 ἀντίχριστοι.

2011 1184 2215 1246 Κοίντος
2244 1185 2349 1241 ἀπό
2375 1185 2583 1259 Ούσγϐἆς
2607 1182 2766 1243 εἶπεν-

2012 1272 2068 1329 Ὀ
2094 1278 2219 1339 Θεὸς
2244 1274 2318 1340 εἷς
2343 1279 2476 1344 ἔστι,
2507 1282 2595 1336 καί
2620 1279 2885 1341 Ἐκκλησία
2919 1289 3014 1359 μία
3043 1290 3130 1342 καί
3173 1285 3223 1341 ἓν
3266 1288 3542 1363 βάπτισμα

1943 1372 2029 1424 καί
2100 1380 2211 1435 πῶς
2274 1371 2492 1429 δύναταί
2536 1398 2615 1438 τις
2667 1377 3012 1450 βαπτισθῆναι
3052 1384 3192 1448 ἐκεῖ,
3240 1380 3371 1439 ὅπου
3424 1384 3542 1443 οὔτε

1940 1464 2085 1527 Θεός,
2116 1460 2235 1519 οὔτε
2258 1469 2499 1543 Χριστός,
2524 1465 2643 1525 οὔτε
2671 1468 2937 1530 Ἐκκλησία
2959 1475 3072 1529 ἐστί
3101 1491 3117 1539 ;

2009 1554 2275 1620 Ἰουλιανός
2298 1560 2403 1615 ἀπὸ
2415 1562 2789 1639 Μαρκελλιανῆς
2809 1560 2969 1620 εἶπεν·

2006 1651 2065 1702 Εἰ
2088 1648 2304 1707 δύναται
2330 1646 2593 1730 ἅνθρωπος
2633 1653 2755 1711 δυσί
2798 1662 2991 1737 κυρίοις
3019 1659 3291 1731 δουλεύειν,
3324 1674 3435 1740 Θεῷ
3458 1670 3545 1723 καί

1859 1765 1909 1826 Β
1935 1748 2179 1814 μαμωνᾷ,
2209 1741 2424 1800 δύναται
2448 1749 2535 1802 καί
2563 1747 2842 1824 βάπτισμα
2867 1749 3014 1807 δυσίν
3043 1756 3332 1834 ὑπηρετεῖν.

2010 1838 2167 1903 Τέναξ
2193 1839 2295 1894 ἀπὸ
2324 1839 2501 1918 Ὀρίων
2521 1843 2731 1899 Κελλίων
2754 1841 2912 1902 εἶπεν·

2012 1933 2290 2007 Βάπτισμα
2314 1936 2367 1990 ἕν
2393 1936 2554 2004 ἔστιν,
2730 1950 2823 2003 τῆς
2851 1942 3163 2023 Ἑκκλησίας,
3192 1946 3252 2012 ἧς
3272 1952 3331 2007 τό
3353 1953 3542 2025 βαπτι-

1941 2047 2052 2098 σμα
2080 2027 2276 2091 ἀληθές.

2010 2117 2189 2183 ’Ἄλλος
2214 2125 2448 2183 Οὐίκτωο
2470 2128 2573 2183 ἀπό
2600 2127 2851 2209 Ἀσούρας
2880 2128 3017 2191 εἶπεν
3046 2134 3255 2202 ὁμοίως·

2011 2218 2357 2279 Δουνατοῦλος
2384 2220 2487 2276 ἀπό
2516 2222 2723 2295 Κάμφης
2752 2220 2911 2281 sin-tr

2009 2308 2107 2365 ’Δεί
2133 2318 2291 2369 τοῦτο
2312 2316 2428 2387 ἳγώ
2471 2317 2746 2394 ἐφρόνησα,
2776 2321 2860 2376 ἶνα
2890 2323 2936 2377 οί
2977 2324 3239 2402 αἱρετικοί,
3265 2326 3422 2400 μηδὲν
3444 2328 3545 2407 ἔξω

1935 2404 2104 2460 λαϐεῖν
2158 2405 2425 2481 δυνάμενοι
2450 2451 2465 2473 ,
2515 2408 2636 2467 ὅταν
2687 2415 2818 2490 πρὸς
2876 2422 2965 2478 τὴν
2993 2416 3286 2478 Ἐκκλησίαν
3333 2420 3541 2489 ἔλθωσι,

1937 2495 2311 2566 βαπτισθῶσιν.

2008 2593 2298 2671 Οῦήρουλος
2324 2597 2428 2651 ἀπό
2455 2596 2817 2665 Ῥουσιοκάδας
2843 2598 3000 2659 εἶπεν

2014 2682 2306 2762 Ἀνθρωπος
2337 2688 2592 2765 αίρετικός
2619 2689 2700 2765 (1)
2744 2691 2959 2751 δύναται
3007 2695 3183 2755 δοῦναι
3228 2698 3354 2774 ὂμή
3402 2700 3540 2775 ἔχει.

1941 2779 2070 2834 πολύ
2099 2780 2285 2852 μᾶλλον
2312 2789 2686 2857 σχισματικός,
2718 2785 2843 2867 ὅπερ
2874 2787 3015 2865 εἶχεν
3043 2795 3326 2859 ἀπολέσας.

2013 2871 2374 2939 Πουδεντιανὸς
2393 2880 2498 2935 ἀπό
2528 2882 2825 2945 Κουινκόλης
2854 2880 3013 2940 εἶπεν

2011 2963 2120 3022 Ἐάν
2146 2991 2223 3031 τις
2252 2972 2355 3026 ἀπὸ
2382 2973 2629 3051 αἱρέσεως
2666 2973 2805 3052 ἔλθῃ,
2836 2978 3179 3050 βαπτισθῆναι
3201 2987 3355 3041 αὐτόν
3383 2989 3543 3067 ὀρθῶς

1859 3087 1905 3152 C
1940 3061 2027 3114 καί
2052 3058 2263 3126 δικαίως
2290 3066 2541 3143 κέκριται.

2010 3157 2195 3234 Πέτρος
2222 3159 2327 3215 ἀπό
2349 3157 2599 3226 ἰππῶνος
2636 3166 2925 3239 Διαρρύτου
2945 3162 3106 3224 εἶπεν

1992 3247 2125 3306 Ἐπεί
2142 3248 2193 3305 ἓν
2209 3252 2485 3329 βάπτισμα
2509 3257 2648 3313 ίστιν
2669 3260 2719 3312 ἐν
2735 3259 2863 3335 μόνη
2893 3270 2955 3333 τῇ
2977 3260 3265 3343 Ἐκκλησία,
3284 3264 3368 3323 3ιά
3385 3277 3539 3328 τοῦτο

1934 3346 2055 3406 τούς
2087 3347 2189 3402 ἀπὸ
2220 3355 2319 3403 τῶν
2364 3351 2630 3427 αἱρετικῶν
2660 3355 2745 3407 καί
2788 3366 3156 3429 σχισματικῶν
3184 3360 3437 3425 ἐλθόντας.
3470 3368 3539 3427 ὡς

1936 3437 2092 3528 μηθέν
2130 3446 2311 3499 ἐκεῖθεν
2359 3446 2623 3520 εἰληφότας
2647 3487 2662 3514 ,
2701 3448 2751 3502 ἓν
2802 3459 2865 3520 τῇ
2892 3448 3160 3528 Ἐκκλησία
3202 3453 3541 3525 βαπτίζεσθαι

1939 3517 2114 3596 κρίνω.

2007 3607 2185 3673 Ι’Δλλος
2199 3611 2416 3673 Λούκιος
2440 3612 2545 3668 ἀπὸ
2563 3614 2803 3689 Λύσαφης
2825 3611 2985 3671 εἶπεν·

2005 3705 2144 3768 Ἐνός
2170 3701 2315 3768 ὄντος
2341 3712 2474 3761 Θεοῦ
2502 3709 2589 3760 καί
2608 3710 2808 3786 πατρὸς
2832 3712 2919 3764 καί
2939 3711 3056 3766 υἱοῦ
3082 3716 3168 3767 καὶ
3195 3712 3346 3787 ἁγίου
3388 3718 3537 3772 πνεύ-

1932 3818 2115 3870 ματος,
2140 3800 2227 3852 καί
2255 3802 2378 3869 μιᾶς
2402 3794 2606 3860 ἐλπίδος
2654 3802 2743 3854 καί
2784 3807 2907 3873 μιᾶς
2932 3800 3247 3866 Ἐκκλησίας.
3285 3808 3352 3861 τὰ
3397 3813 3546 3886 παρά

1931 3900 2042 3955 τοῖς
2071 3891 2343 3970 αἱρετικοῖς
2367 3893 2700 3971 πραττόμενα
2726 3894 2933 3950 λύεσθαι
2977 3894 3079 3952 δεῖν
3106 3921 3251 3972 φημι,
3290 3904 3377 3956 καί
3422 3905 3544 3965 τοὺς

1932 3985 2021 4042 ἀπ’
2040 3985 2207 4040 αὐτῶν
2229 3986 2551 4062 ἐρχομένους
2574 3987 2624 4041 ἓν
2651 3994 2714 4062 τῇ
2741 3985 3010 4064 Ἐκκλησία
3035 3990 3324 4062 βαπτίζειν.

2003 4075 2181 4140 "ma;
2206 4079 2352 4145 Φίληξ
2378 4080 2481 4134 ἀπό
2505 4087 2767 4159 Τουριτῶν
2796 4075 2954 4135 εἶπεν

2003 4170 2126 4244 Ἐγὼ
2148 4173 2303 4248 κρίνω
2320 4172 2426 4236 ἶνα,
2455 4171 2738 4233 ἀκολούθως
2770 4179 2887 4234 ταῖς
2914 4175 3071 4236 θείαις
3097 4185 3342 4254 γραφαῖς,
3362 4176 3541 4255 ἄνομοι

1934 4266 2079 4342 παρά
2101 4272 2210 4326 τοῖς
2232 4264 2504 4342 αίρετικοῖς
2531 4265 2898 4336 βαπτισθέντες
2925 4309 2936 4328 ,
2970 4263 3030 4322 ἂν
3057 4273 3187 4349 πρὸς
3224 4278 3313 4332 τήν
3338 4271 3540 4334 Ἐκκλη-

1932 4359 2050 4411 σίαν
2076 4358 2433 4431 καταφύγωσι,
2479 4365 2553 4431 τῷ
2588 4366 2679 4419 τῆς
2706 4356 2998 4423 Ἐκκλησίας
3044 4362 3394 4439 βαπτίσματι,
3426 4365 3541 4423 ἔνθα

1933 4452 2083 4505 πᾶσα
2113 4449 2324 4513 ἐξουσία
2350 4451 2497 4528 παρά
2522 4456 2615 4505 τοῦ
2641 4456 2771 4504 Θεοῦ
2801 4448 3023 4517 δέδοται,
3055 4454 3427 4525 βαπτισθῶσιν.

2013 4543 2319 4604 Πλουτιανός
2345 4543 2448 4597 ἀπὸ
2476 4542 2718 4613 Λαβάνης
2746 4537 2905 4599 εἶπεν·

2010 4634 2136 4710 Ἐγὼ
2152 4635 2383 4692 πιστεύω
2407 4633 2739 4709 βαπτίσματι
2768 4640 3027 4715 σωτηρίαν
3049 4643 3117 4710 μή
3146 4636 3293 4701 εἶναι.
3326 4645 3369 4696 εἰ
3393 4650 3464 4718 μή
3488 4647 3540 4723 ἐν

1937 4729 2067 4804 μόνῃ
2095 4738 2157 4805 τῇ
2186 4728 2415 4801 καθολικῇ
2444 4728 2733 4804 Ἐκκλησία,
2765 4731 2854 4783 καί
2874 4727 2996 4785 ὅταν
3017 4726 3111 4796 ίξω
3132 4741 3224 4795 τῆς
3247 4732 3543 4800 Ἐκκλησίας

1936 4824 2162 4896 γένηται,
2194 4823 2499 4895 πιθηκισμόν
2528 4816 2676 4877 εἶναι.

2011 4915 2313 4977 Σαλουιανὸς
2338 4915 2443 4969 ἀπὸ
2473 4913 2701 4987 Ζυφάλης
2722 4909 2881 4970 εἶπεν

2010 5009 2143 5069 Τοὺς
2163 5006 2449 5086 αἱρετικούς
2469 5004 2624 5078 μηδὲν
2650 5001 2795 5080 ἔχειν
2816 5009 3116 5071 συνέστηκε,
3150 5015 3237 5066 καί
3261 5009 3347 5067 διὰ
3387 5022 3541 5072 τοῦτο

1938 5104 2071 5178 πρὸς
2099 5104 2236 5177 ἡμᾶς
2267 5097 2540 5181 ἶρχονται.
2565 5101 2651 5156 ἵνα
2674 5101 2901 5156 λάϐωσιν
2929 5098 2956 5156 ὂ
2981 5108 3050 5174 μή
3078 5100 3318 5176 ἔχουσιν.

2012 5194 2299 5273 Ὁνωράτος
2329 5196 2434 5251 ἀπὸ
2459 5195 2690 5269 Λούγκης
2718 5190 2877 5249 εἶπενο
3302 5204 3321 5229 ⁵

2011 5286 2197 5345 Ὀπότε
2243 5287 2270 5343 ό
2307 5289 2532 5365 Χριστὸς
2575 5288 2755 5348 ἀληθής
2783 5289 2916 5353 ἐστι,
2947 5289 3134 5362 μᾶλλον
3166 5302 3229 5367 τῇ
3258 5295 3475 5373 ἀληθείᾳ,
3510 5296 3544 5358 ἦ

1938 5390 2001 5441 τῆ
2028 5381 2264 5455 συνηθείᾳ
2286 5378 2500 5436 ἕπεσθαι
2526 5379 2799 5453 ὀφείλομεν.
2838 5380 2924 5435 ἵνα
2952 5384 3074 5444 τούς
3120 5385 3427 5460 αίρετικούς,
3456 5388 3542 5447 διὰ

1937 5479 2091 5528 τοῦτο
2119 5474 2249 5551 πρὸς
2274 5473 2411 5545 ἡμᾶς
2440 5472 2778 5549 ἐρχομένους,
2807 5467 2887 5527 ὅτι
2910 5470 3009 5538 ἔξω
3033 5473 3187 5546 μηδὲν
3212 5478 3383 5535 λαϐεῖν
3414 5480 3535 5541 ﬁas,-

1935 5570 2175 5631 νήθησαν,
2190 5574 2264 5640 τῷ
2288 5575 2380 5628 τῆς
2398 5564 2692 5627 Ἐκκλησίας
2725 5566 3054 5639 βαπτίσματι
3078 5568 3396 5647 ἀγίασωμεν.

2009 5661 2242 5738 Οὐίκτωρ
2282 5661 2385 5716 ἀπό
2413 5658 2667 5714 Ὀκτύϐου
2689 5655 2850 5715 εἶπεν

2000 5776 2075 5843 (i)
2109 5776 2191 5843 Sic
2214 5777 2364 5826 etiam
2402 5787 2521 5843 mss.
2563 5782 2618 5843 e_t.
2644 5775 2902 5841 Bevet'eg.
2930 5778 3021 5829 sed
3063 5781 3401 5843 interrogandi
3428 5795 3544 5839 nuta

1942 5837 2169 5891 addenda
2193 5848 2288 5901 est,
2316 5844 2400 5888 aut.
2420 5837 2691 5902 legendum
2716 5852 2759 5890 οὗ
2784 5837 2952 5892 sbventa.

3174 5928 3255 5992 35
