3994 6340
263 367 367 439 tim

582 380 940 443 EPISTOLAE
979 382 1280 443 DIONYSII
1306 382 1515 441 ALEX.
1558 364 1774 441 EPiSC.
1810 376 1905 440 AD
1950 382 2373 442 STEPHANUM
2412 382 2648 441 ΡΑΡΑΜ
2678 381 3176 442 FRAGMENTUM.

3385 382 3525 441 1102

257 521 390 591 prium
412 522 639 579 ltwresiut
668 524 896 596 singulos
934 526 1441 591 auathematizautes,
1474 532 1520 577 et
1550 540 1721 578 omnes
1748 522 1817 576 si-

1949 520 2014 580 ’δη
2054 520 2272 601 εἴρηται,
2323 525 2547 590 tim-Esaia
2585 548 2727 587 τινας
2767 533 2868 581 τῶν
2931 526 3218 602 «Epanteriis,
3258 520 3350 576 aut
3403 517 3528 576 ἄνευ

257 613 360 667 mut.
386 614 548 683 Atque
567 620 663 670 Itac
684 616 753 671 de
767 634 923 673 causa
946 636 1104 690 neque
1123 619 1368 688 seposita:
1388 617 1598 672 suntlta:
1620 626 1820 672 seuten-

255 708 339 774 tie,
362 718 524 779 utpote
554 710 721 765 minus
747 715 1076 775 necessaria.
1110 723 1157 769 et
1182 729 1294 784 qua:
1315 729 1415 769 non
1444 722 1816 786 promoverenii

254 800 328 855 sed
348 810 387 856 et
410 803 767 875 compendiose
788 805 1100 878 perscriptc.

1917 614 2285 689 βαπτίσματος
2322 615 2568 689 δέχεσθαι
2601 619 2819 680 τούτους
2857 620 3173 680 θεσπίσασα,
3213 615 3528 691 χρωμένους

1918 709 2069 780 μόνον
2109 717 2185 784 τῷ
2232 713 2345 784 θείῳ
2389 713 2560 786 μύρῳ,
2604 714 2690 766 καὶ
2729 713 3191 782 ἀναθεματὶζοντας
3221 712 3310 767 τὴν
3342 708 3530 761 οἰκείαν

1920 804 2115 881 αἵρεσιν
2143 804 2382 871 ἕκαστον,
2424 810 2511 863 καὶ
2539 808 2716 871 πάσας-
2747 807 2922 869 ἁπλῶς
2943 823 2955 837 ⁶
2981 808 3069 861 καὶ
3112 803 3198 860 διὰ
3222 809 3379 860 τοῦτο
3408 798 3529 859 οὐδὲ

1918 900 2232 972 ἐξηγήθησαν
2262 901 2316 956 αἱ
2345 899 2554 975 τιμῶμαι
2591 899 2772 968 αὗται,
2803 905 2872 964 ὡς
2905 906 2976 974 μή
3005 903 3303 973 ἀναγκαῖαι,
3334 893 3415 953 οἷα
3445 919 3539 968 μη·

1921 988 1974 1046 δὲ
2003 993 2327 1071 ἐνεργοῦσαι,
2360 994 2486 1051 ἀλλὰ
2509 998 2597 1051 καὶ
2621 998 2755 1053 κατά
2775 994 2991 1065 σύνοψιν
3011 994 3325 1070 ὶγράφησαν.

1442 1128 2047 1217 CONCILIUM
2107 1146 2301 1222 VIII

1311 1278 1620 1335 iiABITUM
1661 1278 1869 1336 (ΙΙΙ).οΑ
1921 1280 2160 1339 ANNUM
2197 1282 2445 1340 CCLVll.

309 1440 547 1513 Quamvis
591 1454 911 1514 persuasum
948 1438 1170 1495 omnino
1212 1434 1437 1493 habeam
1471 1438 1529 1495 S.
1562 1430 1833 1509 Hieronyo

249 1551 376 1592 mum
402 1535 608 1606 lapsum
651 1529 816 1588 fuisse
846 1547 1009 1603 quum
1056 1526 1273 1604 scripsit
1300 1530 1519 1585 eosdem
1552 1533 1837 1602 episcopos

246 1626 513 1685 Africanos
539 1629 629 1699 qui
662 1624 1141 1697 rebaptizationem
1171 1641 1291 1681 cum
1317 1624 1375 1682 S.
1408 1622 1681 1700 Cypriano
1712 1641 1840 1681 san-

244 1726 484 1789 civcrant,
530 1738 744 1779 rursum
773 1721 1184 1785 convenientes,
1217 1736 1414 1776 novom
1442 1721 1690 1776 emisisse
1738 1720 1835 1776 dc-

1939 1444 2105 1512 tione,
2125 1446 2325 1502 evincit
2355 1455 2533 1502 tamen
2561 1460 2682 1502 eam
2704 1445 3005 1502 doctrinam
3029 1444 3271 1501 nondum
3290 1444 3551 1500 abolitam

1937 1536 2103 1594 fuisse
2130 1540 2270 1609 apud
2301 1540 2481 1605 Afros,
2519 1540 2735 1595 tametsi
2764 1539 3011 1612 plerique
3041 1546 3229 1594 contra
3259 1538 3550 1594 sentirent.

1940 1629 2230 1697 Prtcterca,
2264 1632 2554 1688 concilium
2585 1631 2843 1703 Cypriani
2887 1631 3065 1687 adhuc
3114 1647 3232 1687 αξνο
3286 1629 3556 1686 Vincentii

1940 1723 2239 1780 Lirinensis
2267 1727 2319 1780 in
2351 1726 2675 1781 auctoritate
2702 1725 2870 1781 fuisse
2892 1734 3125 1787 constat.
3148 1723 3337 1794 probat
3368 1738 3558 1778 exem-

246 1828 455 1885 cretum,
489 1833 553 1873 ac
584 1817 907 1873 sententiam
955 1817 1023 1871 de
1054 1816 1330 1885 Baptismo
1376 1829 1529 1869 suam
1577 1825 1833 1883 mutasse,
1865 1853 1914 1915 Β
1943 1819 2089 1891 plum
2134 1820 2556 1888 Donatistarum,
2586 1820 2700 1892 qui,
2745 1832 2801 1875 ut
2838 1822 2914 1876 ait
2964 1820 3103 1875 idem
3135 1819 3470 1887 Vincentius,
3501 1826 3558 1875 et

244 1915 404 1985 putavi
438 1924 616 1969 tamen
645 1913 880 1967 dandum
912 1927 1031 1968 esse
1062 1912 1117 1967 in
1164 1911 1262 1965 hac
1293 1920 1470 1967 vestra
1519 1910 1838 1965 eolleclione

246 2008 408 2063 locum
450 2007 575 2062 huic
621 2008 1000 2076 episcoporum
1034 2005 1343 2069 conventui,
1380 1998 1838 2075 quemadmodum

247 2102 486 2157 nonnulla
535 2101 761 2156 concilia
812 2100 1123 2155 referuntur
1169 2099 1221 2153 in
1253 2098 1484 2168 vulgatis
1511 2098 1841 2153 coitionibus

245 2192 617 2262 conciliorum,
649 2204 771 2265 qna:
805 2204 985 2249 tamen
1029 2198 1241 2249 constat
1278 2192 1458 2247 habita
1507 2210 1613 2248 non
1651 2192 1838 2261 fuisse,

247 2300 443 2346 tantum
472 2306 540 2345 ne
566 2290 692 2361 quid
720 2289 877 2344 istius
899 2287 1204 2359 argumenti
1232 2287 1694 2357 praetermittatur,
1729 2288 1845 2341 sive

246 2397 419 2440 verum
443 2382 595 2450 illud,
629 2383 746 2438 sive
769 2377 964 2438 misum
993 2383 1082 2436 sit.
1118 2380 1207 2437 Ait
1235 2392 1369 2450 ergo
1396 2372 1761 2453 Hieronymus
1788 2381 1843 2436 in

247 2474 458 2547 Dialogo
505 2474 705 2530 advers.
756 2468 1008 2548 Luci/en,
1059 2470 1183 2529 illos
1231 2474 1378 2543 ipsos
1425 2470 1710 2544 episcopos
1753 2473 1845 2545 qui

244 2585 360 2625 cum
387 2569 540 2624 beato
569 2568 842 2641 Cypriane
869 2576 1177 2624 statuerant
1205 2559 1492 2623 haereticos
1520 2582 1643 2623 esse
1691 2567 1848 2622 reba-

247 2664 541 2736 ptizandos,
591 2663 657 2718 ad
706 2666 987 2735 antiquam
1048 2663 1497 2718 consuetudinem
1549 2662 1847 2728 revolutos,

248 2772 435 2813 novum
460 2750 705 2812 emisisse
737 2756 1041 2822 decretum,
1070 2772 1178 2827 quo
1204 2755 1461 2812 videlicet
1491 2750 1851 2811 damnabatur

245 2850 536 2922 superioris
575 2848 788 2905 concilii
847 2845 1097 2907 doctrina
1136 2844 1205 2905 de
1252 2849 1523 2921 baptismo
1565 2848 1854 2906 haeretico-

247 2959 384 3000 rum.
1352 2956 1359 2964 ’

316 3036 446 3094 lluic
467 3028 784 3109 Hieronymi
807 3035 1048 3106 opinioni
1068 3032 1237 3092 muita
1260 3046 1562 3109 repugnare
1577 3031 1848 3094 videntur.

243 3132 481 3189 Primum
511 3132 676 3199 enim,
712 3140 926 3189 constat
970 3133 1300 3190 auctoritate
1325 3133 1542 3190 concilii
1574 3133 1856 3189 Arelatem

1943 1920 2158 1967 constat
2204 1928 2270 1968 ex
2312 1914 2480 1983 gestis
2538 1912 2845 1967 collationis
2891 1911 3331 1983 Carthaginiensis
3377 1919 3432 1966 et
3482 1926 3556 1965 ex

1944 2006 2189 2075 pluribus
2217 2006 2504 2076 Augustini
2535 1988 2692 2073 locis,
2721 2005 2866 2061 illius
2892 2007 3214 2061 auctoritate
3240 2003 3450 2061 concilii
3476 2020 3563 2059 re-

1947 2098 2222 2168 baptizare
2249 2114 2307 2153 se
2332 2098 2675 2169 jactitabant.
2710 2099 2973 2170 Denique,
3017 2098 3220 2153 nullum
3256 2099 3376 2152 novi
3410 2096 3565 2152 istius

1947 2189 2150 2246 decreti
2200 2191 2571 2248 testimOnium
2608 2192 2734 2248 alibi
2764 2202 2940 2248 exstat
2984 2193 3037 2247 in
3072 2202 3181 2247 tota
3220 2191 3568 2261 antiquitate.

1948 2283 2105 2352 Quod
2138 2297 2317 2340 tamen
2347 2285 2393 2340 si
2422 2284 2635 2349 fuisset,
2670 2285 2813 2339 haud
2859 2283 3023 2339 dubie
3047 2300 3113 2340 eo
3139 2285 3221 2340 usi
3254 2284 3565 2354 frequenter

1950 2387 2131 2433 essent
2161 2366 2457 2436 adversarii
2492 2380 2915 2435 Donatistarum.
2964 2377 3185 2445 Contra,
3227 2380 3565 2450 Augustinus

1952 2472 2005 2528 in
2052 2465 2291 2543 Epistdla
2337 2490 2501 2530 XLVIII
2548 2485 2771 2531 annotat
2814 2492 2919 2530 non
2966 2475 3195 2530 inveniri
3238 2475 3571 2547 Cyprianum

1953 2568 2281 2624 sententiam
2312 2568 2381 2624 de
2422 2569 2822 2640 rebaptizandis
2872 2570 3144 2626 hazreticis
3188 2584 3339 2624 suam
3386 2584 3575 2625 corre-

1952 2664 2129 2728 xisse;
2157 2662 2299 2733 quod
2329 2662 2494 2717 etiam
2526 2663 2704 2733 colligi
2735 2662 2948 2717 abunde
2978 2669 3153 2731 potest
3183 2678 3247 2718 ex
3277 2675 3399 2732 cap.
3439 2675 3533 2714 vin
3554 2700 3572 2728 ,

1954 2756 2051 2812 lib.
2085 2773 2147 2824 li,
2180 2767 2359 2812 contra
2389 2755 2752 2813 Gaudentium.
2785 2755 2972 2829 Itaque
3014 2757 3130 2814 ﬁeri
3158 2764 3335 2829 potest
3361 2765 3417 2811 ut
3444 2754 3574 2810 Hie-

1955 2868 2239 2924 ronymus,
2291 2869 2413 2909 cum
2446 2852 2653 2909 videret
2683 2853 3165 2923 rebaptizationem
3210 2869 3240 2906 a
3278 2849 3576 2927 Catliolicis

1957 2945 2103 3000 Afris
2129 2946 2303 3015 rejici,
2336 2945 2582 3001 fortassis
2602 2946 2726 3002 odio
2753 2946 3012 3002 adversus
3044 2944 3372 3010 Donatistas,
3418 2954 3578 3014 puta-

1959 3039 2096 3095 verit
2140 3039 2302 3095 Al‘ros
2351 3039 2417 3095 ad
2467 3042 2748 3112 antiquam
2800 3040 3243 3097 Consuetudinem
3296 3039 3577 3095 revolutos

1959 3152 2080 3192 esse
2131 3136 2313 3191 statim
2363 3144 2486 3206 post
2536 3137 2823 3192 concilium
2873 3136 3115 3191 habitum
3148 3137 3249 3191 sub
3277 3135 3581 3206 Cypriano,

242 3224 340 3292 sis,
369 3225 606 3296 viguisse
650 3236 748 3296 per
781 3224 947 3280 multa
976 3234 1223 3298 tempora
1254 3237 1377 3297 post
1398 3227 1727 3299 Cyprianum
1757 3227 1857 3282 dn-
1881 3256 1928 3318 ρ
1961 3230 2415 3301 quemadmodum
2446 3229 2780 3303 Augustinus
2832 3232 2884 3285 in
2930 3231 3022 3285 lib.
3082 3244 3138 3285 ιιι
3182 3230 3246 3284 de
3284 3226 3578 3298 Baptistae,

242 3320 470 3373 ctrinam
502 3319 571 3374 de
600 3321 1023 3390 rebaptizatioue
1067 3321 1208 3391 apud
1243 3322 1421 3376 Afros.
1458 3321 1682 3388 Deinde,
1714 3321 1857 3377 istud
1961 3341 2082 3395 cap.
2130 3325 2185 3388 2,
2238 3328 2313 3381 ait
2362 3325 2485 3380 illos
2538 3327 2603 3381 ad
2651 3326 2934 3398 pristinam
2985 3323 3437 3379 consuetudinem
3492 3337 3580 3377 re-

241 3414 421 3484 ipsum
449 3413 710 3485 probatur
734 3414 899 3469 etiam
943 3431 1007 3470 ex
1054 3414 1285 3471 concilio
1314 3414 1641 3485 Carthagine
1669 3414 1857 3473 habito

238 3503 385 3575 apud
430 3502 651 3561 Gratum
698 3505 1047 3577 episcopum;
1095 3507 1237 3578 quod
1266 3508 1394 3564 licet
1438 3509 1746 3565 consdterit
1789 3524 1857 3565 ex

238 3596 509 3668 episcopis
534 3613 761 3668 quorum
789 3600 1002 3655 animus
1021 3597 1322 3657 abhorrens
1348 3610 1465 3656 erat
1491 3618 1519 3655 a
1552 3600 1857 3673 rebaptiza-

1961 3421 2127 3476 diisse
2151 3432 2275 3492 post
2299 3421 2672 3493 Agrippinum.
2703 3422 2905 3479 Sura.
2939 3407 3227 3478 Bantinos.
3256 3417 3439 3491 (Nova
3458 3416 3582 3475 Col-

1963 3511 2170 3586 lectio.)

425 3900 780 3960 EPISTOLIE
823 3901 1115 3960 DIONYSII
1140 3902 1611 3961 ALEXANDRINI
1656 3905 1964 3964 EPISCOPI
1998 3908 2094 3964 AD
2123 3904 2547 3963 STEPHANUM
2572 3904 2807 3963 PAPAM
2844 3903 3350 3963 FRAGMENTUM.

1754 4085 2153 4139 PROOEMIUM.

311 4258 562 4319 Subnexo
626 4265 916 4334 fragmento
967 4259 1217 4315 Eusebius
1266 4260 1531 4332 pramittit
1581 4278 1597 4316 :
1639 4260 1719 4315 Ad
1758 4260 2093 4333 Stephanum
2135 4262 2426 4334 Dionysius
2474 4262 2705 4333 primam
2758 4278 2967 4329 earum,
3011 4278 3133 4333 quae
3175 4262 3247 4319 de
3284 4262 3570 4334 Baptismo

228 4358 570 4427 conscripta:
612 4368 762 4424 sunt,
795 4357 1080 4426 epistolam
1119 4357 1360 4411 exaravit
1404 4374 1417 4410 :
1459 4372 1580 4412 cum
1622 4373 1730 4411 non
1773 4356 2066 4413 mediocris
2096 4357 2464 4413 controversia
2504 4369 2692 4413 exorta
2734 4369 2914 4424 esset,
2962 4365 3143 4412 utrum
3193 4370 3321 4424 eos,
3366 4359 3459 4427 qui
3497 4372 3566 4411 ex

224 4450 488 4521 qualibet
540 4451 733 4506 hatresi
784 4459 1199 4516 convertuntur,
1258 4449 1534 4521 Baptismo
1587 4452 1805 4522 purgari
1845 4463 2145 4524 oporteret.
2219 4453 2431 4524 Quippe
2469 4455 2686 4524 antiqua
2737 4454 3074 4509 consuetudo
3127 4452 3464 4519 invaluerat,
3508 4459 3570 4506 ut

220 4544 285 4601 in
350 4545 622 4615 ejusmodi
666 4545 1028 4616 suscipiendis
1074 4546 1187 4599 sola
1240 4560 1497 4600 manuum
1575 4546 1851 4614 itnpositio
1911 4564 2033 4603 cum
2104 4547 2506 4618 precationibus
2574 4547 2944 4603 adhiberetur.
3001 4547 3215 4601 Primus
3258 4545 3565 4617 Cyprianus

220 4640 323 4711 qui
362 4640 847 4712 Carthaginensem
877 4649 1005 4695 tunc
1045 4640 1264 4709 regebat
1302 4640 1608 4706 ecclesiam,
1646 4641 1860 4695 nonnisi
1902 4656 2000 4712 per
2031 4642 2358 4711 baptismum
2392 4641 2543 4712 prius
2572 4642 2640 4697 ab
2674 4657 2867 4698 errore
2896 4642 3185 4696 mundatus
3202 4638 3567 4695 admittendos

219 4751 363 4793 esse
395 4737 631 4794 censuit.
693 4738 891 4795 Verum
929 4737 1239 4810 Stephanus
1264 4737 1397 4792 nihil
1425 4737 1682 4792 adversus
1712 4737 2081 4805 traditionem,
2116 4753 2235 4808 qua:
2255 4738 2365 4809 jam
2400 4737 2526 4793 inde
2549 4739 2618 4793 ab
2648 4738 2800 4793 initio
2830 4737 3158 4804 οὺιίιιυίιτιιι,
3203 4733 3569 4791 innovandum

218 4842 417 4899 ratus,
450 4831 765 4902 gravissime
796 4832 847 4886 id
889 4831 1032 4887 tulit.
1086 4832 1166 4885 Ad
1201 4831 1340 4885 hunc
1369 4830 1531 4902 igitur
1553 4846 1677 4884 cum
1724 4829 1793 4885 de
1835 4829 1939 4885 hoc
1980 4842 2301 4901 argumento
2351 4829 2515 4883 multa
2552 4829 2837 4901 Dionysius
2867 4844 2963 4898 per
2992 4828 3203 4883 litteras
3231 4827 3568 4898 scripsisset,

216 4923 304 4980 illi
344 4926 455 4981 sub
485 4927 644 4980 tinem
669 4926 937 4996 signiﬁcat
966 4933 1157 4981 utnnes
1185 4919 1382 4995 ubique
1419 4924 1702 4991 ecclesias,
1738 4923 1948 4979 mollito
1973 4924 2082 4994 jam
2113 4923 2506 4994 persecutionis
2538 4921 2741 4989 furore,
2803 4922 2992 4977 Novati
3026 4922 3387 4978 turbulentam
3420 4920 3574 4976 novi-

214 5025 414 5074 tatem
438 5018 793 5088 detestantes,
824 5020 965 5075 iuter
984 5035 1043 5075 se
1065 5034 1251 5089 pacem
1280 5019 1488 5074 iniisse.
1549 5017 1640 5075 Sic
1668 5028 1849 5074 autem
1879 5020 2067 5074 scribit
2097 5017 2337 5092 (Euseb.,
2380 5020 2471 5074 tib.
2502 5033 2612 5087 vtu,
2638 5035 2686 5072 ο.
2718 5017 2775 5087 2,
2805 5020 2840 5074 5
2861 5031 2910 5073 et
2938 5018 3029 5091 ὁ).

212 5231 219 5234 _
303 5159 472 5216 Scias
500 5168 699 5225 autem,
733 5158 915 5227 frater,
944 5171 1164 5214 cunctas
1193 5174 1288 5228 per
1323 5154 1596 5214 Orientem
1625 5166 1682 5211 et
1710 5156 1845 5212 ulte-

2026 5154 2153 5213 ἰσθι
2179 5154 2233 5213 δὲ
2261 5160 2372 5225 νῦν,
2411 5155 2611 5231 ἀδελφέ,
2642 5152 2721 5212 ὅτι
2762 5158 2981 5215 ἦνωνται
3027 5160 3197 5212 πᾶσαι
3248 5156 3302 5211 αἱ
3322 5156 3573 5232 πρότερον

210 5252 357 5309 rius
387 5254 597 5325 positas
612 5252 904 5320 Ecciesias,
922 5267 1043 5324 qua
1064 5252 1212 5323 prius
1239 5260 1395 5308 erant
1423 5253 1688 5319 discissae,
1710 5265 1845 5309 nunc

1957 5250 2323 5325 διεσχισμέναι
2358 5252 2494 5306 κατὰ
2535 5271 2592 5306 τε
2634 5254 2725 5310 τήν
2770 5250 3017 5309 ἀνατολήν
3047 5249 3331 5317 inluditur,
3358 5252 3445 5305 καὶ
3494 5248 3573 5305 ἔτι

1595 5370 1959 5431 VARIORUM
1996 5372 2229 5429 NOTAE.

304 5480 577 5570 Primum.
621 5478 747 5570 ideo
774 5489 1003 5559 primam
1035 5480 1303 5570 Eusebius
1333 5498 1525 5570 vocat,
1558 5491 1681 5559 quia
1711 5490 1853 5544 idem
1880 5490 1935 5549 D
1964 5486 2362 5570 p’ropugnabat,
2393 5496 2516 5543 ante
2537 5489 2604 5543 ab
2626 5487 2898 5570 Iconiensi
2919 5485 3576 5570 con'cilionﬁrmatamdo-

204 5561 545 5635 Diapysius
571 5562 769 5635 exinde
796 5572 1024 5635 quatuor
1054 5561 1188 5614 alias
1219 5568 1330 5615 tum
1356 5560 1424 5615 ad
1451 5561 1852 5635 Xysttnn,_tutn
1960 5571 2067 5635 cet.
2113 5560 2224 5613 Non
2265 5560 2424 5635 igitur
2463 5562 2744 5635 sententia:
2776 5560 2843 5635 de
2887 5560 3226 5635 baptizandis
3269 5560 3577 5635 lugereticis,

204 5634 294 5688 ad
338 5632 665 5706 DiOtinillm
697 5632 955 5704 Stephani
987 5646 1353 5706 sntccessiires,
1388 5632 1592 5702 pariter
1622 5634 1689 5688 de
1720 5633 1859 5704 Bap-

205 5706 415 5761 tismo
451 5704 828 5760 liazreticorum
861 5706 1204 5775 conscripsit.
1236 5704 1545 5760 Consum.

304 5775 560 5831 Primus.
600 5778 719 5847 Ipse
755 5776 1057 5848 Cyprianus
1095 5776 1251 5845 epist.
1284 5778 1348 5832 Ἠ
1373 5818 1391 5841 ,
1431 5777 1499 5830 ad
1534 5777 1778 5844 Quintum
1806 5786 1861 5832 et

204 5847 371 5902 alibi
403 5848 782 5920 Agrippinum,
805 5847 1153 5903 dcccssorcm
1179 5865 1363 5914 suum,
1390 5849 1541 5918 sequi
1562 5866 1620 5904 se
1640 5849 1861 5920 proﬁte-

207 5929 352 5976 tur.
390 5914 745 5979 Firmil'ianus
771 5929 951 5977 autem
981 5923 1337 5994 sententiam,
1369 5914 1529 5993 quam
1559 5914 1863 5993 Cyprianus

1963 5632 2056 5687 sed
2094 5634 2478 5687 controversi-.1:
2518 5647 2583 5688 ea
2623 5631 2689 5686 dc
2732 5647 2792 5686 re
2824 5632 2964 5686 inter
2997 5632 3156 5687 Afros
3197 5648 3260 5687 ac
3303 5633 3582 5685 liornanos

1963 5705 2257 5761 Pontiﬁces
2295 5715 2435 5759 natae
2472 5706 2681 5774 primus
2707 5712 2897 5760 auctor
2924 5703 3233 5775 Cyprianus
3261 5701 3575 5760 censendus

1965 5788 2071 5832 est.
2102 5776 2409 5832 Consum.

2043 5848 2254 5902 Novati.
2284 5849 2432 5903 More
2458 5864 2555 5903 suo
2582 5846 2849 5902 Eusebius
2877 5848 2965 5904 hic
2993 5847 3216 5911 Novati,
3252 5845 3374 5902 loco
3406 5842 3586 5899 Nova-

1969 5922 2127 5989 tiani,
2161 5935 2359 5976 nomen
2390 5919 2689 5977 substituit.
2721 5918 2778 5976 lu
2812 5936 2877 5977 eo
2899 5964 2912 5990 ,
2947 5920 3093 5992 quod
3123 5917 3398 5975 antecedit
3418 5959 3431 5983 ,
3465 5916 3588 5974 viro
