  <div class='ocr_page' id='page_1' title='image "/cluster/home/n/w/nwhite01/storage/ocr_20150623/3/hvd.32044015471212/607.png"; bbox 0 0 3994 6340; ppageno 0'>
   <div class='ocr_carea' id='block_1_1' title="bbox 484 252 609 312">
    <p class='ocr_par' dir='ltr' id='par_1_1' title="bbox 484 252 609 312">
     <span class='ocr_line' id='line_1_1' title="bbox 484 252 609 312; baseline 0.008 -4"><span class='ocrx_word' id='word_1_1' title='bbox 484 252 609 312; x_wconf 73' lang='lat' dir='ltr'><strong>ll“</strong></span> 
     </span>
    </p>
   </div>
   <div class='ocr_carea' id='block_1_2' title="bbox 1500 254 2842 323">
    <p class='ocr_par' dir='ltr' id='par_1_2' title="bbox 1500 254 2842 323">
     <span class='ocr_line' id='line_1_2' title="bbox 1500 254 2842 323; baseline -0.001 -11"><span class='ocrx_word' id='word_1_2' title='bbox 1500 255 1830 312; x_wconf 65' lang='lat' dir='ltr'><strong>EPISTOLA</strong></span> <span class='ocrx_word' id='word_1_3' title='bbox 1870 258 1927 313; x_wconf 81' lang='lat' dir='ltr'><strong>S.</strong></span> <span class='ocrx_word' id='word_1_4' title='bbox 1968 254 2293 312; x_wconf 72' lang='lat' dir='ltr'><strong>CYPRIANI</strong></span> <span class='ocrx_word' id='word_1_5' title='bbox 2319 255 2842 323; x_wconf 76' lang='lat' dir='ltr'><strong>ADJUBAIANUM,</strong></span> 
     </span>
    </p>
   </div>
   <div class='ocr_carea' id='block_1_3' title="bbox 3617 260 3736 317">
    <p class='ocr_par' dir='ltr' id='par_1_3' title="bbox 3617 260 3736 317">
     <span class='ocr_line' id='line_1_3' title="bbox 3617 260 3736 317; baseline 0.034 -4"><span class='ocrx_word' id='word_1_6' title='bbox 3617 260 3736 317; x_wconf 68' lang='lat'><strong>1112</strong></span> 
     </span>
    </p>
   </div>
   <div class='ocr_carea' id='block_1_4' title="bbox 547 369 3737 463">
    <p class='ocr_par' dir='ltr' id='par_1_4' title="bbox 547 369 3737 463">
     <span class='ocr_line' id='line_1_4' title="bbox 547 369 3737 463; baseline 0.001 -37"><span class='ocrx_word' id='word_1_7' title='bbox 547 369 611 426; x_wconf 92' lang='grc'><strong>11.</strong></span> <span class='ocrx_word' id='word_1_8' title='bbox 642 370 753 430; x_wconf 86' lang='lat' dir='ltr'><strong>Nec</strong></span> <span class='ocrx_word' id='word_1_9' title='bbox 772 390 872 431; x_wconf 81' lang='lat' dir='ltr'><strong>nos</strong></span> <span class='ocrx_word' id='word_1_10' title='bbox 888 385 1086 437; x_wconf 85' lang='lat' dir='ltr'><strong>movet.</strong></span> <span class='ocrx_word' id='word_1_11' title='bbox 1109 375 1628 442; x_wconf 78' lang='lat' dir='ltr'><strong>l&#39;ratercltarissime,</strong></span> <span class='ocrx_word' id='word_1_12' title='bbox 1645 376 1789 447; x_wconf 91' lang='lat' dir='ltr'><strong>quod</strong></span> <span class='ocrx_word' id='word_1_13' title='bbox 1808 376 1861 431; x_wconf 92' lang='lat' dir='ltr'><strong>in</strong></span> <span class='ocrx_word' id='word_1_14' title='bbox 1879 374 2076 431; x_wconf 88' lang='lat' dir='ltr'><strong>litteris</strong></span> <span class='ocrx_word' id='word_1_15' title='bbox 2100 379 2154 441; x_wconf 76' lang='grc' dir='ltr'><strong>Α</strong></span> <span class='ocrx_word' id='word_1_16' title='bbox 2182 374 2306 463; x_wconf 62' lang='lat' dir='ltr'><strong>ticis</strong></span> <span class='ocrx_word' id='word_1_17' title='bbox 2332 375 2398 430; x_wconf 90' lang='lat' dir='ltr'><strong>ad</strong></span> <span class='ocrx_word' id='word_1_18' title='bbox 2439 375 2735 431; x_wconf 88' lang='lat' dir='ltr'><strong>Ecclesiam</strong></span> <span class='ocrx_word' id='word_1_19' title='bbox 2767 375 3018 440; x_wconf 79' lang='lat' dir='ltr'><strong>veniunt,</strong></span> <span class='ocrx_word' id='word_1_20' title='bbox 3046 375 3264 447; x_wconf 83' lang='lat' dir='ltr'><strong>quando</strong></span> <span class='ocrx_word' id='word_1_21' title='bbox 3310 375 3459 430; x_wconf 88' lang='lat' dir='ltr'><strong>multi</strong></span> <span class='ocrx_word' id='word_1_22' title='bbox 3485 373 3592 444; x_wconf 82' lang='lat' dir='ltr'><strong>jam</strong></span> <span class='ocrx_word' id='word_1_23' title='bbox 3626 379 3737 432; x_wconf 81' lang='lat' dir='ltr'><strong>anni</strong></span> 
     </span>
    </p>
   </div>
   <div class='ocr_carea' id='block_1_5' title="bbox 478 467 2077 542">
    <p class='ocr_par' dir='ltr' id='par_1_5' title="bbox 478 467 2077 542">
     <span class='ocr_line' id='line_1_5' title="bbox 478 467 2077 542; baseline 0.004 -23"><span class='ocrx_word' id='word_1_24' title='bbox 478 467 587 522; x_wconf 86' lang='lat' dir='ltr'><strong>tuis</strong></span> <span class='ocrx_word' id='word_1_25' title='bbox 601 469 920 539; x_wconf 85' lang='lat' dir='ltr'><strong>complexus</strong></span> <span class='ocrx_word' id='word_1_26' title='bbox 931 483 1013 534; x_wconf 87' lang='lat' dir='ltr'><strong>es,</strong></span> <span class='ocrx_word' id='word_1_27' title='bbox 1030 468 1458 525; x_wconf 72' lang='lat' dir='ltr'><strong>Novatianeuses</strong></span> <span class='ocrx_word' id='word_1_28' title='bbox 1476 469 1814 542; x_wconf 82' lang='lat' dir='ltr'><strong>rebaptizare</strong></span> <span class='ocrx_word' id='word_1_29' title='bbox 1826 484 1922 526; x_wconf 89' lang='lat' dir='ltr'><strong>eos</strong></span> <span class='ocrx_word' id='word_1_30' title='bbox 1941 483 2077 540; x_wconf 88' lang='lat' dir='ltr'><strong>quos</strong></span> 
     </span>
    </p>
   </div>
   <div class='ocr_carea' id='block_1_6' title="bbox 475 560 2079 633">
    <p class='ocr_par' dir='ltr' id='par_1_6' title="bbox 475 560 2079 633">
     <span class='ocr_line' id='line_1_6' title="bbox 475 560 2079 633; baseline 0.002 -20"><span class='ocrx_word' id='word_1_31' title='bbox 475 572 506 614; x_wconf 90' lang='lat' dir='ltr'><strong>a</strong></span> <span class='ocrx_word' id='word_1_32' title='bbox 532 560 687 615; x_wconf 87' lang='lat' dir='ltr'><strong>nobis</strong></span> <span class='ocrx_word' id='word_1_33' title='bbox 709 561 1039 631; x_wconf 88' lang='lat' dir='ltr'><strong>sollicitant,</strong></span> <span class='ocrx_word' id='word_1_34' title='bbox 1090 563 1308 633; x_wconf 83' lang='lat' dir='ltr'><strong>quando</strong></span> <span class='ocrx_word' id='word_1_35' title='bbox 1329 563 1394 618; x_wconf 89' lang='lat' dir='ltr'><strong>ad</strong></span> <span class='ocrx_word' id='word_1_36' title='bbox 1435 579 1533 618; x_wconf 84' lang='lat' dir='ltr'><strong>nos</strong></span> <span class='ocrx_word' id='word_1_37' title='bbox 1573 563 1795 619; x_wconf 92' lang='lat' dir='ltr'><strong>omnino</strong></span> <span class='ocrx_word' id='word_1_38' title='bbox 1821 578 1925 619; x_wconf 91' lang='lat' dir='ltr'><strong>non</strong></span> <span class='ocrx_word' id='word_1_39' title='bbox 1954 577 2079 633; x_wconf 86' lang='lat' dir='ltr'><strong>per-</strong></span> 
     </span>
    </p>
   </div>
   <div class='ocr_carea' id='block_1_7' title="bbox 479 651 2074 724">
    <p class='ocr_par' dir='ltr' id='par_1_7' title="bbox 479 651 2074 724">
     <span class='ocr_line' id='line_1_7' title="bbox 479 651 2074 724; baseline 0.005 -20"><span class='ocrx_word' id='word_1_40' title='bbox 479 651 649 708; x_wconf 90' lang='lat' dir='ltr'><strong>tineat</strong></span> <span class='ocrx_word' id='word_1_41' title='bbox 669 654 796 724; x_wconf 91' lang='lat' dir='ltr'><strong>quid</strong></span> <span class='ocrx_word' id='word_1_42' title='bbox 822 654 1007 710; x_wconf 83' lang='lat' dir='ltr'><strong>hostes</strong></span> <span class='ocrx_word' id='word_1_43' title='bbox 1035 656 1291 712; x_wconf 72' lang='lat' dir='ltr'><strong>Ecclesia-</strong></span> <span class='ocrx_word' id='word_1_44' title='bbox 1321 657 1541 723; x_wconf 77' lang='lat' dir='ltr'><strong>faciant,</strong></span> <span class='ocrx_word' id='word_1_45' title='bbox 1572 656 1865 712; x_wconf 86' lang='lat' dir='ltr'><strong>dummodo</strong></span> <span class='ocrx_word' id='word_1_46' title='bbox 1889 666 2074 712; x_wconf 81' lang='lat' dir='ltr'><strong>tenea-</strong></span> 
     </span>
    </p>
   </div>
   <div class='ocr_carea' id='block_1_8' title="bbox 478 747 2075 819">
    <p class='ocr_par' dir='ltr' id='par_1_8' title="bbox 478 747 2075 819">
     <span class='ocr_line' id='line_1_8' title="bbox 478 747 2075 819; baseline 0.003 -18"><span class='ocrx_word' id='word_1_47' title='bbox 478 762 598 804; x_wconf 88' lang='lat' dir='ltr'><strong>mus</strong></span> <span class='ocrx_word' id='word_1_48' title='bbox 629 747 729 817; x_wconf 88' lang='lat' dir='ltr'><strong>ipsi</strong></span> <span class='ocrx_word' id='word_1_49' title='bbox 760 752 1041 819; x_wconf 75' lang='lat' dir='ltr'><strong>potestatis</strong></span> <span class='ocrx_word' id='word_1_50' title='bbox 1072 760 1274 807; x_wconf 81' lang='lat' dir='ltr'><strong>nostrae</strong></span> <span class='ocrx_word' id='word_1_51' title='bbox 1315 750 1576 807; x_wconf 89' lang='lat' dir='ltr'><strong>honorem</strong></span> <span class='ocrx_word' id='word_1_52' title='bbox 1626 763 1682 807; x_wconf 94' lang='lat' dir='ltr'><strong>et</strong></span> <span class='ocrx_word' id='word_1_53' title='bbox 1709 750 1937 807; x_wconf 83' lang='lat' dir='ltr'><strong>rationis</strong></span> <span class='ocrx_word' id='word_1_54' title='bbox 1958 760 1984 789; x_wconf 74' lang='grc' dir='ltr'><strong>α</strong></span> <span class='ocrx_word' id='word_1_55' title='bbox 2010 765 2075 806; x_wconf 89' lang='lat' dir='ltr'><strong>ac</strong></span> 
     </span>
    </p>
   </div>
   <div class='ocr_carea' id='block_1_9' title="bbox 478 840 2076 911">
    <p class='ocr_par' dir='ltr' id='par_1_9' title="bbox 478 840 2076 911">
     <span class='ocr_line' id='line_1_9' title="bbox 478 840 2076 911; baseline 0.005 -20"><span class='ocrx_word' id='word_1_56' title='bbox 478 840 723 896; x_wconf 78' lang='lat' dir='ltr'><strong>veritatis</strong></span> <span class='ocrx_word' id='word_1_57' title='bbox 752 842 1082 897; x_wconf 79' lang='lat' dir='ltr'><strong>lirtttilaleut.</strong></span> <span class='ocrx_word' id='word_1_58' title='bbox 1106 842 1239 898; x_wconf 87' lang='lat' dir='ltr'><strong>Nam</strong></span> <span class='ocrx_word' id='word_1_59' title='bbox 1265 842 1625 911; x_wconf 73' lang='lat' dir='ltr'><strong>Novatianus,</strong></span> <span class='ocrx_word' id='word_1_60' title='bbox 1660 842 1938 898; x_wconf 89' lang='lat' dir='ltr'><strong>simiarum</strong></span> <span class='ocrx_word' id='word_1_61' title='bbox 1960 858 2076 899; x_wconf 83' lang='lat' dir='ltr'><strong>mo-</strong></span> 
     </span>
    </p>
   </div>
   <div class='ocr_carea' id='block_1_10' title="bbox 478 937 2073 1005">
    <p class='ocr_par' dir='ltr' id='par_1_10' title="bbox 478 937 2073 1005">
     <span class='ocr_line' id='line_1_10' title="bbox 478 937 2073 1005; baseline 0.005 -18"><span class='ocrx_word' id='word_1_62' title='bbox 478 949 577 998; x_wconf 85' lang='lat' dir='ltr'><strong>re,</strong></span> <span class='ocrx_word' id='word_1_63' title='bbox 620 950 741 1005; x_wconf 73' lang='lat' dir='ltr'><strong>qua:</strong></span> <span class='ocrx_word' id='word_1_64' title='bbox 789 950 911 991; x_wconf 87' lang='lat' dir='ltr'><strong>cum</strong></span> <span class='ocrx_word' id='word_1_65' title='bbox 942 937 1190 993; x_wconf 81' lang='lat' dir='ltr'><strong>homines</strong></span> <span class='ocrx_word' id='word_1_66' title='bbox 1245 954 1351 992; x_wconf 90' lang='lat' dir='ltr'><strong>non</strong></span> <span class='ocrx_word' id='word_1_67' title='bbox 1379 938 1519 1002; x_wconf 90' lang='lat' dir='ltr'><strong>sint,</strong></span> <span class='ocrx_word' id='word_1_68' title='bbox 1557 937 1789 994; x_wconf 86' lang='lat' dir='ltr'><strong>humana</strong></span> <span class='ocrx_word' id='word_1_69' title='bbox 1815 937 1844 977; x_wconf 68' lang='grc' dir='ltr'>ιι</span> <span class='ocrx_word' id='word_1_70' title='bbox 1894 951 2073 995; x_wconf 89' lang='lat' dir='ltr'><strong>tamen</strong></span> 
     </span>
    </p>
   </div>
   <div class='ocr_carea' id='block_1_11' title="bbox 489 1026 2076 1094">
    <p class='ocr_par' dir='ltr' id='par_1_11' title="bbox 489 1026 2076 1094">
     <span class='ocr_line' id='line_1_11' title="bbox 489 1026 2076 1094; baseline 0.006 -15"><span class='ocrx_word' id='word_1_71' title='bbox 489 1026 794 1094; x_wconf 84' lang='lat' dir='ltr'><strong>imitantur,</strong></span> <span class='ocrx_word' id='word_1_72' title='bbox 833 1030 948 1084; x_wconf 95' lang='lat' dir='ltr'><strong>vult</strong></span> <span class='ocrx_word' id='word_1_73' title='bbox 984 1029 1245 1086; x_wconf 73' lang='lat' dir='ltr'><strong>Ecclesia:</strong></span> <span class='ocrx_word' id='word_1_74' title='bbox 1265 1030 1549 1087; x_wconf 70' lang='lat' dir='ltr'><strong>catholica:</strong></span> <span class='ocrx_word' id='word_1_75' title='bbox 1578 1033 1950 1087; x_wconf 74' lang='lat' dir='ltr'><strong>auctoritatem</strong></span> <span class='ocrx_word' id='word_1_76' title='bbox 1971 1033 2076 1089; x_wconf 84' lang='lat' dir='ltr'><strong>sibi</strong></span> 
     </span>
    </p>
   </div>
   <div class='ocr_carea' id='block_1_12' title="bbox 478 1121 2073 1195">
    <p class='ocr_par' dir='ltr' id='par_1_12' title="bbox 478 1121 2073 1195">
     <span class='ocr_line' id='line_1_12' title="bbox 478 1121 2073 1195; baseline 0.004 -20"><span class='ocrx_word' id='word_1_77' title='bbox 478 1130 536 1176; x_wconf 88' lang='lat' dir='ltr'><strong>et</strong></span> <span class='ocrx_word' id='word_1_78' title='bbox 573 1121 851 1176; x_wconf 74' lang='lat' dir='ltr'><strong>veritatem</strong></span> <span class='ocrx_word' id='word_1_79' title='bbox 880 1122 1157 1178; x_wconf 88' lang='lat' dir='ltr'><strong>vindicare</strong></span> <span class='ocrx_word' id='word_1_80' title='bbox 1177 1166 1193 1190; x_wconf 93' lang='lat'><strong>,</strong></span> <span class='ocrx_word' id='word_1_81' title='bbox 1220 1125 1441 1193; x_wconf 79' lang='lat' dir='ltr'><strong>quando</strong></span> <span class='ocrx_word' id='word_1_82' title='bbox 1479 1124 1595 1195; x_wconf 90' lang='lat' dir='ltr'><strong>ipse</strong></span> <span class='ocrx_word' id='word_1_83' title='bbox 1620 1126 1672 1179; x_wconf 87' lang='lat' dir='ltr'><strong>iu</strong></span> <span class='ocrx_word' id='word_1_84' title='bbox 1705 1124 1945 1181; x_wconf 80' lang='lat' dir='ltr'><strong>Ecclesia</strong></span> <span class='ocrx_word' id='word_1_85' title='bbox 1967 1142 2073 1182; x_wconf 90' lang='lat' dir='ltr'><strong>non</strong></span> 
     </span>
    </p>
   </div>
   <div class='ocr_carea' id='block_1_13' title="bbox 474 1213 2076 1287">
    <p class='ocr_par' dir='ltr' id='par_1_13' title="bbox 474 1213 2076 1287">
     <span class='ocr_line' id='line_1_13' title="bbox 474 1213 2076 1287; baseline 0.006 -22"><span class='ocrx_word' id='word_1_86' title='bbox 474 1213 569 1279; x_wconf 88' lang='lat' dir='ltr'><strong>sit,</strong></span> <span class='ocrx_word' id='word_1_87' title='bbox 601 1215 767 1270; x_wconf 86' lang='lat' dir='ltr'><strong>inuno</strong></span> <span class='ocrx_word' id='word_1_88' title='bbox 804 1214 983 1270; x_wconf 86' lang='lat' dir='ltr'><strong>adhuc</strong></span> <span class='ocrx_word' id='word_1_89' title='bbox 1021 1216 1243 1287; x_wconf 89' lang='lat' dir='ltr'><strong>insuper</strong></span> <span class='ocrx_word' id='word_1_90' title='bbox 1283 1226 1475 1271; x_wconf 86' lang='lat' dir='ltr'><strong>contra</strong></span> <span class='ocrx_word' id='word_1_91' title='bbox 1521 1216 1820 1272; x_wconf 82' lang='lat' dir='ltr'><strong>Ecclesium</strong></span> <span class='ocrx_word' id='word_1_92' title='bbox 1859 1218 2076 1275; x_wconf 81' lang='lat' dir='ltr'><strong>rebellis</strong></span> 
     </span>
    </p>
   </div>
   <div class='ocr_carea' id='block_1_14' title="bbox 475 1306 2073 1379">
    <p class='ocr_par' dir='ltr' id='par_1_14' title="bbox 475 1306 2073 1379">
     <span class='ocr_line' id='line_1_14' title="bbox 475 1306 2073 1379; baseline 0.004 -18"><span class='ocrx_word' id='word_1_93' title='bbox 475 1315 531 1361; x_wconf 87' lang='lat' dir='ltr'><strong>et</strong></span> <span class='ocrx_word' id='word_1_94' title='bbox 554 1306 723 1362; x_wconf 89' lang='lat' dir='ltr'><strong>hostis</strong></span> <span class='ocrx_word' id='word_1_95' title='bbox 745 1306 1010 1363; x_wconf 85' lang='lat' dir='ltr'><strong>extiterit.</strong></span> <span class='ocrx_word' id='word_1_96' title='bbox 1037 1307 1229 1365; x_wconf 86' lang='lat' dir='ltr'><strong>Sciens</strong></span> <span class='ocrx_word' id='word_1_97' title='bbox 1244 1309 1444 1364; x_wconf 89' lang='lat' dir='ltr'><strong>ctenim</strong></span> <span class='ocrx_word' id='word_1_98' title='bbox 1459 1324 1623 1364; x_wconf 90' lang='lat' dir='ltr'><strong>unum</strong></span> <span class='ocrx_word' id='word_1_99' title='bbox 1643 1323 1764 1365; x_wconf 82' lang='lat' dir='ltr'><strong>esse</strong></span> <span class='ocrx_word' id='word_1_100' title='bbox 1786 1310 2073 1379; x_wconf 82' lang='lat' dir='ltr'><strong>baptisma,</strong></span> 
     </span>
    </p>
   </div>
   <div class='ocr_carea' id='block_1_15' title="bbox 477 1398 2073 1473">
    <p class='ocr_par' dir='ltr' id='par_1_15' title="bbox 477 1398 2073 1473">
     <span class='ocr_line' id='line_1_15' title="bbox 477 1398 2073 1473; baseline 0.005 -20"><span class='ocrx_word' id='word_1_101' title='bbox 477 1398 582 1455; x_wconf 88' lang='lat' dir='ltr'><strong>hoc</strong></span> <span class='ocrx_word' id='word_1_102' title='bbox 609 1417 769 1454; x_wconf 88' lang='lat' dir='ltr'><strong>unum</strong></span> <span class='ocrx_word' id='word_1_103' title='bbox 794 1402 893 1456; x_wconf 89' lang='lat' dir='ltr'><strong>sibi</strong></span> <span class='ocrx_word' id='word_1_104' title='bbox 928 1402 1166 1458; x_wconf 84' lang='lat' dir='ltr'><strong>vindicat</strong></span> <span class='ocrx_word' id='word_1_105' title='bbox 1206 1414 1262 1458; x_wconf 79' lang='grc' dir='ltr'><strong>ιιι</strong></span> <span class='ocrx_word' id='word_1_106' title='bbox 1302 1402 1444 1473; x_wconf 87' lang='lat' dir='ltr'><strong>apud</strong></span> <span class='ocrx_word' id='word_1_107' title='bbox 1476 1417 1537 1459; x_wconf 83' lang='lat' dir='ltr'><strong>se</strong></span> <span class='ocrx_word' id='word_1_108' title='bbox 1587 1419 1709 1460; x_wconf 86' lang='lat' dir='ltr'><strong>esse</strong></span> <span class='ocrx_word' id='word_1_109' title='bbox 1774 1403 2073 1461; x_wconf 74' lang='lat' dir='ltr'><strong>Ecclesium</strong></span> 
     </span>
    </p>
   </div>
   <div class='ocr_carea' id='block_1_16' title="bbox 476 1490 2074 1568">
    <p class='ocr_par' dir='ltr' id='par_1_16' title="bbox 476 1490 2074 1568">
     <span class='ocr_line' id='line_1_16' title="bbox 476 1490 2074 1568; baseline 0.006 -23"><span class='ocrx_word' id='word_1_110' title='bbox 476 1490 622 1547; x_wconf 86' lang='lat' dir='ltr'><strong>dicat</strong></span> <span class='ocrx_word' id='word_1_111' title='bbox 650 1502 702 1547; x_wconf 90' lang='lat' dir='ltr'><strong>et</strong></span> <span class='ocrx_word' id='word_1_112' title='bbox 734 1510 833 1547; x_wconf 88' lang='lat' dir='ltr'><strong>nos</strong></span> <span class='ocrx_word' id='word_1_113' title='bbox 865 1492 1149 1550; x_wconf 73' lang='lat' dir='ltr'><strong>luereticos</strong></span> <span class='ocrx_word' id='word_1_114' title='bbox 1173 1496 1351 1550; x_wconf 79' lang='lat' dir='ltr'><strong>iaciat.</strong></span> <span class='ocrx_word' id='word_1_115' title='bbox 1383 1494 1492 1551; x_wconf 87' lang='lat' dir='ltr'><strong>Nos</strong></span> <span class='ocrx_word' id='word_1_116' title='bbox 1521 1505 1728 1560; x_wconf 86' lang='lat' dir='ltr'><strong>autem,</strong></span> <span class='ocrx_word' id='word_1_117' title='bbox 1760 1497 1851 1568; x_wconf 91' lang='lat' dir='ltr'><strong>qui</strong></span> <span class='ocrx_word' id='word_1_118' title='bbox 1881 1497 2074 1554; x_wconf 84' lang='lat' dir='ltr'><strong>Eccle-</strong></span> 
     </span>
    </p>
   </div>
   <div class='ocr_carea' id='block_1_17' title="bbox 474 1586 2075 1661">
    <p class='ocr_par' dir='ltr' id='par_1_17' title="bbox 474 1586 2075 1661">
     <span class='ocr_line' id='line_1_17' title="bbox 474 1586 2075 1661; baseline 0.006 -22"><span class='ocrx_word' id='word_1_119' title='bbox 474 1586 571 1642; x_wconf 75' lang='lat' dir='ltr'><strong>sia:</strong></span> <span class='ocrx_word' id='word_1_120' title='bbox 592 1588 750 1641; x_wconf 91' lang='lat' dir='ltr'><strong>unius</strong></span> <span class='ocrx_word' id='word_1_121' title='bbox 781 1598 941 1657; x_wconf 85' lang='lat' dir='ltr'><strong>caput</strong></span> <span class='ocrx_word' id='word_1_122' title='bbox 969 1597 1023 1644; x_wconf 91' lang='lat' dir='ltr'><strong>et</strong></span> <span class='ocrx_word' id='word_1_123' title='bbox 1054 1588 1290 1645; x_wconf 86' lang='lat' dir='ltr'><strong>radicem</strong></span> <span class='ocrx_word' id='word_1_124' title='bbox 1320 1599 1598 1659; x_wconf 91' lang='lat' dir='ltr'><strong>tenemus,</strong></span> <span class='ocrx_word' id='word_1_125' title='bbox 1647 1606 1744 1661; x_wconf 91' lang='lat' dir='ltr'><strong>pro</strong></span> <span class='ocrx_word' id='word_1_126' title='bbox 1768 1601 1920 1645; x_wconf 90' lang='lat' dir='ltr'><strong>certo</strong></span> <span class='ocrx_word' id='word_1_127' title='bbox 1963 1591 2075 1648; x_wconf 90' lang='lat' dir='ltr'><strong>sci-</strong></span> 
     </span>
    </p>
   </div>
   <div class='ocr_carea' id='block_1_18' title="bbox 476 1682 2076 1755">
    <p class='ocr_par' dir='ltr' id='par_1_18' title="bbox 476 1682 2076 1755">
     <span class='ocr_line' id='line_1_18' title="bbox 476 1682 2076 1755; baseline 0.005 -19"><span class='ocrx_word' id='word_1_128' title='bbox 476 1696 598 1737; x_wconf 86' lang='lat' dir='ltr'><strong>mus</strong></span> <span class='ocrx_word' id='word_1_129' title='bbox 622 1694 678 1738; x_wconf 91' lang='lat' dir='ltr'><strong>et</strong></span> <span class='ocrx_word' id='word_1_130' title='bbox 701 1682 915 1739; x_wconf 81' lang='lat' dir='ltr'><strong>ﬁdimus</strong></span> <span class='ocrx_word' id='word_1_131' title='bbox 941 1683 1074 1740; x_wconf 84' lang='lat' dir='ltr'><strong>nihil</strong></span> <span class='ocrx_word' id='word_1_132' title='bbox 1103 1686 1180 1740; x_wconf 89' lang='lat' dir='ltr'><strong>illi</strong></span> <span class='ocrx_word' id='word_1_133' title='bbox 1203 1697 1355 1741; x_wconf 80' lang='lat' dir='ltr'><strong>extra</strong></span> <span class='ocrx_word' id='word_1_134' title='bbox 1412 1686 1712 1743; x_wconf 83' lang='lat' dir='ltr'><strong>Ecclesium</strong></span> <span class='ocrx_word' id='word_1_135' title='bbox 1759 1688 1925 1744; x_wconf 90' lang='lat' dir='ltr'><strong>licere</strong></span> <span class='ocrx_word' id='word_1_136' title='bbox 1945 1730 1961 1755; x_wconf 93' lang='lat'><strong>,</strong></span> <span class='ocrx_word' id='word_1_137' title='bbox 2019 1699 2076 1744; x_wconf 85' lang='lat' dir='ltr'><strong>et</strong></span> 
     </span>
    </p>
   </div>
   <div class='ocr_carea' id='block_1_19' title="bbox 2180 466 3741 539">
    <p class='ocr_par' dir='ltr' id='par_1_19' title="bbox 2180 466 3741 539">
     <span class='ocr_line' id='line_1_19' title="bbox 2180 466 3741 539; baseline 0.002 -17"><span class='ocrx_word' id='word_1_138' title='bbox 2180 466 2290 522; x_wconf 88' lang='lat' dir='ltr'><strong>sint</strong></span> <span class='ocrx_word' id='word_1_139' title='bbox 2314 476 2369 523; x_wconf 89' lang='lat' dir='ltr'><strong>et</strong></span> <span class='ocrx_word' id='word_1_140' title='bbox 2418 469 2577 538; x_wconf 83' lang='lat' dir='ltr'><strong>longa</strong></span> <span class='ocrx_word' id='word_1_141' title='bbox 2604 477 2737 522; x_wconf 82' lang='lat' dir='ltr'><strong>actas</strong></span> <span class='ocrx_word' id='word_1_142' title='bbox 2764 483 2829 522; x_wconf 84' lang='lat' dir='ltr'><strong>ex</strong></span> <span class='ocrx_word' id='word_1_143' title='bbox 2860 482 2968 538; x_wconf 89' lang='lat' dir='ltr'><strong>quo</strong></span> <span class='ocrx_word' id='word_1_144' title='bbox 2997 468 3098 523; x_wconf 91' lang='lat' dir='ltr'><strong>sub</strong></span> <span class='ocrx_word' id='word_1_145' title='bbox 3128 467 3428 539; x_wconf 83' lang='lat' dir='ltr'><strong>Agrippino</strong></span> <span class='ocrx_word' id='word_1_146' title='bbox 3456 468 3603 523; x_wconf 75' lang='lat' dir='ltr'><strong>bonzr</strong></span> <span class='ocrx_word' id='word_1_147' title='bbox 3642 485 3741 525; x_wconf 83' lang='lat' dir='ltr'><strong>me-</strong></span> 
     </span>
    </p>
   </div>
   <div class='ocr_carea' id='block_1_20' title="bbox 2180 561 3743 631">
    <p class='ocr_par' dir='ltr' id='par_1_20' title="bbox 2180 561 3743 631">
     <span class='ocr_line' id='line_1_20' title="bbox 2180 561 3743 631; baseline 0.003 -15"><span class='ocrx_word' id='word_1_148' title='bbox 2180 562 2371 617; x_wconf 68' lang='lat' dir='ltr'><strong>moria:</strong></span> <span class='ocrx_word' id='word_1_149' title='bbox 2402 561 2522 616; x_wconf 89' lang='lat' dir='ltr'><strong>viro</strong></span> <span class='ocrx_word' id='word_1_150' title='bbox 2551 561 2941 617; x_wconf 81' lang='lat' dir='ltr'><strong>convenientes</strong></span> <span class='ocrx_word' id='word_1_151' title='bbox 2985 562 3038 616; x_wconf 94' lang='lat' dir='ltr'><strong>in</strong></span> <span class='ocrx_word' id='word_1_152' title='bbox 3070 576 3235 616; x_wconf 91' lang='lat' dir='ltr'><strong>unum</strong></span> <span class='ocrx_word' id='word_1_153' title='bbox 3263 561 3501 631; x_wconf 85' lang='lat' dir='ltr'><strong>episcopi</strong></span> <span class='ocrx_word' id='word_1_154' title='bbox 3550 562 3743 631; x_wconf 78' lang='lat' dir='ltr'><strong>plurimi</strong></span> 
     </span>
    </p>
   </div>
   <div class='ocr_carea' id='block_1_21' title="bbox 2178 650 3742 722">
    <p class='ocr_par' dir='ltr' id='par_1_21' title="bbox 2178 650 3742 722">
     <span class='ocr_line' id='line_1_21' title="bbox 2178 650 3742 722; baseline 0.003 -16"><span class='ocrx_word' id='word_1_155' title='bbox 2178 650 2283 710; x_wconf 87' lang='lat' dir='ltr'><strong>hoc</strong></span> <span class='ocrx_word' id='word_1_156' title='bbox 2313 657 2603 708; x_wconf 89' lang='lat' dir='ltr'><strong>statuerint</strong></span> <span class='ocrx_word' id='word_1_157' title='bbox 2622 693 2639 720; x_wconf 93' lang='lat'><strong>,</strong></span> <span class='ocrx_word' id='word_1_158' title='bbox 2663 662 2829 722; x_wconf 85' lang='lat' dir='ltr'><strong>atque</strong></span> <span class='ocrx_word' id='word_1_159' title='bbox 2850 651 3048 709; x_wconf 88' lang='lat' dir='ltr'><strong>exinde</strong></span> <span class='ocrx_word' id='word_1_160' title='bbox 3078 654 3130 707; x_wconf 93' lang='lat' dir='ltr'><strong>in</strong></span> <span class='ocrx_word' id='word_1_161' title='bbox 3157 652 3479 709; x_wconf 89' lang='lat' dir='ltr'><strong>hodiernum</strong></span> <span class='ocrx_word' id='word_1_162' title='bbox 3503 661 3578 708; x_wconf 80' lang='lat' dir='ltr'><strong>tot</strong></span> <span class='ocrx_word' id='word_1_163' title='bbox 3599 654 3742 711; x_wconf 84' lang='lat' dir='ltr'><strong>millia</strong></span> 
     </span>
    </p>
   </div>
   <div class='ocr_carea' id='block_1_22' title="bbox 2180 744 3745 817">
    <p class='ocr_par' dir='ltr' id='par_1_22' title="bbox 2180 744 3745 817">
     <span class='ocr_line' id='line_1_22' title="bbox 2180 744 3745 817; baseline 0.001 -17"><span class='ocrx_word' id='word_1_164' title='bbox 2180 745 2559 801; x_wconf 63' lang='lat' dir='ltr'><strong>haereticorum</strong></span> <span class='ocrx_word' id='word_1_165' title='bbox 2592 748 2644 801; x_wconf 91' lang='lat' dir='ltr'><strong>in</strong></span> <span class='ocrx_word' id='word_1_166' title='bbox 2677 744 2973 817; x_wconf 83' lang='lat' dir='ltr'><strong>provinciis</strong></span> <span class='ocrx_word' id='word_1_167' title='bbox 3016 746 3187 801; x_wconf 78' lang='lat' dir='ltr'><strong>nostri</strong></span> <span class='ocrx_word' id='word_1_168' title='bbox 3217 745 3284 801; x_wconf 87' lang='lat' dir='ltr'><strong>ad</strong></span> <span class='ocrx_word' id='word_1_169' title='bbox 3318 745 3605 802; x_wconf 74' lang='lat' dir='ltr'><strong>Ecclesium</strong></span> <span class='ocrx_word' id='word_1_170' title='bbox 3634 761 3745 802; x_wconf 78' lang='lat' dir='ltr'><strong>con-</strong></span> 
     </span>
    </p>
   </div>
   <div class='ocr_carea' id='block_1_23' title="bbox 2179 838 3749 909">
    <p class='ocr_par' dir='ltr' id='par_1_23' title="bbox 2179 838 3749 909">
     <span class='ocr_line' id='line_1_23' title="bbox 2179 838 3749 909; baseline 0.001 -17"><span class='ocrx_word' id='word_1_171' title='bbox 2179 839 2347 900; x_wconf 84' lang='lat' dir='ltr'><strong>versi,</strong></span> <span class='ocrx_word' id='word_1_172' title='bbox 2382 848 2405 876; x_wconf 74' lang='grc' dir='ltr'><strong>θ</strong></span> <span class='ocrx_word' id='word_1_173' title='bbox 2435 854 2544 894; x_wconf 88' lang='lat' dir='ltr'><strong>non</strong></span> <span class='ocrx_word' id='word_1_174' title='bbox 2576 839 2851 908; x_wconf 85' lang='lat' dir='ltr'><strong>aspernati</strong></span> <span class='ocrx_word' id='word_1_175' title='bbox 2884 838 2995 894; x_wconf 89' lang='lat' dir='ltr'><strong>sint</strong></span> <span class='ocrx_word' id='word_1_176' title='bbox 3034 852 3211 909; x_wconf 89' lang='lat' dir='ltr'><strong>neque</strong></span> <span class='ocrx_word' id='word_1_177' title='bbox 3238 838 3499 904; x_wconf 85' lang='lat' dir='ltr'><strong>cunctati,</strong></span> <span class='ocrx_word' id='word_1_178' title='bbox 3527 840 3678 894; x_wconf 85' lang='lat' dir='ltr'><strong>immo</strong></span> <span class='ocrx_word' id='word_1_179' title='bbox 3700 848 3749 894; x_wconf 88' lang='lat' dir='ltr'><strong>et</strong></span> 
     </span>
    </p>
   </div>
   <div class='ocr_carea' id='block_1_24' title="bbox 2179 931 3745 1002">
    <p class='ocr_par' dir='ltr' id='par_1_24' title="bbox 2179 931 3745 1002">
     <span class='ocr_line' id='line_1_24' title="bbox 2179 931 3745 1002; baseline 0.001 -15"><span class='ocrx_word' id='word_1_180' title='bbox 2179 931 2577 988; x_wconf 85' lang='lat' dir='ltr'><strong>rationabiliter</strong></span> <span class='ocrx_word' id='word_1_181' title='bbox 2590 945 2642 986; x_wconf 90' lang='lat' dir='ltr'><strong>et</strong></span> <span class='ocrx_word' id='word_1_182' title='bbox 2664 931 2898 987; x_wconf 89' lang='lat' dir='ltr'><strong>libenter</strong></span> <span class='ocrx_word' id='word_1_183' title='bbox 2913 932 3147 1002; x_wconf 82' lang='lat' dir='ltr'><strong>amplexi</strong></span> <span class='ocrx_word' id='word_1_184' title='bbox 3163 932 3275 986; x_wconf 91' lang='lat' dir='ltr'><strong>sint</strong></span> <span class='ocrx_word' id='word_1_185' title='bbox 3301 942 3358 985; x_wconf 90' lang='lat' dir='ltr'><strong>ut</strong></span> <span class='ocrx_word' id='word_1_186' title='bbox 3379 932 3574 986; x_wconf 74' lang='lat' dir='ltr'><strong>livacri</strong></span> <span class='ocrx_word' id='word_1_187' title='bbox 3597 931 3745 989; x_wconf 79' lang='lat' dir='ltr'><strong>vitalis</strong></span> 
     </span>
    </p>
   </div>
   <div class='ocr_carea' id='block_1_25' title="bbox 2177 1021 3746 1095">
    <p class='ocr_par' dir='ltr' id='par_1_25' title="bbox 2177 1021 3746 1095">
     <span class='ocr_line' id='line_1_25' title="bbox 2177 1021 3746 1095; baseline -0.001 -16"><span class='ocrx_word' id='word_1_188' title='bbox 2177 1033 2233 1079; x_wconf 86' lang='lat' dir='ltr'><strong>et</strong></span> <span class='ocrx_word' id='word_1_189' title='bbox 2262 1025 2510 1079; x_wconf 84' lang='lat' dir='ltr'><strong>salutaris</strong></span> <span class='ocrx_word' id='word_1_190' title='bbox 2533 1022 2797 1092; x_wconf 85' lang='lat' dir='ltr'><strong>Baptismi</strong></span> <span class='ocrx_word' id='word_1_191' title='bbox 2823 1024 3051 1095; x_wconf 81' lang='lat' dir='ltr'><strong>gratiam</strong></span> <span class='ocrx_word' id='word_1_192' title='bbox 3080 1034 3568 1093; x_wconf 77' lang='lat' dir='ltr'><strong>consequerentur.</strong></span> <span class='ocrx_word' id='word_1_193' title='bbox 3592 1021 3746 1092; x_wconf 83' lang='lat' dir='ltr'><strong>Neque</strong></span> 
     </span>
    </p>
   </div>
   <div class='ocr_carea' id='block_1_26' title="bbox 2176 1114 3739 1189">
    <p class='ocr_par' dir='ltr' id='par_1_26' title="bbox 2176 1114 3739 1189">
     <span class='ocr_line' id='line_1_26' title="bbox 2176 1114 3739 1189; baseline -0.001 -17"><span class='ocrx_word' id='word_1_194' title='bbox 2176 1118 2320 1172; x_wconf 89' lang='lat' dir='ltr'><strong>enim</strong></span> <span class='ocrx_word' id='word_1_195' title='bbox 2346 1114 2566 1171; x_wconf 82' lang='lat' dir='ltr'><strong>diflicile</strong></span> <span class='ocrx_word' id='word_1_196' title='bbox 2586 1126 2672 1170; x_wconf 87' lang='lat' dir='ltr'><strong>est</strong></span> <span class='ocrx_word' id='word_1_197' title='bbox 2696 1114 2906 1170; x_wconf 89' lang='lat' dir='ltr'><strong>doctori</strong></span> <span class='ocrx_word' id='word_1_198' title='bbox 2938 1131 3061 1189; x_wconf 72' lang='lat' dir='ltr'><strong>vera</strong></span> <span class='ocrx_word' id='word_1_199' title='bbox 3093 1124 3150 1170; x_wconf 84' lang='lat' dir='ltr'><strong>et</strong></span> <span class='ocrx_word' id='word_1_200' title='bbox 3174 1115 3412 1186; x_wconf 78' lang='lat' dir='ltr'><strong>legitima</strong></span> <span class='ocrx_word' id='word_1_201' title='bbox 3446 1114 3701 1171; x_wconf 81' lang='lat' dir='ltr'><strong>insinuare</strong></span> <span class='ocrx_word' id='word_1_202' title='bbox 3724 1114 3739 1153; x_wconf 76' lang='grc' dir='ltr'><strong>ί</strong></span> 
     </span>
    </p>
   </div>
   <div class='ocr_carea' id='block_1_27' title="bbox 2177 1208 3749 1282">
    <p class='ocr_par' dir='ltr' id='par_1_27' title="bbox 2177 1208 3749 1282">
     <span class='ocr_line' id='line_1_27' title="bbox 2177 1208 3749 1282; baseline -0.001 -16"><span class='ocrx_word' id='word_1_203' title='bbox 2177 1211 2225 1266; x_wconf 90' lang='lat' dir='ltr'><strong>ei</strong></span> <span class='ocrx_word' id='word_1_204' title='bbox 2247 1212 2336 1282; x_wconf 92' lang='lat' dir='ltr'><strong>qui</strong></span> <span class='ocrx_word' id='word_1_205' title='bbox 2368 1209 2619 1266; x_wconf 75' lang='lat' dir='ltr'><strong>hteretica</strong></span> <span class='ocrx_word' id='word_1_206' title='bbox 2667 1210 2931 1279; x_wconf 76' lang='lat' dir='ltr'><strong>pravitate</strong></span> <span class='ocrx_word' id='word_1_207' title='bbox 2974 1209 3269 1275; x_wconf 88' lang='lat' dir='ltr'><strong>damnata,</strong></span> <span class='ocrx_word' id='word_1_208' title='bbox 3309 1218 3365 1265; x_wconf 89' lang='lat' dir='ltr'><strong>et</strong></span> <span class='ocrx_word' id='word_1_209' title='bbox 3413 1208 3749 1265; x_wconf 83' lang='lat' dir='ltr'><strong>ecclesiastica</strong></span> 
     </span>
    </p>
   </div>
   <div class='ocr_carea' id='block_1_28' title="bbox 2179 1301 3750 1372">
    <p class='ocr_par' dir='ltr' id='par_1_28' title="bbox 2179 1301 3750 1372">
     <span class='ocr_line' id='line_1_28' title="bbox 2179 1301 3750 1372; baseline 0 -15"><span class='ocrx_word' id='word_1_210' title='bbox 2179 1305 2403 1358; x_wconf 83' lang='lat' dir='ltr'><strong>veritate</strong></span> <span class='ocrx_word' id='word_1_211' title='bbox 2430 1312 2709 1372; x_wconf 89' lang='lat' dir='ltr'><strong>comperta</strong></span> <span class='ocrx_word' id='word_1_212' title='bbox 2728 1343 2743 1366; x_wconf 90' lang='lat'><strong>,</strong></span> <span class='ocrx_word' id='word_1_213' title='bbox 2772 1302 2838 1356; x_wconf 89' lang='lat' dir='ltr'><strong>ad</strong></span> <span class='ocrx_word' id='word_1_214' title='bbox 2872 1301 2976 1357; x_wconf 88' lang='lat' dir='ltr'><strong>hoc</strong></span> <span class='ocrx_word' id='word_1_215' title='bbox 3005 1302 3153 1358; x_wconf 85' lang='lat' dir='ltr'><strong>venit</strong></span> <span class='ocrx_word' id='word_1_216' title='bbox 3180 1312 3223 1351; x_wconf 71' lang='grc' dir='ltr'><strong>Β.</strong></span> <span class='ocrx_word' id='word_1_217' title='bbox 3239 1313 3296 1356; x_wconf 88' lang='grc' dir='ltr'><strong>ιιι</strong></span> <span class='ocrx_word' id='word_1_218' title='bbox 3324 1302 3534 1368; x_wconf 58' lang='lat' dir='ltr'><strong>discat,</strong></span> <span class='ocrx_word' id='word_1_219' title='bbox 3566 1302 3630 1356; x_wconf 88' lang='lat' dir='ltr'><strong>ad</strong></span> <span class='ocrx_word' id='word_1_220' title='bbox 3667 1301 3750 1357; x_wconf 89' lang='lat' dir='ltr'><strong>hoc</strong></span> 
     </span>
    </p>
   </div>
   <div class='ocr_carea' id='block_1_29' title="bbox 2179 1392 3749 1466">
    <p class='ocr_par' dir='ltr' id='par_1_29' title="bbox 2179 1392 3749 1466">
     <span class='ocr_line' id='line_1_29' title="bbox 2179 1392 3749 1466; baseline 0 -14"><span class='ocrx_word' id='word_1_221' title='bbox 2179 1396 2340 1453; x_wconf 85' lang='lat' dir='ltr'><strong>discit</strong></span> <span class='ocrx_word' id='word_1_222' title='bbox 2367 1406 2425 1452; x_wconf 91' lang='lat' dir='ltr'><strong>ut</strong></span> <span class='ocrx_word' id='word_1_223' title='bbox 2448 1398 2612 1452; x_wconf 89' lang='lat' dir='ltr'><strong>vivat.</strong></span> <span class='ocrx_word' id='word_1_224' title='bbox 2647 1396 2756 1451; x_wconf 85' lang='lat' dir='ltr'><strong>Nos</strong></span> <span class='ocrx_word' id='word_1_225' title='bbox 2787 1411 2894 1452; x_wconf 91' lang='lat' dir='ltr'><strong>non</strong></span> <span class='ocrx_word' id='word_1_226' title='bbox 2925 1395 3190 1453; x_wconf 80' lang='lat' dir='ltr'><strong>debemus</strong></span> <span class='ocrx_word' id='word_1_227' title='bbox 3231 1406 3516 1466; x_wconf 87' lang='lat' dir='ltr'><strong>stuporem</strong></span> <span class='ocrx_word' id='word_1_228' title='bbox 3548 1392 3577 1432; x_wconf 69' lang='grc' dir='ltr'>ιι</span> <span class='ocrx_word' id='word_1_229' title='bbox 3606 1399 3749 1452; x_wconf 60' lang='lat' dir='ltr'><strong>haec</strong></span> 
     </span>
    </p>
   </div>
   <div class='ocr_carea' id='block_1_30' title="bbox 2179 1487 3751 1559">
    <p class='ocr_par' dir='ltr' id='par_1_30' title="bbox 2179 1487 3751 1559">
     <span class='ocr_line' id='line_1_30' title="bbox 2179 1487 3751 1559; baseline 0 -15"><span class='ocrx_word' id='word_1_230' title='bbox 2179 1490 2300 1545; x_wconf 90' lang='lat' dir='ltr'><strong>ticis</strong></span> <span class='ocrx_word' id='word_1_231' title='bbox 2329 1489 2627 1558; x_wconf 86' lang='lat' dir='ltr'><strong>patrocinio</strong></span> <span class='ocrx_word' id='word_1_232' title='bbox 2642 1503 2945 1544; x_wconf 82' lang='lat' dir='ltr'><strong>consensus</strong></span> <span class='ocrx_word' id='word_1_233' title='bbox 2972 1489 3141 1544; x_wconf 90' lang='lat' dir='ltr'><strong>nostri</strong></span> <span class='ocrx_word' id='word_1_234' title='bbox 3163 1503 3385 1559; x_wconf 84' lang='lat' dir='ltr'><strong>augere,</strong></span> <span class='ocrx_word' id='word_1_235' title='bbox 3407 1503 3532 1543; x_wconf 91' lang='lat' dir='ltr'><strong>cum</strong></span> <span class='ocrx_word' id='word_1_236' title='bbox 3550 1487 3751 1544; x_wconf 81' lang='lat' dir='ltr'><strong>libenter</strong></span> 
     </span>
    </p>
   </div>
   <div class='ocr_carea' id='block_1_31' title="bbox 2178 1581 3188 1652">
    <p class='ocr_par' dir='ltr' id='par_1_31' title="bbox 2178 1581 3188 1652">
     <span class='ocr_line' id='line_1_31' title="bbox 2178 1581 3188 1652; baseline 0.003 -17"><span class='ocrx_word' id='word_1_237' title='bbox 2178 1596 2242 1638; x_wconf 91' lang='lat' dir='ltr'><strong>ac</strong></span> <span class='ocrx_word' id='word_1_238' title='bbox 2269 1590 2518 1652; x_wconf 87' lang='lat' dir='ltr'><strong>prompte</strong></span> <span class='ocrx_word' id='word_1_239' title='bbox 2540 1581 2925 1652; x_wconf 89' lang='lat' dir='ltr'><strong>obtemperant</strong></span> <span class='ocrx_word' id='word_1_240' title='bbox 2954 1581 3188 1638; x_wconf 88' lang='lat' dir='ltr'><strong>veritati.</strong></span> 
     </span>
    </p>
   </div>
   <div class='ocr_carea' id='block_1_32' title="bbox 2249 1691 3740 1763">
    <p class='ocr_par' dir='ltr' id='par_1_32' title="bbox 2249 1691 3740 1763">
     <span class='ocr_line' id='line_1_32' title="bbox 2249 1691 3740 1763; baseline -0.002 -15"><span class='ocrx_word' id='word_1_241' title='bbox 2249 1692 2341 1749; x_wconf 92' lang='lat' dir='ltr'><strong>lV.</strong></span> <span class='ocrx_word' id='word_1_242' title='bbox 2380 1692 2567 1760; x_wconf 88' lang='lat' dir='ltr'><strong>Plane,</strong></span> <span class='ocrx_word' id='word_1_243' title='bbox 2586 1692 2842 1763; x_wconf 88' lang='lat' dir='ltr'><strong>quoniam</strong></span> <span class='ocrx_word' id='word_1_244' title='bbox 2864 1691 3045 1748; x_wconf 74' lang='lat' dir='ltr'><strong>inveni</strong></span> <span class='ocrx_word' id='word_1_245' title='bbox 3077 1692 3129 1746; x_wconf 90' lang='lat' dir='ltr'><strong>in</strong></span> <span class='ocrx_word' id='word_1_246' title='bbox 3155 1691 3387 1762; x_wconf 87' lang='lat' dir='ltr'><strong>epistola</strong></span> <span class='ocrx_word' id='word_1_247' title='bbox 3408 1691 3567 1762; x_wconf 91' lang='lat' dir='ltr'><strong>cujus</strong></span> <span class='ocrx_word' id='word_1_248' title='bbox 3583 1706 3740 1747; x_wconf 60' lang='lat' dir='ltr'><strong>exere.</strong></span> 
     </span>
    </p>
   </div>
   <div class='ocr_carea' id='block_1_33' title="bbox 471 1775 3754 1857">
    <p class='ocr_par' dir='ltr' id='par_1_33' title="bbox 471 1775 3754 1857">
     <span class='ocr_line' id='line_1_33' title="bbox 471 1775 3754 1857; baseline 0.003 -27"><span class='ocrx_word' id='word_1_249' title='bbox 471 1775 749 1846; x_wconf 86' lang='lat' dir='ltr'><strong>Baptisma</strong></span> <span class='ocrx_word' id='word_1_250' title='bbox 793 1785 819 1815; x_wconf 72' lang='grc' dir='ltr'>ε</span> <span class='ocrx_word' id='word_1_251' title='bbox 862 1777 1007 1847; x_wconf 90' lang='lat' dir='ltr'><strong>quod</strong></span> <span class='ocrx_word' id='word_1_252' title='bbox 1038 1788 1123 1832; x_wconf 81' lang='lat' dir='ltr'><strong>est</strong></span> <span class='ocrx_word' id='word_1_253' title='bbox 1151 1794 1316 1834; x_wconf 90' lang='lat' dir='ltr'><strong>unum</strong></span> <span class='ocrx_word' id='word_1_254' title='bbox 1336 1824 1350 1847; x_wconf 92' lang='lat'><strong>,</strong></span> <span class='ocrx_word' id='word_1_255' title='bbox 1383 1779 1523 1850; x_wconf 90' lang='lat' dir='ltr'><strong>apud</strong></span> <span class='ocrx_word' id='word_1_256' title='bbox 1556 1796 1658 1835; x_wconf 88' lang='lat' dir='ltr'><strong>nos</strong></span> <span class='ocrx_word' id='word_1_257' title='bbox 1684 1795 1806 1835; x_wconf 89' lang='lat' dir='ltr'><strong>esse</strong></span> <span class='ocrx_word' id='word_1_258' title='bbox 1826 1823 1842 1847; x_wconf 92' lang='lat'><strong>,</strong></span> <span class='ocrx_word' id='word_1_259' title='bbox 1888 1782 1976 1836; x_wconf 91' lang='lat' dir='ltr'><strong>ubi</strong></span> <span class='ocrx_word' id='word_1_260' title='bbox 2021 1791 2077 1837; x_wconf 88' lang='lat' dir='ltr'><strong>et</strong></span> <span class='ocrx_word' id='word_1_261' title='bbox 2104 1788 2154 1849; x_wconf 87' lang='lat' dir='ltr'><strong>B</strong></span> <span class='ocrx_word' id='word_1_262' title='bbox 2180 1787 2328 1857; x_wconf 88' lang='lat' dir='ltr'><strong>plum</strong></span> <span class='ocrx_word' id='word_1_263' title='bbox 2350 1785 2419 1841; x_wconf 88' lang='lat' dir='ltr'><strong>ad</strong></span> <span class='ocrx_word' id='word_1_264' title='bbox 2450 1801 2539 1855; x_wconf 85' lang='lat' dir='ltr'><strong>me</strong></span> <span class='ocrx_word' id='word_1_265' title='bbox 2562 1785 2944 1851; x_wconf 87' lang='lat' dir='ltr'><strong>transmisisti,</strong></span> <span class='ocrx_word' id='word_1_266' title='bbox 2986 1785 3252 1857; x_wconf 86' lang='lat' dir='ltr'><strong>scriptum</strong></span> <span class='ocrx_word' id='word_1_267' title='bbox 3298 1799 3423 1840; x_wconf 86' lang='lat' dir='ltr'><strong>esse</strong></span> <span class='ocrx_word' id='word_1_268' title='bbox 3450 1785 3595 1856; x_wconf 89' lang='lat' dir='ltr'><strong>quod</strong></span> <span class='ocrx_word' id='word_1_269' title='bbox 3633 1799 3754 1854; x_wconf 68' lang='lat' dir='ltr'><strong>qua-</strong></span> 
     </span>
    </p>
   </div>
   <div class='ocr_carea' id='block_1_34' title="bbox 476 1870 2077 1945">
    <p class='ocr_par' dir='ltr' id='par_1_34' title="bbox 476 1870 2077 1945">
     <span class='ocr_line' id='line_1_34' title="bbox 476 1870 2077 1945; baseline 0.005 -22"><span class='ocrx_word' id='word_1_270' title='bbox 476 1870 595 1939; x_wconf 88' lang='lat' dir='ltr'><strong>ipse</strong></span> <span class='ocrx_word' id='word_1_271' title='bbox 621 1870 926 1941; x_wconf 88' lang='lat' dir='ltr'><strong>baptizatus</strong></span> <span class='ocrx_word' id='word_1_272' title='bbox 952 1873 1101 1942; x_wconf 89' lang='lat' dir='ltr'><strong>prius</strong></span> <span class='ocrx_word' id='word_1_273' title='bbox 1126 1873 1300 1929; x_wconf 82' lang='lat' dir='ltr'><strong>fuerat</strong></span> <span class='ocrx_word' id='word_1_274' title='bbox 1319 1916 1335 1940; x_wconf 92' lang='lat'><strong>,</strong></span> <span class='ocrx_word' id='word_1_275' title='bbox 1384 1874 1600 1945; x_wconf 86' lang='lat' dir='ltr'><strong>quando</strong></span> <span class='ocrx_word' id='word_1_276' title='bbox 1625 1876 1825 1930; x_wconf 78' lang='lat' dir='ltr'><strong>divinae</strong></span> <span class='ocrx_word' id='word_1_277' title='bbox 1855 1876 2077 1932; x_wconf 86' lang='lat' dir='ltr'><strong>unitatis</strong></span> 
     </span>
    </p>
   </div>
   <div class='ocr_carea' id='block_1_35' title="bbox 475 1965 2075 2039">
    <p class='ocr_par' dir='ltr' id='par_1_35' title="bbox 475 1965 2075 2039">
     <span class='ocr_line' id='line_1_35' title="bbox 475 1965 2075 2039; baseline 0.004 -20"><span class='ocrx_word' id='word_1_278' title='bbox 475 1976 533 2021; x_wconf 87' lang='lat' dir='ltr'><strong>et</strong></span> <span class='ocrx_word' id='word_1_279' title='bbox 557 1965 822 2022; x_wconf 83' lang='lat' dir='ltr'><strong>rationem</strong></span> <span class='ocrx_word' id='word_1_280' title='bbox 846 1978 901 2023; x_wconf 91' lang='lat' dir='ltr'><strong>et</strong></span> <span class='ocrx_word' id='word_1_281' title='bbox 925 1970 1204 2025; x_wconf 89' lang='lat' dir='ltr'><strong>veritatem</strong></span> <span class='ocrx_word' id='word_1_282' title='bbox 1230 1969 1469 2026; x_wconf 87' lang='lat' dir='ltr'><strong>tenebat.</strong></span> <span class='ocrx_word' id='word_1_283' title='bbox 1495 1970 1650 2039; x_wconf 84' lang='lat' dir='ltr'><strong>Quod</strong></span> <span class='ocrx_word' id='word_1_284' title='bbox 1677 1971 1724 2025; x_wconf 88' lang='lat' dir='ltr'><strong>si</strong></span> <span class='ocrx_word' id='word_1_285' title='bbox 1748 1971 1800 2025; x_wconf 93' lang='lat' dir='ltr'><strong>in</strong></span> <span class='ocrx_word' id='word_1_286' title='bbox 1837 1971 2075 2026; x_wconf 79' lang='lat' dir='ltr'><strong>Ecclesia</strong></span> 
     </span>
    </p>
   </div>
   <div class='ocr_carea' id='block_1_36' title="bbox 470 2059 2080 2131">
    <p class='ocr_par' dir='ltr' id='par_1_36' title="bbox 470 2059 2080 2131">
     <span class='ocr_line' id='line_1_36' title="bbox 470 2059 2080 2131; baseline 0.002 -17"><span class='ocrx_word' id='word_1_287' title='bbox 470 2059 775 2129; x_wconf 81' lang='lat' dir='ltr'><strong>baptizatos</strong></span> <span class='ocrx_word' id='word_1_288' title='bbox 800 2061 1211 2131; x_wconf 86' lang='lat' dir='ltr'><strong>rebaptizandos</strong></span> <span class='ocrx_word' id='word_1_289' title='bbox 1240 2062 1373 2117; x_wconf 78' lang='lat' dir='ltr'><strong>foris</strong></span> <span class='ocrx_word' id='word_1_290' title='bbox 1397 2074 1548 2119; x_wconf 87' lang='lat' dir='ltr'><strong>extra</strong></span> <span class='ocrx_word' id='word_1_291' title='bbox 1581 2063 1876 2119; x_wconf 85' lang='lat' dir='ltr'><strong>Ecclesium</strong></span> <span class='ocrx_word' id='word_1_292' title='bbox 1899 2062 2080 2118; x_wconf 87' lang='lat' dir='ltr'><strong>Nova-</strong></span> 
     </span>
    </p>
   </div>
   <div class='ocr_carea' id='block_1_37' title="bbox 478 2153 2080 2229">
    <p class='ocr_par' dir='ltr' id='par_1_37' title="bbox 478 2153 2080 2229">
     <span class='ocr_line' id='line_1_37' title="bbox 478 2153 2080 2229; baseline 0.004 -22"><span class='ocrx_word' id='word_1_293' title='bbox 478 2153 655 2207; x_wconf 82' lang='lat' dir='ltr'><strong>tianus</strong></span> <span class='ocrx_word' id='word_1_294' title='bbox 698 2154 1004 2218; x_wconf 80' lang='lat' dir='ltr'><strong>existimat,</strong></span> <span class='ocrx_word' id='word_1_295' title='bbox 1035 2171 1065 2209; x_wconf 92' lang='lat' dir='ltr'><strong>a</strong></span> <span class='ocrx_word' id='word_1_296' title='bbox 1108 2171 1168 2211; x_wconf 86' lang='lat' dir='ltr'><strong>se</strong></span> <span class='ocrx_word' id='word_1_297' title='bbox 1198 2155 1441 2227; x_wconf 87' lang='lat' dir='ltr'><strong>incipere</strong></span> <span class='ocrx_word' id='word_1_298' title='bbox 1484 2156 1780 2221; x_wconf 86' lang='lat' dir='ltr'><strong>debuerat,</strong></span> <span class='ocrx_word' id='word_1_299' title='bbox 1833 2167 1891 2212; x_wconf 90' lang='lat' dir='ltr'><strong>ut</strong></span> <span class='ocrx_word' id='word_1_300' title='bbox 1929 2158 2080 2229; x_wconf 86' lang='lat' dir='ltr'><strong>prior</strong></span> 
     </span>
    </p>
   </div>
   <div class='ocr_carea' id='block_1_38' title="bbox 475 2248 2078 2322">
    <p class='ocr_par' dir='ltr' id='par_1_38' title="bbox 475 2248 2078 2322">
     <span class='ocr_line' id='line_1_38' title="bbox 475 2248 2078 2322; baseline 0.003 -21"><span class='ocrx_word' id='word_1_301' title='bbox 475 2256 739 2303; x_wconf 81' lang='lat' dir='ltr'><strong>extraneo</strong></span> <span class='ocrx_word' id='word_1_302' title='bbox 783 2257 839 2303; x_wconf 91' lang='lat' dir='ltr'><strong>et</strong></span> <span class='ocrx_word' id='word_1_303' title='bbox 885 2248 1140 2304; x_wconf 63' lang='lat' dir='ltr'><strong>haeretico</strong></span> <span class='ocrx_word' id='word_1_304' title='bbox 1185 2249 1450 2319; x_wconf 89' lang='lat' dir='ltr'><strong>baptismo</strong></span> <span class='ocrx_word' id='word_1_305' title='bbox 1479 2250 1944 2319; x_wconf 83' lang='lat' dir='ltr'><strong>rebaptizaretur,</strong></span> <span class='ocrx_word' id='word_1_306' title='bbox 1985 2250 2078 2322; x_wconf 89' lang='lat' dir='ltr'><strong>qui</strong></span> 
     </span>
    </p>
   </div>
   <div class='ocr_carea' id='block_1_39' title="bbox 474 2339 2079 2413">
    <p class='ocr_par' dir='ltr' id='par_1_39' title="bbox 474 2339 2079 2413">
     <span class='ocr_line' id='line_1_39' title="bbox 474 2339 2079 2413; baseline 0.004 -22"><span class='ocrx_word' id='word_1_307' title='bbox 474 2346 601 2408; x_wconf 85' lang='lat' dir='ltr'><strong>post</strong></span> <span class='ocrx_word' id='word_1_308' title='bbox 643 2339 943 2396; x_wconf 84' lang='lat' dir='ltr'><strong>Ecclesium</strong></span> <span class='ocrx_word' id='word_1_309' title='bbox 976 2341 1142 2396; x_wconf 80' lang='lat' dir='ltr'><strong>iinmo</strong></span> <span class='ocrx_word' id='word_1_310' title='bbox 1174 2353 1230 2397; x_wconf 92' lang='lat' dir='ltr'><strong>et</strong></span> <span class='ocrx_word' id='word_1_311' title='bbox 1249 2348 1439 2397; x_wconf 88' lang='lat' dir='ltr'><strong>contra</strong></span> <span class='ocrx_word' id='word_1_312' title='bbox 1469 2340 1770 2397; x_wconf 83' lang='lat' dir='ltr'><strong>Ecclesium</strong></span> <span class='ocrx_word' id='word_1_313' title='bbox 1803 2342 2079 2413; x_wconf 82' lang='lat' dir='ltr'><strong>baptizan-</strong></span> 
     </span>
    </p>
   </div>
   <div class='ocr_carea' id='block_1_40' title="bbox 472 2432 2080 2509">
    <p class='ocr_par' dir='ltr' id='par_1_40' title="bbox 472 2432 2080 2509">
     <span class='ocr_line' id='line_1_40' title="bbox 472 2432 2080 2509; baseline 0.004 -23"><span class='ocrx_word' id='word_1_314' title='bbox 472 2433 575 2486; x_wconf 89' lang='lat' dir='ltr'><strong>dos</strong></span> <span class='ocrx_word' id='word_1_315' title='bbox 596 2432 730 2488; x_wconf 80' lang='lat' dir='ltr'><strong>foris</strong></span> <span class='ocrx_word' id='word_1_316' title='bbox 759 2434 1030 2505; x_wconf 79' lang='lat' dir='ltr'><strong>opinatur.</strong></span> <span class='ocrx_word' id='word_1_317' title='bbox 1076 2434 1247 2503; x_wconf 84' lang='lat' dir='ltr'><strong>Quale</strong></span> <span class='ocrx_word' id='word_1_318' title='bbox 1289 2448 1372 2492; x_wconf 80' lang='lat' dir='ltr'><strong>est</strong></span> <span class='ocrx_word' id='word_1_319' title='bbox 1417 2446 1596 2494; x_wconf 89' lang='lat' dir='ltr'><strong>autem</strong></span> <span class='ocrx_word' id='word_1_320' title='bbox 1653 2446 1713 2492; x_wconf 93' lang='lat' dir='ltr'><strong>ut</strong></span> <span class='ocrx_word' id='word_1_321' title='bbox 1740 2479 1755 2504; x_wconf 92' lang='lat'><strong>,</strong></span> <span class='ocrx_word' id='word_1_322' title='bbox 1797 2438 1925 2509; x_wconf 91' lang='lat' dir='ltr'><strong>quia</strong></span> <span class='ocrx_word' id='word_1_323' title='bbox 1977 2439 2080 2493; x_wconf 90' lang='lat' dir='ltr'><strong>hoc</strong></span> 
     </span>
    </p>
   </div>
   <div class='ocr_carea' id='block_1_41' title="bbox 476 2526 2080 2601">
    <p class='ocr_par' dir='ltr' id='par_1_41' title="bbox 476 2526 2080 2601">
     <span class='ocr_line' id='line_1_41' title="bbox 476 2526 2080 2601; baseline 0.002 -19"><span class='ocrx_word' id='word_1_324' title='bbox 476 2526 813 2585; x_wconf 83' lang='lat' dir='ltr'><strong>Novatianus</strong></span> <span class='ocrx_word' id='word_1_325' title='bbox 837 2531 1019 2586; x_wconf 82' lang='lat' dir='ltr'><strong>facere</strong></span> <span class='ocrx_word' id='word_1_326' title='bbox 1040 2532 1242 2597; x_wconf 87' lang='lat' dir='ltr'><strong>audet,</strong></span> <span class='ocrx_word' id='word_1_327' title='bbox 1293 2546 1393 2586; x_wconf 88' lang='lat' dir='ltr'><strong>nos</strong></span> <span class='ocrx_word' id='word_1_328' title='bbox 1424 2540 1676 2601; x_wconf 89' lang='lat' dir='ltr'><strong>putemus</strong></span> <span class='ocrx_word' id='word_1_329' title='bbox 1705 2547 1813 2587; x_wconf 93' lang='lat' dir='ltr'><strong>non</strong></span> <span class='ocrx_word' id='word_1_330' title='bbox 1853 2546 1974 2588; x_wconf 87' lang='lat' dir='ltr'><strong>esse</strong></span> <span class='ocrx_word' id='word_1_331' title='bbox 2003 2532 2080 2585; x_wconf 81' lang='lat' dir='ltr'><strong>fa-</strong></span> 
     </span>
    </p>
   </div>
   <div class='ocr_carea' id='block_1_42' title="bbox 473 2623 2079 2695">
    <p class='ocr_par' dir='ltr' id='par_1_42' title="bbox 473 2623 2079 2695">
     <span class='ocr_line' id='line_1_42' title="bbox 473 2623 2079 2695; baseline 0.001 -16"><span class='ocrx_word' id='word_1_332' title='bbox 473 2623 764 2680; x_wconf 87' lang='lat' dir='ltr'><strong>ciendum?</strong></span> <span class='ocrx_word' id='word_1_333' title='bbox 811 2624 950 2691; x_wconf 77' lang='lat' dir='ltr'><strong>Quid</strong></span> <span class='ocrx_word' id='word_1_334' title='bbox 1004 2627 1179 2695; x_wconf 79' lang='lat' dir='ltr'><strong>ergo?</strong></span> <span class='ocrx_word' id='word_1_335' title='bbox 1242 2626 1366 2695; x_wconf 91' lang='lat' dir='ltr'><strong>quia</strong></span> <span class='ocrx_word' id='word_1_336' title='bbox 1407 2636 1461 2680; x_wconf 88' lang='lat' dir='ltr'><strong>et</strong></span> <span class='ocrx_word' id='word_1_337' title='bbox 1516 2624 1780 2681; x_wconf 84' lang='lat' dir='ltr'><strong>honorem</strong></span> <span class='ocrx_word' id='word_1_338' title='bbox 1807 2625 2079 2681; x_wconf 62' lang='lat' dir='ltr'><strong>cathedras</strong></span> 
     </span>
    </p>
   </div>
   <div class='ocr_carea' id='block_1_43' title="bbox 471 2718 2081 2789">
    <p class='ocr_par' dir='ltr' id='par_1_43' title="bbox 471 2718 2081 2789">
     <span class='ocr_line' id='line_1_43' title="bbox 471 2718 2081 2789; baseline -0.001 -14"><span class='ocrx_word' id='word_1_339' title='bbox 471 2719 832 2775; x_wconf 78' lang='lat' dir='ltr'><strong>sacerdotalis</strong></span> <span class='ocrx_word' id='word_1_340' title='bbox 888 2718 1218 2775; x_wconf 90' lang='lat' dir='ltr'><strong>Novatianus</strong></span> <span class='ocrx_word' id='word_1_341' title='bbox 1249 2728 1503 2789; x_wconf 87' lang='lat' dir='ltr'><strong>usurpat,</strong></span> <span class='ocrx_word' id='word_1_342' title='bbox 1558 2736 1689 2777; x_wconf 91' lang='lat' dir='ltr'><strong>num</strong></span> <span class='ocrx_word' id='word_1_343' title='bbox 1720 2719 1926 2775; x_wconf 90' lang='lat' dir='ltr'><strong>idcirco</strong></span> <span class='ocrx_word' id='word_1_344' title='bbox 1978 2732 2081 2774; x_wconf 87' lang='lat' dir='ltr'><strong>nos</strong></span> 
     </span>
    </p>
   </div>
   <div class='ocr_carea' id='block_1_44' title="bbox 472 2814 2080 2887">
    <p class='ocr_par' dir='ltr' id='par_1_44' title="bbox 472 2814 2080 2887">
     <span class='ocr_line' id='line_1_44' title="bbox 472 2814 2080 2887; baseline 0.003 -19"><span class='ocrx_word' id='word_1_345' title='bbox 472 2814 750 2871; x_wconf 77' lang='lat' dir='ltr'><strong>cathedra:</strong></span> <span class='ocrx_word' id='word_1_346' title='bbox 782 2816 1099 2871; x_wconf 89' lang='lat' dir='ltr'><strong>renuntiare</strong></span> <span class='ocrx_word' id='word_1_347' title='bbox 1132 2815 1434 2871; x_wconf 78' lang='lat' dir='ltr'><strong>debemus?</strong></span> <span class='ocrx_word' id='word_1_348' title='bbox 1463 2816 1572 2872; x_wconf 79' lang='lat' dir='ltr'><strong>Aut</strong></span> <span class='ocrx_word' id='word_1_349' title='bbox 1595 2817 1718 2887; x_wconf 82' lang='lat' dir='ltr'><strong>quia</strong></span> <span class='ocrx_word' id='word_1_350' title='bbox 1745 2816 2080 2873; x_wconf 80' lang='lat' dir='ltr'><strong>Novatlanus</strong></span> 
     </span>
    </p>
   </div>
   <div class='ocr_carea' id='block_1_45' title="bbox 478 2909 2077 2979">
    <p class='ocr_par' dir='ltr' id='par_1_45' title="bbox 478 2909 2077 2979">
     <span class='ocr_line' id='line_1_45' title="bbox 478 2909 2077 2979; baseline 0.001 -14"><span class='ocrx_word' id='word_1_351' title='bbox 478 2910 654 2967; x_wconf 87' lang='lat' dir='ltr'><strong>altare</strong></span> <span class='ocrx_word' id='word_1_352' title='bbox 675 2909 948 2967; x_wconf 86' lang='lat' dir='ltr'><strong>collocare</strong></span> <span class='ocrx_word' id='word_1_353' title='bbox 975 2920 1030 2966; x_wconf 88' lang='lat' dir='ltr'><strong>et</strong></span> <span class='ocrx_word' id='word_1_354' title='bbox 1052 2911 1311 2966; x_wconf 88' lang='lat' dir='ltr'><strong>sacritlcia</strong></span> <span class='ocrx_word' id='word_1_355' title='bbox 1335 2910 1532 2967; x_wconf 62' lang='lat' dir='ltr'><strong>odia-re</strong></span> <span class='ocrx_word' id='word_1_356' title='bbox 1552 2920 1743 2967; x_wconf 89' lang='lat' dir='ltr'><strong>contra</strong></span> <span class='ocrx_word' id='word_1_357' title='bbox 1771 2911 1849 2967; x_wconf 79' lang='lat' dir='ltr'><strong>fas</strong></span> <span class='ocrx_word' id='word_1_358' title='bbox 1871 2912 2077 2979; x_wconf 87' lang='lat' dir='ltr'><strong>nititur,</strong></span> 
     </span>
    </p>
   </div>
   <div class='ocr_carea' id='block_1_46' title="bbox 475 3003 2080 3075">
    <p class='ocr_par' dir='ltr' id='par_1_46' title="bbox 475 3003 2080 3075">
     <span class='ocr_line' id='line_1_46' title="bbox 475 3003 2080 3075; baseline 0.002 -19"><span class='ocrx_word' id='word_1_359' title='bbox 475 3003 545 3057; x_wconf 92' lang='lat' dir='ltr'><strong>ab</strong></span> <span class='ocrx_word' id='word_1_360' title='bbox 571 3003 727 3058; x_wconf 86' lang='lat' dir='ltr'><strong>altari</strong></span> <span class='ocrx_word' id='word_1_361' title='bbox 753 3012 810 3058; x_wconf 90' lang='lat' dir='ltr'><strong>et</strong></span> <span class='ocrx_word' id='word_1_362' title='bbox 833 3003 1115 3059; x_wconf 80' lang='lat' dir='ltr'><strong>sacriﬁciis</strong></span> <span class='ocrx_word' id='word_1_363' title='bbox 1143 3018 1360 3059; x_wconf 88' lang='lat' dir='ltr'><strong>cessare</strong></span> <span class='ocrx_word' id='word_1_364' title='bbox 1402 3018 1501 3059; x_wconf 89' lang='lat' dir='ltr'><strong>uos</strong></span> <span class='ocrx_word' id='word_1_365' title='bbox 1537 3013 1789 3075; x_wconf 88' lang='lat' dir='ltr'><strong>oportet,</strong></span> <span class='ocrx_word' id='word_1_366' title='bbox 1830 3019 1897 3059; x_wconf 88' lang='lat' dir='ltr'><strong>ne</strong></span> <span class='ocrx_word' id='word_1_367' title='bbox 1925 3005 2080 3075; x_wconf 88' lang='lat' dir='ltr'><strong>paria</strong></span> 
     </span>
    </p>
   </div>
   <div class='ocr_carea' id='block_1_47' title="bbox 478 3094 2078 3166">
    <p class='ocr_par' dir='ltr' id='par_1_47' title="bbox 478 3094 2078 3166">
     <span class='ocr_line' id='line_1_47' title="bbox 478 3094 2078 3166; baseline 0.002 -17"><span class='ocrx_word' id='word_1_368' title='bbox 478 3104 537 3149; x_wconf 89' lang='lat' dir='ltr'><strong>et</strong></span> <span class='ocrx_word' id='word_1_369' title='bbox 559 3096 752 3150; x_wconf 84' lang='lat' dir='ltr'><strong>similia</strong></span> <span class='ocrx_word' id='word_1_370' title='bbox 775 3110 897 3150; x_wconf 91' lang='lat' dir='ltr'><strong>cum</strong></span> <span class='ocrx_word' id='word_1_371' title='bbox 927 3095 1022 3150; x_wconf 91' lang='lat' dir='ltr'><strong>illo</strong></span> <span class='ocrx_word' id='word_1_372' title='bbox 1041 3095 1320 3151; x_wconf 86' lang='lat' dir='ltr'><strong>celebrare</strong></span> <span class='ocrx_word' id='word_1_373' title='bbox 1341 3094 1657 3151; x_wconf 86' lang='lat' dir='ltr'><strong>videamur?</strong></span> <span class='ocrx_word' id='word_1_374' title='bbox 1681 3095 1891 3151; x_wconf 88' lang='lat' dir='ltr'><strong>Vanum</strong></span> <span class='ocrx_word' id='word_1_375' title='bbox 1921 3113 2078 3166; x_wconf 90' lang='lat' dir='ltr'><strong>pror-</strong></span> 
     </span>
    </p>
   </div>
   <div class='ocr_carea' id='block_1_48' title="bbox 2187 1876 3757 1949">
    <p class='ocr_par' dir='ltr' id='par_1_48' title="bbox 2187 1876 3757 1949">
     <span class='ocr_line' id='line_1_48' title="bbox 2187 1876 3757 1949; baseline -0.002 -14"><span class='ocrx_word' id='word_1_376' title='bbox 2187 1878 2411 1935; x_wconf 87' lang='lat' dir='ltr'><strong>rendum</strong></span> <span class='ocrx_word' id='word_1_377' title='bbox 2437 1894 2545 1934; x_wconf 92' lang='lat' dir='ltr'><strong>non</strong></span> <span class='ocrx_word' id='word_1_378' title='bbox 2576 1879 2648 1934; x_wconf 85' lang='lat' dir='ltr'><strong>sit</strong></span> <span class='ocrx_word' id='word_1_379' title='bbox 2673 1878 2797 1949; x_wconf 91' lang='lat' dir='ltr'><strong>quis</strong></span> <span class='ocrx_word' id='word_1_380' title='bbox 2818 1877 3173 1948; x_wconf 80' lang='lat' dir='ltr'><strong>baptizavcrit</strong></span> <span class='ocrx_word' id='word_1_381' title='bbox 3190 1918 3208 1944; x_wconf 93' lang='lat'><strong>,</strong></span> <span class='ocrx_word' id='word_1_382' title='bbox 3235 1878 3460 1947; x_wconf 88' lang='lat' dir='ltr'><strong>quando</strong></span> <span class='ocrx_word' id='word_1_383' title='bbox 3487 1878 3533 1932; x_wconf 90' lang='lat' dir='ltr'><strong>is</strong></span> <span class='ocrx_word' id='word_1_384' title='bbox 3548 1877 3634 1947; x_wconf 91' lang='lat' dir='ltr'><strong>qui</strong></span> <span class='ocrx_word' id='word_1_385' title='bbox 3655 1876 3757 1946; x_wconf 77' lang='lat' dir='ltr'><strong>bap-</strong></span> 
     </span>
    </p>
   </div>
   <div class='ocr_carea' id='block_1_49' title="bbox 2184 1962 3761 2041">
    <p class='ocr_par' dir='ltr' id='par_1_49' title="bbox 2184 1962 3761 2041">
     <span class='ocr_line' id='line_1_49' title="bbox 2184 1962 3761 2041; baseline -0.004 -12"><span class='ocrx_word' id='word_1_386' title='bbox 2184 1972 2380 2029; x_wconf 79' lang='lat' dir='ltr'><strong>tizatus</strong></span> <span class='ocrx_word' id='word_1_387' title='bbox 2432 1972 2503 2027; x_wconf 89' lang='lat' dir='ltr'><strong>sit</strong></span> <span class='ocrx_word' id='word_1_388' title='bbox 2548 1972 2799 2041; x_wconf 86' lang='lat' dir='ltr'><strong>accipere</strong></span> <span class='ocrx_word' id='word_1_389' title='bbox 2823 1962 3106 2027; x_wconf 75' lang='lat' dir='ltr'><strong>remissam</strong></span> <span class='ocrx_word' id='word_1_390' title='bbox 3152 1982 3500 2040; x_wconf 87' lang='lat' dir='ltr'><strong>peccatorum</strong></span> <span class='ocrx_word' id='word_1_391' title='bbox 3560 1969 3761 2040; x_wconf 83' lang='lat' dir='ltr'><strong>potuerit</strong></span> 
     </span>
    </p>
   </div>
   <div class='ocr_carea' id='block_1_50' title="bbox 2183 2060 3759 2133">
    <p class='ocr_par' dir='ltr' id='par_1_50' title="bbox 2183 2060 3759 2133">
     <span class='ocr_line' id='line_1_50' title="bbox 2183 2060 3759 2133; baseline -0.004 -14"><span class='ocrx_word' id='word_1_392' title='bbox 2183 2063 2483 2119; x_wconf 87' lang='lat' dir='ltr'><strong>secundum</strong></span> <span class='ocrx_word' id='word_1_393' title='bbox 2508 2061 2656 2133; x_wconf 86' lang='lat' dir='ltr'><strong>quod</strong></span> <span class='ocrx_word' id='word_1_394' title='bbox 2681 2061 2940 2126; x_wconf 89' lang='lat' dir='ltr'><strong>credidit.</strong></span> <span class='ocrx_word' id='word_1_395' title='bbox 2962 2061 3403 2132; x_wconf 69' lang='lat' dir='ltr'><strong>praetereundum</strong></span> <span class='ocrx_word' id='word_1_396' title='bbox 3435 2061 3581 2117; x_wconf 85' lang='lat' dir='ltr'><strong>hunc</strong></span> <span class='ocrx_word' id='word_1_397' title='bbox 3613 2060 3759 2117; x_wconf 87' lang='lat' dir='ltr'><strong>locum</strong></span> 
     </span>
    </p>
   </div>
   <div class='ocr_carea' id='block_1_51' title="bbox 2184 2154 3762 2227">
    <p class='ocr_par' dir='ltr' id='par_1_51' title="bbox 2184 2154 3762 2227">
     <span class='ocr_line' id='line_1_51' title="bbox 2184 2154 3762 2227; baseline -0.002 -16"><span class='ocrx_word' id='word_1_398' title='bbox 2184 2172 2294 2212; x_wconf 92' lang='lat' dir='ltr'><strong>non</strong></span> <span class='ocrx_word' id='word_1_399' title='bbox 2327 2157 2543 2227; x_wconf 87' lang='lat' dir='ltr'><strong>putavi,</strong></span> <span class='ocrx_word' id='word_1_400' title='bbox 2573 2156 2810 2213; x_wconf 78' lang='lat' dir='ltr'><strong>maxime</strong></span> <span class='ocrx_word' id='word_1_401' title='bbox 2835 2170 2958 2211; x_wconf 90' lang='lat' dir='ltr'><strong>cum</strong></span> <span class='ocrx_word' id='word_1_402' title='bbox 2988 2158 3041 2211; x_wconf 92' lang='lat' dir='ltr'><strong>in</strong></span> <span class='ocrx_word' id='word_1_403' title='bbox 3067 2156 3259 2212; x_wconf 83' lang='lat' dir='ltr'><strong>eadem</strong></span> <span class='ocrx_word' id='word_1_404' title='bbox 3285 2156 3521 2226; x_wconf 86' lang='lat' dir='ltr'><strong>epistola</strong></span> <span class='ocrx_word' id='word_1_405' title='bbox 3549 2154 3762 2211; x_wconf 81' lang='lat' dir='ltr'><strong>animad-</strong></span> 
     </span>
    </p>
   </div>
   <div class='ocr_carea' id='block_1_52' title="bbox 2183 2248 3764 2317">
    <p class='ocr_par' dir='ltr' id='par_1_52' title="bbox 2183 2248 3764 2317">
     <span class='ocr_line' id='line_1_52' title="bbox 2183 2248 3764 2317; baseline -0.003 -11"><span class='ocrx_word' id='word_1_406' title='bbox 2183 2252 2439 2307; x_wconf 79' lang='lat' dir='ltr'><strong>verterint</strong></span> <span class='ocrx_word' id='word_1_407' title='bbox 2462 2250 2625 2306; x_wconf 90' lang='lat' dir='ltr'><strong>etiam</strong></span> <span class='ocrx_word' id='word_1_408' title='bbox 2652 2249 2941 2305; x_wconf 82' lang='lat' dir='ltr'><strong>Marcionis</strong></span> <span class='ocrx_word' id='word_1_409' title='bbox 2970 2248 3091 2306; x_wconf 84' lang='lat' dir='ltr'><strong>ﬁeri</strong></span> <span class='ocrx_word' id='word_1_410' title='bbox 3122 2251 3463 2306; x_wconf 89' lang='lat' dir='ltr'><strong>mentionem</strong></span> <span class='ocrx_word' id='word_1_411' title='bbox 3482 2293 3497 2317; x_wconf 89' lang='lat'><strong>,</strong></span> <span class='ocrx_word' id='word_1_412' title='bbox 3529 2249 3764 2305; x_wconf 84' lang='lat' dir='ltr'><strong>utnech</strong></span> 
     </span>
    </p>
   </div>
   <div class='ocr_carea' id='block_1_53' title="bbox 2186 2341 3763 2415">
    <p class='ocr_par' dir='ltr' id='par_1_53' title="bbox 2186 2341 3763 2415">
     <span class='ocr_line' id='line_1_53' title="bbox 2186 2341 3763 2415; baseline -0.003 -15"><span class='ocrx_word' id='word_1_413' title='bbox 2186 2345 2310 2415; x_wconf 84' lang='lat' dir='ltr'><strong>ipso</strong></span> <span class='ocrx_word' id='word_1_414' title='bbox 2354 2344 2641 2400; x_wconf 83' lang='lat' dir='ltr'><strong>venientes</strong></span> <span class='ocrx_word' id='word_1_415' title='bbox 2669 2344 2818 2397; x_wconf 91' lang='lat' dir='ltr'><strong>dicat</strong></span> <span class='ocrx_word' id='word_1_416' title='bbox 2861 2341 3125 2413; x_wconf 83' lang='lat' dir='ltr'><strong>baptizari</strong></span> <span class='ocrx_word' id='word_1_417' title='bbox 3156 2355 3448 2413; x_wconf 79' lang='lat' dir='ltr'><strong>Oportet&#39;e,</strong></span> <span class='ocrx_word' id='word_1_418' title='bbox 3495 2343 3636 2414; x_wconf 92' lang='lat' dir='ltr'><strong>quod</strong></span> <span class='ocrx_word' id='word_1_419' title='bbox 3676 2342 3763 2413; x_wconf 87' lang='lat' dir='ltr'><strong>jam</strong></span> 
     </span>
    </p>
   </div>
   <div class='ocr_carea' id='block_1_54' title="bbox 2186 2436 3764 2507">
    <p class='ocr_par' dir='ltr' id='par_1_54' title="bbox 2186 2436 3764 2507">
     <span class='ocr_line' id='line_1_54' title="bbox 2186 2436 3764 2507; baseline -0.004 -14"><span class='ocrx_word' id='word_1_420' title='bbox 2186 2438 2240 2493; x_wconf 92' lang='lat' dir='ltr'><strong>in</strong></span> <span class='ocrx_word' id='word_1_421' title='bbox 2293 2439 2515 2494; x_wconf 90' lang='lat' dir='ltr'><strong>nomine</strong></span> <span class='ocrx_word' id='word_1_422' title='bbox 2571 2437 2701 2494; x_wconf 81' lang='lat' dir='ltr'><strong>Jesu</strong></span> <span class='ocrx_word' id='word_1_423' title='bbox 2751 2439 2955 2496; x_wconf 88' lang='lat' dir='ltr'><strong>Christi</strong></span> <span class='ocrx_word' id='word_1_424' title='bbox 3002 2438 3255 2507; x_wconf 78' lang='lat' dir='ltr'><strong>baptizati</strong></span> <span class='ocrx_word' id='word_1_425' title='bbox 3310 2452 3439 2492; x_wconf 88' lang='lat' dir='ltr'><strong>esse</strong></span> <span class='ocrx_word' id='word_1_426' title='bbox 3489 2436 3764 2492; x_wconf 83' lang='lat' dir='ltr'><strong>videantur.</strong></span> 
     </span>
    </p>
   </div>
   <div class='ocr_carea' id='block_1_55' title="bbox 2182 2526 3765 2603">
    <p class='ocr_par' dir='ltr' id='par_1_55' title="bbox 2182 2526 3765 2603">
     <span class='ocr_line' id='line_1_55' title="bbox 2182 2526 3765 2603; baseline -0.003 -18"><span class='ocrx_word' id='word_1_427' title='bbox 2182 2528 2546 2588; x_wconf 88' lang='lat' dir='ltr'><strong>Considerare</strong></span> <span class='ocrx_word' id='word_1_428' title='bbox 2576 2531 2758 2603; x_wconf 90' lang='lat' dir='ltr'><strong>itaque</strong></span> <span class='ocrx_word' id='word_1_429' title='bbox 2781 2531 3047 2588; x_wconf 84' lang='lat' dir='ltr'><strong>debemus</strong></span> <span class='ocrx_word' id='word_1_430' title='bbox 3080 2531 3240 2586; x_wconf 87' lang='lat' dir='ltr'><strong>tidem</strong></span> <span class='ocrx_word' id='word_1_431' title='bbox 3277 2544 3472 2585; x_wconf 88' lang='lat' dir='ltr'><strong>eorum</strong></span> <span class='ocrx_word' id='word_1_432' title='bbox 3522 2529 3612 2600; x_wconf 90' lang='lat' dir='ltr'><strong>qui</strong></span> <span class='ocrx_word' id='word_1_433' title='bbox 3661 2526 3765 2582; x_wconf 84' lang='lat' dir='ltr'><strong>loris</strong></span> 
     </span>
    </p>
   </div>
   <div class='ocr_carea' id='block_1_56' title="bbox 2188 2622 3762 2694">
    <p class='ocr_par' dir='ltr' id='par_1_56' title="bbox 2188 2622 3762 2694">
     <span class='ocr_line' id='line_1_56' title="bbox 2188 2622 3762 2694; baseline -0.001 -16"><span class='ocrx_word' id='word_1_434' title='bbox 2188 2623 2449 2689; x_wconf 90' lang='lat' dir='ltr'><strong>credunt,</strong></span> <span class='ocrx_word' id='word_1_435' title='bbox 2476 2640 2544 2678; x_wconf 91' lang='lat' dir='ltr'><strong>an</strong></span> <span class='ocrx_word' id='word_1_436' title='bbox 2572 2625 2869 2680; x_wconf 88' lang='lat' dir='ltr'><strong>secundmn</strong></span> <span class='ocrx_word' id='word_1_437' title='bbox 2892 2624 3140 2681; x_wconf 87' lang='lat' dir='ltr'><strong>eamdem</strong></span> <span class='ocrx_word' id='word_1_438' title='bbox 3161 2623 3320 2678; x_wconf 83' lang='lat' dir='ltr'><strong>ﬁdem</strong></span> <span class='ocrx_word' id='word_1_439' title='bbox 3355 2624 3569 2694; x_wconf 82' lang='lat' dir='ltr'><strong>possint</strong></span> <span class='ocrx_word' id='word_1_440' title='bbox 3596 2622 3762 2694; x_wconf 74' lang='lat' dir='ltr'><strong>aliquid</strong></span> 
     </span>
    </p>
   </div>
   <div class='ocr_carea' id='block_1_57' title="bbox 2183 2716 3762 2790">
    <p class='ocr_par' dir='ltr' id='par_1_57' title="bbox 2183 2716 3762 2790">
     <span class='ocr_line' id='line_1_57' title="bbox 2183 2716 3762 2790; baseline -0.001 -18"><span class='ocrx_word' id='word_1_441' title='bbox 2183 2718 2373 2787; x_wconf 72' lang='lat' dir='ltr'><strong>gratiae</strong></span> <span class='ocrx_word' id='word_1_442' title='bbox 2397 2719 2678 2790; x_wconf 88' lang='lat' dir='ltr'><strong>consequi.</strong></span> <span class='ocrx_word' id='word_1_443' title='bbox 2734 2718 2867 2775; x_wconf 89' lang='lat' dir='ltr'><strong>Nam</strong></span> <span class='ocrx_word' id='word_1_444' title='bbox 2908 2720 2952 2774; x_wconf 88' lang='lat' dir='ltr'><strong>si</strong></span> <span class='ocrx_word' id='word_1_445' title='bbox 2987 2719 3119 2774; x_wconf 83' lang='lat' dir='ltr'><strong>ﬁdes</strong></span> <span class='ocrx_word' id='word_1_446' title='bbox 3144 2734 3248 2774; x_wconf 86' lang='lat' dir='ltr'><strong>una</strong></span> <span class='ocrx_word' id='word_1_447' title='bbox 3276 2726 3363 2773; x_wconf 88' lang='lat' dir='ltr'><strong>est</strong></span> <span class='ocrx_word' id='word_1_448' title='bbox 3409 2719 3571 2772; x_wconf 89' lang='lat' dir='ltr'><strong>nobis</strong></span> <span class='ocrx_word' id='word_1_449' title='bbox 3595 2728 3649 2775; x_wconf 94' lang='lat' dir='ltr'><strong>et</strong></span> <span class='ocrx_word' id='word_1_450' title='bbox 3674 2716 3762 2771; x_wconf 49' lang='lat' dir='ltr'><strong>lue.</strong></span> 
     </span>
    </p>
   </div>
   <div class='ocr_carea' id='block_1_58' title="bbox 2185 2810 3759 2883">
    <p class='ocr_par' dir='ltr' id='par_1_58' title="bbox 2185 2810 3759 2883">
     <span class='ocr_line' id='line_1_58' title="bbox 2185 2810 3759 2883; baseline 0.001 -20"><span class='ocrx_word' id='word_1_451' title='bbox 2185 2810 2392 2875; x_wconf 87' lang='lat' dir='ltr'><strong>reticis,</strong></span> <span class='ocrx_word' id='word_1_452' title='bbox 2418 2822 2597 2880; x_wconf 87' lang='lat' dir='ltr'><strong>potest</strong></span> <span class='ocrx_word' id='word_1_453' title='bbox 2622 2827 2743 2868; x_wconf 89' lang='lat' dir='ltr'><strong>esse</strong></span> <span class='ocrx_word' id='word_1_454' title='bbox 2768 2822 2823 2868; x_wconf 92' lang='lat' dir='ltr'><strong>et</strong></span> <span class='ocrx_word' id='word_1_455' title='bbox 2849 2813 3019 2883; x_wconf 88' lang='lat' dir='ltr'><strong>gratia</strong></span> <span class='ocrx_word' id='word_1_456' title='bbox 3048 2827 3171 2867; x_wconf 90' lang='lat' dir='ltr'><strong>una.</strong></span> <span class='ocrx_word' id='word_1_457' title='bbox 3197 2810 3253 2867; x_wconf 91' lang='lat' dir='ltr'><strong>Si</strong></span> <span class='ocrx_word' id='word_1_458' title='bbox 3275 2811 3533 2868; x_wconf 89' lang='lat' dir='ltr'><strong>eumdem</strong></span> <span class='ocrx_word' id='word_1_459' title='bbox 3562 2824 3759 2881; x_wconf 87' lang='lat' dir='ltr'><strong>patrem,</strong></span> 
     </span>
    </p>
   </div>
   <div class='ocr_carea' id='block_1_59' title="bbox 2183 2892 3761 2975">
    <p class='ocr_par' dir='ltr' id='par_1_59' title="bbox 2183 2892 3761 2975">
     <span class='ocr_line' id='line_1_59' title="bbox 2183 2892 3761 2975; baseline 0.002 -19"><span class='ocrx_word' id='word_1_460' title='bbox 2183 2892 2648 2965; x_wconf 72' lang='lat' dir='ltr'><strong>eumdem&#39;lilium,</strong></span> <span class='ocrx_word' id='word_1_461' title='bbox 2678 2905 2931 2961; x_wconf 91' lang='lat' dir='ltr'><strong>eumdem</strong></span> <span class='ocrx_word' id='word_1_462' title='bbox 2971 2904 3230 2975; x_wconf 88' lang='lat' dir='ltr'><strong>Spiritum</strong></span> <span class='ocrx_word' id='word_1_463' title='bbox 3250 2914 3524 2969; x_wconf 89' lang='lat' dir='ltr'><strong>sanctum,</strong></span> <span class='ocrx_word' id='word_1_464' title='bbox 3552 2902 3761 2959; x_wconf 80' lang='lat' dir='ltr'><strong>eamdem</strong></span> 
     </span>
    </p>
   </div>
   <div class='ocr_carea' id='block_1_60' title="bbox 2186 2994 3756 3065">
    <p class='ocr_par' dir='ltr' id='par_1_60' title="bbox 2186 2994 3756 3065">
     <span class='ocr_line' id='line_1_60' title="bbox 2186 2994 3756 3065; baseline 0.001 -15"><span class='ocrx_word' id='word_1_465' title='bbox 2186 2994 2487 3052; x_wconf 85' lang='lat' dir='ltr'><strong>Ecclesiam</strong></span> <span class='ocrx_word' id='word_1_466' title='bbox 2534 2996 2862 3055; x_wconf 85' lang='lat' dir='ltr'><strong>conﬁtentur</strong></span> <span class='ocrx_word' id='word_1_467' title='bbox 2890 2999 3173 3055; x_wconf 84' lang='lat' dir='ltr'><strong>nobiscum</strong></span> <span class='ocrx_word' id='word_1_468' title='bbox 3212 2998 3639 3065; x_wconf 86' lang='lat' dir='ltr'><strong>Patripassiani,</strong></span> <span class='ocrx_word' id='word_1_469' title='bbox 3671 2999 3756 3053; x_wconf 82' lang='lat' dir='ltr'><strong>An-</strong></span> 
     </span>
    </p>
   </div>
   <div class='ocr_carea' id='block_1_61' title="bbox 2184 3085 3761 3162">
    <p class='ocr_par' dir='ltr' id='par_1_61' title="bbox 2184 3085 3761 3162">
     <span class='ocr_line' id='line_1_61' title="bbox 2184 3085 3761 3162; baseline 0.003 -20"><span class='ocrx_word' id='word_1_470' title='bbox 2184 3085 2495 3157; x_wconf 83' lang='lat' dir='ltr'><strong>thrOpiani,</strong></span> <span class='ocrx_word' id='word_1_471' title='bbox 2539 3087 2925 3157; x_wconf 83' lang='lat' dir='ltr'><strong>Valentiniani,</strong></span> <span class='ocrx_word' id='word_1_472' title='bbox 2954 3091 3346 3162; x_wconf 82' lang='lat' dir='ltr'><strong>Appelletiani,</strong></span> <span class='ocrx_word' id='word_1_473' title='bbox 3374 3091 3595 3162; x_wconf 69' lang='lat' dir='ltr'><strong>Ophitze</strong></span> <span class='ocrx_word' id='word_1_474' title='bbox 3614 3133 3629 3159; x_wconf 96' lang='lat'><strong>,</strong></span> <span class='ocrx_word' id='word_1_475' title='bbox 3648 3089 3761 3146; x_wconf 77' lang='lat' dir='ltr'><strong>Mar-</strong></span> 
     </span>
    </p>
   </div>
   <div class='ocr_carea' id='block_1_62' title="bbox 481 3183 3755 3259">
    <p class='ocr_par' dir='ltr' id='par_1_62' title="bbox 481 3183 3755 3259">
     <span class='ocr_line' id='line_1_62' title="bbox 481 3183 3755 3259; baseline -0.002 -15"><span class='ocrx_word' id='word_1_476' title='bbox 481 3205 577 3245; x_wconf 90' lang='lat' dir='ltr'><strong>sus</strong></span> <span class='ocrx_word' id='word_1_477' title='bbox 606 3200 660 3245; x_wconf 89' lang='lat' dir='ltr'><strong>et</strong></span> <span class='ocrx_word' id='word_1_478' title='bbox 693 3191 919 3246; x_wconf 88' lang='lat' dir='ltr'><strong>stultum</strong></span> <span class='ocrx_word' id='word_1_479' title='bbox 950 3199 1033 3245; x_wconf 84' lang='lat' dir='ltr'><strong>est</strong></span> <span class='ocrx_word' id='word_1_480' title='bbox 1062 3200 1157 3253; x_wconf 91' lang='lat' dir='ltr'><strong>ut,</strong></span> <span class='ocrx_word' id='word_1_481' title='bbox 1206 3191 1331 3259; x_wconf 90' lang='lat' dir='ltr'><strong>quia</strong></span> <span class='ocrx_word' id='word_1_482' title='bbox 1360 3190 1693 3247; x_wconf 83' lang='lat' dir='ltr'><strong>Novatianus</strong></span> <span class='ocrx_word' id='word_1_483' title='bbox 1711 3201 1865 3247; x_wconf 84' lang='lat' dir='ltr'><strong>extra</strong></span> <span class='ocrx_word' id='word_1_484' title='bbox 1898 3190 2083 3249; x_wconf 84' lang='lat' dir='ltr'><strong>Eccle-</strong></span> <span class='ocrx_word' id='word_1_485' title='bbox 2111 3188 2157 3251; x_wconf 89' lang='lat' dir='ltr'>C</span> <span class='ocrx_word' id='word_1_486' title='bbox 2190 3183 2443 3250; x_wconf 64' lang='grc' dir='ltr'><strong>οἱοΰίιων</strong></span> <span class='ocrx_word' id='word_1_487' title='bbox 2488 3194 2546 3240; x_wconf 71' lang='grc' dir='ltr'><strong>ει</strong></span> <span class='ocrx_word' id='word_1_488' title='bbox 2590 3195 2803 3240; x_wconf 56' lang='lat' dir='ltr'><strong>cauerat</strong></span> <span class='ocrx_word' id='word_1_489' title='bbox 2835 3184 3213 3245; x_wconf 67' lang='lat' dir='ltr'><strong>llmrelicorum</strong></span> <span class='ocrx_word' id='word_1_490' title='bbox 3248 3194 3436 3257; x_wconf 85' lang='lat' dir='ltr'><strong>pestes</strong></span> <span class='ocrx_word' id='word_1_491' title='bbox 3464 3197 3522 3241; x_wconf 89' lang='lat' dir='ltr'><strong>et</strong></span> <span class='ocrx_word' id='word_1_492' title='bbox 3568 3184 3715 3255; x_wconf 90' lang='lat' dir='ltr'><strong>gladii</strong></span> <span class='ocrx_word' id='word_1_493' title='bbox 3746 3183 3755 3219; x_wconf 78' lang='grc' dir='ltr'><strong>ί</strong></span> 
     </span>
    </p>
   </div>
   <div class='ocr_carea' id='block_1_63' title="bbox 482 3282 2082 3355">
    <p class='ocr_par' dir='ltr' id='par_1_63' title="bbox 482 3282 2082 3355">
     <span class='ocr_line' id='line_1_63' title="bbox 482 3282 2082 3355; baseline 0.002 -17"><span class='ocrx_word' id='word_1_494' title='bbox 482 3284 618 3338; x_wconf 87' lang='lat' dir='ltr'><strong>siam</strong></span> <span class='ocrx_word' id='word_1_495' title='bbox 654 3283 890 3338; x_wconf 88' lang='lat' dir='ltr'><strong>vindicat</strong></span> <span class='ocrx_word' id='word_1_496' title='bbox 919 3283 1020 3339; x_wconf 89' lang='lat' dir='ltr'><strong>sibi</strong></span> <span class='ocrx_word' id='word_1_497' title='bbox 1051 3282 1294 3338; x_wconf 85' lang='lat' dir='ltr'><strong>veritatis</strong></span> <span class='ocrx_word' id='word_1_498' title='bbox 1322 3284 1611 3354; x_wconf 79' lang='lat' dir='ltr'><strong>imaginem</strong></span> <span class='ocrx_word' id='word_1_499' title='bbox 1633 3326 1649 3350; x_wconf 94' lang='lat'><strong>,</strong></span> <span class='ocrx_word' id='word_1_500' title='bbox 1711 3285 2082 3355; x_wconf 87' lang='lat' dir='ltr'><strong>relinquamus</strong></span> 
     </span>
    </p>
   </div>
   <div class='ocr_carea' id='block_1_64' title="bbox 470 3376 1125 3434">
    <p class='ocr_par' dir='ltr' id='par_1_64' title="bbox 470 3376 1125 3434">
     <span class='ocr_line' id='line_1_64' title="bbox 470 3376 1125 3434; baseline -0.002 0"><span class='ocrx_word' id='word_1_501' title='bbox 470 3377 736 3434; x_wconf 67' lang='lat' dir='ltr'><strong>Ecclesia:</strong></span> <span class='ocrx_word' id='word_1_502' title='bbox 761 3376 790 3416; x_wconf 71' lang='grc' dir='ltr'>ιι</span> <span class='ocrx_word' id='word_1_503' title='bbox 817 3378 1125 3433; x_wconf 87' lang='lat' dir='ltr'><strong>veritatem.</strong></span> 
     </span>
    </p>
   </div>
   <div class='ocr_carea' id='block_1_65' title="bbox 545 3470 2081 3546">
    <p class='ocr_par' dir='ltr' id='par_1_65' title="bbox 545 3470 2081 3546">
     <span class='ocr_line' id='line_1_65' title="bbox 545 3470 2081 3546; baseline 0.005 -20"><span class='ocrx_word' id='word_1_504' title='bbox 545 3471 632 3526; x_wconf 86' lang='lat' dir='ltr'><strong>Ill.</strong></span> <span class='ocrx_word' id='word_1_505' title='bbox 681 3470 835 3543; x_wconf 77' lang='lat' dir='ltr'><strong>Apud</strong></span> <span class='ocrx_word' id='word_1_506' title='bbox 867 3486 968 3528; x_wconf 92' lang='lat' dir='ltr'><strong>nos</strong></span> <span class='ocrx_word' id='word_1_507' title='bbox 1014 3482 1196 3528; x_wconf 89' lang='lat' dir='ltr'><strong>autem</strong></span> <span class='ocrx_word' id='word_1_508' title='bbox 1227 3488 1334 3529; x_wconf 92' lang='lat' dir='ltr'><strong>non</strong></span> <span class='ocrx_word' id='word_1_509' title='bbox 1366 3488 1502 3529; x_wconf 78' lang='lat' dir='ltr'><strong>nova</strong></span> <span class='ocrx_word' id='word_1_510' title='bbox 1552 3483 1646 3530; x_wconf 88' lang='lat' dir='ltr'><strong>aut</strong></span> <span class='ocrx_word' id='word_1_511' title='bbox 1673 3476 1958 3546; x_wconf 86' lang='lat' dir='ltr'><strong>repentina</strong></span> <span class='ocrx_word' id='word_1_512' title='bbox 1989 3492 2081 3534; x_wconf 90' lang='lat' dir='ltr'><strong>res</strong></span> 
     </span>
    </p>
   </div>
   <div class='ocr_carea' id='block_1_66' title="bbox 472 3566 2076 3640">
    <p class='ocr_par' dir='ltr' id='par_1_66' title="bbox 472 3566 2076 3640">
     <span class='ocr_line' id='line_1_66' title="bbox 472 3566 2076 3640; baseline 0.003 -18"><span class='ocrx_word' id='word_1_513' title='bbox 472 3575 589 3635; x_wconf 84' lang='lat' dir='ltr'><strong>est,</strong></span> <span class='ocrx_word' id='word_1_514' title='bbox 644 3577 702 3622; x_wconf 92' lang='lat' dir='ltr'><strong>ut</strong></span> <span class='ocrx_word' id='word_1_515' title='bbox 752 3566 1107 3638; x_wconf 87' lang='lat' dir='ltr'><strong>haptizandos</strong></span> <span class='ocrx_word' id='word_1_516' title='bbox 1148 3582 1471 3625; x_wconf 81' lang='lat' dir='ltr'><strong>censeamus</strong></span> <span class='ocrx_word' id='word_1_517' title='bbox 1509 3584 1606 3625; x_wconf 89' lang='lat' dir='ltr'><strong>eos</strong></span> <span class='ocrx_word' id='word_1_518' title='bbox 1658 3570 1748 3640; x_wconf 89' lang='lat' dir='ltr'><strong>qui</strong></span> <span class='ocrx_word' id='word_1_519' title='bbox 1781 3570 1852 3625; x_wconf 90' lang='lat' dir='ltr'><strong>ab</strong></span> <span class='ocrx_word' id='word_1_520' title='bbox 1901 3571 2076 3627; x_wconf 79' lang='lat' dir='ltr'><strong>Incre-</strong></span> 
     </span>
    </p>
   </div>
   <div class='ocr_carea' id='block_1_67' title="bbox 2189 3276 3759 3350">
    <p class='ocr_par' dir='ltr' id='par_1_67' title="bbox 2189 3276 3759 3350">
     <span class='ocr_line' id='line_1_67' title="bbox 2189 3276 3759 3350; baseline 0.002 -21"><span class='ocrx_word' id='word_1_521' title='bbox 2189 3289 2256 3330; x_wconf 91' lang='lat' dir='ltr'><strong>ac</strong></span> <span class='ocrx_word' id='word_1_522' title='bbox 2278 3289 2481 3331; x_wconf 88' lang='lat' dir='ltr'><strong>venena</strong></span> <span class='ocrx_word' id='word_1_523' title='bbox 2509 3276 2888 3332; x_wconf 78' lang='lat' dir='ltr'><strong>subvertenda:</strong></span> <span class='ocrx_word' id='word_1_524' title='bbox 2916 3279 3161 3334; x_wconf 88' lang='lat' dir='ltr'><strong>veritatis</strong></span> <span class='ocrx_word' id='word_1_525' title='bbox 3182 3320 3198 3344; x_wconf 91' lang='lat'><strong>,</strong></span> <span class='ocrx_word' id='word_1_526' title='bbox 3231 3288 3411 3350; x_wconf 88' lang='lat' dir='ltr'><strong>potest</strong></span> <span class='ocrx_word' id='word_1_527' title='bbox 3438 3279 3548 3334; x_wconf 92' lang='lat' dir='ltr'><strong>illic</strong></span> <span class='ocrx_word' id='word_1_528' title='bbox 3567 3288 3615 3334; x_wconf 92' lang='lat' dir='ltr'><strong>et</strong></span> <span class='ocrx_word' id='word_1_529' title='bbox 3647 3276 3759 3345; x_wconf 82' lang='lat' dir='ltr'><strong>Bap-</strong></span> 
     </span>
    </p>
   </div>
   <div class='ocr_carea' id='block_1_68' title="bbox 2180 3367 3283 3436">
    <p class='ocr_par' dir='ltr' id='par_1_68' title="bbox 2180 3367 3283 3436">
     <span class='ocr_line' id='line_1_68' title="bbox 2180 3367 3283 3436; baseline 0.004 -14"><span class='ocrx_word' id='word_1_530' title='bbox 2180 3367 2337 3423; x_wconf 84' lang='lat' dir='ltr'><strong>tistna</strong></span> <span class='ocrx_word' id='word_1_531' title='bbox 2360 3383 2524 3424; x_wconf 89' lang='lat' dir='ltr'><strong>unum</strong></span> <span class='ocrx_word' id='word_1_532' title='bbox 2553 3383 2677 3428; x_wconf 87' lang='lat' dir='ltr'><strong>esse</strong></span> <span class='ocrx_word' id='word_1_533' title='bbox 2694 3411 2708 3436; x_wconf 84' lang='lat'><strong>,</strong></span> <span class='ocrx_word' id='word_1_534' title='bbox 2732 3370 2776 3425; x_wconf 89' lang='lat' dir='ltr'><strong>si</strong></span> <span class='ocrx_word' id='word_1_535' title='bbox 2803 3380 2888 3426; x_wconf 89' lang='lat' dir='ltr'><strong>est</strong></span> <span class='ocrx_word' id='word_1_536' title='bbox 2920 3380 2975 3427; x_wconf 91' lang='lat' dir='ltr'><strong>et</strong></span> <span class='ocrx_word' id='word_1_537' title='bbox 2996 3370 3129 3427; x_wconf 79' lang='lat' dir='ltr'><strong>ﬁdes</strong></span> <span class='ocrx_word' id='word_1_538' title='bbox 3157 3386 3283 3427; x_wconf 90' lang='lat' dir='ltr'><strong>una.</strong></span> 
     </span>
    </p>
   </div>
   <div class='ocr_carea' id='block_1_69' title="bbox 2260 3480 3749 3555">
    <p class='ocr_par' dir='ltr' id='par_1_69' title="bbox 2260 3480 3749 3555">
     <span class='ocr_line' id='line_1_69' title="bbox 2260 3480 3749 3555; baseline 0.001 -19"><span class='ocrx_word' id='word_1_539' title='bbox 2260 3480 2325 3536; x_wconf 91' lang='lat' dir='ltr'><strong>V.</strong></span> <span class='ocrx_word' id='word_1_540' title='bbox 2358 3484 2464 3548; x_wconf 80' lang='lat' dir='ltr'><strong>Ac,</strong></span> <span class='ocrx_word' id='word_1_541' title='bbox 2506 3498 2575 3538; x_wconf 89' lang='lat' dir='ltr'><strong>ne</strong></span> <span class='ocrx_word' id='word_1_542' title='bbox 2620 3483 2837 3555; x_wconf 82' lang='lat' dir='ltr'><strong>longum</strong></span> <span class='ocrx_word' id='word_1_543' title='bbox 2860 3494 2930 3539; x_wconf 81' lang='lat' dir='ltr'><strong>sn</strong></span> <span class='ocrx_word' id='word_1_544' title='bbox 2964 3499 3061 3555; x_wconf 88' lang='lat' dir='ltr'><strong>per</strong></span> <span class='ocrx_word' id='word_1_545' title='bbox 3092 3485 3329 3541; x_wconf 75' lang='lat' dir='ltr'><strong>haereses</strong></span> <span class='ocrx_word' id='word_1_546' title='bbox 3361 3485 3636 3540; x_wconf 71' lang='lat' dir='ltr'><strong>universas</strong></span> <span class='ocrx_word' id='word_1_547' title='bbox 3672 3481 3749 3537; x_wconf 83' lang='lat' dir='ltr'><strong>de-</strong></span> 
     </span>
    </p>
   </div>
   <div class='ocr_carea' id='block_1_70' title="bbox 2186 3575 3758 3649">
    <p class='ocr_par' dir='ltr' id='par_1_70' title="bbox 2186 3575 3758 3649">
     <span class='ocr_line' id='line_1_70' title="bbox 2186 3575 3758 3649; baseline -0.001 -20"><span class='ocrx_word' id='word_1_548' title='bbox 2186 3587 2409 3630; x_wconf 86' lang='lat' dir='ltr'><strong>currere</strong></span> <span class='ocrx_word' id='word_1_549' title='bbox 2463 3584 2519 3631; x_wconf 91' lang='lat' dir='ltr'><strong>et</strong></span> <span class='ocrx_word' id='word_1_550' title='bbox 2563 3576 2895 3647; x_wconf 84' lang='lat' dir='ltr'><strong>singularum</strong></span> <span class='ocrx_word' id='word_1_551' title='bbox 2956 3577 3093 3633; x_wconf 87' lang='lat' dir='ltr'><strong>veli</strong></span> <span class='ocrx_word' id='word_1_552' title='bbox 3132 3576 3365 3649; x_wconf 89' lang='lat' dir='ltr'><strong>ineptias</strong></span> <span class='ocrx_word' id='word_1_553' title='bbox 3422 3578 3509 3633; x_wconf 80' lang='lat' dir='ltr'><strong>vel</strong></span> <span class='ocrx_word' id='word_1_554' title='bbox 3557 3575 3758 3633; x_wconf 85' lang='lat' dir='ltr'><strong>insanias</strong></span> 
     </span>
    </p>
   </div>
   <div class='ocr_carea' id='block_1_71' title="bbox 1685 3705 2517 3772">
    <p class='ocr_par' dir='ltr' id='par_1_71' title="bbox 1685 3705 2517 3772">
     <span class='ocr_line' id='line_1_71' title="bbox 1685 3705 2517 3772; baseline 0.01 -10"><span class='ocrx_word' id='word_1_555' title='bbox 1685 3705 2068 3767; x_wconf 85' lang='lat' dir='ltr'><strong>LECTIONES</strong></span> <span class='ocrx_word' id='word_1_556' title='bbox 2104 3711 2517 3772; x_wconf 78' lang='lat' dir='ltr'><strong>VARIANTES.</strong></span> 
     </span>
    </p>
   </div>
   <div class='ocr_carea' id='block_1_72' title="bbox 535 3843 1441 3916">
    <p class='ocr_par' dir='ltr' id='par_1_72' title="bbox 535 3843 1441 3916">
     <span class='ocr_line' id='line_1_72' title="bbox 535 3843 1441 3916; baseline 0 0"><span class='ocrx_word' id='word_1_557' title='bbox 535 3848 565 3916; x_wconf 62' lang='grc' dir='ltr'><strong><em>Ϋ</em></strong></span> <span class='ocrx_word' id='word_1_558' title='bbox 596 3845 856 3916; x_wconf 55' lang='lat' dir='ltr'><strong>ﬂetique&quot;!</strong></span> <span class='ocrx_word' id='word_1_559' title='bbox 883 3847 1017 3916; x_wconf 55' lang='grc' dir='ltr'><strong>ἔφη·</strong></span> <span class='ocrx_word' id='word_1_560' title='bbox 1043 3843 1190 3916; x_wconf 55' lang='lat'><strong>31&quot;”:-</strong></span> <span class='ocrx_word' id='word_1_561' title='bbox 1226 3844 1338 3916; x_wconf 70' lang='lat' dir='ltr'><strong>.NC;</strong></span> <span class='ocrx_word' id='word_1_562' title='bbox 1368 3846 1441 3916; x_wconf 62' lang='lat'><strong>1:.</strong></span> 
     </span>
    </p>
   </div>
   <div class='ocr_carea' id='block_1_73' title="bbox 471 3906 2078 4025">
    <p class='ocr_par' dir='ltr' id='par_1_73' title="bbox 471 3906 2078 4025">
     <span class='ocr_line' id='line_1_73' title="bbox 471 3906 2078 4025; baseline -0.001 -65"><span class='ocrx_word' id='word_1_563' title='bbox 471 3907 685 4025; x_wconf 52' lang='grc' dir='ltr'><strong>ωξιοῆςὶε</strong></span> <span class='ocrx_word' id='word_1_564' title='bbox 711 3912 843 3961; x_wconf 86' lang='lat' dir='ltr'><strong>Lam.</strong></span> <span class='ocrx_word' id='word_1_565' title='bbox 881 3906 1028 3961; x_wconf 83' lang='lat' dir='ltr'><strong>Ebor.</strong></span> <span class='ocrx_word' id='word_1_566' title='bbox 1064 3907 1189 3959; x_wconf 83' lang='lat' dir='ltr'><strong>Bod.</strong></span> <span class='ocrx_word' id='word_1_567' title='bbox 1220 3909 1266 3964; x_wconf 80' lang='lat'><strong>1,</strong></span> <span class='ocrx_word' id='word_1_568' title='bbox 1300 3909 1351 3958; x_wconf 80' lang='lat'><strong>2.</strong></span> <span class='ocrx_word' id='word_1_569' title='bbox 1385 3906 1490 3959; x_wconf 84' lang='lat' dir='ltr'><strong>Lin.</strong></span> <span class='ocrx_word' id='word_1_570' title='bbox 1517 3909 1625 3961; x_wconf 77' lang='grc' dir='ltr'><strong>ΝΟ.</strong></span> <span class='ocrx_word' id='word_1_571' title='bbox 1667 3909 1716 3969; x_wconf 89' lang='grc'><strong>1,</strong></span> <span class='ocrx_word' id='word_1_572' title='bbox 1749 3910 1798 3961; x_wconf 77' lang='lat'><strong>2.</strong></span> <span class='ocrx_word' id='word_1_573' title='bbox 1837 3908 2078 3961; x_wconf 79' lang='lat' dir='ltr'><strong>Homines</strong></span> 
     </span>
    </p>
   </div>
   <div class='ocr_carea' id='block_1_74' title="bbox 535 4033 2097 4112">
    <p class='ocr_par' dir='ltr' id='par_1_74' title="bbox 535 4033 2097 4112">
     <span class='ocr_line' id='line_1_74' title="bbox 535 4033 2097 4112; baseline 0.013 -45"><span class='ocrx_word' id='word_1_574' title='bbox 535 4039 560 4067; x_wconf 87' lang='lat' dir='ltr'><strong>c</strong></span> <span class='ocrx_word' id='word_1_575' title='bbox 592 4033 847 4112; x_wconf 39' lang='lat' dir='ltr'><strong>Isaeum.</strong></span> <span class='ocrx_word' id='word_1_576' title='bbox 872 4034 1020 4112; x_wconf 55' lang='lat' dir='ltr'><strong>Egon</strong></span> <span class='ocrx_word' id='word_1_577' title='bbox 1044 4033 1173 4085; x_wconf 82' lang='lat' dir='ltr'><strong>Bod.</strong></span> <span class='ocrx_word' id='word_1_578' title='bbox 1200 4035 1247 4095; x_wconf 92' lang='lat'><strong>1,</strong></span> <span class='ocrx_word' id='word_1_579' title='bbox 1271 4034 1321 4084; x_wconf 83' lang='lat'><strong>2.</strong></span> <span class='ocrx_word' id='word_1_580' title='bbox 1363 4034 1477 4088; x_wconf 82' lang='lat' dir='ltr'><strong>NG.</strong></span> <span class='ocrx_word' id='word_1_581' title='bbox 1502 4036 1551 4096; x_wconf 86' lang='lat'><strong>1,</strong></span> <span class='ocrx_word' id='word_1_582' title='bbox 1576 4033 1625 4085; x_wconf 95' lang='lat'><strong>2.</strong></span> <span class='ocrx_word' id='word_1_583' title='bbox 1651 4033 1715 4086; x_wconf 80' lang='lat' dir='ltr'><strong>Et</strong></span> <span class='ocrx_word' id='word_1_584' title='bbox 1752 4036 2097 4112; x_wconf 81' lang='lat' dir='ltr'><strong>baptismatis,_</strong></span> 
     </span>
    </p>
   </div>
   <div class='ocr_carea' id='block_1_75' title="bbox 470 4100 2073 4226">
    <p class='ocr_par' dir='ltr' id='par_1_75' title="bbox 470 4100 2073 4226">
     <span class='ocr_line' id='line_1_75' title="bbox 470 4100 1069 4163; baseline -0.002 -13"><span class='ocrx_word' id='word_1_585' title='bbox 470 4102 604 4163; x_wconf 81' lang='lat' dir='ltr'><strong>quod</strong></span> <span class='ocrx_word' id='word_1_586' title='bbox 631 4107 710 4150; x_wconf 83' lang='lat' dir='ltr'><strong>est</strong></span> <span class='ocrx_word' id='word_1_587' title='bbox 733 4113 885 4148; x_wconf 90' lang='lat' dir='ltr'><strong>unum</strong></span> <span class='ocrx_word' id='word_1_588' title='bbox 910 4100 1069 4152; x_wconf 69' lang='lat' dir='ltr'><strong>Oxon.</strong></span> 
     </span>
     <span class='ocr_line' id='line_1_76' title="bbox 522 4158 2073 4226; baseline -0.001 -13"><span class='ocrx_word' id='word_1_589' title='bbox 522 4164 565 4226; x_wconf 19' lang='lat' dir='ltr'><strong>Ad</strong></span> <span class='ocrx_word' id='word_1_590' title='bbox 601 4161 865 4226; x_wconf 79' lang='lat' dir='ltr'><strong>Relinquat</strong></span> <span class='ocrx_word' id='word_1_591' title='bbox 885 4161 1123 4214; x_wconf 66' lang='lat' dir='ltr'><strong>Ecclesiae</strong></span> <span class='ocrx_word' id='word_1_592' title='bbox 1157 4161 1292 4212; x_wconf 86' lang='lat' dir='ltr'><strong>Lam.</strong></span> <span class='ocrx_word' id='word_1_593' title='bbox 1319 4161 1448 4213; x_wconf 83' lang='lat' dir='ltr'><strong>Bod.</strong></span> <span class='ocrx_word' id='word_1_594' title='bbox 1490 4161 1537 4222; x_wconf 93' lang='lat'><strong>1,</strong></span> <span class='ocrx_word' id='word_1_595' title='bbox 1561 4161 1611 4212; x_wconf 87' lang='lat'><strong>2.</strong></span> <span class='ocrx_word' id='word_1_596' title='bbox 1637 4162 1745 4214; x_wconf 76' lang='grc' dir='ltr'><strong>ΝΟ.</strong></span> <span class='ocrx_word' id='word_1_597' title='bbox 1792 4163 1838 4222; x_wconf 85' lang='grc'><strong>1,</strong></span> <span class='ocrx_word' id='word_1_598' title='bbox 1879 4162 1930 4212; x_wconf 89' lang='lat'><strong>2.</strong></span> <span class='ocrx_word' id='word_1_599' title='bbox 1968 4158 2073 4212; x_wconf 82' lang='lat' dir='ltr'><strong>Litt.</strong></span> 
     </span>
    </p>
   </div>
   <div class='ocr_carea' id='block_1_76' title="bbox 467 4224 1728 4359">
    <p class='ocr_par' dir='ltr' id='par_1_76' title="bbox 467 4224 1728 4359">
     <span class='ocr_line' id='line_1_77' title="bbox 467 4224 1728 4359; baseline 0.005 -6"><span class='ocrx_word' id='word_1_600' title='bbox 1142 4287 1265 4359; x_wconf 61' lang='grc' dir='ltr'><strong>δρρι.</strong></span> <span class='ocrx_word' id='word_1_601' title='bbox 1302 4286 1653 4359; x_wconf 44' lang='lat' dir='ltr'><strong>Was.</strong></span> <span class='ocrx_word' id='word_1_602' title='bbox 1680 4289 1728 4359; x_wconf 69' lang='grc' dir='ltr'>ι·</span> 
     </span>
    </p>
   </div>
   <div class='ocr_carea' id='block_1_77' title="bbox 538 4349 2074 4414">
    <p class='ocr_par' dir='ltr' id='par_1_77' title="bbox 538 4349 2074 4414">
     <span class='ocr_line' id='line_1_78' title="bbox 538 4349 2074 4414; baseline -0.001 -11"><span class='ocrx_word' id='word_1_603' title='bbox 538 4349 560 4390; x_wconf 70' lang='grc' dir='ltr'><strong><em>ἵ</em></strong></span> <span class='ocrx_word' id='word_1_604' title='bbox 597 4349 684 4403; x_wconf 79' lang='lat' dir='ltr'><strong>Sic</strong></span> <span class='ocrx_word' id='word_1_605' title='bbox 708 4353 840 4403; x_wconf 88' lang='lat' dir='ltr'><strong>Lam.</strong></span> <span class='ocrx_word' id='word_1_606' title='bbox 866 4352 990 4402; x_wconf 81' lang='lat' dir='ltr'><strong>Bod.</strong></span> <span class='ocrx_word' id='word_1_607' title='bbox 1019 4352 1065 4414; x_wconf 97' lang='grc'><strong>1,</strong></span> <span class='ocrx_word' id='word_1_608' title='bbox 1088 4350 1137 4401; x_wconf 83' lang='lat'><strong>2.</strong></span> <span class='ocrx_word' id='word_1_609' title='bbox 1164 4349 1309 4402; x_wconf 84' lang='lat' dir='ltr'><strong>Ebor.</strong></span> <span class='ocrx_word' id='word_1_610' title='bbox 1341 4349 1445 4401; x_wconf 81' lang='lat' dir='ltr'><strong>Lin.</strong></span> <span class='ocrx_word' id='word_1_611' title='bbox 1472 4351 1582 4402; x_wconf 77' lang='grc' dir='ltr'><strong>ΝΟ.</strong></span> <span class='ocrx_word' id='word_1_612' title='bbox 1611 4352 1655 4402; x_wconf 89' lang='grc'><strong>1.</strong></span> <span class='ocrx_word' id='word_1_613' title='bbox 1680 4350 1831 4402; x_wconf 77' lang='lat' dir='ltr'><strong>2.Eis</strong></span> <span class='ocrx_word' id='word_1_614' title='bbox 1851 4352 2009 4404; x_wconf 73' lang='lat' dir='ltr'><strong>Oxon.</strong></span> <span class='ocrx_word' id='word_1_615' title='bbox 2028 4359 2074 4402; x_wconf 87' lang='lat' dir='ltr'><strong>et</strong></span> 
     </span>
    </p>
   </div>
   <div class='ocr_carea' id='block_1_78' title="bbox 2178 3846 3561 3901">
    <p class='ocr_par' dir='ltr' id='par_1_78' title="bbox 2178 3846 3561 3901">
     <span class='ocr_line' id='line_1_79' title="bbox 2178 3846 3561 3901; baseline 0.001 -2"><span class='ocrx_word' id='word_1_616' title='bbox 2178 3846 2286 3901; x_wconf 80' lang='lat' dir='ltr'><strong>alii.</strong></span> <span class='ocrx_word' id='word_1_617' title='bbox 3550 3872 3561 3876; x_wconf 52' lang='grc' dir='ltr'>λ</span> 
     </span>
    </p>
   </div>
   <div class='ocr_carea' id='block_1_79' title="bbox 2246 3909 3757 3977">
    <p class='ocr_par' dir='ltr' id='par_1_79' title="bbox 2246 3909 3757 3977">
     <span class='ocr_line' id='line_1_80' title="bbox 2246 3909 3757 3977; baseline -0.003 -13"><span class='ocrx_word' id='word_1_618' title='bbox 2246 3914 2274 3954; x_wconf 76' lang='grc'><strong><em>⁸</em></strong></span> <span class='ocrx_word' id='word_1_619' title='bbox 2310 3912 2396 3965; x_wconf 86' lang='lat' dir='ltr'><strong>Sic</strong></span> <span class='ocrx_word' id='word_1_620' title='bbox 2420 3914 2553 3966; x_wconf 87' lang='lat' dir='ltr'><strong>Lam.</strong></span> <span class='ocrx_word' id='word_1_621' title='bbox 2580 3914 2727 3968; x_wconf 83' lang='lat' dir='ltr'><strong>Ebor.</strong></span> <span class='ocrx_word' id='word_1_622' title='bbox 2757 3914 2884 3966; x_wconf 86' lang='lat' dir='ltr'><strong>Bod.</strong></span> <span class='ocrx_word' id='word_1_623' title='bbox 2911 3914 2959 3976; x_wconf 85' lang='lat'><strong>1,</strong></span> <span class='ocrx_word' id='word_1_624' title='bbox 2987 3913 3033 3965; x_wconf 75' lang='lat'><strong>2.</strong></span> <span class='ocrx_word' id='word_1_625' title='bbox 3061 3913 3166 3965; x_wconf 86' lang='lat' dir='ltr'><strong>Lin.</strong></span> <span class='ocrx_word' id='word_1_626' title='bbox 3196 3916 3305 3968; x_wconf 80' lang='grc' dir='ltr'><strong>ΝΟ.</strong></span> <span class='ocrx_word' id='word_1_627' title='bbox 3333 3915 3378 3975; x_wconf 88' lang='grc'><strong>1,</strong></span> <span class='ocrx_word' id='word_1_628' title='bbox 3406 3916 3457 3964; x_wconf 79' lang='grc'><strong>2.</strong></span> <span class='ocrx_word' id='word_1_629' title='bbox 3485 3909 3757 3977; x_wconf 72' lang='grc' dir='ltr'>νθιιίιιιιιζιιι</span> 
     </span>
    </p>
   </div>
   <div class='ocr_carea' id='block_1_80' title="bbox 2179 3973 2650 4030">
    <p class='ocr_par' dir='ltr' id='par_1_80' title="bbox 2179 3973 2650 4030">
     <span class='ocr_line' id='line_1_81' title="bbox 2179 3973 2650 4030; baseline 0.011 -7"><span class='ocrx_word' id='word_1_630' title='bbox 2179 3973 2378 4027; x_wconf 88' lang='lat' dir='ltr'><strong>discant</strong></span> <span class='ocrx_word' id='word_1_631' title='bbox 2402 3989 2465 4026; x_wconf 91' lang='lat' dir='ltr'><strong>an</strong></span> <span class='ocrx_word' id='word_1_632' title='bbox 2492 3979 2650 4030; x_wconf 77' lang='lat' dir='ltr'><strong>Oxon.</strong></span> 
     </span>
    </p>
   </div>
   <div class='ocr_carea' id='block_1_81' title="bbox 2243 4036 3751 4104">
    <p class='ocr_par' dir='ltr' id='par_1_81' title="bbox 2243 4036 3751 4104">
     <span class='ocr_line' id='line_1_82' title="bbox 2243 4036 3751 4104; baseline -0.004 -15"><span class='ocrx_word' id='word_1_633' title='bbox 2243 4036 2274 4077; x_wconf 73' lang='grc' dir='ltr'><strong>ιι</strong></span> <span class='ocrx_word' id='word_1_634' title='bbox 2306 4038 2407 4089; x_wconf 90' lang='lat' dir='ltr'><strong>Nos</strong></span> <span class='ocrx_word' id='word_1_635' title='bbox 2428 4053 2525 4089; x_wconf 91' lang='lat' dir='ltr'><strong>non</strong></span> <span class='ocrx_word' id='word_1_636' title='bbox 2562 4041 2744 4104; x_wconf 85' lang='lat' dir='ltr'><strong>demus</strong></span> <span class='ocrx_word' id='word_1_637' title='bbox 2776 4047 3031 4104; x_wconf 81' lang='lat' dir='ltr'><strong>stuporem</strong></span> <span class='ocrx_word' id='word_1_638' title='bbox 3066 4040 3320 4104; x_wconf 71' lang='lat' dir='ltr'><strong>haereticis</strong></span> <span class='ocrx_word' id='word_1_639' title='bbox 3358 4040 3624 4104; x_wconf 76' lang='lat' dir='ltr'><strong>patrocinio</strong></span> <span class='ocrx_word' id='word_1_640' title='bbox 3659 4048 3751 4086; x_wconf 84' lang='lat' dir='ltr'><strong>eou-</strong></span> 
     </span>
    </p>
   </div>
   <div class='ocr_carea' id='block_1_82' title="bbox 2176 4102 3731 4171">
    <p class='ocr_par' dir='ltr' id='par_1_82' title="bbox 2176 4102 3731 4171">
     <span class='ocr_line' id='line_1_83' title="bbox 2176 4102 3731 4171; baseline -0.001 -20"><span class='ocrx_word' id='word_1_641' title='bbox 2176 4113 2362 4171; x_wconf 79' lang='lat' dir='ltr'><strong>sensu_s_</strong></span> <span class='ocrx_word' id='word_1_642' title='bbox 2383 4105 2562 4171; x_wconf 70' lang='lat' dir='ltr'><strong>nostri,</strong></span> <span class='ocrx_word' id='word_1_643' title='bbox 2577 4116 2698 4171; x_wconf 62' lang='lat' dir='ltr'><strong>cum</strong></span> <span class='ocrx_word' id='word_1_644' title='bbox 2716 4102 3244 4171; x_wconf 29' lang='lat' dir='ltr'><strong>LaniﬁEftorandLl,</strong></span> <span class='ocrx_word' id='word_1_645' title='bbox 3263 4102 3333 4171; x_wconf 89' lang='lat'><strong>_2._</strong></span> <span class='ocrx_word' id='word_1_646' title='bbox 3348 4103 3459 4171; x_wconf 37' lang='lat' dir='ltr'><strong>N‘C.</strong></span> <span class='ocrx_word' id='word_1_647' title='bbox 3468 4104 3507 4171; x_wconf 72' lang='lat'><strong>_1</strong></span> <span class='ocrx_word' id='word_1_648' title='bbox 3524 4102 3653 4171; x_wconf 28' lang='grc' dir='ltr'><strong>,λεδ--</strong></span> 
     </span>
    </p>
   </div>
   <div class='ocr_carea' id='block_1_83' title="bbox 2246 4159 3752 4227">
    <p class='ocr_par' dir='ltr' id='par_1_83' title="bbox 2246 4159 3752 4227">
     <span class='ocr_line' id='line_1_84' title="bbox 2246 4159 3752 4227; baseline -0.007 -11"><span class='ocrx_word' id='word_1_649' title='bbox 2246 4160 2265 4203; x_wconf 87' lang='grc' dir='ltr'><strong>ί</strong></span> <span class='ocrx_word' id='word_1_650' title='bbox 2304 4164 2392 4216; x_wconf 84' lang='lat' dir='ltr'><strong>Sic</strong></span> <span class='ocrx_word' id='word_1_651' title='bbox 2416 4159 2717 4217; x_wconf 54' lang='lat' dir='ltr'><strong>LamJEbor.</strong></span> <span class='ocrx_word' id='word_1_652' title='bbox 2748 4164 2853 4215; x_wconf 83' lang='lat' dir='ltr'><strong>Lin.</strong></span> <span class='ocrx_word' id='word_1_653' title='bbox 2881 4166 2991 4218; x_wconf 78' lang='grc' dir='ltr'><strong>ΝΟ.</strong></span> <span class='ocrx_word' id='word_1_654' title='bbox 3020 4166 3067 4225; x_wconf 88' lang='grc'><strong>1,</strong></span> <span class='ocrx_word' id='word_1_655' title='bbox 3093 4165 3141 4215; x_wconf 78' lang='lat'><strong>2.</strong></span> <span class='ocrx_word' id='word_1_656' title='bbox 3164 4159 3292 4216; x_wconf 75' lang='grc' dir='ltr'><strong>Βόα.</strong></span> <span class='ocrx_word' id='word_1_657' title='bbox 3315 4167 3361 4227; x_wconf 87' lang='grc'><strong>1,</strong></span> <span class='ocrx_word' id='word_1_658' title='bbox 3384 4165 3433 4215; x_wconf 76' lang='grc'>2.</span> <span class='ocrx_word' id='word_1_659' title='bbox 3462 4159 3581 4214; x_wconf 81' lang='lat' dir='ltr'><strong>Fab.</strong></span> <span class='ocrx_word' id='word_1_660' title='bbox 3600 4159 3752 4213; x_wconf 67' lang='lat' dir='ltr'><strong>Gladim</strong></span> 
     </span>
    </p>
   </div>
   <div class='ocr_carea' id='block_1_84' title="bbox 2180 4228 2652 4281">
    <p class='ocr_par' dir='ltr' id='par_1_84' title="bbox 2180 4228 2652 4281">
     <span class='ocr_line' id='line_1_85' title="bbox 2180 4228 2652 4281; baseline 0.002 -7"><span class='ocrx_word' id='word_1_661' title='bbox 2180 4238 2239 4276; x_wconf 88' lang='lat' dir='ltr'><strong>ac</strong></span> <span class='ocrx_word' id='word_1_662' title='bbox 2259 4228 2471 4278; x_wconf 88' lang='lat' dir='ltr'><strong>venenis</strong></span> <span class='ocrx_word' id='word_1_663' title='bbox 2494 4229 2652 4281; x_wconf 68' lang='lat' dir='ltr'><strong>Oxon.</strong></span> 
     </span>
    </p>
   </div>
   <div class='ocr_carea' id='block_1_85' title="bbox 2250 4289 3747 4356">
    <p class='ocr_par' dir='ltr' id='par_1_85' title="bbox 2250 4289 3747 4356">
     <span class='ocr_line' id='line_1_86' title="bbox 2250 4289 3747 4356; baseline -0.001 -15"><span class='ocrx_word' id='word_1_664' title='bbox 2250 4290 2266 4341; x_wconf 70' lang='lat' dir='ltr'><strong>i</strong></span> <span class='ocrx_word' id='word_1_665' title='bbox 2306 4291 2395 4342; x_wconf 84' lang='lat' dir='ltr'><strong>Sic</strong></span> <span class='ocrx_word' id='word_1_666' title='bbox 2417 4290 2562 4343; x_wconf 77' lang='lat' dir='ltr'><strong>Ebur.</strong></span> <span class='ocrx_word' id='word_1_667' title='bbox 2583 4289 2711 4343; x_wconf 80' lang='lat' dir='ltr'><strong>Bod.</strong></span> <span class='ocrx_word' id='word_1_668' title='bbox 2732 4292 2778 4354; x_wconf 88' lang='lat'><strong>1,</strong></span> <span class='ocrx_word' id='word_1_669' title='bbox 2806 4291 2857 4341; x_wconf 87' lang='lat'><strong>2.</strong></span> <span class='ocrx_word' id='word_1_670' title='bbox 2880 4289 2985 4343; x_wconf 79' lang='lat' dir='ltr'><strong>Litt.</strong></span> <span class='ocrx_word' id='word_1_671' title='bbox 3010 4294 3057 4346; x_wconf 84' lang='grc' dir='ltr'><em>Ν</em></span> <span class='ocrx_word' id='word_1_672' title='bbox 3065 4291 3118 4342; x_wconf 87' lang='lat' dir='ltr'><strong>C.</strong></span> <span class='ocrx_word' id='word_1_673' title='bbox 3146 4292 3194 4351; x_wconf 92' lang='grc'><strong>1,</strong></span> <span class='ocrx_word' id='word_1_674' title='bbox 3218 4291 3265 4343; x_wconf 81' lang='lat'><strong>2.</strong></span> <span class='ocrx_word' id='word_1_675' title='bbox 3288 4290 3602 4356; x_wconf 75' lang='lat' dir='ltr'><strong>Singulorum</strong></span> <span class='ocrx_word' id='word_1_676' title='bbox 3620 4290 3747 4340; x_wconf 64' lang='grc' dir='ltr'><strong>θέωσι.</strong></span> 
     </span>
    </p>
   </div>
   <div class='ocr_carea' id='block_1_86' title="bbox 1658 4480 2525 4553">
    <p class='ocr_par' dir='ltr' id='par_1_86' title="bbox 1658 4480 2525 4553">
     <span class='ocr_line' id='line_1_87' title="bbox 1658 4480 2525 4553; baseline 0.008 -15"><span class='ocrx_word' id='word_1_677' title='bbox 1658 4480 1936 4553; x_wconf 65' lang='lat' dir='ltr'><strong>LSTEPH.</strong></span> <span class='ocrx_word' id='word_1_678' title='bbox 1980 4482 2257 4543; x_wconf 85' lang='lat' dir='ltr'><strong>BALUZII</strong></span> <span class='ocrx_word' id='word_1_679' title='bbox 2294 4485 2525 4545; x_wconf 66' lang='lat' dir='ltr'><strong>NOTAE.</strong></span> 
     </span>
    </p>
   </div>
   <div class='ocr_carea' id='block_1_87' title="bbox 465 4619 2068 4695">
    <p class='ocr_par' dir='ltr' id='par_1_87' title="bbox 465 4619 2068 4695">
     <span class='ocr_line' id='line_1_88' title="bbox 465 4619 2068 4695; baseline -0.004 -13"><span class='ocrx_word' id='word_1_680' title='bbox 465 4633 673 4695; x_wconf 84' lang='lat' dir='ltr'><strong>septem</strong></span> <span class='ocrx_word' id='word_1_681' title='bbox 704 4622 1139 4694; x_wconf 83' lang='lat' dir='ltr'><strong>Anglicanorum.</strong></span> <span class='ocrx_word' id='word_1_682' title='bbox 1156 4619 1622 4695; x_wconf 26' lang='lat' dir='ltr'><strong>‘Antea‘legebatur</strong></span> <span class='ocrx_word' id='word_1_683' title='bbox 1642 4619 1891 4684; x_wconf 83' lang='lat' dir='ltr'><strong>baptizari</strong></span> <span class='ocrx_word' id='word_1_684' title='bbox 1922 4637 1955 4675; x_wconf 92' lang='lat' dir='ltr'><strong>a</strong></span> <span class='ocrx_word' id='word_1_685' title='bbox 1975 4637 2068 4675; x_wconf 86' lang='lat' dir='ltr'><strong>no-</strong></span> 
     </span>
    </p>
   </div>
   <div class='ocr_carea' id='block_1_88' title="bbox 471 4692 2067 4764">
    <p class='ocr_par' dir='ltr' id='par_1_88' title="bbox 471 4692 2067 4764">
     <span class='ocr_line' id='line_1_89' title="bbox 471 4692 2067 4764; baseline -0.003 -13"><span class='ocrx_word' id='word_1_686' title='bbox 471 4692 568 4753; x_wconf 74' lang='lat' dir='ltr'><strong>bis.</strong></span> <span class='ocrx_word' id='word_1_687' title='bbox 602 4692 918 4764; x_wconf 75' lang='lat' dir='ltr'><strong>Quicumque</strong></span> <span class='ocrx_word' id='word_1_688' title='bbox 960 4709 1078 4764; x_wconf 84' lang='lat' dir='ltr'><strong>ergo</strong></span> <span class='ocrx_word' id='word_1_689' title='bbox 1115 4692 1177 4745; x_wconf 87' lang='lat' dir='ltr'><strong>ab</strong></span> <span class='ocrx_word' id='word_1_690' title='bbox 1206 4692 1443 4747; x_wconf 84' lang='lat' dir='ltr'><strong>adultera</strong></span> <span class='ocrx_word' id='word_1_691' title='bbox 1467 4701 1534 4764; x_wconf 20' lang='lat' dir='ltr'><strong>et,</strong></span> <span class='ocrx_word' id='word_1_692' title='bbox 1559 4696 1780 4764; x_wconf 79' lang='lat' dir='ltr'><strong>profana</strong></span> <span class='ocrx_word' id='word_1_693' title='bbox 1821 4708 2067 4764; x_wconf 63' lang='lat' dir='ltr'><strong>aquatic-</strong></span> 
     </span>
    </p>
   </div>
   <div class='ocr_carea' id='block_1_89' title="bbox 2172 4619 3742 4696">
    <p class='ocr_par' dir='ltr' id='par_1_89' title="bbox 2172 4619 3742 4696">
     <span class='ocr_line' id='line_1_90' title="bbox 2172 4619 3742 4696; baseline 0.002 -18"><span class='ocrx_word' id='word_1_694' title='bbox 2172 4641 2296 4696; x_wconf 84' lang='lat' dir='ltr'><strong>pore</strong></span> <span class='ocrx_word' id='word_1_695' title='bbox 2324 4625 2576 4681; x_wconf 74' lang='lat' dir='ltr'><strong>Iurreticis</strong></span> <span class='ocrx_word' id='word_1_696' title='bbox 2607 4627 2916 4696; x_wconf 81' lang='lat' dir='ltr'><strong>patrocinari</strong></span> <span class='ocrx_word' id='word_1_697' title='bbox 2942 4625 3203 4682; x_wconf 68' lang='lat' dir='ltr'><strong>Inrreticos</strong></span> <span class='ocrx_word' id='word_1_698' title='bbox 3224 4634 3271 4679; x_wconf 81' lang='lat' dir='ltr'><strong>et</strong></span> <span class='ocrx_word' id='word_1_699' title='bbox 3290 4619 3742 4696; x_wconf 77' lang='lat' dir='ltr'><strong>consensusnostri.</strong></span> 
     </span>
    </p>
   </div>
   <div class='ocr_carea' id='block_1_90' title="bbox 2170 4695 3742 4767">
    <p class='ocr_par' dir='ltr' id='par_1_90' title="bbox 2170 4695 3742 4767">
     <span class='ocr_line' id='line_1_91' title="bbox 2170 4695 3742 4767; baseline -0.003 -15"><span class='ocrx_word' id='word_1_700' title='bbox 2170 4706 2277 4752; x_wconf 90' lang='lat' dir='ltr'><strong>etc.</strong></span> <span class='ocrx_word' id='word_1_701' title='bbox 2293 4696 2398 4753; x_wconf 92' lang='lat' dir='ltr'><strong>Sex</strong></span> <span class='ocrx_word' id='word_1_702' title='bbox 2424 4696 2724 4767; x_wconf 72' lang='lat' dir='ltr'><strong>Anglicani,</strong></span> <span class='ocrx_word' id='word_1_703' title='bbox 2745 4715 2846 4753; x_wconf 86' lang='lat' dir='ltr'><strong>non</strong></span> <span class='ocrx_word' id='word_1_704' title='bbox 2867 4699 3106 4754; x_wconf 82' lang='lat' dir='ltr'><strong>debemus</strong></span> <span class='ocrx_word' id='word_1_705' title='bbox 3122 4706 3383 4759; x_wconf 84' lang='lat' dir='ltr'><strong>stuporem</strong></span> <span class='ocrx_word' id='word_1_706' title='bbox 3409 4695 3649 4750; x_wconf 69' lang='lat' dir='ltr'><strong>haereticis</strong></span> <span class='ocrx_word' id='word_1_707' title='bbox 3667 4708 3742 4761; x_wconf 82' lang='lat' dir='ltr'><strong>pa-</strong></span> 
     </span>
    </p>
   </div>
   <div class='ocr_carea' id='block_1_91' title="bbox 472 4762 3742 4836">
    <p class='ocr_par' dir='ltr' id='par_1_91' title="bbox 472 4762 3742 4836">
     <span class='ocr_line' id='line_1_92' title="bbox 472 4762 3742 4836; baseline -0 -14"><span class='ocrx_word' id='word_1_708' title='bbox 472 4762 883 4822; x_wconf 35' lang='lat' dir='ltr'><strong>aiunt—abluendi</strong></span> <span class='ocrx_word' id='word_1_709' title='bbox 907 4762 1029 4820; x_wconf 73' lang='lat' dir='ltr'><strong>sunt</strong></span> <span class='ocrx_word' id='word_1_710' title='bbox 1051 4773 1099 4818; x_wconf 86' lang='lat' dir='ltr'><strong>et</strong></span> <span class='ocrx_word' id='word_1_711' title='bbox 1119 4762 1494 4836; x_wconf 74' lang='lat' dir='ltr'><strong>sanctiﬁcandi.</strong></span> <span class='ocrx_word' id='word_1_712' title='bbox 1514 4763 1590 4818; x_wconf 91' lang='lat' dir='ltr'><strong>lta</strong></span> <span class='ocrx_word' id='word_1_713' title='bbox 1615 4762 1776 4836; x_wconf 88' lang='lat' dir='ltr'><strong>etiam</strong></span> <span class='ocrx_word' id='word_1_714' title='bbox 1808 4764 1858 4818; x_wconf 95' lang='lat' dir='ltr'><strong>in</strong></span> <span class='ocrx_word' id='word_1_715' title='bbox 1880 4762 2067 4820; x_wconf 89' lang='lat' dir='ltr'><strong>codice</strong></span> <span class='ocrx_word' id='word_1_716' title='bbox 2089 4829 2134 4836; x_wconf 73' lang='lat'><strong>__</strong></span> <span class='ocrx_word' id='word_1_717' title='bbox 2171 4770 2386 4825; x_wconf 84' lang='lat' dir='ltr'><strong>trocinio</strong></span> <span class='ocrx_word' id='word_1_718' title='bbox 2414 4762 2689 4826; x_wconf 67' lang='lat' dir='ltr'><strong>consensus</strong></span> <span class='ocrx_word' id='word_1_719' title='bbox 2713 4771 2896 4834; x_wconf 80' lang='lat' dir='ltr'><strong>nostri,</strong></span> <span class='ocrx_word' id='word_1_720' title='bbox 2916 4786 3052 4836; x_wconf 87' lang='lat' dir='ltr'><strong>cum,</strong></span> <span class='ocrx_word' id='word_1_721' title='bbox 3074 4780 3180 4824; x_wconf 86' lang='lat' dir='ltr'><strong>etc.</strong></span> <span class='ocrx_word' id='word_1_722' title='bbox 3205 4768 3281 4824; x_wconf 86' lang='lat' dir='ltr'><strong>Ita</strong></span> <span class='ocrx_word' id='word_1_723' title='bbox 3312 4770 3473 4823; x_wconf 88' lang='lat' dir='ltr'><strong>etiam</strong></span> <span class='ocrx_word' id='word_1_724' title='bbox 3501 4767 3551 4822; x_wconf 93' lang='lat' dir='ltr'><strong>in</strong></span> <span class='ocrx_word' id='word_1_725' title='bbox 3574 4783 3669 4821; x_wconf 80' lang='lat' dir='ltr'><strong>uno</strong></span> <span class='ocrx_word' id='word_1_726' title='bbox 3690 4777 3742 4836; x_wconf 66' lang='lat' dir='ltr'><strong>ex</strong></span> 
     </span>
    </p>
   </div>
   <div class='ocr_carea' id='block_1_92' title="bbox 472 4834 1878 4958">
    <p class='ocr_par' dir='ltr' id='par_1_92' title="bbox 472 4834 1878 4958">
     <span class='ocr_line' id='line_1_93' title="bbox 472 4834 1878 4958; baseline -0.005 -62"><span class='ocrx_word' id='word_1_727' title='bbox 472 4840 646 4896; x_wconf 84' lang='lat' dir='ltr'><strong>sancti</strong></span> <span class='ocrx_word' id='word_1_728' title='bbox 667 4836 958 4906; x_wconf 86' lang='lat' dir='ltr'><strong>Arnulplti,</strong></span> <span class='ocrx_word' id='word_1_729' title='bbox 993 4837 1093 4891; x_wconf 90' lang='lat' dir='ltr'><strong>nisi</strong></span> <span class='ocrx_word' id='word_1_730' title='bbox 1115 4834 1256 4903; x_wconf 88' lang='lat' dir='ltr'><strong>quod</strong></span> <span class='ocrx_word' id='word_1_731' title='bbox 1286 4835 1354 4889; x_wconf 89' lang='lat' dir='ltr'><strong>ibi</strong></span> <span class='ocrx_word' id='word_1_732' title='bbox 1388 4835 1584 4958; x_wconf 66' lang='lat' dir='ltr'><strong>legitur</strong></span> <span class='ocrx_word' id='word_1_733' title='bbox 1613 4835 1878 4889; x_wconf 79' lang='lat' dir='ltr'><strong>venientes.</strong></span> 
     </span>
     <span class='ocr_line' id='line_1_94' title="bbox 549 4905 1878 4958; baseline 0 0"><span class='ocrx_word' id='word_1_734' title='bbox 549 4909 958 4958; x_wconf 76' lang='lat' dir='ltr'><strong>ll-—-Hnmana.</strong></span> <span class='ocrx_word' id='word_1_735' title='bbox 972 4906 1121 4958; x_wconf 87' lang='lat' dir='ltr'><strong>Hanc</strong></span> <span class='ocrx_word' id='word_1_736' title='bbox 1144 4907 1427 4958; x_wconf 86' lang='lat' dir='ltr'><strong>lectionem</strong></span> <span class='ocrx_word' id='word_1_737' title='bbox 1466 4905 1644 4958; x_wconf 77' lang='lat' dir='ltr'><strong>tabent</strong></span> <span class='ocrx_word' id='word_1_738' title='bbox 1660 4916 1878 4958; x_wconf 81' lang='lat' dir='ltr'><strong>enatum</strong></span> 
     </span>
    </p>
   </div>
   <div class='ocr_carea' id='block_1_93' title="bbox 548 4905 2065 4976">
    <p class='ocr_par' dir='ltr' id='par_1_93' title="bbox 548 4905 2065 4976">
     <span class='ocr_line' id='line_1_95' title="bbox 548 4905 2065 4976; baseline -0.001 -12"><span class='ocrx_word' id='word_1_739' title='bbox 548 4905 958 4967; x_wconf 82' lang='lat' dir='ltr'><strong>lI.—-Humana.</strong></span> <span class='ocrx_word' id='word_1_740' title='bbox 972 4906 1121 4962; x_wconf 87' lang='lat' dir='ltr'><strong>Hanc</strong></span> <span class='ocrx_word' id='word_1_741' title='bbox 1144 4907 1427 4962; x_wconf 90' lang='lat' dir='ltr'><strong>lectionem</strong></span> <span class='ocrx_word' id='word_1_742' title='bbox 1448 4905 1644 4976; x_wconf 72' lang='lat' dir='ltr'><strong>habent</strong></span> <span class='ocrx_word' id='word_1_743' title='bbox 1660 4906 2065 4976; x_wconf 77' lang='lat' dir='ltr'><strong>quatuor-decim</strong></span> 
     </span>
    </p>
   </div>
   <div class='ocr_carea' id='block_1_94' title="bbox 473 4975 2062 5052">
    <p class='ocr_par' dir='ltr' id='par_1_94' title="bbox 473 4975 2062 5052">
     <span class='ocr_line' id='line_1_96' title="bbox 473 4975 2062 5052; baseline -0.003 -14"><span class='ocrx_word' id='word_1_744' title='bbox 473 4982 799 5052; x_wconf 83' lang='lat' dir='ltr'><strong>exemplaria</strong></span> <span class='ocrx_word' id='word_1_745' title='bbox 818 4989 999 5036; x_wconf 87' lang='lat' dir='ltr'><strong>nostra</strong></span> <span class='ocrx_word' id='word_1_746' title='bbox 1017 4989 1064 5033; x_wconf 90' lang='lat' dir='ltr'><strong>et</strong></span> <span class='ocrx_word' id='word_1_747' title='bbox 1082 4991 1286 5052; x_wconf 79' lang='lat' dir='ltr'><strong>septem</strong></span> <span class='ocrx_word' id='word_1_748' title='bbox 1303 4975 1857 5052; x_wconf 24' lang='lat' dir='ltr'><strong>AnglicaNox‘autem</strong></span> <span class='ocrx_word' id='word_1_749' title='bbox 1873 4989 2062 5052; x_wconf 74' lang='lat' dir='ltr'><strong>tanien,</strong></span> 
     </span>
    </p>
   </div>
   <div class='ocr_carea' id='block_1_95' title="bbox 473 5047 2065 5124">
    <p class='ocr_par' dir='ltr' id='par_1_95' title="bbox 473 5047 2065 5124">
     <span class='ocr_line' id='line_1_97' title="bbox 473 5047 2065 5124; baseline 0.003 -24"><span class='ocrx_word' id='word_1_750' title='bbox 473 5070 594 5124; x_wconf 59' lang='lat' dir='ltr'><strong>qua:</strong></span> <span class='ocrx_word' id='word_1_751' title='bbox 634 5047 898 5124; x_wconf 70' lang='lat' dir='ltr'><strong>sequitur,</strong></span> <span class='ocrx_word' id='word_1_752' title='bbox 926 5052 1078 5124; x_wconf 84' lang='lat' dir='ltr'><strong>deest</strong></span> <span class='ocrx_word' id='word_1_753' title='bbox 1112 5047 1163 5104; x_wconf 87' lang='lat' dir='ltr'><strong>in</strong></span> <span class='ocrx_word' id='word_1_754' title='bbox 1194 5049 1433 5124; x_wconf 81' lang='lat' dir='ltr'><strong>pluribus</strong></span> <span class='ocrx_word' id='word_1_755' title='bbox 1452 5047 1769 5124; x_wconf 76' lang='lat' dir='ltr'><strong>earumdem</strong></span> <span class='ocrx_word' id='word_1_756' title='bbox 1791 5051 2065 5124; x_wconf 76' lang='lat' dir='ltr'><strong>exetnpla-</strong></span> 
     </span>
    </p>
   </div>
   <div class='ocr_carea' id='block_1_96' title="bbox 469 5117 2061 5187">
    <p class='ocr_par' dir='ltr' id='par_1_96' title="bbox 469 5117 2061 5187">
     <span class='ocr_line' id='line_1_98' title="bbox 469 5117 2061 5187; baseline -0.003 -7"><span class='ocrx_word' id='word_1_757' title='bbox 469 5117 631 5180; x_wconf 81' lang='lat' dir='ltr'><strong>rium.</strong></span> <span class='ocrx_word' id='word_1_758' title='bbox 656 5117 1055 5179; x_wconf 46' lang='lat' dir='ltr'><strong>lii-Corbeieusi</strong></span> <span class='ocrx_word' id='word_1_759' title='bbox 1083 5135 1183 5187; x_wconf 90' lang='lat' dir='ltr'><strong>pro</strong></span> <span class='ocrx_word' id='word_1_760' title='bbox 1197 5117 1429 5173; x_wconf 70' lang='grc' dir='ltr'>Ιιιιιιιαηα</span> <span class='ocrx_word' id='word_1_761' title='bbox 1457 5117 1654 5187; x_wconf 83' lang='lat' dir='ltr'><strong>legitur</strong></span> <span class='ocrx_word' id='word_1_762' title='bbox 1682 5117 2061 5177; x_wconf 79' lang='lat' dir='ltr'><strong>Immanitaiem.</strong></span> 
     </span>
    </p>
   </div>
   <div class='ocr_carea' id='block_1_97' title="bbox 544 5190 1708 5261">
    <p class='ocr_par' dir='ltr' id='par_1_97' title="bbox 544 5190 1708 5261">
     <span class='ocr_line' id='line_1_99' title="bbox 544 5190 1708 5261; baseline -0.005 -11"><span class='ocrx_word' id='word_1_763' title='bbox 544 5195 830 5251; x_wconf 71' lang='lat' dir='ltr'><strong>Extraneo.</strong></span> <span class='ocrx_word' id='word_1_764' title='bbox 861 5193 1043 5250; x_wconf 85' lang='lat' dir='ltr'><strong>Codex</strong></span> <span class='ocrx_word' id='word_1_765' title='bbox 1083 5190 1141 5248; x_wconf 85' lang='lat' dir='ltr'><strong>S.</strong></span> <span class='ocrx_word' id='word_1_766' title='bbox 1171 5190 1434 5261; x_wconf 74' lang='lat' dir='ltr'><strong>Arnulphi</strong></span> <span class='ocrx_word' id='word_1_767' title='bbox 1461 5190 1708 5244; x_wconf 74' lang='lat' dir='ltr'><strong>extrario.</strong></span> 
     </span>
    </p>
   </div>
   <div class='ocr_carea' id='block_1_98' title="bbox 503 5260 2069 5354">
    <p class='ocr_par' dir='ltr' id='par_1_98' title="bbox 503 5260 2069 5354">
     <span class='ocr_line' id='line_1_100' title="bbox 503 5260 2069 5354; baseline -0.003 -31"><span class='ocrx_word' id='word_1_768' title='bbox 503 5343 515 5354; x_wconf 42' lang='lat'><strong><em>.</em></strong></span> <span class='ocrx_word' id='word_1_769' title='bbox 551 5266 918 5338; x_wconf 77' lang='lat' dir='ltr'><strong>Relinquamus</strong></span> <span class='ocrx_word' id='word_1_770' title='bbox 940 5260 1370 5320; x_wconf 74' lang='lat' dir='ltr'><strong>Ecclesiandem</strong></span> <span class='ocrx_word' id='word_1_771' title='bbox 1398 5261 1590 5329; x_wconf 88' lang='lat' dir='ltr'><strong>codex,</strong></span> <span class='ocrx_word' id='word_1_772' title='bbox 1625 5260 1880 5331; x_wconf 81' lang='lat' dir='ltr'><strong>relinquat</strong></span> <span class='ocrx_word' id='word_1_773' title='bbox 1905 5265 2069 5319; x_wconf 84' lang='lat' dir='ltr'><strong>eccle-</strong></span> 
     </span>
    </p>
   </div>
   <div class='ocr_carea' id='block_1_99' title="bbox 469 5358 2070 5478">
    <p class='ocr_par' dir='ltr' id='par_1_99' title="bbox 469 5358 2070 5478">
     <span class='ocr_line' id='line_1_101' title="bbox 469 5358 2070 5478; baseline -0.003 -10"><span class='ocrx_word' id='word_1_774' title='bbox 469 5358 636 5467; x_wconf 48' lang='grc' dir='ltr'>εἀιιι.</span> <span class='ocrx_word' id='word_1_775' title='bbox 666 5438 739 5449; x_wconf 91' lang='lat'><strong>——</strong></span> <span class='ocrx_word' id='word_1_776' title='bbox 775 5406 953 5478; x_wconf 83' lang='lat' dir='ltr'><strong>Longa</strong></span> <span class='ocrx_word' id='word_1_777' title='bbox 979 5417 1124 5462; x_wconf 80' lang='lat' dir='ltr'><strong>tetas.</strong></span> <span class='ocrx_word' id='word_1_778' title='bbox 1150 5405 1288 5478; x_wconf 75' lang='lat' dir='ltr'><strong>Vide</strong></span> <span class='ocrx_word' id='word_1_779' title='bbox 1328 5404 1733 5478; x_wconf 79' lang='lat' dir='ltr'><strong>observationes</strong></span> <span class='ocrx_word' id='word_1_780' title='bbox 1763 5403 1980 5478; x_wconf 76' lang='lat' dir='ltr'><strong>Rigaltii</strong></span> <span class='ocrx_word' id='word_1_781' title='bbox 2001 5406 2070 5463; x_wconf 90' lang='lat' dir='ltr'><strong>ad</strong></span> 
     </span>
    </p>
   </div>
   <div class='ocr_carea' id='block_1_100' title="bbox 471 5475 2067 5563">
    <p class='ocr_par' dir='ltr' id='par_1_100' title="bbox 471 5475 2067 5563">
     <span class='ocr_line' id='line_1_102' title="bbox 471 5475 2067 5563; baseline -0.003 -24"><span class='ocrx_word' id='word_1_782' title='bbox 471 5485 619 5563; x_wconf 60' lang='lat' dir='ltr'><strong>hunc</strong></span> <span class='ocrx_word' id='word_1_783' title='bbox 677 5475 1037 5563; x_wconf 50' lang='lat' dir='ltr'><strong>locumeide</strong></span> <span class='ocrx_word' id='word_1_784' title='bbox 1066 5478 1229 5534; x_wconf 84' lang='lat' dir='ltr'><strong>etiam</strong></span> <span class='ocrx_word' id='word_1_785' title='bbox 1256 5476 1526 5533; x_wconf 87' lang='lat' dir='ltr'><strong>Sirtnondi</strong></span> <span class='ocrx_word' id='word_1_786' title='bbox 1558 5486 1717 5532; x_wconf 86' lang='lat' dir='ltr'><strong>notas</strong></span> <span class='ocrx_word' id='word_1_787' title='bbox 1761 5475 1828 5531; x_wconf 91' lang='lat' dir='ltr'><strong>ad</strong></span> <span class='ocrx_word' id='word_1_788' title='bbox 1874 5476 2067 5534; x_wconf 90' lang='lat' dir='ltr'><strong>librum</strong></span> 
     </span>
    </p>
   </div>
   <div class='ocr_carea' id='block_1_101' title="bbox 472 5550 2066 5680">
    <p class='ocr_par' dir='ltr' id='par_1_101' title="bbox 472 5550 2066 5680">
     <span class='ocr_line' id='line_1_103' title="bbox 472 5550 2066 5680; baseline -0.002 0"><span class='ocrx_word' id='word_1_789' title='bbox 472 5573 510 5612; x_wconf 55' lang='grc' dir='ltr'><strong>ι</strong></span> <span class='ocrx_word' id='word_1_790' title='bbox 542 5550 904 5680; x_wconf 68' lang='lat' dir='ltr'><strong>luertit</strong></span> <span class='ocrx_word' id='word_1_791' title='bbox 922 5630 975 5674; x_wconf 89' lang='lat' dir='ltr'><strong>ut</strong></span> <span class='ocrx_word' id='word_1_792' title='bbox 994 5622 1176 5678; x_wconf 79' lang='lat' dir='ltr'><strong>discat.</strong></span> <span class='ocrx_word' id='word_1_793' title='bbox 1205 5620 1281 5676; x_wconf 89' lang='lat' dir='ltr'><strong>Ita</strong></span> <span class='ocrx_word' id='word_1_794' title='bbox 1306 5637 1417 5677; x_wconf 86' lang='lat' dir='ltr'><strong>xvn</strong></span> <span class='ocrx_word' id='word_1_795' title='bbox 1445 5619 1567 5677; x_wconf 87' lang='lat' dir='ltr'><strong>libri</strong></span> <span class='ocrx_word' id='word_1_796' title='bbox 1596 5620 1765 5675; x_wconf 90' lang='lat' dir='ltr'><strong>nostri</strong></span> <span class='ocrx_word' id='word_1_797' title='bbox 1792 5628 1998 5676; x_wconf 90' lang='lat' dir='ltr'><strong>veteres</strong></span> <span class='ocrx_word' id='word_1_798' title='bbox 2013 5631 2066 5677; x_wconf 91' lang='lat' dir='ltr'><strong>et</strong></span> 
     </span>
    </p>
   </div>
   <div class='ocr_carea' id='block_1_102' title="bbox 473 5692 2065 5782">
    <p class='ocr_par' dir='ltr' id='par_1_102' title="bbox 473 5692 2065 5782">
     <span class='ocr_line' id='line_1_104' title="bbox 473 5692 2065 5782; baseline -0.004 -29"><span class='ocrx_word' id='word_1_799' title='bbox 473 5709 679 5782; x_wconf 73' lang='lat' dir='ltr'><strong>septem</strong></span> <span class='ocrx_word' id='word_1_800' title='bbox 712 5692 1011 5776; x_wconf 66' lang='lat' dir='ltr'><strong>Anglicani.</strong></span> <span class='ocrx_word' id='word_1_801' title='bbox 1031 5693 1216 5763; x_wconf 85' lang='lat' dir='ltr'><strong>Neque</strong></span> <span class='ocrx_word' id='word_1_802' title='bbox 1243 5693 1475 5748; x_wconf 87' lang='lat' dir='ltr'><strong>dubitari</strong></span> <span class='ocrx_word' id='word_1_803' title='bbox 1500 5701 1675 5763; x_wconf 89' lang='lat' dir='ltr'><strong>potest</strong></span> <span class='ocrx_word' id='word_1_804' title='bbox 1693 5692 1821 5765; x_wconf 92' lang='lat' dir='ltr'><strong>quin</strong></span> <span class='ocrx_word' id='word_1_805' title='bbox 1849 5692 1962 5748; x_wconf 71' lang='lat' dir='ltr'><strong>haec</strong></span> <span class='ocrx_word' id='word_1_806' title='bbox 1990 5694 2065 5749; x_wconf 86' lang='lat' dir='ltr'><strong>le-</strong></span> 
     </span>
    </p>
   </div>
   <div class='ocr_carea' id='block_1_103' title="bbox 469 5776 2064 5907">
    <p class='ocr_par' dir='ltr' id='par_1_103' title="bbox 469 5776 2064 5907">
     <span class='ocr_line' id='line_1_105' title="bbox 469 5776 2064 5907; baseline -0.001 -14"><span class='ocrx_word' id='word_1_807' title='bbox 469 5776 1094 5907; x_wconf 51' lang='lat' dir='ltr'><strong>a&#39;iifiipiiiilgiiimm.</strong></span> <span class='ocrx_word' id='word_1_808' title='bbox 1139 5832 1257 5888; x_wconf 86' lang='lat' dir='ltr'><strong>Duo</strong></span> <span class='ocrx_word' id='word_1_809' title='bbox 1283 5830 1403 5889; x_wconf 88' lang='lat' dir='ltr'><strong>libri</strong></span> <span class='ocrx_word' id='word_1_810' title='bbox 1436 5844 1667 5901; x_wconf 83' lang='lat' dir='ltr'><strong>veteres,</strong></span> <span class='ocrx_word' id='word_1_811' title='bbox 1701 5835 1938 5891; x_wconf 65' lang='lat' dir='ltr'><strong>debeant;</strong></span> <span class='ocrx_word' id='word_1_812' title='bbox 1964 5842 2064 5892; x_wconf 80' lang='lat' dir='ltr'><strong>stu-</strong></span> 
     </span>
    </p>
   </div>
   <div class='ocr_carea' id='block_1_104' title="bbox 2089 4829 3742 4924">
    <p class='ocr_par' dir='ltr' id='par_1_104' title="bbox 2089 4829 3742 4924">
     <span class='ocr_line' id='line_1_106' title="bbox 2089 4829 3742 4924; baseline -0.003 -30"><span class='ocrx_word' id='word_1_813' title='bbox 2089 4829 2144 4891; x_wconf 87' lang='lat' dir='ltr'>D</span> <span class='ocrx_word' id='word_1_814' title='bbox 2172 4842 2391 4924; x_wconf 61' lang='lat' dir='ltr'><strong>nostris.</strong></span> <span class='ocrx_word' id='word_1_815' title='bbox 2426 4840 2704 4924; x_wconf 77' lang='lat' dir='ltr'><strong>stuporem</strong></span> <span class='ocrx_word' id='word_1_816' title='bbox 2723 4829 3023 4915; x_wconf 82' lang='lat' dir='ltr'><strong>gentilitatis</strong></span> <span class='ocrx_word' id='word_1_817' title='bbox 3040 4829 3415 4898; x_wconf 84' lang='lat' dir='ltr'><strong>dixitPontius</strong></span> <span class='ocrx_word' id='word_1_818' title='bbox 3436 4839 3677 4896; x_wconf 80' lang='lat' dir='ltr'><strong>diaconus</strong></span> <span class='ocrx_word' id='word_1_819' title='bbox 3697 4834 3742 4889; x_wconf 76' lang='grc' dir='ltr'><strong>ιιι</strong></span> 
     </span>
    </p>
   </div>
   <div class='ocr_carea' id='block_1_105' title="bbox 2172 4909 2598 4984">
    <p class='ocr_par' dir='ltr' id='par_1_105' title="bbox 2172 4909 2598 4984">
     <span class='ocr_line' id='line_1_107' title="bbox 2172 4909 2598 4984; baseline 0.012 -20"><span class='ocrx_word' id='word_1_820' title='bbox 2172 4909 2296 4966; x_wconf 84' lang='lat' dir='ltr'><strong>Vita</strong></span> <span class='ocrx_word' id='word_1_821' title='bbox 2323 4909 2598 4984; x_wconf 81' lang='lat' dir='ltr'><strong>Cypriani.</strong></span> 
     </span>
    </p>
   </div>
   <div class='ocr_carea' id='block_1_106' title="bbox 2241 4997 3736 5077">
    <p class='ocr_par' dir='ltr' id='par_1_106' title="bbox 2241 4997 3736 5077">
     <span class='ocr_line' id='line_1_108' title="bbox 2241 4997 3736 5077; baseline -0.004 -17"><span class='ocrx_word' id='word_1_822' title='bbox 2241 5003 2538 5062; x_wconf 83' lang='lat' dir='ltr'><strong>Patrocinio</strong></span> <span class='ocrx_word' id='word_1_823' title='bbox 2557 5023 2854 5063; x_wconf 77' lang='lat' dir='ltr'><strong>consensus.</strong></span> <span class='ocrx_word' id='word_1_824' title='bbox 2876 5005 3067 5063; x_wconf 86' lang='lat' dir='ltr'><strong>Codex</strong></span> <span class='ocrx_word' id='word_1_825' title='bbox 3095 5006 3155 5063; x_wconf 86' lang='lat' dir='ltr'><strong>S.</strong></span> <span class='ocrx_word' id='word_1_826' title='bbox 3177 5005 3462 5077; x_wconf 80' lang='lat' dir='ltr'><strong>Arnulphi,</strong></span> <span class='ocrx_word' id='word_1_827' title='bbox 3493 4997 3736 5076; x_wconf 78' lang='lat' dir='ltr'><strong>patrocinii</strong></span> 
     </span>
    </p>
   </div>
   <div class='ocr_carea' id='block_1_107' title="bbox 2174 5086 3738 5219">
    <p class='ocr_par' dir='ltr' id='par_1_107' title="bbox 2174 5086 3738 5219">
     <span class='ocr_line' id='line_1_109' title="bbox 2174 5086 2545 5134; baseline 0.003 -3"><span class='ocrx_word' id='word_1_828' title='bbox 2174 5086 2222 5131; x_wconf 73' lang='grc' dir='ltr'>ει</span> <span class='ocrx_word' id='word_1_829' title='bbox 2248 5093 2545 5134; x_wconf 79' lang='lat' dir='ltr'><strong>consensus.</strong></span> 
     </span>
     <span class='ocr_line' id='line_1_110' title="bbox 2246 5141 3738 5219; baseline -0.006 -15"><span class='ocrx_word' id='word_1_830' title='bbox 2246 5148 2423 5206; x_wconf 91' lang='lat' dir='ltr'><strong>lV.—-</strong></span> <span class='ocrx_word' id='word_1_831' title='bbox 2437 5150 2783 5217; x_wconf 70' lang='lat' dir='ltr'><strong>Quwrendum</strong></span> <span class='ocrx_word' id='word_1_832' title='bbox 2802 5168 2906 5207; x_wconf 82' lang='lat' dir='ltr'><strong>non</strong></span> <span class='ocrx_word' id='word_1_833' title='bbox 2929 5152 3015 5207; x_wconf 81' lang='lat' dir='ltr'><strong>sit.</strong></span> <span class='ocrx_word' id='word_1_834' title='bbox 3044 5150 3178 5208; x_wconf 84' lang='lat' dir='ltr'><strong>Vide</strong></span> <span class='ocrx_word' id='word_1_835' title='bbox 3210 5149 3409 5206; x_wconf 84' lang='lat' dir='ltr'><strong>librum</strong></span> <span class='ocrx_word' id='word_1_836' title='bbox 3427 5144 3665 5219; x_wconf 83' lang='lat' dir='ltr'><strong>anonymi</strong></span> <span class='ocrx_word' id='word_1_837' title='bbox 3686 5141 3738 5195; x_wconf 75' lang='lat' dir='ltr'><strong>de</strong></span> 
     </span>
    </p>
   </div>
   <div class='ocr_carea' id='block_1_108' title="bbox 2173 5219 2989 5295">
    <p class='ocr_par' dir='ltr' id='par_1_108' title="bbox 2173 5219 2989 5295">
     <span class='ocr_line' id='line_1_111' title="bbox 2173 5219 2989 5295; baseline 0.001 -19"><span class='ocrx_word' id='word_1_838' title='bbox 2173 5219 2576 5291; x_wconf 77' lang='lat' dir='ltr'><strong>Rebaptismate,</strong></span> <span class='ocrx_word' id='word_1_839' title='bbox 2605 5223 2742 5279; x_wconf 88' lang='lat' dir='ltr'><strong>inl&#39;ra</strong></span> <span class='ocrx_word' id='word_1_840' title='bbox 2774 5240 2827 5295; x_wconf 92' lang='lat' dir='ltr'><strong>p.</strong></span> <span class='ocrx_word' id='word_1_841' title='bbox 2859 5223 2989 5280; x_wconf 75' lang='lat'><strong>355.</strong></span> 
     </span>
    </p>
   </div>
   <div class='ocr_carea' id='block_1_109' title="bbox 2246 5308 3731 5386">
    <p class='ocr_par' dir='ltr' id='par_1_109' title="bbox 2246 5308 3731 5386">
     <span class='ocr_line' id='line_1_112' title="bbox 2246 5308 3731 5386; baseline -0.006 -17"><span class='ocrx_word' id='word_1_842' title='bbox 2246 5316 2609 5386; x_wconf 81' lang='lat' dir='ltr'><strong>Anthropiani.</strong></span> <span class='ocrx_word' id='word_1_843' title='bbox 2629 5316 2762 5373; x_wconf 86' lang='lat' dir='ltr'><strong>Vide</strong></span> <span class='ocrx_word' id='word_1_844' title='bbox 2789 5316 3085 5373; x_wconf 88' lang='lat' dir='ltr'><strong>doctissimi</strong></span> <span class='ocrx_word' id='word_1_845' title='bbox 3110 5315 3211 5372; x_wconf 89' lang='lat' dir='ltr'><strong>viri</strong></span> <span class='ocrx_word' id='word_1_846' title='bbox 3259 5314 3482 5371; x_wconf 82' lang='lat' dir='ltr'><strong>Joannis</strong></span> <span class='ocrx_word' id='word_1_847' title='bbox 3509 5308 3731 5381; x_wconf 59' lang='lat' dir='ltr'><strong>Baptista</strong></span> 
     </span>
    </p>
   </div>
   <div class='ocr_carea' id='block_1_110' title="bbox 2172 5384 3728 5452">
    <p class='ocr_par' dir='ltr' id='par_1_110' title="bbox 2172 5384 3728 5452">
     <span class='ocr_line' id='line_1_113' title="bbox 2172 5384 3728 5452; baseline -0.004 -11"><span class='ocrx_word' id='word_1_848' title='bbox 2172 5384 2426 5443; x_wconf 89' lang='lat' dir='ltr'><strong>Cotelerii</strong></span> <span class='ocrx_word' id='word_1_849' title='bbox 2449 5384 2608 5443; x_wconf 87' lang='lat' dir='ltr'><strong>notas</strong></span> <span class='ocrx_word' id='word_1_850' title='bbox 2624 5388 2689 5445; x_wconf 89' lang='lat' dir='ltr'><strong>ad</strong></span> <span class='ocrx_word' id='word_1_851' title='bbox 2710 5390 2903 5446; x_wconf 88' lang='lat' dir='ltr'><strong>librum</strong></span> <span class='ocrx_word' id='word_1_852' title='bbox 2931 5396 3147 5445; x_wconf 88' lang='lat' dir='ltr'><strong>sextum</strong></span> <span class='ocrx_word' id='word_1_853' title='bbox 3179 5386 3598 5443; x_wconf 79' lang='lat' dir='ltr'><strong>Constitutionum</strong></span> <span class='ocrx_word' id='word_1_854' title='bbox 3621 5392 3728 5452; x_wconf 80' lang='lat' dir='ltr'><strong>apo-</strong></span> 
     </span>
    </p>
   </div>
   <div class='ocr_carea' id='block_1_111' title="bbox 2173 5458 2749 5531">
    <p class='ocr_par' dir='ltr' id='par_1_111' title="bbox 2173 5458 2749 5531">
     <span class='ocr_line' id='line_1_114' title="bbox 2173 5458 2749 5531; baseline 0.003 -19"><span class='ocrx_word' id='word_1_855' title='bbox 2173 5458 2490 5529; x_wconf 78' lang='lat' dir='ltr'><strong>stolicarum,</strong></span> <span class='ocrx_word' id='word_1_856' title='bbox 2517 5475 2637 5531; x_wconf 90' lang='lat' dir='ltr'><strong>cap.</strong></span> <span class='ocrx_word' id='word_1_857' title='bbox 2662 5462 2749 5518; x_wconf 87' lang='lat'><strong>10.</strong></span> 
     </span>
    </p>
   </div>
   <div class='ocr_carea' id='block_1_112' title="bbox 2247 5546 3725 5623">
    <p class='ocr_par' dir='ltr' id='par_1_112' title="bbox 2247 5546 3725 5623">
     <span class='ocr_line' id='line_1_115' title="bbox 2247 5546 3725 5623; baseline -0.006 -17"><span class='ocrx_word' id='word_1_858' title='bbox 2247 5549 2425 5623; x_wconf 71' lang='lat' dir='ltr'><strong>Gladii</strong></span> <span class='ocrx_word' id='word_1_859' title='bbox 2444 5567 2505 5605; x_wconf 87' lang='lat' dir='ltr'><strong>ac</strong></span> <span class='ocrx_word' id='word_1_860' title='bbox 2532 5568 2743 5607; x_wconf 79' lang='lat' dir='ltr'><strong>uenena.</strong></span> <span class='ocrx_word' id='word_1_861' title='bbox 2774 5554 2852 5610; x_wconf 84' lang='lat' dir='ltr'><strong>Ita</strong></span> <span class='ocrx_word' id='word_1_862' title='bbox 2879 5552 3247 5622; x_wconf 86' lang='lat' dir='ltr'><strong>reponendum</strong></span> <span class='ocrx_word' id='word_1_863' title='bbox 3290 5567 3412 5609; x_wconf 90' lang='lat' dir='ltr'><strong>esse</strong></span> <span class='ocrx_word' id='word_1_864' title='bbox 3438 5546 3725 5623; x_wconf 77' lang='lat' dir='ltr'><strong>censuimus,</strong></span> 
     </span>
    </p>
   </div>
   <div class='ocr_carea' id='block_1_113' title="bbox 2169 5621 3735 5697">
    <p class='ocr_par' dir='ltr' id='par_1_113' title="bbox 2169 5621 3735 5697">
     <span class='ocr_line' id='line_1_116' title="bbox 2169 5621 3735 5697; baseline -0.004 -21"><span class='ocrx_word' id='word_1_865' title='bbox 2169 5621 2295 5692; x_wconf 91' lang='lat' dir='ltr'><strong>quia</strong></span> <span class='ocrx_word' id='word_1_866' title='bbox 2323 5624 2397 5697; x_wconf 74' lang='lat' dir='ltr'><strong>ita</strong></span> <span class='ocrx_word' id='word_1_867' title='bbox 2420 5624 2678 5697; x_wconf 87' lang='lat' dir='ltr'><strong>scriptum</strong></span> <span class='ocrx_word' id='word_1_868' title='bbox 2711 5625 3078 5697; x_wconf 85' lang='lat' dir='ltr'><strong>invenimusin</strong></span> <span class='ocrx_word' id='word_1_869' title='bbox 3102 5625 3358 5697; x_wconf 88' lang='lat' dir='ltr'><strong>tredecim</strong></span> <span class='ocrx_word' id='word_1_870' title='bbox 3386 5622 3529 5679; x_wconf 86' lang='lat' dir='ltr'><strong>libris</strong></span> <span class='ocrx_word' id='word_1_871' title='bbox 3552 5621 3735 5697; x_wconf 67' lang='lat' dir='ltr'><strong>nostris</strong></span> 
     </span>
    </p>
   </div>
   <div class='ocr_carea' id='block_1_114' title="bbox 2167 5688 3727 5766">
    <p class='ocr_par' dir='ltr' id='par_1_114' title="bbox 2167 5688 3727 5766">
     <span class='ocr_line' id='line_1_117' title="bbox 2167 5688 3727 5766; baseline -0.004 -19"><span class='ocrx_word' id='word_1_872' title='bbox 2167 5688 2442 5750; x_wconf 75' lang='lat' dir='ltr'><strong>veteribus</strong></span> <span class='ocrx_word' id='word_1_873' title='bbox 2469 5688 2604 5749; x_wconf 50' lang='lat' dir='ltr'><strong>et&#39;in</strong></span> <span class='ocrx_word' id='word_1_874' title='bbox 2632 5706 2841 5766; x_wconf 86' lang='lat' dir='ltr'><strong>septem</strong></span> <span class='ocrx_word' id='word_1_875' title='bbox 2870 5695 3394 5763; x_wconf 78' lang='lat' dir='ltr'><strong>Attglicattis.Gladii</strong></span> <span class='ocrx_word' id='word_1_876' title='bbox 3416 5705 3581 5752; x_wconf 87' lang='lat' dir='ltr'><strong>autem</strong></span> <span class='ocrx_word' id='word_1_877' title='bbox 3608 5688 3727 5764; x_wconf 71' lang='lat' dir='ltr'><strong>illiel</strong></span> 
     </span>
    </p>
   </div>
   <div class='ocr_carea' id='block_1_115' title="bbox 2165 5766 3722 5838">
    <p class='ocr_par' dir='ltr' id='par_1_115' title="bbox 2165 5766 3722 5838">
     <span class='ocr_line' id='line_1_118' title="bbox 2165 5766 3722 5838; baseline 0.005 -18"><span class='ocrx_word' id='word_1_878' title='bbox 2165 5777 2372 5838; x_wconf 75' lang='lat' dir='ltr'><strong>venena</strong></span> <span class='ocrx_word' id='word_1_879' title='bbox 2404 5766 2708 5822; x_wconf 78' lang='lat' dir='ltr'><strong>referuntur</strong></span> <span class='ocrx_word' id='word_1_880' title='bbox 2761 5767 2829 5823; x_wconf 88' lang='lat' dir='ltr'><strong>ad</strong></span> <span class='ocrx_word' id='word_1_881' title='bbox 2871 5766 3157 5824; x_wconf 62' lang='lat' dir='ltr'><strong>haereticos</strong></span> <span class='ocrx_word' id='word_1_882' title='bbox 3186 5768 3308 5823; x_wconf 87' lang='lat' dir='ltr'><strong>illos</strong></span> <span class='ocrx_word' id='word_1_883' title='bbox 3352 5775 3608 5838; x_wconf 81' lang='lat' dir='ltr'><strong>tamquam</strong></span> <span class='ocrx_word' id='word_1_884' title='bbox 3632 5771 3722 5827; x_wconf 64' lang='lat' dir='ltr'><strong>ei)&quot;</strong></span> 
     </span>
    </p>
   </div>
   <div class='ocr_carea' id='block_1_116' title="bbox 2165 5834 3447 5908">
    <p class='ocr_par' dir='ltr' id='par_1_116' title="bbox 2165 5834 3447 5908">
     <span class='ocr_line' id='line_1_119' title="bbox 2165 5834 3447 5908; baseline 0.005 -20"><span class='ocrx_word' id='word_1_885' title='bbox 2165 5834 2336 5904; x_wconf 83' lang='lat' dir='ltr'><strong>theta,</strong></span> <span class='ocrx_word' id='word_1_886' title='bbox 2366 5845 2424 5891; x_wconf 80' lang='grc' dir='ltr'><strong>ιιι</strong></span> <span class='ocrx_word' id='word_1_887' title='bbox 2459 5853 2602 5907; x_wconf 71' lang='lat' dir='ltr'><strong>smpe</strong></span> <span class='ocrx_word' id='word_1_888' title='bbox 2629 5838 2768 5908; x_wconf 87' lang='lat' dir='ltr'><strong>apud</strong></span> <span class='ocrx_word' id='word_1_889' title='bbox 2795 5850 3040 5895; x_wconf 86' lang='lat' dir='ltr'><strong>oratores</strong></span> <span class='ocrx_word' id='word_1_890' title='bbox 3066 5850 3118 5893; x_wconf 88' lang='lat' dir='ltr'><strong>et</strong></span> <span class='ocrx_word' id='word_1_891' title='bbox 3145 5839 3447 5896; x_wconf 87' lang='lat' dir='ltr'><strong>historicos.</strong></span> 
     </span>
    </p>
   </div>
  </div>
