3958 6330
202 330 255 386 Η
273 332 337 387 l3

1342 323 1428 379 DE
1470 318 1867 378 HIERETICIS
1896 318 2366 378 BAPTIZANIHS.
2396 316 2403 323 ’

3342 313 3481 369 UH

195 459 506 511 recensere,
538 442 662 515 quia
691 456 790 497 nec
814 440 1051 496 delectat
1081 439 1132 494 id
1153 439 1335 494 dicere
1360 437 1502 508 quod
1531 445 1625 489 aut
1652 436 1781 490 hor-
1814 439 1865 498 Α
1891 436 2123 491 cundum
2152 434 2399 491 eamdem
2419 432 2577 489 tidem
2601 429 2858 502 consequi
2881 437 2933 485 et
2954 428 3211 501 Spiritum
3237 434 3485 482 sanctum

195 547 280 594 ret
299 549 396 595 aut
417 538 579 610 pudet
609 552 798 604 nosse,
830 537 899 591 de
925 535 1200 591 Marciane
1227 535 1439 589 interim
1471 536 1610 601 solo,
1635 534 1789 605 cujus

197 633 402 687 mentio
446 633 497 685 in
527 631 751 703 epistula
782 645 810 682 a
845 638 897 685 te
921 629 987 684 ad
1020 644 1120 683 nos
1148 627 1460 683 transmissa
1494 626 1630 681 facta
1682 636 1786 693 est,

197 725 571 778 exantittemus
592 739 659 777 an
687 723 855 793 possit
876 721 1212 792 baptismatis
1232 721 1351 791 ejus
1366 719 1502 774 ratio
1518 728 1783 775 constare.

196 816 459 871 Dominus
497 818 642 871 enim
675 827 795 886 post
842 815 1299 871 resurrectionem
1340 813 1636 884 discipulos
1664 827 1791 867 suos

198 910 453 976 mittens,
487 909 937 981 quemadmodum
969 909 1242 980 baptizare
1286 907 1549 963 deberent
1591 907 1792 960 instru-

196 1003 276 1061 xit
301 1014 355 1059 et
384 1005 561 1060 docuit
597 1014 623 1044 α
645 1006 866 1061 dicens:
902 984 1052 1059 Data.
1065 1012 1138 1059 est
1156 1004 1279 1057 uti/ti
1309 1004 1473 1057 ottmis
1502 1010 1723 1073 potestas
1738 1001 1792 1054 in

196 1100 327 1153 calo
360 1110 407 1153 ct
438 1101 490 1153 in
519 1110 673 1163 terra.
706 1099 786 1154 lle
809 1116 929 1171 ergo
960 1109 1006 1153 et
1029 1100 1205 1153 docete
1230 1109 1402 1170 gentes
1428 1114 1602 1153 omnes
1624 1098 1791 1167 bapti-

196 1204 371 1247 zantes
396 1191 423 1230 ⁸³
461 1209 547 1248 eos
578 1194 627 1247 itt
652 1193 856 1248 nomine
885 1190 1057 1246 Patris
1078 1202 1123 1245 et
1154 1190 1279 1246 Ft'lt'i
1294 1202 1340 1245 et
1372 1189 1601 1259 Spiritus
1630 1190 1793 1244 sancti

202 1284 418 1358 (Matth.
451 1301 643 1352 xmu,
687 1287 780 1349 18,
811 1283 924 1355 19).
964 1284 1198 1340 Insinuat
1234 1284 1585 1347 Trinitatem,
1636 1299 1795 1352 CUJUS

198 1387 543 1433 sacramento
593 1376 795 1434 Gentes
850 1379 1273 1449 baptizareutur.
1333 1376 1607 1447 Numquid
1656 1377 1795 1432 hanc

196 1470 518 1528 Trinitatem
542 1473 776 1527 Marcion
805 1473 977 1528 tenet?
992 1473 1248 1543 numquid
1271 1473 1523 1527 eumdem
1551 1473 1747 1528 asserit
1766 1483 1790 1510 ο

198 1578 359 1635 quem
390 1575 445 1620 et
471 1582 570 1622 nos
598 1576 809 1639 patrem
840 1577 1142 1623 creatorem
1164 1567 1190 1621 ?
1218 1566 1487 1635 Numquid
1522 1566 1795 1623 ‘eumdem

197 1660 350 1715 novit
380 1660 547 1716 ﬁliutn
570 1660 598 1699 (ι
629 1660 901 1717 Christum
947 1661 1016 1718 de
1042 1660 1206 1716 Maria
1235 1662 1441 1734 virgine
1470 1671 1678 1729 natum,
1705 1661 1795 1732 qui

198 1769 384 1811 sermo
406 1770 536 1811 caro
563 1755 737 1811 factus
765 1756 855 1821 sit,
874 1755 964 1827 qui
998 1765 1217 1826 peccata
1248 1766 1433 1812 nostra
1457 1756 1756 1827 portat-erit
1777 1796 1792 1822 ,

1893 533 2098 604 potuit,
2128 542 2184 586 et
2230 547 2334 586 non
2368 538 2451 584 est
2478 540 2699 583 necesse
2724 525 2772 581 ei
2797 523 3033 581 venienti
3063 538 3279 578 manum
3308 521 3485 592 impo-

1895 627 1946 682 ni
1973 635 2032 681 ut
2053 625 2312 695 Spiritum
2337 633 2585 677 sanctum
2608 627 2984 691 consequatur
3009 626 3061 671 et
3090 617 3361 687 signetur.
3379 614 3489 671 Aut

1895 732 2181 789 utrumque
2232 717 2373 772 enim
2424 714 2527 770 ﬁde
2598 729 2692 768 sua
2749 711 2940 767 furisK
2970 709 3227 778 consequi
3275 707 3483 777 potuit,

1893 821 1987 868 aut
2015 821 2263 867 neutrum
2295 823 2484 865 eorum
2511 806 2600 878 qui
2630 804 2766 860 foris
2805 804 2978 858 fuerat
3005 801 3233 871 accepit.

1969 904 2060 959 VII
2124 903 2460 958 Manifestum
2507 909 2790 954 estautcm
2822 896 2913 952 ubi
2956 903 3013 951 et
3060 909 3158 965 per
3208 906 3346 965 quos
3396 906 3488 948 re-

1896 1012 2057 1053 tunsa
2085 1007 2428 1066 peccatorum
2455 992 2567 1048 dari
2592 992 2797 1063 possit,
2827 1005 2945 1058 «pne
2989 988 3041 1042 in
3070 986 3345 1055 Baptismo
3385 983 3493 1039 sci-

1895 1090 2023 1145 licet
2074 1089 2252 1143 datur.
2297 1086 2427 1141 Nam
2476 1087 2634 1141 Petro
2685 1087 2916 1155 primum
2986 1078 3282 1144 Dominus,
3327 1092 3495 1149 super

1895 1198 2056 1255 quem
2083 1180 2366 1236 a-dilicavit
2396 1179 2711 1243 Ecclesium,
2744 1186 2800 1231 et
2822 1175 2965 1231 unde
2986 1173 3204 1228 unitatis
3229 1171 3492 1242 originem

1898 1275 2127 1330 ittStitttit
2151 1284 2207 1327 et
2231 1270 2489 1337 ostendit,
2510 1279 2828 1340 potestatem
2859 1269 3014 1322 istam
3042 1263 3191 1320 dedit
3216 1272 3275 1318 ut
3298 1262 3351 1318 id
3379 1261 3495 1317 sol-

1897 1377 2111 1424 veretur
2134 1366 2187 1421 itt
2213 1366 2366 1423 caelis
2413 1365 2556 1432 quod
2586 1362 2673 1416 illc
2702 1361 2948 1415 solvisset
2977 1360 3028 1413 in
3058 1358 3233 1414 terris.
3269 1353 3337 1409 Et
3374 1361 3499 1424 post

1899 1463 2350 1518 resurrectionem
2372 1472 2590 1529 quoque
2608 1456 2675 1510 ad
2703 1453 2990 1525 Apostolos
3009 1451 3247 1521 loquitur
3264 1448 3454 1504 dicens
3477 1462 3493 1501 :

1900 1555 2050 1612 Sicut
2076 1554 2209 1608 misit
2238 1569 2317 1607 me
2339 1551 2515 1615 Pater,
2538 1559 2587 1603 et
2615 1564 2708 1619 ego
2737 1547 2880 1599 mitto
2901 1560 3010 1599 vos.
3049 1540 3156 1595 Hoc
3185 1558 3303 1595 cum
3328 1538 3498 1594 dixis-

1898 1656 1992 1715 set,
2036 1646 2335 1719 inspiravit,
2357 1652 2406 1698 et
2426 1643 2497 1696 ait
2526 1641 2633 1696 illis
2658 1638 2923 1708 :Accipitc
2954 1634 3210 1705 Spiritum
3238 1643 3498 1688 sanctum.

1901 1741 1964 1797 Si
1992 1746 2142 1812 cujus
2171 1739 2467 1794 remiseritis
2494 1746 2734 1806 peccata,
2765 1734 3088 1788 remittemur
3114 1728 3228 1795 illi;
3277 1728 3323 1780 si
3348 1727 3500 1797 cujus

195 1849 288 1919 qui
335 1859 562 1905 mortem
609 1850 893 1906 moriendo
939 1850 1168 1917 vicerit,
1218 1851 1308 1921 qui
1338 1850 1789 1907 resurrectionem

1911 1835 2190 1901 'enueritis,
2225 1832 2253 1871 ιι
2284 1832 2583 1887 tenebuntur
2607 1828 2751 1901 (Joa.
2783 1844 2877 1894 xx,
2903 1824 3019 1897 21).
3054 1821 3213 1880 Unde
3242 1820 3498 1891 intelligi-

196 1945 385 2000 earnis
408 1960 505 2013 per
532 1947 887 2015 semetipsum
912 1946 1118 2016 primus
1146 1947 1458 2012 initiarerit,
1487 1958 1542 2002 et
1566 1947 1802 2018 discipu-

199 2037 267 2093 lis
292 2041 409 2093 suis
427 2038 570 2108 quod
589 2040 641 2094 itt
663 2040 853 2095 eadem
877 2055 1042 2095 carne
1061 2042 1445 2095 resurrexisset
1468 2041 1802 2096 ostenderit?

205 2129 390 2202 Longe
415 2131 519 2186 alia
549 2145 633 2187 est
661 2134 805 2201 apud
825 2133 1174 2201 Marcionem,
1204 2134 1298 2189 sed
1330 2146 1385 2189 et
1410 2136 1549 2199 apud
1573 2147 1802 2191 ceteros

199 2224 489 2280 haereticus
521 2225 673 2281 ﬁdes.
712 2228 881 2282 Immo
921 2227 1055 2282 nihil
1083 2237 1167 2283 est
1215 2227 1357 2299 apud
1383 2227 1503 2283 illos
1545 2227 1645 2283 nisi
1679 2242 1803 2298 per-

206 2316 333 2372 ﬁdia
362 2326 418 2373 et
446 2317 785 2388 blasphemia
826 2329 881 2373 et
909 2320 1188 2375 contentio
1214 2321 1517 2375 sanctitatis
1548 2330 1572 2357 θ
1601 2331 1657 2375 et
1706 2336 1801 2377 ve-

199 2410 376 2465 ritatis
405 2411 640 2466 inimica.
672 2412 956 2477 Quomodo
984 2428 1116 2484 ergo
1138 2422 1317 2483 potest
1340 2414 1508 2469 videri
1540 2416 1629 2485 qui
1658 2417 1800 2485 apud

200 2502 324 2558 illos
363 2503 667 2573 baptizatur
709 2515 1035 2561 Consecutus
1075 2520 1198 2561 esse
1229 2518 1572 2576 peccatorum
1605 2508 1799 2563 remis-

199 2610 337 2664 sam,
362 2605 417 2652 et
444 2598 639 2652 divina:
670 2598 1015 2669 indulgentia:
1041 2603 1268 2671 gratiam
1311 2617 1405 2671 per
1434 2619 1584 2658 suam
1615 2602 1798 2671 ﬁdem,

198 2690 293 2759 qui
319 2690 487 2759 ipsius
531 2689 657 2745 ﬁdei
685 2708 792 2745 non
851 2694 1101 2749 habuerit
1145 2694 1474 2749 veritatem?
1521 2697 1576 2751 Si
1614 2696 1799 2763 enim,

199 2782 341 2838 sicut
365 2783 688 2853 quibusdam
718 2785 930 2842 videtur
950 2828 965 2850 ,
994 2787 1288 2843 secundum
1320 2789 1482 2847 Iidem
1506 2805 1656 2844 suam
1680 2791 1803 2860 quis

202 2878 450 2946 accipere
471 2876 672 2949 aliquid
705 2878 840 2933 l'oris
877 2889 1029 2934 extra
1079 2879 1377 2935 Ecclesiam
1426 2883 1637 2952 potuit,
1699 2883 1802 2937 uti-

200 2983 304 3039 que
336 2968 388 3024 id
414 2972 625 3041 accepit
652 2972 798 3039 quod
828 2972 1082 3027 credidit.
1122 2972 1337 3029 Falsum
1362 2985 1544 3029 autem
1573 2976 1803 3031 credens

199 3075 389 3116 verum
415 3062 662 3131 accipere
691 3078 797 3118 nou
828 3064 1039 3133 potuit,
1085 3065 1178 3120 sed
1226 3076 1403 3135 potius
1457 3067 1700 3124 adultera
1747 3078 1805 3125 et

200 3155 422 3225 profana
444 3199 461 3223 ,
514 3158 814 3213 secundum
853 3160 999 3230 quod
1024 3160 1322 3229 credebat,
1351 3164 1584 3232 accepit.

1908 1947 2030 1986 mus
2062 1944 2169 1983 non
2200 1928 2303 1982 nisi
2342 1927 2395 1981 in
2428 1925 2665 1980 Ecclesia
2695 1921 2997 1994 pra-positis
3026 1929 3082 1974 et
3112 1922 3165 1972 in
3190 1914 3501 1985 evangelica

1905 2028 2022 2097 lege
2065 2042 2129 2081 ac
2157 2024 2428 2080 dominica
2458 2020 2799 2076 ordinatione
2838 2015 3074 2072 fundatis
3136 2012 3301 2067 licere
3330 2007 3504 2078 bapti-

1903 2134 2028 2174 zare
2054 2129 2108 2174 et
2135 2119 2419 2173 remissum
2452 2122 2791 2186 peccatorum
2818 2112 2947 2166 dare
2967 2153 2982 2176 ,
3016 2107 3148 2164 foris
3178 2119 3359 2160 autem
3402 2118 3505 2159 nec
3546 2120 3549 2121 '

1905 2214 2061 2283 ligari
2106 2211 2305 2282 aliquid
2337 2225 2495 2281 posse
2528 2223 2628 2263 nec
2670 2206 2842 2273 solvi,
2872 2204 2961 2260 ubi
3012 2218 3119 2261 non
3148 2202 3221 2258 sit
3269 2198 3360 2270 qui
3411 2204 3507 2251 aut

1905 2308 2075 2379 ligare
2103 2307 2274 2377 possit
2302 2303 2505 2374 aliquid
2535 2301 2549 2339 ί
2586 2313 2676 2356 aut
2698 2300 2930 2356 solvere.

1977 2401 2116 2459 VIII.
2156 2399 2267 2456 Nec
2311 2401 2443 2462 hoc,
2476 2396 2642 2451 l‘ratcr
2670 2394 3009 2453 charissitnc.
3043 2395 3162 2445 sine
3207 2386 3505 2457 Scriptura:

1905 2498 2101 2553 divinat
2128 2494 2450 2550 auctoritate
2468 2490 2843 2562 proponimus,
2876 2495 2933 2541 ιιι
2947 2485 3194 2540 dicamus
3220 2489 3367 2537 certa
3384 2478 3505 2550 lege

1905 2606 1967 2645 ae
1992 2590 2208 2660 propria
2226 2587 2566 2642 ordinatione
2586 2581 2845 2639 divinitus
2866 2588 3059 2635 cuncta
3081 2592 3203 2632 esse
3218 2573 3501 2644 disposita,

1906 2699 2007 2740 nec
2033 2698 2192 2753 posse
2215 2695 2536 2753 quemquam
2588 2689 2774 2734 contra
2801 2676 3085 2746 episcOpos
3115 2671 3128 2721 i
3171 2679 3226 2725 et
3254 2665 3507 2723 Sacerdo-

1906 2786 1987 2832 tes
2019 2790 2280 2846 usurpare
2310 2774 2410 2829 sibi
2447 2772 2649 2841 aliquid
2697 2770 2842 2841 quod
2873 2784 2978 2822 non
3017 2766 3088 2820 sit
3134 2763 3215 2818 sui
3262 2760 3400 2833 juris
3449 2767 3507 2813 et

1909 2869 2208 2941 potestatis.
2240 2867 2373 2924 Nam
2400 2876 2454 2921 et
2474 2864 2655 2921 Cbore
2684 2871 2739 2919 et
2766 2860 2970 2917 Datban
2996 2868 3052 2914 et
3079 2856 3282 2912 Abiron
3311 2858 3500 2908 contra

1906 2966 2124 3037 Moysen
2167 2972 2223 3019 et
2268 2966 2446 3019 Aaron
2474 2960 2809 3017 sacerdotem
2837 2951 3177 3012 sacriﬁcandi
3204 2949 3304 3007 sibi
3339 2947 3506 3002 licen-

1908 3063 2035 3117 tiam
2078 3073 2343 3129 ttsurpare
2380 3056 2560 3112 conati
2582 3063 2743 3119 sunt;
2782 3066 2885 3108 nec
2908 3060 3086 3105 tamen
3134 3044 3277 3115 quod
3319 3041 3506 3098 illicite

1907 3154 2025 3210 ausi
2055 3162 2184 3208 sunt
2210 3153 2429 3222 impune
2460 3148 2723 3204 fecerunt.
2756 3146 2821 3200 Et
2848 3144 2939 3198 ﬁlii
2974 3142 3157 3197 Aaron
3177 3178 3192 3201 ,
3224 3137 3315 3207 qui
3370 3133 3507 3189 alie-

273 3249 361 3306 Vl.
403 3250 576 3320 Quem
612 3253 789 3308 locum
820 3225 1026 3327 profani
1055 3263 1111 3308 et
1139 3225 1368 3310 adulteri
1399 3225 1649 3325 baptismi
1678 3256 1794 3311 sub«
1828 3240 1874 3304 C
1909 3262 2037 3303 num
2070 3247 2246 3316 ignem
2276 3243 2430 3298 altari
2462 3243 2868 3310 imposuerunt,
2898 3237 2952 3291 in
2995 3238 3288 3302 conspectu
3319 3225 3503 3283 statim

200 3342 367 3399 tiliter
384 3342 684 3400 Hieremias
707 3344 970 3415 propheta
993 3347 1306 3419 perstringit
1330 3348 1547 3405 dicens:
1586 3350 1654 3406 Ut
1676 3351 1803 3423 quid

195 3437 283 3506 qui
308 3437 615 3491 contristant
645 3454 724 3492 me
766 3440 1086 3508 praevalent?
1133 3438 1303 3511 Plaga
1333 3456 1444 3496 mea
1495 3443 1663 3497 solida
1692 3453 1766 3499 est
1784 3486 1800 3509 ,

194 3528 334 3583 unde
370 3530 630 3585 sanabor?
676 3529 818 3585 Dum
853 3532 942 3601 ﬁt,
1000 3532 1141 3601 facta
1186 3545 1260 3588 est
1310 3535 1433 3589 nti/ti
1463 3536 1611 3604 quasi
1668 3552 1803 3599 aqua

195 3622 424 3676 utendas:
450 3638 550 3677 non
577 3622 770 3678 habens
800 3624 954 3694 ﬁdem
986 3624 1162 3697 (Hier.
1206 3643 1301 3691 xv,
1330 3628 1444 3697 18).
1476 3628 1800 3685 Mentionem

192 3713 329 3771 facit
357 3731 452 3786 per
482 3715 810 3786 Propltetam
838 3718 1062 3789 spiritus
1089 3721 1320 3775 Sanctus
1345 3738 1499 3791 aqua:
1526 3723 1804 3781 mendacis

81 3830 123 3867 ο
197 3821 258 3866 et
288 3811 451 3866 ﬁdem
489 3826 598 3865 non
631 3811 899 3867 habentis.
931 3813 1063 3882 Quae
1093 3823 1176 3869 est
1210 3815 1325 3869 haec
1374 3831 1512 3886 aqua
1566 3819 1800 3875 mendax

188 3914 249 3959 et
272 3902 477 3974 perlida
500 3902 525 3956 Ἰ
552 3902 750 3974 Utique
773 3919 837 3960 ea
866 3920 986 3974 quae
1014 3904 1261 3975 baptismi
1287 3908 1572 3978 imaginem
1605 3911 1802 3966 utenti-

186 4007 281 4053 tur
312 4006 369 4052 et
393 3998 621 4068 gratiam
655 3995 778 4053 ﬁdei
806 3997 1127 4054 adumbrata
1158 3997 1177 4035 ῖ
1202 4000 1543 4057 simulatione
1571 4001 1802 4059 frustra-

184 4099 299 4145 tur.
325 4089 483 4156 Quod
506 4090 551 4144 si
572 4090 871 4146 secundum
894 4106 1111 4161 pravam
1142 4091 1299 4148 ﬁdem
1322 4092 1579 4163 baptizari
1609 4098 1804 4167 aliquis

184 4182 327 4238 foris
356 4193 407 4238 et
451 4183 733 4240 remissam
782 4192 1126 4254 peccatorum
1157 4187 1415 4257 consequi
1466 4190 1673 4258 patuit,
1705 4206 1796 4247 se-

1907 3341 2118 3399 Domini
2150 3337 2480 3409 indignantis
2503 3334 2532 3373 ¹ί
2562 3333 2789 3390 extincti
2826 3339 2970 3385 sunt.
2995 3328 3149 3397 Quod
3178 3321 3506 3395 supplicium

1905 3447 2087 3492 manet
2114 3449 2212 3489 eos
2241 3433 2331 3501 qui
2362 3431 2592 3485 alienam
2614 3440 2808 3497 aquam
2833 3423 3103 3492 baptismo
3132 3418 3374 3475 inferunt
3401 3415 3503 3471 l'al-

1902 3547 1998 3594 so,
2028 3528 2045 3567 ι
2084 3537 2143 3584 ut
2166 3526 2347 3583 divina
2378 3538 2608 3580 censura
2639 3519 2928 3575 ulciscatur
2954 3525 3011 3570 et
3042 3513 3279 3569 vindicet
3310 3508 3365 3564 id
3392 3508 3506 3562 bte-

1907 3625 2105 3681 reticos
2133 3630 2320 3678 contra
2350 3617 2651 3675 Ecclesiam
2694 3628 2883 3685 gerere
2911 3607 3057 3681 quod
3111 3621 3218 3663 non
3252 3603 3355 3659 nisi
3403 3601 3504 3658 soli

1911 3718 2076 3773 liceat
2099 3714 2377 3771 Ecclesiae.

1979 3809 2072 3865 IX.
2095 3807 2249 3877 Quod
2279 3814 2456 3861 autem
2480 3803 2663 3858 dicunt
2683 3800 2898 3871 quidam
2925 3797 2994 3853 de
3019 3795 3099 3851 eis
3127 3792 3220 3864 qui
3246 3791 3298 3845 in
3318 3790 3507 3845 Sama-

1909 3903 1987 3958 ria
2026 3899 2276 3972 baptizati
2307 3898 2546 3963 fuerant,
2590 3890 3001 3949 advenientibus
3028 3884 3291 3959 apostolis
3337 3880 3506 3936 Petro

1909 4009 1963 4052 et
1985 3996 2211 4059 Joanne,
2239 4002 2444 4048 tantum
2463 4005 2626 4059 super
2656 4002 2751 4041 eos
2779 4000 2995 4041 manum
3016 3980 3322 4052 impositam
3347 3990 3468 4032 esse
3486 4017 3504 4041 ,

1908 4103 1969 4148 ut
1985 4094 2292 4163 acciperent
2315 4074 2583 4159 Spiritum
2623 4092 2867 4140 sanctum
2890 4122 2905 4144 ,
2931 4078 3297 4147 rebaptizatos
3323 4082 3503 4126 tamen

1910 4206 2017 4246 non
2065 4204 2217 4255 esse,
2272 4188 2448 4241 locum
2498 4185 2660 4239 istunt
2689 4190 2765 4247 η’,
2810 4177 2974 4234 frater
3023 4170 3380 4233 cltarissitnc,
3436 4164 3503 4218 ad

1403 4347 1697 4407 LECTION
1706 4352 1787 4409 ES
1819 4344 2128 4411 VARIANT
2138 4352 2240 4409 ES.

251 4492 279 4521 ⁸
316 4488 522 4559 Instruit
546 4496 599 4540 et
621 4490 791 4547 docet,
818 4488 992 4538 dicens
1016 4488 1147 4540 Lam.
1189 4489 1334 4541 Elter.
1362 4491 1472 4542 ΝΟ.
1515 4491 1563 4554 1,
1586 4490 1636 4541 2.
1665 4493 1789 4544 Bod.

259 4552 314 4601 2.
346 4553 447 4601 Lm.
478 4551 694 4601 Instituit
719 4552 875 4601 010a.

176 4551 1001 4714 ξ’εἷ’ϐιέιξιεέηὲῗξὲἒεὲΟιῇῗὲὲηιθδ
1034 4615 1166 4666 Lam.
1210 4613 1354 4665 Ebor.
1382 4614 1509 4667 Bod.
1538 4616 1583 4679 1,
1609 4616 1655 4667 ‘2.
1682 4618 1793 4670 ΝΕ.

178 4681 817 4812 ἓὲ⁶Νιεφίιοξι1Αθιιξηςθω
834 4754 986 4803 quem
1009 4747 1061 4790 et
1086 4753 1175 4789 nos
1198 4742 1332 4790 novit
1347 4741 1481 4792 Lam.
1508 4740 1637 4794 Bod.
1669 4744 1715 4804 1,
1742 4743 1792 4793 2.

172 4803 345 4857 Elter.
374 4803 477 4853 Litt.
505 4804 613 4856 NC.
644 4803 764 4859 1.2.
1078 4858 1081 4861 .
1700 4803 1705 4804 ί

172 4932 221 4940 _
248 4866 283 4908 «1
314 4866 754 4940 Ιξιιωάοωμιζςιιιιι
791 4862 944 4940 ﬁlium
993 4864 1113 4917 Red.
1153 4867 1202 4915 ἓ.
1231 4864 1333 4917 Liu.
1364 4866 1469 4918 NG.
1498 4869 1547 4927 1,
1572 4866 1619 4917 2.
1642 4866 1789 4919 Ebor.

170 4929 435 4985 Eumdent
460 4929 594 4979 novit
616 4927 768 4976 tilium
794 4926 913 4977 Fab.

252 4999 278 5027 θ
319 4992 580 5045 Contentio
603 4992 828 5042 vanitatis
852 4990 976 5041 Bod.
1006 4992 1049 5041 l.

1966 4491 1989 4531 τ
2026 4454 2375 4547 Adumbratam
2397 4489 2712 4542 simulatione
2736 4484 2860 4536 Bod.
2886 4484 2935 4535 2.

1819 4559 1874 4620 1)
1963 4559 1991 4620 β
2026 4538 2646 4620 ἰστόιξζᾶἰιῖὲῖεᾷὶιῖᾟῷέι,
2681 4549 2728 4600 9..
2757 4549 2891 4598 Lam.
2920 4544 3062 4596 labor.
3088 4538 3348 4600 NC.1,2.

1964 4618 1997 4658 h
2034 4616 2366 4671 Detinueritis
2388 4616 2585 4668 Bod.1.
3016 4667 3027 4671 ,
3080 4669 3089 4671 _
3146 4667 3169 4671 _
3226 4665 3275 4671 μ,
3403 4658 3450 4671 -.

1899 4682 1993 4798 Ν
2025 4663 2703 4797 giggéiéiidéiitiiisdtvere
2740 4675 2875 4725 Laut.
2919 4667 3045 4721 Bod.
3071 4669 3119 4728 1,
3142 4667 3193 4718 2.
3219 4665 3365 4716 Elter.
3394 4663 3503 4713 Litt.

1977 4776 2011 4796 Ι·
2046 4776 2087 4806 l,
2119 4776 2168 4796 a.
2404 4806 2409 4807 7
2540 4804 2579 4807 _
2619 4805 2626 4807 λ
2836 4796 2882 4807 -.

1965 4809 1983 4860 i
2025 4801 2199 4859 Contra
2222 4806 2515 4865 Ecclesium,
2540 4804 2807 4869 Episcopos
2830 4801 2933 4850 Litt.

1965 4875 1989 4912 ιι
2027 4870 2337 4934 Indignantis
2358 4864 2713 4934 percussi'L‘in.

1962 4938 1982 4976 ι
2022 4912 2351 4996 fatigatas;
2359 4912 2590 4996 signa.
2608 4912 2756 4996 re...
2778 4912 2898 4996 μη.
2926 4924 2971 4996 ρ.
2999 4984 3029 4996 _

1957 4975 1997 5027 ἀι
2022 4975 2589 5056 ῖὸέιῖἰὶιἾέίίιῖιιΪιῖ-Ξιῐεῖιῖ
2610 4975 2753 5043 ita;
2771 4975 2899 5040 trod.
2926 4986 2972 5047 t,
2999 4984 3046 5035 2.
3092 4981 3199 5054 ιλιιἱ
3225 4980 3333 5033 NC.
3360 4975 3479 5040 1,2.

1445 5100 1688 5156 STEPH.
1732 5101 2005 5160 BALUZII
2053 5102 2284 5160 NOTtE.

260 5222 336 5280 γ.
357 5249 428 5262 --
454 5218 865 5291 Baptizarentur.
896 5216 1076 5273 Codex
1101 5220 1271 5273 sancti
1297 5216 1558 5287 Arnulphi
1589 5218 1795 5289 tingue-

173 5305 390 5351 rentur.

263 5365 538 5422 Contentio
566 5362 871 5417 sanctitatis.
887 5361 1033 5416 Idem
1052 5358 1242 5424 codex,
1276 5362 1530 5415 contentio
1555 5361 1797 5417 vanitatis

108 5474 113 5481 -
177 5439 364 5493 amica
380 5446 428 5489 et
442 5435 665 5488 veritatis
681 5433 911 5487 inimica.

266 5505 572 5565 ιιι-μίας
585 5523 678 5559 sua
699 5505 825 5575 foris
857 5506 926 5557 Ita
942 5503 1346 5559 cmendavimus
1359 5512 1412 5556 et
1427 5504 1797 5575 sttpplevitnus

174 5598 253 5636 ex
280 5581 388 5634 ﬁde
429 5574 831 5648 quatuortleeitn
869 5587 1109 5631 veterum
1154 5574 1539 5642 exemplarium
1582 5586 1795 5648 nostro-

175 5659 395 5778 militet
423 5646 515 5704 sex
544 5649 980 5720 Anglicanorutn,
1007 5657 1115 5702 tum
1146 5647 1308 5701 etiam
1333 5662 1395 5699 ex
1419 5647 1656 5702 editione
1684 5646 1797 5702 Mo-

179 5742 248 5778 re
301 5741 357 5775 ll.

254 5741 357 5778 tttt.

179 5742 378 5849 l.chl.
405 5823 475 5834 —-
517 5792 743 5847 Unitatis
797 5792 1064 5863 ot'igittettt.
1086 5791 1358 5848 Uuitalem
1384 5789 1645 5863 Ecclesia:
1684 5788 1793 5846 fre-

174 5878 421 5941 quenter
437 5864 779 5921 commendat
798 5861 1121 5936 Cyprianus,
1143 5863 1442 5936 prazsertim
1475 5863 1527 5919 in
1558 5862 1699 5922 libro
1729 5863 1793 5917 de

1907 5219 1952 5277 U
1959 5221 2120 5274 nitate
2144 5217 2407 5273 Ecclesiae.

1980 5289 2459 5359 Vlll.——-Usurpare
2480 5286 2671 5359 conati.
2684 5285 2759 5341 Ita
2783 5284 2951 5341 editio
2965 5279 3266 5359 Martiniano
3281 5288 3333 5332 et
3359 5275 3498 5359 duo-

1899 5363 2073 5418 decim
2120 5362 2242 5418 libri
2276 5350 2506 5417 vcleres.
2542 5363 2605 5413 At
2628 5357 2890 5412 Erasmus
2919 5364 2973 5407 et
3002 5350 3276 5407 Morellius
3304 5359 3356 5403 et
3387 5356 3499 5401 tres

1901 5435 2023 5491 libri
2050 5445 2261 5492 veteres
2285 5434 2480 5488 habent
2509 5427 2998 5494 υὲιιάὶσανε,‹ιοᾱριιι
3018 5438 3201 5494 sensu.
3232 5419 3285 5494 lu
3308 5419 3499 5475 codice

1900 5508 2069 5562 sancti
2098 5506 2378 5576 Arttulplti,
2400 5505 2485 5558 ubi
2512 5492 3103 5571 legiturusnrpatisum.
3130 5492 3342 5546 additur
3363 5505 3498 5544 ausu

1900 5582 2029 5633 sacri
2036 5583 2052 5631 l
2057 5597 2144 5647 ego
2154 5618 2164 5628 .

1974 5633 2339 5704 [XL-Locum
2362 5649 2536 5701 istum.
2567 5642 2782 5699 De'veru
2812 5654 2972 5694 sensu
2994 5637 3151 5703 hujus
3168 5637 3266 5690 loci
3292 5633 3497 5699 prolixe

1895 5721 2361 5777 disseritJoannes
2384 5706 2649 5784 Dallaetts,
2666 5714 2755 5772 lib.
2775 5728 2833 5781 ιι,
2851 5713 2914 5768 de
2926 5710 3156 5766 Cultibus
3170 5708 3491 5772 Latinorum,

1895 5810 2014 5865 cap.
2049 5792 2133 5863 12,
2168 5810 2223 5865 p.
2258 5791 2384 5848 156.
