3958 6330
497 234 634 291 1115
1416 235 1747 293 EPISTOLA
1787 236 1846 293 S.
1874 235 2193 307 CYPBIANI
2234 236 2327 295 AD
2363 236 2792 309 JUBAIANUM,
3611 251 3717 311 uiti

498 360 819 418 prmsentem
848 364 1064 421 Causam
1099 349 1338 405 videmus
1366 350 1589 405 omnino
1648 365 1753 404 non
1799 351 2089 421 pertinere.
2121 355 2171 413 Α
2202 366 2342 417 mus,
2374 350 2462 423 qui
2494 366 2600 405 non
2643 352 2743 407 nisi
2787 367 2951 413 unum
2981 350 3253 409 Christum
3282 362 3336 406 et
3366 370 3508 409 unam
3531 358 3629 427 ejus
3653 364 3725 421 Ec.

494 445 576 501 llli
606 447 749 501 enim
785 446 873 516 qui
904 446 953 499 in
982 444 1225 500 Samaria
1254 443 1601 500 crediderant
1632 445 1734 498 fide
1761 460 1886 499 vera
1914 445 2090 499 Cl'Ctli-
2198 443 2414 498 clesiam
2450 444 2742 499 novimus?
2775 445 3013 500 Ecclesia
3044 445 3275 517 paradisi
3300 446 3460 502 instar
3482 453 3729 522 exprimens

495 537 707 601 derant.
741 547 796 593 et
817 538 959 591 intus
991 538 1043 592 in
1078 537 1341 602 Ecclesia,
1372 554 1492 609 quze
1522 554 1623 591 una
1658 547 1761 602 est,
1791 548 1845 594 et
1880 538 1964 593 cui
1992 538 2093 592 soli
2197 536 2419 591 arbores
2444 537 2749 594 fructiferas
2774 540 2909 593 intra
2944 554 3127 593 muros
3148 554 3273 593 suos
3303 540 3662 615 inttisincludit,
3683 564 3731 605 ex

494 631 720 702 gratiam
746 629 1046 700 'Baptismi
1074 629 1203 685 dare
1220 640 1274 685 et
1304 640 1517 700 peccata
1547 631 2092 700 solverepermissmn
2197 630 2391 697 Quibus
2420 646 2539 701 quae
2570 646 2675 685 non
2710 631 2835 686 facit
2866 632 3099 703 fructum
3127 631 3324 686 bonum
3371 636 3608 691 exciditur
3630 643 3733 699 etin

496 734 608 787 est,
650 739 679 777 a
716 723 966 793 Philippo
993 725 1219 781 diacono
1248 768 1262 792 ,
1310 741 1466 797 quem
1524 725 1685 781 iidem
1728 726 1957 795 apostoli
1998 727 2096 780 mi-
2197 722 2373 793 ignem
2406 726 2654 805 mittitur.
2681 725 2787 781 Has
2807 727 3031 783 arbores
3060 728 3195 800 rigat
3221 729 3734 802 quatuorﬂuuiinibus,

496 828 708 884 serant,
753 818 1006 887 baptizati
1039 829 1215 872 erant.
1248 818 1312 873 Et
1342 804 1544 873 idcirco
1571 820 1691 888 quia
1725 818 2018 888 legitimum
2043 829 2097 874 et
2200 816 2250 870 id
2279 829 2390 882 est,
2424 820 2720 890 evangeliis
2751 836 3001 890 quatuor,
3035 820 3230 893 quibus
3260 821 3509 897 Baptismi
3557 828 3735 897 gratiam

497 911 924 967 ecclesiasticum
957 910 1287 982 Baptismum
1315 912 1591 965 consecuti
1646 911 1885 971 fuerant,
1922 913 2094 980 bapti-
2200 911 2455 967 salutaris
2507 913 2717 969 cmlesti
2762 913 3117 971 inundatione
3148 914 3392 986 largitur.
3424 913 3661 987 Numquid
3691 921 3739 977 de

496 1006 605 1059 zari
637 1019 731 1057 eos
757 1004 895 1058 ultra
926 1021 1034 1059 non
1064 1006 1371 1074 Oportebat,
1401 1006 1494 1060 sed
1528 1007 1899 1061 tantummodo
1953 1008 2096 1079 quod
2202 1003 2460 1059 Ecclesia:
2514 1006 2749 1060 fontibus
2780 1010 2949 1077 rigare
2990 1017 3169 1080 potest
3215 1008 3303 1078 qui
3354 1018 3491 1061 totus
3519 1011 3563 1065 in
3590 1010 3741 1067 Eccle-

495 1097 703 1165 deerat,
739 1098 790 1152 id
814 1098 1022 1153 aPetro
1045 1109 1099 1154 et
1126 1099 1333 1154 Joanne
1362 1100 1557 1154 factum
1587 1110 1689 1162 cst,
1744 1110 1801 1154 ut
1850 1103 2098 1156 oratiOne
2202 1099 2277 1151 sia
2328 1114 2431 1152 non
2465 1109 2548 1154 est
2578 1098 2602 1151 ?
2657 1099 2921 1168 Numquid
2981 1100 3208 1170 paradisi
3265 1111 3421 1169 potus
3474 1102 3686 1159 salubres
3708 1118 3746 1161 et

495 1210 597 1266 pro
641 1193 721 1253 cis
744 1191 771 1231 ι)
808 1193 984 1249 liabita
1007 1236 1022 1261 ,
1056 1205 1107 1248 et
1140 1211 1300 1249 manu
1350 1196 1600 1267 imposita
1672 1197 2016 1251 itiviiearetur
2046 1208 2100 1251 ei
2202 1191 2469 1243 salutares
2502 1191 2781 1259 impertire
2811 1193 3060 1262 cuiquam
3094 1204 3265 1262 potest
3300 1193 3391 1264 qui
3441 1208 3748 1265 perversuset

496 1286 876 1347 iiifunderetur
902 1304 1065 1361 Super
1091 1306 1183 1347 eos
1215 1290 1448 1362 Spiritus
1489 1303 1728 1348 sanctos,
1771 1292 1923 1359 Quod
1958 1309 2099 1347 nunc
2203 1297 2232 1336 a
2260 1287 2552 1354 semetipso
2594 1285 2879 1339 damnatus
2900 1295 2953 1341 et
2980 1298 3129 1341 extra
3161 1288 3394 1357 paradisi
3444 1287 3606 1344 fontes
3639 1291 3745 1346 tele-

495 1397 711 1454 qnoque
739 1382 881 1453 apud
909 1398 1007 1437 nos
1033 1385 1256 1452 geritur,
1284 1394 1339 1437 ut
1367 1384 1454 1454 qui
1481 1387 1530 1438 in
1558 1385 1795 1439 Ecclesia
1826 1386 2101 1457 baptizan-
2203 1390 2359 1449 gains
2388 1380 2599 1465 at'uitft
2618 1390 2837 1433 attenta:
2861 1381 2979 1433 Sitis
3008 1381 3252 1435 siccitate
3283 1378 3521 1437 drfecit?

497 1483 616 1545 tur,
656 1473 960 1545 pra-positis
991 1473 1248 1530 Ecclesia:
1276 1475 1606 1540 oderantur,
1640 1486 1693 1530 et
1738 1494 1832 1549 per
1859 1489 2099 1533 nostram
2277 1470 2369 1525 Xl.
2417 1472 2623 1528 Clamat
2653 1472 2908 1526 Dominus
2940 1482 2993 1525 ut
3021 1473 3110 1543 qui
3143 1473 3255 1526 sitit
3282 1474 3532 1527 veniatet
3559 1472 3681 1527 bibat
3703 1472 3750 1529 de

497 1568 799 1621 orationem
821 1582 883 1621 ac
914 1583 1105 1625 manus
1129 1568 1526 1641 impositioneni
1550 1569 1808 1641 Spiritum
1855 1581 2099 1627 sanctum
2205 1564 2520 1620 ﬂuminibus
2547 1582 2699 1634 aquzn
2732 1565 2864 1619 viva:
2918 1582 3037 1643 qum
3068 1565 3136 1620 de
3172 1565 3290 1635 ejus
3320 1574 3508 1629 ventre
3536 1563 3750 1623 ﬂuxerunt

498 1672 900 1734 consequantur
947 1671 1002 1717 et
1057 1662 1334 1743 signaculo
1401 1664 1673 1720 dominico
1716 1681 2101 1721 consummen-

2224 1655 2385 1729 fJoan.
2422 1674 2513 1724 vit,
2548 1659 2665 1730 57).
2697 1657 2815 1726 Quo
2844 1667 3104 1712 venturus
3134 1668 3215 1712 est
3244 1659 3332 1729 qui
3382 1657 3522 1719 sitit,
3553 1667 3751 1713 utrumne

499 1766 603 1810 tur.
2141 1760 2189 1825 Β
2217 1751 2281 1804 ad
2314 1751 2614 1817 lirereticos,
2650 1752 2735 1803 ubi
2766 1750 2884 1805 fons
2901 1761 2953 1805 et
2977 1749 3171 1805 fluvius
3198 1765 3352 1822 aqua}
3381 1749 3555 1804 vitalis
3581 1751 3751 1805 omnino

568 1849 640 1906 Χ.
682 1848 797 1905 Νοη
826 1858 908 1907 est
932 1866 1084 1922 ergo,
1111 1851 1275 1906 frater
1293 1852 1635 1919 charissima,
1662 1852 1803 1924 quod
1834 1852 2103 1909 hmreiicis
2208 1860 2314 1897 non
2342 1856 2445 1908 est,
2473 1860 2539 1898 an
2568 1844 2631 1898 ad
2664 1843 2963 1899 Ecclesiam
2988 1887 3001 1909 ,
3035 1860 3154 1913 qua:
3182 1860 3283 1897 una
3316 1853 3403 1897 est
3428 1857 3586 1912 super
3607 1858 3748 1908 unum,

498 1941 799 2003 cedendum
817 1943 1189 1999 existimemus
1216 1955 1271 1998 ut.
1294 1945 1584 2015 Baptisma,
1602 1947 1741 2015 quod
1773 1963 1878 2001 non
1899 1948 1999 2001 nisi
2015 1948 2102 2001 uni

2224 1936 2297 2006 iui
2332 1947 2379 1991 et
2411 1936 2596 1990 claves
2625 1935 2743 2006 ejus
2766 1937 2994 2005 accnpit,
3020 1935 3231 1989 Domini
3265 1950 3401 1989 Voce
3432 1934 3635 1989 fundata
3662 1935 3753 1989 est?

497 2036 676 2091 et—soli
700 2031 956 2092 Ecclesia:
984 2037 1166 2095 datum
1196 2039 1286 2102 sit,
1308 2039 1641 2113 prodendum
1669 2052 1935 2110 putemus.
1970 2041 2103 2095 Boni

2224 2027 2335 2082 llaec
2364 2037 2447 2083 est
2478 2043 2581 2082 una
2613 2044 2731 2099 qum
2767 2039 2911 2083 tenet
2942 2037 2995 2082 et
3024 2027 3262 2098 possidet
3282 2041 3499 2081 omnem
3525 2027 3683 2095 sponsi
3701 2027 3756 2080 sui

502 2131 690 2188 militis
718 2140 803 2186 est
833 2130 897 2185 ad
910 2147 1095 2193 versus
1116 2133 1348 2191 rebelles
1374 2144 1428 2188 et
1461 2132 1645 2187 hostes
1665 2135 1817 2206 inipe:
1835 2134 2002 2189 aioi-is
2022 2136 2103 2189 sui

2224 2132 2261 2175 ξι
2290 2121 2487 2174 domini
2518 2132 2860 2190 potestatem.
2888 2120 2942 2175 In
2972 2122 3070 2175 bac
3100 2119 3475 2191 prmsidenius,
3496 2133 3587 2188 pro
3629 2119 3754 2172 borio-

498 2234 676 2278 castra
723 2221 1035 2278 defendere.
1084 2223 1318 2281 ϐιονίιηί
1354 2224 1509 2280 ducis
1537 2235 1618 2279 est
1667 2227 1955 2280 commissa
2000 2228 2103 2283 sibi
2210 2232 2269 2271 re
2300 2227 2321 2254 θ
2353 2217 2468 2286 υἱιιε
2495 2229 2653 2288 ηιίιιια
2683 2219 2887 2271 ttttitale
2939 2231 3274 2287 pttgnutttus.
3310 2215 3472 2287 llttjttS
3514 2225 3559 2267 et
3584 2214 3759 2284 statim

501 2319 651 2391 signa
678 2334 915 2374 serVare.
951 2319 1219 2390 Scriptum
1242 2330 1357 2375 est:
1386 2320 1632 2381 Dominus
1660 2320 1801 2377 Deus
1830 2334 1945 2381 tuus
1970 2322 2107 2379 Deus

500 2409 675 2464 zelaus
701 2420 773 2463 est
800 2409 978 2473 (Deut.
1020 2427 1094 2477 iv,
1123 2411 1237 2481 24).
1255 2411 1355 2480 Qui
1380 2414 1626 2482 spiritum
1652 2414 1743 2468 Dei
1770 2415 2098 2485 accepimus,

503 2502 679 2556 zelum
713 2501 907 2558 divinie
938 2502 1060 2557 fidei
1094 2503 1295 2560 habere
1335 2504 1616 2560 debemus.
1656 2506 1772 2575 Quo
1830 2509 1945 2563 zelo
1976 2508 2102 2562 Plii-

503 2611 635 2650 nees
671 2596 890 2667 placuit,
922 2606 975 2651 et
1007 2598 1171 2653 Deum
1202 2601 1528 2669 promeritus
1557 2600 1883 2672 indignantis
1916 2611 1936 2639 ε
1971 2604 2101 2655 iram

502 2688 704 2761 populo
737 2699 997 2761 pereunte
1024 2691 1229 2745 lenivit.
1262 2690 1399 2759 Quid
1432 2692 1733 2748 adulteram
1762 2704 1816 2749 et
1846 2693 2104 2765 alienige-

506 2796 628 2836 nam
653 2778 680 2818 ά
702 2791 757 2838 et
780 2782 976 2837 divina:
998 2784 1213 2839 unitatis
1238 2784 1507 2845 inimicam
1536 2786 1587 2841 in
1611 2798 1886 2865 acceptum
1917 2786 2103 2841 referi-

2210 2308 2411 2377 pariter
2438 2319 2491 2362 et
2514 2308 2737 2377 gloriam
2773 2308 2916 2363 fideli
2945 2307 3233 2361 devotione.
3266 2302 3287 2342 ί
3318 2303 3761 2362 defentlinms.Nos

2206 2398 2276 2454 de
2306 2400 2487 2453 divino
2518 2400 2780 2469 permissu
2818 2402 3051 2469 rigamus
3085 2400 3358 2453 sitientem
3393 2399 3485 2452 Dei
3533 2395 3761 2469 populum,

2209 2509 2308 2548 nos
2336 2494 2673 2550 custodimus
2724 2495 2986 2550 terminos
3041 2495 3280 2549 vitaiium
3314 2493 3565 2548 fontium.
3594 2492 3643 2546 Si
3676 2505 3764 2561 pos-

2206 2589 2464 2643 sessionis
2487 2605 2617 2659 ergo
2648 2600 2671 2636 ϐ
2698 2598 2893 2644 nostrze
2918 2590 3006 2657 jus
3029 2597 3274 2644 tenemus
3295 2632 3309 2655 ,
3340 2589 3384 2643 si
3417 2595 3762 2642 sacramentum

2209 2683 2431 2737 unitatis
2480 2685 2860 2752 agnoscimus,
2893 2699 2991 2737 cur
3039 2682 3495 2753 praevaricatores
3540 2677 3761 2740 veritatis,

2209 2793 2306 2833 cur
2337 2777 2641 2848 proditores
2672 2779 2890 2833 unitatis
2939 2776 3349 2833 existimamur?
3377 2778 3408 2818 ιι
3442 2776 3592 2846 Aqua
3619 2770 3765 2827 Eccle-

1730 2941 2116 3001 LECTIONES
2156 2938 2576 2998 VARIANTES.

568 3056 597 3122 ξ
630 3055 796 3122 Gratia
822 3064 899 3107 est
923 3058 1148 3122 baptismi
1171 3059 1281 3109 data
1308 3060 1439 3109 Lam.
1468 3059 1579 3111 ΝΟ.
1606 3059 1651 3109 i.
1681 3059 1807 3111 Bod.
1832 3059 1879 3108 2.

564 3115 596 3157 ³³
627 3119 861 3183 Qratione
884 3115 1035 3183 super
1075 3135 1163 3173 eos
1189 3122 1291 3173 Litt.

566 3185 594 3248 εξ
627 3181 689 3248 Et
717 3183 906 3248 Domini
935 3181 1021 3248 pro
1038 3187 1217 3236 merito
1241 3186 1540 3248 indignantis
1566 3186 1686 3235 iram
1717 3183 1822 3236 Litt.
1851 3184 1960 3236 NC.
1987 3186 2032 3235 2.

568 3242 597 3283 d
634 3245 756 3305 Quid
782 3242 1000 3295 adultera
1030 3255 1081 3295 et
1105 3248 1264 3296 aliena
1291 3242 1562 3297 et'tlivinte
1595 3250 1795 3298 unitatis
1832 3249 2029 3297 inimica
2054 3248 2099 3296 in

503 3308 1238 3436 ιοξθῗίιῗιΐὲῗιῗὲιὲἔέυῧοιᾶαηὲ.
1266 3310 1408 3363 Ebor.
1436 3309 1562 3361 Bod.
1595 3312 1643 3362 2.
1671 3312 1781 3369 ΝΕ.
1809 3312 1855 3364 1.
1890 3310 2012 3362 Tltu.

2269 3053 2289 3092 ἲ
2328 3054 2469 3104 Fldei
2494 3056 2678 3105 virtute
2698 3055 2855 3107 Oxon.
2882 3054 3025 3105 Fidei
3050 3055 3232 3106 devote
3258 3054 3385 3105 Bod.
3414 3056 3462 3105 1.
3489 3052 3639 3103 Fideli
3659 3052 3770 3102 devo-

2203 3120 2336 3169 tione
2367 3117 2492 3173 Bod.
2518 3122 2565 3170 2.
2595 3121 2725 3173 Lam.
2760 3120 2899 3171 Ebor.
2927 3119 3112 3175 Bcnad.
3143 3116 3249 3171 Litt.
3277 3118 3389 3171 NG.
3419 3120 3470 3175 1,
3493 3121 3540 3168 2.
3567 3116 3693 3166 Fidei
3706 3114 3771 3165 de-

2125 3160 2170 3223 C
2205 3160 2565 3233 ξόίξόηἷᾶἣηῖῖ
2591 3160 2752 3233 Finit
2774 3160 3127 3233 timorem.

2272 3245 2300 3307 ρ
2335 3245 2385 3293 Si
2412 3258 2534 3306 ergo
2559 3246 2882 3307 possessionis
2908 3243 3048 3295 Ebor.
3077 3245 3187 3307 ΝΟ.
3218 3246 3263 3307 1.

2267 3304 2299 3353 ti
2339 3303 2828 3358 Unitatis'extitimus
2853 3308 2988 3361 Laut.
3032 3304 3137 3360 Litt.
3178 3306 3327 3360 Ebur.
3372 3306 3486 3360 NG.
3533 3307 3577 3359 t.
3612 3303 3771 3354 Bodl

2206 3368 2479 3421 Existimus
2502 3369 2624 3421 Bod.
2672 3372 2714 3422 l.
2748 3368 2873 3427 Tltu.

1733 3499 1977 3557 STEPH.
2020 3499 2295 3559 BALUZII
2333 3500 2562 3557 NOTAE.

582 3612 897 3686 Prwpositis.
922 3616 1065 3671 llane
1091 3616 1400 3681 lectionem,
1432 3632 1590 3688 quam
1622 3617 1800 3671 inveni
1832 3618 1884 3670 in
1912 3618 2088 3671 omni-

505 3688 608 3744 bus
634 3688 867 3757 antiquis
901 3690 1225 3744 editionibus
1257 3702 1309 3744 et
1360 3690 1411 3743 in
1463 3699 1691 3758 quatuor
1719 3689 1869 3743 libris
1896 3690 2096 3744 veteri-

505 3760 625 3817 bus.
642 3776 742 3827 ego
768 3759 995 3829 ιιι-Μιενο
1018 3763 1066 3823 ei
1093 3778 1211 3833 quae
1233 3777 1262 3817 α
1290 3762 1524 3819 Painelio
1548 3761 1705 3815 allata
1731 3771 1814 3815 est
1843 3777 1907 3815 ex
1938 3762 2095 3819 unico

504 3833 691 3891 codice
720 3832 1040 3903 Anglicum,
1073 3832 1124 3887 iii
1154 3850 1260 3902 quo
1298 3835 1553 3902 scriptum
1587 3842 1702 3886 erat
1733 3850 1821 3900 per
1850 3834 2098 3903 prteposi-

507 3913 599 3957 tos.
635 3904 805 3970 Quam
837 3906 1141 3967 lectionem,
1174 3921 1239 3959 ne
1282 3905 1408 3975 quid
1455 3904 1811 3971 dissimulem,
1840 3906 2101 3959 exhibent

507 3991 699 4031 novem
729 3986 908 4031 vetera
937 3976 1288 4045 exemplaria.
1917 3978 1925 3985 '

578 4068 868 4134 X.—Quid
893 4069 1200 4125 adulteram.
1226 4068 1423 4123 Novem
1452 4068 1574 4124 libri
1609 4067 1776 4122 nostri
1812 4077 2021 4122 veteres
2048 4076 2104 4121 et

508 4151 739 4211 quatuor
767 4143 1043 4197 Aualicani
1078 4140 1399 4210 priefernnt:
1436 4140 1573 4209 Quid
1605 4139 1838 4193 adultera
1867 4154 1912 4193 et
1935 4140 2104 4211 aliena

509 4210 555 4265 et
584 4213 771 4265 divina
802 4214 1012 4266 unitatis
1039 4214 1247 4266 inimica
1275 4215 1327 4266 in
1371 4224 1633 4280 acrcptnm
1682 4212 1946 4281 referimus
1974 4212 1997 4263 ?
2026 4210 2104 4264 Ita

510 4284 670 4339 etiam
706 4287 757 4337 in
808 4286 1103 4353 Anglicano
1133 4300 1232 4337 suo
1261 4286 1471 4353 legebat
1515 4283 1802 4338 Patnelius.
1849 4281 1955 4339 Sed
1986 4283 2106 4354 qui-

510 4355 633 4409 dam
655 4356 774 4410 libri
806 4368 1015 4410 veteres
1037 4358 1231 4409 habent
1259 4356 1506 4409 veritatis.

2266 3615 2447 3672 Clattcs
2475 3620 2687 3689 accepit.
2741 3617 2967 3674 Sanctus
2995 3616 3359 3671 Columbanus
3394 3618 3448 3671 in
3485 3616 3704 3687 Epistula
3727 3614 3776 3667 tul

2198 3689 2735 3763 papamBonifacium
2765 3706 2887 3744 eum
2920 3700 3103 3743 monet
3129 3700 3185 3744 ut
3208 3690 3299 3763 qui
3331 3689 3500 3751 Petri,
3519 3690 3605 3758 qui
3633 3690 3774 3763 ctam

2198 3758 2427 3832 accepit,
2448 3758 2731 3821 successor
2748 3772 2850 3825 est,
2867 3777 2929 3816 ea
2951 3758 3387 3829 potestateibetie
3415 3771 3631 3821 utatur:
3653 3758 3774 3815 Tettio

2202 3835 2291 3889 diu
2320 3835 2452 3888 enim
2470 3876 2485 3899 ,
2518 3835 2710 3903 inquit,
2744 3844 2963 3901 potestas
2990 3833 3132 3903 apud
3168 3848 3253 3885 vos
3277 3835 3375 3887 crit
3403 3834 3647 3901 quamdiu
3674 3842 3776 3903 recta

2203 3908 2335 3959 ratio
2378 3900 2750 3973 pcrtttutiset'it.
2774 3904 2876 3959 ιιιε
2904 3900 3037 3958 cnim
3072 3914 3235 3965 certus
3263 3900 3775 3975 regnicaalorumcla-

2206 3979 2482 4031 vicularius
2518 3989 2591 4030 est
2622 3979 2709 4046 qui
2748 3977 2918 4045 dignis
2950 3993 3038 4046 per
3078 3992 3247 4029 veram
3276 3977 3545 4029 scientiam
3579 3975 3777 4046 aptata

2206 4049 2431 4120 indignis
2452 4042 2664 4120 claudit.
2685 4042 3158 4120 Hmdiusihqanda
3186 4057 3313 4102 sunt
3352 4042 3632 4102 Romanis.
3660 4042 3774 4099 Multi

2208 4118 2351 4194 enim
2383 4119 2606 4194 Itoiiiani
2651 4118 2939 4175 Pontiﬁces
2973 4118 3037 4194 ab
3082 4120 3181 4194 liae
3210 4120 3774 4194 regula_diseesserutit.

2210 4192 2325 4248 lluc
2354 4191 2543 4247 referri
2582 4200 2805 4256 possunt
2835 4207 2953 4259 qua:
2997 4190 3065 4244 de
3106 4190 3250 4244 Petri
3276 4191 3568 4259 privilegio
3598 4187 3777 4241 disserit

2208 4264 2382 4318 Marca
2404 4265 2497 4318 lib.
2520 4279 2575 4318 tv
2597 4263 2659 4318 de
2686 4262 2993 4328 Concordia,
3018 4276 3139 4331 cap.
3167 4260 3222 4325 6,
3247 4272 3302 4316 et
3327 4278 3451 4332 qum
3475 4276 3572 4315 nos
3594 4259 3689 4313 illic
3706 4270 3777 4308 an-

2211 4336 2539 4389 notavimus.

585 4447 819 4502 Ecclesia
847 4447 1878 4515 pariidisiinstar.8aiictusAugitStintis.
1904 4445 1996 4501 lib.
2024 4462 2097 4507 tv,
2126 4449 2179 4510 D
2283 4455 2409 4511 Hazc
2435 4465 2510 4510 est
2542 4469 2665 4508 una.
2698 4452 2885 4509 Refert
2912 4453 3054 4506 bttne
3085 4452 3262 4505 locum
3293 4460 3526 4504 sanctus
3558 4443 3775 4516 Angusti-

512 4519 576 4572 dc
623 4519 888 4587 Baptisino
933 4529 1107 4573 contra
1138 4518 1451 4581 Doiuitistas,
1468 4534 1585 4587 cap.
1616 4520 1669 4583 l,
1698 4517 1918 4582 exponit
1944 4532 2100 4585 para-

511 4589 783 4661 phrastiee
813 4592 953 4645 hunc
983 4591 1180 4654 locum,
1206 4601 1259 4645 et
1290 4592 1395 4643 ait:
1435 4589 1664 4643 Ecclesia
1688 4588 1935 4661 paradiso
1960 4605 2103 4641 com-

512 4660 696 4734 parata
720 4662 910 4715 indicat
954 4663 1095 4715 nobis
1124 4678 1269 4731 posse
1312 4662 1514 4729 quidem
1546 4663 1656 4731 ejus
1676 4660 1984 4734 baptismum
2007 4661 2102 4714 Ito-

514 4732 675 4788 ntincs
692 4736 841 4787 ctiant
874 4736 998 4803 foris
1028 4734 1384 4803 accipere,sed
1411 4734 1590 4786 salutis
1612 4732 1969 4803 beatitudinem
2012 4749 2103 4786 ex-

516 4818 597 4860 tra
624 4823 734 4859 eam
761 4802 1007 4860 neminem
1043 4806 1120 4859 vel
1144 4806 1401 4874 percipere
1426 4806 1501 4858 vel
1524 4814 1706 4858 tenere.
1731 4802 1794 4857 Et
1824 4804 2002 4858 addit:
2022 4804 2106 4858 Ita

517 4877 574 4947 ﬁt
604 4888 662 4930 ut
687 4894 802 4930 cum
827 4878 1051 4945 paradisi
1076 4891 1210 4947 aqua
1236 4878 1296 4929 sit
1326 4885 1471 4931 extra
1498 4874 1815 4947 paradisum,
1852 4873 2107 4931 beatitudo

519 4959 685 5003 tamen
715 4966 815 5003 non
844 4954 908 5003 sit
942 4950 1039 5005 nisi
1063 4946 1197 5001 intra
1237 4948 1553 5017 paradisum.
1582 4946 1671 5001 Sic
1699 4962 1817 5016 ergo
1858 4947 2110 5016 baptisma

520 5018 770 5075 Ecclesitz
788 5031 944 5087 potest
965 5036 1071 5073 esse
1084 5031 1225 5073 extra
1241 5018 1547 5082 Ecclesium,
1572 5036 1753 5071 manus
1768 5028 1935 5069 autem
1954 5020 2113 5074 beata:

519 5094 635 5146 vita:
656 5109 756 5146 non
782 5094 881 5146 nisi
920 5094 1053 5145 intra
1090 5091 1373 5145 Ecclesium
1401 5089 1832 5161 reperiturVide
1866 5091 2003 5146 intra
2043 5088 2113 5145 ad

525 5164 820 5234 EpiStolani
852 5180 1010 5218 Lxxv.
1040 5162 1113 5216 Ab
1144 5180 1276 5232 aqua
1306 5163 1494 5216 aliena.

599 5254 888 5311 Exciditur.
912 5257 984 5310 Ita
1014 5256 1280 5310 editiones
1309 5254 1526 5310 Manutii
1550 5265 1602 5307 et
1622 5254 1843 5311 Morellii
1874 5266 1925 5310 et
1956 5257 2116 5324 quin-

525 5325 699 5379 decim
732 5327 854 5381 libri
900 5341 1131 5382 vetei'es.
1166 5327 1267 5382 Alii
1298 5336 1411 5381 tres
1435 5335 1490 5380 et
1515 5328 1769 5380 Erasmus
1797 5328 1996 5382 habent
2024 5344 2117 5384 ea:-

2210 4544 2332 4599 nus,
2368 4529 2459 4582 lib.
2492 4541 2572 4589 Iv.
2600 4526 2669 4582 de
2690 4526 2964 4595 Baptismo
2985 4524 3230 4577 adversus
3253 4519 3579 4588 Donatistae,
3607 4515 3713 4587 cap.
3736 4515 3776 4569 Ι.

2285 4620 2456 4675 Fideli
2509 4619 2790 4674 devotione.
2833 4617 2907 4672 Ita
2937 4616 3215 4686 posuimus
3243 4628 3344 4683 pro
3371 4629 3439 4668 eo
3470 4612 3612 4686 quod
3646 4615 3775 4686 ante:

2212 4695 2486 4757 legebatur
2510 4693 2628 4759 ﬁdei
2656 4692 2858 4745 virtute.
2887 4678 3027 4746 Sane
3059 4688 3110 4741 iti
3144 4678 3333 4759 codice
3377 4678 3775 4759 Corbeicnsiie:

2211 4747 2353 4835 giiiir
2382 4747 2743 4831 [idei'rirtuta
2781 4763 2831 4816 in
2883 4761 3051 4835 tribus
3084 4758 3203 4835 aliis
3234 4758 3354 4835 ﬁdei
3382 4747 3778 4835 devotion-casei

2214 4825 2404 4891 inanes
2432 4836 2522 4890 alii
2552 4845 2607 4889 ct
2647 4844 2856 4903 septem
2884 4831 3163 4903 Anglicani
3188 4829 3486 4901 praeferunt
3505 4827 3643 4894 ﬁdeli
3660 4825 3777 4877 dero-

2212 4910 2366 4963 tione.

2292 5001 2351 5056 Si
2379 4999 2732 5071 possessionis.
2768 4997 2946 5053 Codex
2978 4994 3265 5071 Remensis
3288 4993 3463 5071 sancti
3492 4981 3781 5071 Dionysii._ti

2220 5064 2466 5135 pastio-nis
2497 5082 2682 5125 nostrw
2711 5080 2899 5123 terram
2930 5078 3182 5122 tenemus.
3230 5065 3383 5132 Quod
3425 5064 3649 5119 fortasse
3690 5069 3778 5112 me-

2218 5144 2320 5199 lius
2348 5155 2428 5199 est
2457 5155 2673 5213 propter
2699 5158 2760 5197 ea
2787 5157 2903 5212 qua:
2938 5138 3271 5210 praecedunt.

2296 5235 2684 5291 Existimamur.
2717 5234 2996 5289 Ti'edecitu
3051 5232 3172 5286 libri
3206 5230 3375 5285 nostri
3416 5238 3474 5284 et
3518 5217 3780 5301 unus

2223 5309 2430 5367 leianus
2461 5308 2660 5363 habent
2687 5308 2973 5365 existimas.
3005 5305 3096 5359 alii
3120 5303 3359 5373 quinque
3385 5299 3659 5370 Anglicani
3683 5299 3781 5374 erit?

2229 5382 2401 5446 timus,
2433 5394 2572 5434 titius
2608 5394 2760 5434 ttieus
2804 5378 3059 5442 timemus,
3091 5390 3286 5445 magno
3333 5376 3474 5429 inter
3522 5375 3615 5426 bas
3646 5375 3780 5420 varias

527 5396 724 5478 cidetur
754 5408 800 5479 et
836 5400 894 5479 in
930 5401 1097 5469 ignem
1140 5404 1383 5455 mittetur.
1414 5397 1697 5464 Fuxensis,
1735 5400 1966 5453 exuritur
1994 5412 2040 5454 et
2068 5401 2123 5456 in

527 5471 690 5539 ignem
718 5471 949 5522 ittittitur.
1914 5496 1924 5507 ο

603 5540 863 5666 inlaturus
892 5540 1101 5596 cazlcsti.
1128 5541 1311 5596 Codex
1352 5541 1522 5596 sancti
1552 5541 1813 5611 Armilphi
1838 5543 2055 5598 salutari
2080 5552 2127 5597 et

649 5622 733 5665 an.

526 5622 733 5666 calcati.

612 5682 702 5738 Xl.
738 5684 1012 5756 f—_St¢pﬂ'
1059 5698 1236 5756 unum.
1265 5684 1323 5741 ld
1344 5697 1427 5742 est
1454 5699 1617 5756 super
1642 5685 1879 5743 Petrum.
1917 5685 2052 5743 Vide
2073 5686 2137 5742 li-

540 5755 693 5811 brum
729 5755 790 5810 dc
815 5753 1024 5809 Unitatc
1050 5754 1315 5811 Eccleaite.

2228 5453 2490 5509 lectiones
2516 5450 2852 5505 discrimine.

2304 5547 2448 5608 Aqua
2499 5544 2757 5597 Ecclesiw.
2808 5542 2988 5596 Codex
3037 5539 3619 5607 Gratianopolitanus:

2234 5601 2483 5670 Ecclesia:
2509 5626 2555 5669 et
2588 5616 2753 5679 ﬁdelis
2795 5623 2841 5667 et
2872 5630 2987 5667 vera
3036 5622 3083 5666 et
3110 5601 3354 5667 salutaris
3377 5619 3428 5663 et
3455 5601 3781 5679 sancta._Ci_t1i

2237 5688 2569 5753 Augustinus
2586 5672 2638 5742 in
2667 5687 2786 5743 loco
2807 5684 2968 5755 paulo
2988 5694 3113 5739 ante
3140 5682 3380 5748 laudato,
3402 5679 3501 5736 sed
3527 5691 3630 5734 non
3659 5672 3782 5730 liabet

2234 5770 2283 5813 αι
2308 5775 2445 5813 itera.

3862 196 3865 273 Ι
