  <div class='ocr_page' id='page_1' title='image "/cluster/home/n/w/nwhite01/storage/ocr_20150623/3/hvd.32044015471212/610.png"; bbox 0 0 3958 6330; ppageno 0'>
   <div class='ocr_carea' id='block_1_1' title="bbox 216 297 358 353">
    <p class='ocr_par' dir='ltr' id='par_1_1' title="bbox 216 297 358 353">
     <span class='ocr_line' id='line_1_1' title="bbox 216 297 358 353; baseline -0.014 0"><span class='ocrx_word' id='word_1_1' title='bbox 216 297 358 353; x_wconf 78' lang='grc' dir='ltr'><strong><em>ΗΠ</em></strong></span> 
     </span>
    </p>
   </div>
   <div class='ocr_carea' id='block_1_2' title="bbox 1331 292 2331 354">
    <p class='ocr_par' dir='ltr' id='par_1_2' title="bbox 1331 292 2331 354">
     <span class='ocr_line' id='line_1_2' title="bbox 1331 292 2331 354; baseline -0.001 0"><span class='ocrx_word' id='word_1_2' title='bbox 1331 292 1423 354; x_wconf 73' lang='lat' dir='ltr'><strong>DE</strong></span> <span class='ocrx_word' id='word_1_3' title='bbox 1453 293 1843 352; x_wconf 67' lang='lat' dir='ltr'><strong>BERETICIS</strong></span> <span class='ocrx_word' id='word_1_4' title='bbox 1884 293 2331 353; x_wconf 78' lang='lat' dir='ltr'><strong>BAPTIZANDIS</strong></span> 
     </span>
    </p>
   </div>
   <div class='ocr_carea' id='block_1_3' title="bbox 3379 298 3521 356">
    <p class='ocr_par' dir='ltr' id='par_1_3' title="bbox 3379 298 3521 356">
     <span class='ocr_line' id='line_1_3' title="bbox 3379 298 3521 356; baseline 0.007 -1"><span class='ocrx_word' id='word_1_5' title='bbox 3379 298 3521 356; x_wconf 72' lang='lat'><strong>“18</strong></span> 
     </span>
    </p>
   </div>
   <div class='ocr_carea' id='block_1_4' title="bbox 212 401 3611 486">
    <p class='ocr_par' dir='ltr' id='par_1_4' title="bbox 212 401 3611 486">
     <span class='ocr_line' id='line_1_4' title="bbox 212 401 3611 486; baseline 0.001 -18"><span class='ocrx_word' id='word_1_6' title='bbox 212 413 311 468; x_wconf 63' lang='lat' dir='ltr'><strong>size</strong></span> <span class='ocrx_word' id='word_1_7' title='bbox 330 410 505 466; x_wconf 83' lang='lat' dir='ltr'><strong>ﬁdelis</strong></span> <span class='ocrx_word' id='word_1_8' title='bbox 531 418 585 465; x_wconf 86' lang='lat' dir='ltr'><strong>et</strong></span> <span class='ocrx_word' id='word_1_9' title='bbox 609 408 859 465; x_wconf 88' lang='lat' dir='ltr'><strong>salutaris</strong></span> <span class='ocrx_word' id='word_1_10' title='bbox 878 419 930 465; x_wconf 87' lang='lat' dir='ltr'><strong>et</strong></span> <span class='ocrx_word' id='word_1_11' title='bbox 951 416 1136 466; x_wconf 88' lang='lat' dir='ltr'><strong>sancta</strong></span> <span class='ocrx_word' id='word_1_12' title='bbox 1162 411 1436 481; x_wconf 82' lang='lat' dir='ltr'><strong>corrumpi</strong></span> <span class='ocrx_word' id='word_1_13' title='bbox 1459 419 1512 466; x_wconf 89' lang='lat' dir='ltr'><strong>et</strong></span> <span class='ocrx_word' id='word_1_14' title='bbox 1529 409 1819 466; x_wconf 86' lang='lat' dir='ltr'><strong>adulterari</strong></span> <span class='ocrx_word' id='word_1_15' title='bbox 1848 412 1895 475; x_wconf 78' lang='grc' dir='ltr'>Α</span> <span class='ocrx_word' id='word_1_16' title='bbox 1926 412 1996 465; x_wconf 98' lang='lat' dir='ltr'><strong>sit</strong></span> <span class='ocrx_word' id='word_1_17' title='bbox 2020 413 2374 467; x_wconf 88' lang='lat' dir='ltr'><strong>constitutum</strong></span> <span class='ocrx_word' id='word_1_18' title='bbox 2395 454 2411 480; x_wconf 91' lang='lat'><strong>,</strong></span> <span class='ocrx_word' id='word_1_19' title='bbox 2442 401 2495 469; x_wconf 81' lang='lat' dir='ltr'><strong>et</strong></span> <span class='ocrx_word' id='word_1_20' title='bbox 2550 412 2821 469; x_wconf 85' lang='lat' dir='ltr'><strong>neminem</strong></span> <span class='ocrx_word' id='word_1_21' title='bbox 2871 412 3208 473; x_wconf 78' lang='lat' dir='ltr'><strong>inveniamus</strong></span> <span class='ocrx_word' id='word_1_22' title='bbox 3261 413 3331 475; x_wconf 86' lang='lat' dir='ltr'><strong>ab</strong></span> <span class='ocrx_word' id='word_1_23' title='bbox 3373 416 3520 486; x_wconf 75' lang='lat' dir='ltr'><strong>Apo-</strong></span> <span class='ocrx_word' id='word_1_24' title='bbox 3608 448 3611 459; x_wconf 80' lang='grc' dir='ltr'>ι</span> 
     </span>
    </p>
   </div>
   <div class='ocr_carea' id='block_1_5' title="bbox 213 504 1816 579">
    <p class='ocr_par' dir='ltr' id='par_1_5' title="bbox 213 504 1816 579">
     <span class='ocr_line' id='line_1_5' title="bbox 213 504 1816 579; baseline -0.001 -17"><span class='ocrx_word' id='word_1_25' title='bbox 213 523 328 562; x_wconf 92' lang='lat' dir='ltr'><strong>non</strong></span> <span class='ocrx_word' id='word_1_26' title='bbox 354 514 533 579; x_wconf 82' lang='lat' dir='ltr'><strong>petest</strong></span> <span class='ocrx_word' id='word_1_27' title='bbox 553 548 568 571; x_wconf 97' lang='lat'><strong>,</strong></span> <span class='ocrx_word' id='word_1_28' title='bbox 600 505 737 559; x_wconf 80' lang='lat' dir='ltr'><strong>sicut</strong></span> <span class='ocrx_word' id='word_1_29' title='bbox 765 515 821 560; x_wconf 92' lang='lat' dir='ltr'><strong>et</strong></span> <span class='ocrx_word' id='word_1_30' title='bbox 846 504 959 576; x_wconf 88' lang='lat' dir='ltr'><strong>ipsa</strong></span> <span class='ocrx_word' id='word_1_31' title='bbox 987 504 1222 559; x_wconf 80' lang='lat' dir='ltr'><strong>Ecclesia</strong></span> <span class='ocrx_word' id='word_1_32' title='bbox 1257 506 1565 575; x_wconf 88' lang='lat' dir='ltr'><strong>incorrupta</strong></span> <span class='ocrx_word' id='word_1_33' title='bbox 1588 515 1639 558; x_wconf 90' lang='lat' dir='ltr'><strong>ct</strong></span> <span class='ocrx_word' id='word_1_34' title='bbox 1670 514 1816 561; x_wconf 74' lang='lat' dir='ltr'><strong>casm</strong></span> 
     </span>
    </p>
   </div>
   <div class='ocr_carea' id='block_1_6' title="bbox 213 598 1818 668">
    <p class='ocr_par' dir='ltr' id='par_1_6' title="bbox 213 598 1818 668">
     <span class='ocr_line' id='line_1_6' title="bbox 213 598 1818 668; baseline 0 -14"><span class='ocrx_word' id='word_1_35' title='bbox 213 607 271 654; x_wconf 90' lang='lat' dir='ltr'><strong>et</strong></span> <span class='ocrx_word' id='word_1_36' title='bbox 299 600 487 668; x_wconf 86' lang='lat' dir='ltr'><strong>pudica</strong></span> <span class='ocrx_word' id='word_1_37' title='bbox 512 610 614 654; x_wconf 88' lang='lat' dir='ltr'><strong>est.</strong></span> <span class='ocrx_word' id='word_1_38' title='bbox 648 599 704 654; x_wconf 89' lang='lat' dir='ltr'><strong>Si</strong></span> <span class='ocrx_word' id='word_1_39' title='bbox 739 599 996 654; x_wconf 73' lang='lat' dir='ltr'><strong>Beclesim</strong></span> <span class='ocrx_word' id='word_1_40' title='bbox 1024 598 1201 655; x_wconf 85' lang='lat' dir='ltr'><strong>devoti</strong></span> <span class='ocrx_word' id='word_1_41' title='bbox 1226 609 1278 654; x_wconf 81' lang='lat' dir='ltr'><strong>et</strong></span> <span class='ocrx_word' id='word_1_42' title='bbox 1304 601 1354 653; x_wconf 93' lang='lat' dir='ltr'><strong>in</strong></span> <span class='ocrx_word' id='word_1_43' title='bbox 1382 600 1617 655; x_wconf 78' lang='lat' dir='ltr'><strong>Ecclesia</strong></span> <span class='ocrx_word' id='word_1_44' title='bbox 1655 616 1818 655; x_wconf 79' lang='lat' dir='ltr'><strong>caus-</strong></span> 
     </span>
    </p>
   </div>
   <div class='ocr_carea' id='block_1_7' title="bbox 213 691 1820 763">
    <p class='ocr_par' dir='ltr' id='par_1_7' title="bbox 213 691 1820 763">
     <span class='ocr_line' id='line_1_7' title="bbox 213 691 1820 763; baseline 0.001 -17"><span class='ocrx_word' id='word_1_45' title='bbox 213 691 361 746; x_wconf 92' lang='lat' dir='ltr'><strong>tituti</strong></span> <span class='ocrx_word' id='word_1_46' title='bbox 414 701 541 747; x_wconf 90' lang='lat' dir='ltr'><strong>sunt</strong></span> <span class='ocrx_word' id='word_1_47' title='bbox 593 692 864 756; x_wconf 70' lang='lat' dir='ltr'><strong>hreretici,</strong></span> <span class='ocrx_word' id='word_1_48' title='bbox 923 703 1146 763; x_wconf 89' lang='lat' dir='ltr'><strong>possunt</strong></span> <span class='ocrx_word' id='word_1_49' title='bbox 1192 701 1247 747; x_wconf 90' lang='lat' dir='ltr'><strong>et</strong></span> <span class='ocrx_word' id='word_1_50' title='bbox 1296 692 1561 763; x_wconf 88' lang='lat' dir='ltr'><strong>baptismo</strong></span> <span class='ocrx_word' id='word_1_51' title='bbox 1618 692 1734 761; x_wconf 81' lang='lat' dir='ltr'><strong>ejus</strong></span> <span class='ocrx_word' id='word_1_52' title='bbox 1765 702 1820 747; x_wconf 89' lang='lat' dir='ltr'><strong>ct</strong></span> 
     </span>
    </p>
   </div>
   <div class='ocr_carea' id='block_1_8' title="bbox 213 785 1818 843">
    <p class='ocr_par' dir='ltr' id='par_1_8' title="bbox 213 785 1818 843">
     <span class='ocr_line' id='line_1_8' title="bbox 213 785 1818 843; baseline 0.002 -4"><span class='ocrx_word' id='word_1_53' title='bbox 213 785 434 841; x_wconf 71' lang='lat' dir='ltr'><strong>carteris</strong></span> <span class='ocrx_word' id='word_1_54' title='bbox 482 786 805 841; x_wconf 88' lang='lat' dir='ltr'><strong>salutaribus</strong></span> <span class='ocrx_word' id='word_1_55' title='bbox 852 787 1006 842; x_wconf 86' lang='lat' dir='ltr'><strong>bonis</strong></span> <span class='ocrx_word' id='word_1_56' title='bbox 1035 790 1129 841; x_wconf 86' lang='lat' dir='ltr'><strong>uti.</strong></span> <span class='ocrx_word' id='word_1_57' title='bbox 1159 788 1211 841; x_wconf 80' lang='lat' dir='ltr'><strong>Si</strong></span> <span class='ocrx_word' id='word_1_58' title='bbox 1263 798 1439 841; x_wconf 86' lang='lat' dir='ltr'><strong>autem</strong></span> <span class='ocrx_word' id='word_1_59' title='bbox 1486 788 1536 842; x_wconf 92' lang='lat' dir='ltr'><strong>in</strong></span> <span class='ocrx_word' id='word_1_60' title='bbox 1581 787 1818 843; x_wconf 60' lang='lat' dir='ltr'><strong>licclcsia</strong></span> 
     </span>
    </p>
   </div>
   <div class='ocr_carea' id='block_1_9' title="bbox 215 880 1820 953">
    <p class='ocr_par' dir='ltr' id='par_1_9' title="bbox 215 880 1820 953">
     <span class='ocr_line' id='line_1_9' title="bbox 215 880 1820 953; baseline 0.001 -19"><span class='ocrx_word' id='word_1_61' title='bbox 215 894 326 934; x_wconf 92' lang='lat' dir='ltr'><strong>non</strong></span> <span class='ocrx_word' id='word_1_62' title='bbox 357 891 502 945; x_wconf 90' lang='lat' dir='ltr'><strong>sunt,</strong></span> <span class='ocrx_word' id='word_1_63' title='bbox 552 880 716 934; x_wconf 85' lang='lat' dir='ltr'><strong>immo</strong></span> <span class='ocrx_word' id='word_1_64' title='bbox 752 890 806 934; x_wconf 87' lang='lat' dir='ltr'><strong>et</strong></span> <span class='ocrx_word' id='word_1_65' title='bbox 835 892 1024 935; x_wconf 89' lang='lat' dir='ltr'><strong>contra</strong></span> <span class='ocrx_word' id='word_1_66' title='bbox 1078 881 1370 938; x_wconf 78' lang='lat' dir='ltr'><strong>Ecclesium</strong></span> <span class='ocrx_word' id='word_1_67' title='bbox 1404 881 1637 948; x_wconf 80' lang='lat' dir='ltr'><strong>faciunt,</strong></span> <span class='ocrx_word' id='word_1_68' title='bbox 1688 897 1820 953; x_wconf 86' lang='lat' dir='ltr'><strong>quo-</strong></span> 
     </span>
    </p>
   </div>
   <div class='ocr_carea' id='block_1_10' title="bbox 211 974 1584 1046">
    <p class='ocr_par' dir='ltr' id='par_1_10' title="bbox 211 974 1584 1046">
     <span class='ocr_line' id='line_1_10' title="bbox 211 974 1584 1046; baseline 0.001 -19"><span class='ocrx_word' id='word_1_69' title='bbox 211 974 382 1028; x_wconf 88' lang='lat' dir='ltr'><strong>modo</strong></span> <span class='ocrx_word' id='word_1_70' title='bbox 411 974 685 1043; x_wconf 85' lang='lat' dir='ltr'><strong>baptizare</strong></span> <span class='ocrx_word' id='word_1_71' title='bbox 716 974 985 1044; x_wconf 90' lang='lat' dir='ltr'><strong>baptismo</strong></span> <span class='ocrx_word' id='word_1_72' title='bbox 1033 975 1288 1031; x_wconf 65' lang='lat' dir='ltr'><strong>Ecvlesim</strong></span> <span class='ocrx_word' id='word_1_73' title='bbox 1319 976 1584 1046; x_wconf 75' lang='lat' dir='ltr'><strong>possunt?</strong></span> 
     </span>
    </p>
   </div>
   <div class='ocr_carea' id='block_1_11' title="bbox 291 1063 1821 1136">
    <p class='ocr_par' dir='ltr' id='par_1_11' title="bbox 291 1063 1821 1136">
     <span class='ocr_line' id='line_1_11' title="bbox 291 1063 1821 1136; baseline 0.002 -17"><span class='ocrx_word' id='word_1_74' title='bbox 291 1063 411 1120; x_wconf 78' lang='lat' dir='ltr'><strong>XII.</strong></span> <span class='ocrx_word' id='word_1_75' title='bbox 454 1063 640 1135; x_wconf 85' lang='lat' dir='ltr'><strong>Neque</strong></span> <span class='ocrx_word' id='word_1_76' title='bbox 669 1066 813 1119; x_wconf 90' lang='lat' dir='ltr'><strong>cnint</strong></span> <span class='ocrx_word' id='word_1_77' title='bbox 870 1082 1030 1136; x_wconf 82' lang='lat' dir='ltr'><strong>parva</strong></span> <span class='ocrx_word' id='word_1_78' title='bbox 1062 1082 1150 1121; x_wconf 79' lang='lat' dir='ltr'><strong>res</strong></span> <span class='ocrx_word' id='word_1_79' title='bbox 1201 1067 1465 1121; x_wconf 58' lang='lat' dir='ltr'><strong>ba‘retivis</strong></span> <span class='ocrx_word' id='word_1_80' title='bbox 1509 1076 1563 1122; x_wconf 88' lang='lat' dir='ltr'><strong>et</strong></span> <span class='ocrx_word' id='word_1_81' title='bbox 1611 1066 1821 1122; x_wconf 78' lang='lat' dir='ltr'><strong>modica</strong></span> 
     </span>
    </p>
   </div>
   <div class='ocr_carea' id='block_1_12' title="bbox 213 1157 1822 1229">
    <p class='ocr_par' dir='ltr' id='par_1_12' title="bbox 213 1157 1822 1229">
     <span class='ocr_line' id='line_1_12' title="bbox 213 1157 1822 1229; baseline 0.001 -16"><span class='ocrx_word' id='word_1_82' title='bbox 213 1157 553 1221; x_wconf 84' lang='lat' dir='ltr'><strong>conceditur,</strong></span> <span class='ocrx_word' id='word_1_83' title='bbox 587 1158 804 1228; x_wconf 83' lang='lat' dir='ltr'><strong>quando</strong></span> <span class='ocrx_word' id='word_1_84' title='bbox 846 1173 874 1211; x_wconf 87' lang='lat' dir='ltr'><strong>a</strong></span> <span class='ocrx_word' id='word_1_85' title='bbox 919 1159 1072 1212; x_wconf 88' lang='lat' dir='ltr'><strong>nobis</strong></span> <span class='ocrx_word' id='word_1_86' title='bbox 1100 1160 1362 1229; x_wconf 88' lang='lat' dir='ltr'><strong>baptisma</strong></span> <span class='ocrx_word' id='word_1_87' title='bbox 1403 1176 1588 1214; x_wconf 89' lang='lat' dir='ltr'><strong>eorum</strong></span> <span class='ocrx_word' id='word_1_88' title='bbox 1643 1160 1694 1213; x_wconf 90' lang='lat' dir='ltr'><strong>in</strong></span> <span class='ocrx_word' id='word_1_89' title='bbox 1734 1175 1822 1214; x_wconf 89' lang='lat' dir='ltr'><strong>ac-</strong></span> 
     </span>
    </p>
   </div>
   <div class='ocr_carea' id='block_1_13' title="bbox 219 1252 1818 1325">
    <p class='ocr_par' dir='ltr' id='par_1_13' title="bbox 219 1252 1818 1325">
     <span class='ocr_line' id='line_1_13' title="bbox 219 1252 1818 1325; baseline 0 -19"><span class='ocrx_word' id='word_1_90' title='bbox 219 1262 447 1321; x_wconf 85' lang='lat' dir='ltr'><strong>ceptum</strong></span> <span class='ocrx_word' id='word_1_91' title='bbox 474 1252 732 1319; x_wconf 82' lang='lat' dir='ltr'><strong>refertur,</strong></span> <span class='ocrx_word' id='word_1_92' title='bbox 771 1268 891 1306; x_wconf 90' lang='lat' dir='ltr'><strong>cum</strong></span> <span class='ocrx_word' id='word_1_93' title='bbox 918 1253 1040 1306; x_wconf 77' lang='lat' dir='ltr'><strong>inde</strong></span> <span class='ocrx_word' id='word_1_94' title='bbox 1066 1254 1281 1323; x_wconf 90' lang='lat' dir='ltr'><strong>incipiat</strong></span> <span class='ocrx_word' id='word_1_95' title='bbox 1304 1255 1479 1308; x_wconf 90' lang='lat' dir='ltr'><strong>omnis</strong></span> <span class='ocrx_word' id='word_1_96' title='bbox 1504 1254 1622 1308; x_wconf 79' lang='lat' dir='ltr'><strong>ﬁdei</strong></span> <span class='ocrx_word' id='word_1_97' title='bbox 1648 1255 1818 1325; x_wconf 83' lang='lat' dir='ltr'><strong>origo,</strong></span> 
     </span>
    </p>
   </div>
   <div class='ocr_carea' id='block_1_14' title="bbox 218 1346 1822 1421">
    <p class='ocr_par' dir='ltr' id='par_1_14' title="bbox 218 1346 1822 1421">
     <span class='ocr_line' id='line_1_14' title="bbox 218 1346 1822 1421; baseline 0.001 -20"><span class='ocrx_word' id='word_1_98' title='bbox 218 1355 278 1402; x_wconf 87' lang='lat' dir='ltr'><strong>et</strong></span> <span class='ocrx_word' id='word_1_99' title='bbox 305 1347 371 1401; x_wconf 93' lang='lat' dir='ltr'><strong>ad</strong></span> <span class='ocrx_word' id='word_1_100' title='bbox 404 1362 553 1417; x_wconf 85' lang='lat' dir='ltr'><strong>spem</strong></span> <span class='ocrx_word' id='word_1_101' title='bbox 581 1347 703 1399; x_wconf 71' lang='lat' dir='ltr'><strong>vitm</strong></span> <span class='ocrx_word' id='word_1_102' title='bbox 726 1359 945 1403; x_wconf 59' lang='lat' dir='ltr'><strong>atteram</strong></span> <span class='ocrx_word' id='word_1_103' title='bbox 976 1348 1226 1402; x_wconf 87' lang='lat' dir='ltr'><strong>salutaris</strong></span> <span class='ocrx_word' id='word_1_104' title='bbox 1256 1348 1540 1420; x_wconf 84' lang='lat' dir='ltr'><strong>ingressio,</strong></span> <span class='ocrx_word' id='word_1_105' title='bbox 1566 1357 1618 1403; x_wconf 91' lang='lat' dir='ltr'><strong>et</strong></span> <span class='ocrx_word' id='word_1_106' title='bbox 1640 1346 1822 1421; x_wconf 79' lang='lat' dir='ltr'><strong>puriﬁ-</strong></span> 
     </span>
    </p>
   </div>
   <div class='ocr_carea' id='block_1_15' title="bbox 217 1439 1822 1516">
    <p class='ocr_par' dir='ltr' id='par_1_15' title="bbox 217 1439 1822 1516">
     <span class='ocr_line' id='line_1_15' title="bbox 217 1439 1822 1516; baseline 0.003 -21"><span class='ocrx_word' id='word_1_107' title='bbox 217 1441 414 1495; x_wconf 89' lang='lat' dir='ltr'><strong>candis</strong></span> <span class='ocrx_word' id='word_1_108' title='bbox 432 1456 494 1494; x_wconf 88' lang='lat' dir='ltr'><strong>ac</strong></span> <span class='ocrx_word' id='word_1_109' title='bbox 519 1439 858 1496; x_wconf 85' lang='lat' dir='ltr'><strong>viviticandis</strong></span> <span class='ocrx_word' id='word_1_110' title='bbox 878 1442 972 1496; x_wconf 89' lang='lat' dir='ltr'><strong>Dei</strong></span> <span class='ocrx_word' id='word_1_111' title='bbox 1004 1442 1175 1499; x_wconf 81' lang='lat' dir='ltr'><strong>servis</strong></span> <span class='ocrx_word' id='word_1_112' title='bbox 1198 1442 1374 1498; x_wconf 86' lang='lat' dir='ltr'><strong>divina</strong></span> <span class='ocrx_word' id='word_1_113' title='bbox 1403 1443 1659 1516; x_wconf 82' lang='lat' dir='ltr'><strong>dignatio.</strong></span> <span class='ocrx_word' id='word_1_114' title='bbox 1689 1444 1822 1500; x_wconf 70' lang='lat' dir='ltr'><strong>Nam</strong></span> 
     </span>
    </p>
   </div>
   <div class='ocr_carea' id='block_1_16' title="bbox 218 1535 1826 1608">
    <p class='ocr_par' dir='ltr' id='par_1_16' title="bbox 218 1535 1826 1608">
     <span class='ocr_line' id='line_1_16' title="bbox 218 1535 1826 1608; baseline 0.001 -17"><span class='ocrx_word' id='word_1_115' title='bbox 218 1536 268 1591; x_wconf 88' lang='lat' dir='ltr'><strong>si</strong></span> <span class='ocrx_word' id='word_1_116' title='bbox 328 1535 586 1604; x_wconf 82' lang='lat' dir='ltr'><strong>baptizari</strong></span> <span class='ocrx_word' id='word_1_117' title='bbox 642 1538 763 1604; x_wconf 84' lang='lat' dir='ltr'><strong>quis</strong></span> <span class='ocrx_word' id='word_1_118' title='bbox 811 1537 952 1608; x_wconf 90' lang='lat' dir='ltr'><strong>apud</strong></span> <span class='ocrx_word' id='word_1_119' title='bbox 980 1536 1269 1593; x_wconf 71' lang='lat' dir='ltr'><strong>hmretieos</strong></span> <span class='ocrx_word' id='word_1_120' title='bbox 1316 1540 1517 1608; x_wconf 88' lang='lat' dir='ltr'><strong>potuit,</strong></span> <span class='ocrx_word' id='word_1_121' title='bbox 1560 1539 1744 1608; x_wconf 89' lang='lat' dir='ltr'><strong>utique</strong></span> <span class='ocrx_word' id='word_1_122' title='bbox 1771 1548 1826 1593; x_wconf 90' lang='lat' dir='ltr'><strong>et</strong></span> 
     </span>
    </p>
   </div>
   <div class='ocr_carea' id='block_1_17' title="bbox 218 1628 1825 1703">
    <p class='ocr_par' dir='ltr' id='par_1_17' title="bbox 218 1628 1825 1703">
     <span class='ocr_line' id='line_1_17' title="bbox 218 1628 1825 1703; baseline 0.001 -19"><span class='ocrx_word' id='word_1_123' title='bbox 218 1628 509 1686; x_wconf 85' lang='lat' dir='ltr'><strong>remissam</strong></span> <span class='ocrx_word' id='word_1_124' title='bbox 564 1639 907 1698; x_wconf 83' lang='lat' dir='ltr'><strong>peccatorum</strong></span> <span class='ocrx_word' id='word_1_125' title='bbox 950 1632 1207 1703; x_wconf 90' lang='lat' dir='ltr'><strong>consequi</strong></span> <span class='ocrx_word' id='word_1_126' title='bbox 1252 1632 1444 1700; x_wconf 89' lang='lat' dir='ltr'><strong>potuit.</strong></span> <span class='ocrx_word' id='word_1_127' title='bbox 1486 1631 1540 1687; x_wconf 91' lang='lat' dir='ltr'><strong>Si</strong></span> <span class='ocrx_word' id='word_1_128' title='bbox 1580 1641 1825 1703; x_wconf 86' lang='lat' dir='ltr'><strong>peccato-</strong></span> 
     </span>
    </p>
   </div>
   <div class='ocr_carea' id='block_1_18' title="bbox 214 1725 1819 1794">
    <p class='ocr_par' dir='ltr' id='par_1_18' title="bbox 214 1725 1819 1794">
     <span class='ocr_line' id='line_1_18' title="bbox 214 1725 1819 1794; baseline 0.002 -15"><span class='ocrx_word' id='word_1_129' title='bbox 214 1741 341 1779; x_wconf 87' lang='lat' dir='ltr'><strong>rum</strong></span> <span class='ocrx_word' id='word_1_130' title='bbox 390 1725 675 1781; x_wconf 88' lang='lat' dir='ltr'><strong>remissam</strong></span> <span class='ocrx_word' id='word_1_131' title='bbox 702 1736 1027 1783; x_wconf 87' lang='lat' dir='ltr'><strong>consecutus</strong></span> <span class='ocrx_word' id='word_1_132' title='bbox 1058 1736 1171 1794; x_wconf 88' lang='lat' dir='ltr'><strong>est,</strong></span> <span class='ocrx_word' id='word_1_133' title='bbox 1204 1736 1257 1783; x_wconf 83' lang='lat' dir='ltr'><strong>et</strong></span> <span class='ocrx_word' id='word_1_134' title='bbox 1285 1728 1649 1783; x_wconf 79' lang='lat' dir='ltr'><strong>Sanctificatus</strong></span> <span class='ocrx_word' id='word_1_135' title='bbox 1703 1736 1819 1793; x_wconf 90' lang='lat' dir='ltr'><strong>est,</strong></span> 
     </span>
    </p>
   </div>
   <div class='ocr_carea' id='block_1_19' title="bbox 1925 506 3521 579">
    <p class='ocr_par' dir='ltr' id='par_1_19' title="bbox 1925 506 3521 579">
     <span class='ocr_line' id='line_1_19' title="bbox 1925 506 3521 579; baseline 0.002 -18"><span class='ocrx_word' id='word_1_136' title='bbox 1925 508 2087 562; x_wconf 86' lang='lat' dir='ltr'><strong>stolis</strong></span> <span class='ocrx_word' id='word_1_137' title='bbox 2108 550 2122 570; x_wconf 87' lang='lat'><strong>,</strong></span> <span class='ocrx_word' id='word_1_138' title='bbox 2157 522 2278 563; x_wconf 89' lang='lat' dir='ltr'><strong>ctnn</strong></span> <span class='ocrx_word' id='word_1_139' title='bbox 2308 507 2449 577; x_wconf 88' lang='lat' dir='ltr'><strong>apud</strong></span> <span class='ocrx_word' id='word_1_140' title='bbox 2479 506 2765 563; x_wconf 63' lang='lat' dir='ltr'><strong>haereticos</strong></span> <span class='ocrx_word' id='word_1_141' title='bbox 2795 507 3095 579; x_wconf 74' lang='lat' dir='ltr'><strong>baptizatus</strong></span> <span class='ocrx_word' id='word_1_142' title='bbox 3117 517 3281 575; x_wconf 75' lang='lat' dir='ltr'><strong>esset.</strong></span> <span class='ocrx_word' id='word_1_143' title='bbox 3314 509 3369 563; x_wconf 91' lang='lat' dir='ltr'><strong>in</strong></span> <span class='ocrx_word' id='word_1_144' title='bbox 3423 523 3521 564; x_wconf 82' lang='lat' dir='ltr'><strong>eo-</strong></span> 
     </span>
    </p>
   </div>
   <div class='ocr_carea' id='block_1_20' title="bbox 1923 599 3526 672">
    <p class='ocr_par' dir='ltr' id='par_1_20' title="bbox 1923 599 3526 672">
     <span class='ocr_line' id='line_1_20' title="bbox 1923 599 3526 672; baseline 0.001 -16"><span class='ocrx_word' id='word_1_145' title='bbox 1923 602 2045 657; x_wconf 90' lang='lat' dir='ltr'><strong>dem</strong></span> <span class='ocrx_word' id='word_1_146' title='bbox 2075 601 2344 672; x_wconf 75' lang='lat' dir='ltr'><strong>baptismo</strong></span> <span class='ocrx_word' id='word_1_147' title='bbox 2377 599 2673 655; x_wconf 82' lang='lat' dir='ltr'><strong>admissum</strong></span> <span class='ocrx_word' id='word_1_148' title='bbox 2707 616 2827 655; x_wconf 87' lang='lat' dir='ltr'><strong>esse</strong></span> <span class='ocrx_word' id='word_1_149' title='bbox 2856 610 2908 657; x_wconf 92' lang='lat' dir='ltr'><strong>et</strong></span> <span class='ocrx_word' id='word_1_150' title='bbox 2938 603 3405 668; x_wconf 83' lang='lat' dir='ltr'><strong>communicasse,</strong></span> <span class='ocrx_word' id='word_1_151' title='bbox 3465 612 3526 658; x_wconf 87' lang='lat' dir='ltr'><strong>ut</strong></span> 
     </span>
    </p>
   </div>
   <div class='ocr_carea' id='block_1_21' title="bbox 1923 691 3515 766">
    <p class='ocr_par' dir='ltr' id='par_1_21' title="bbox 1923 691 3515 766">
     <span class='ocr_line' id='line_1_21' title="bbox 1923 691 3515 766; baseline 0.003 -21"><span class='ocrx_word' id='word_1_152' title='bbox 1923 694 2202 748; x_wconf 87' lang='lat' dir='ltr'><strong>vidcantur</strong></span> <span class='ocrx_word' id='word_1_153' title='bbox 2230 692 2469 764; x_wconf 84' lang='lat' dir='ltr'><strong>Apostoli</strong></span> <span class='ocrx_word' id='word_1_154' title='bbox 2502 693 2763 763; x_wconf 32' lang='lat' dir='ltr'><strong>h‘tptisma</strong></span> <span class='ocrx_word' id='word_1_155' title='bbox 2794 691 3175 749; x_wconf 65' lang='lat' dir='ltr'><strong>lta‘retieorum</strong></span> <span class='ocrx_word' id='word_1_156' title='bbox 3226 696 3515 766; x_wconf 81' lang='lat' dir='ltr'><strong>probasse.</strong></span> 
     </span>
    </p>
   </div>
   <div class='ocr_carea' id='block_1_22' title="bbox 1995 783 3525 859">
    <p class='ocr_par' dir='ltr' id='par_1_22' title="bbox 1995 783 3525 859">
     <span class='ocr_line' id='line_1_22' title="bbox 1995 783 3525 859; baseline 0.001 -18"><span class='ocrx_word' id='word_1_157' title='bbox 1995 785 2135 841; x_wconf 78' lang='lat' dir='ltr'><strong>XIV.</strong></span> <span class='ocrx_word' id='word_1_158' title='bbox 2178 785 2331 854; x_wconf 89' lang='lat' dir='ltr'><strong>Quod</strong></span> <span class='ocrx_word' id='word_1_159' title='bbox 2363 786 2505 841; x_wconf 85' lang='lat' dir='ltr'><strong>enim</strong></span> <span class='ocrx_word' id='word_1_160' title='bbox 2536 786 2753 858; x_wconf 90' lang='lat' dir='ltr'><strong>quidam</strong></span> <span class='ocrx_word' id='word_1_161' title='bbox 2782 785 2998 851; x_wconf 85' lang='lat' dir='ltr'><strong>dicunt,</strong></span> <span class='ocrx_word' id='word_1_162' title='bbox 3031 785 3187 859; x_wconf 71' lang='lat' dir='ltr'><strong>quasi</strong></span> <span class='ocrx_word' id='word_1_163' title='bbox 3211 783 3236 822; x_wconf 72' lang='grc' dir='ltr'>ἀ</span> <span class='ocrx_word' id='word_1_164' title='bbox 3261 786 3328 842; x_wconf 85' lang='lat' dir='ltr'><strong>ad</strong></span> <span class='ocrx_word' id='word_1_165' title='bbox 3355 786 3525 843; x_wconf 80' lang='lat' dir='ltr'><strong>haere-</strong></span> 
     </span>
    </p>
   </div>
   <div class='ocr_carea' id='block_1_23' title="bbox 1927 880 3523 952">
    <p class='ocr_par' dir='ltr' id='par_1_23' title="bbox 1927 880 3523 952">
     <span class='ocr_line' id='line_1_23' title="bbox 1927 880 3523 952; baseline 0.001 -17"><span class='ocrx_word' id='word_1_166' title='bbox 1927 883 2154 935; x_wconf 89' lang='lat' dir='ltr'><strong>ticorum</strong></span> <span class='ocrx_word' id='word_1_167' title='bbox 2187 880 2496 952; x_wconf 74' lang='lat' dir='ltr'><strong>sullragium</strong></span> <span class='ocrx_word' id='word_1_168' title='bbox 2531 880 2796 951; x_wconf 70' lang='lat' dir='ltr'><strong>pertineat</strong></span> <span class='ocrx_word' id='word_1_169' title='bbox 2843 880 2985 952; x_wconf 88' lang='lat' dir='ltr'><strong>quod</strong></span> <span class='ocrx_word' id='word_1_170' title='bbox 3018 880 3213 936; x_wconf 74' lang='lat' dir='ltr'><strong>dixerit</strong></span> <span class='ocrx_word' id='word_1_171' title='bbox 3244 880 3523 952; x_wconf 82' lang='lat' dir='ltr'><strong>apostolus</strong></span> 
     </span>
    </p>
   </div>
   <div class='ocr_carea' id='block_1_24' title="bbox 1926 970 3521 1043">
    <p class='ocr_par' dir='ltr' id='par_1_24' title="bbox 1926 970 3521 1043">
     <span class='ocr_line' id='line_1_24' title="bbox 1926 970 3521 1043; baseline 0 -15"><span class='ocrx_word' id='word_1_172' title='bbox 1926 973 2142 1035; x_wconf 86' lang='lat' dir='ltr'><strong>Paulus,</strong></span> <span class='ocrx_word' id='word_1_173' title='bbox 2181 970 2543 1027; x_wconf 78' lang='lat' dir='ltr'><strong>Veruttttatttm</strong></span> <span class='ocrx_word' id='word_1_174' title='bbox 2563 972 2702 1026; x_wconf 85' lang='lat' dir='ltr'><strong>omni</strong></span> <span class='ocrx_word' id='word_1_175' title='bbox 2730 972 2906 1035; x_wconf 84' lang='lat' dir='ltr'><strong>modo,</strong></span> <span class='ocrx_word' id='word_1_176' title='bbox 2938 972 3042 1028; x_wconf 73' lang='lat' dir='ltr'><strong>sire</strong></span> <span class='ocrx_word' id='word_1_177' title='bbox 3070 989 3161 1043; x_wconf 83' lang='lat' dir='ltr'><strong>per</strong></span> <span class='ocrx_word' id='word_1_178' title='bbox 3182 973 3521 1037; x_wconf 76' lang='lat' dir='ltr'><strong>occasionem,</strong></span> 
     </span>
    </p>
   </div>
   <div class='ocr_carea' id='block_1_25' title="bbox 1926 1062 3519 1138">
    <p class='ocr_par' dir='ltr' id='par_1_25' title="bbox 1926 1062 3519 1138">
     <span class='ocr_line' id='line_1_25' title="bbox 1926 1062 3519 1138; baseline 0.003 -21"><span class='ocrx_word' id='word_1_179' title='bbox 1926 1064 2029 1118; x_wconf 83' lang='lat' dir='ltr'><strong>sive</strong></span> <span class='ocrx_word' id='word_1_180' title='bbox 2053 1081 2144 1134; x_wconf 83' lang='lat' dir='ltr'><strong>per</strong></span> <span class='ocrx_word' id='word_1_181' title='bbox 2169 1066 2429 1117; x_wconf 82' lang='lat' dir='ltr'><strong>veritatem</strong></span> <span class='ocrx_word' id='word_1_182' title='bbox 2449 1062 2681 1120; x_wconf 76' lang='lat' dir='ltr'><strong>Christus</strong></span> <span class='ocrx_word' id='word_1_183' title='bbox 2707 1065 3037 1118; x_wconf 84' lang='lat' dir='ltr'><strong>attttutttietur</strong></span> <span class='ocrx_word' id='word_1_184' title='bbox 3065 1062 3291 1138; x_wconf 80' lang='lat' dir='ltr'><strong>(Philip.</strong></span> <span class='ocrx_word' id='word_1_185' title='bbox 3341 1080 3380 1129; x_wconf 89' lang='lat' dir='ltr'><strong>I,</strong></span> <span class='ocrx_word' id='word_1_186' title='bbox 3409 1066 3519 1135; x_wconf 79' lang='lat' dir='ltr'><strong>l8);</strong></span> 
     </span>
    </p>
   </div>
   <div class='ocr_carea' id='block_1_26' title="bbox 1927 1158 3521 1237">
    <p class='ocr_par' dir='ltr' id='par_1_26' title="bbox 1927 1158 3521 1237">
     <span class='ocr_line' id='line_1_26' title="bbox 1927 1158 3521 1237; baseline 0.001 -23"><span class='ocrx_word' id='word_1_187' title='bbox 1927 1161 2227 1214; x_wconf 77' lang='lat' dir='ltr'><strong>invenimus</strong></span> <span class='ocrx_word' id='word_1_188' title='bbox 2253 1159 2353 1214; x_wconf 90' lang='lat' dir='ltr'><strong>hoc</strong></span> <span class='ocrx_word' id='word_1_189' title='bbox 2373 1174 2590 1230; x_wconf 85' lang='lat' dir='ltr'><strong>quoque</strong></span> <span class='ocrx_word' id='word_1_190' title='bbox 2616 1158 2680 1213; x_wconf 89' lang='lat' dir='ltr'><strong>ad</strong></span> <span class='ocrx_word' id='word_1_191' title='bbox 2704 1175 2887 1215; x_wconf 85' lang='lat' dir='ltr'><strong>eorum</strong></span> <span class='ocrx_word' id='word_1_192' title='bbox 2914 1160 3269 1230; x_wconf 86' lang='lat' dir='ltr'><strong>patrocinium</strong></span> <span class='ocrx_word' id='word_1_193' title='bbox 3294 1162 3382 1237; x_wconf 87' lang='lat' dir='ltr'><strong>qui</strong></span> <span class='ocrx_word' id='word_1_194' title='bbox 3409 1159 3521 1215; x_wconf 71' lang='lat' dir='ltr'><strong>ha:—</strong></span> 
     </span>
    </p>
   </div>
   <div class='ocr_carea' id='block_1_27' title="bbox 1929 1255 3523 1327">
    <p class='ocr_par' dir='ltr' id='par_1_27' title="bbox 1929 1255 3523 1327">
     <span class='ocr_line' id='line_1_27' title="bbox 1929 1255 3523 1327; baseline 0 -18"><span class='ocrx_word' id='word_1_195' title='bbox 1929 1255 2115 1311; x_wconf 85' lang='lat' dir='ltr'><strong>reticis</strong></span> <span class='ocrx_word' id='word_1_196' title='bbox 2141 1255 2506 1327; x_wconf 76' lang='lat' dir='ltr'><strong>sull&#39;ragatttur</strong></span> <span class='ocrx_word' id='word_1_197' title='bbox 2535 1267 2584 1309; x_wconf 89' lang='lat' dir='ltr'><strong>et</strong></span> <span class='ocrx_word' id='word_1_198' title='bbox 2618 1255 2870 1325; x_wconf 85' lang='lat' dir='ltr'><strong>plaudunt</strong></span> <span class='ocrx_word' id='word_1_199' title='bbox 2896 1256 3028 1311; x_wconf 81' lang='lat' dir='ltr'><strong>nihil</strong></span> <span class='ocrx_word' id='word_1_200' title='bbox 3057 1272 3215 1326; x_wconf 85' lang='lat' dir='ltr'><strong>posse</strong></span> <span class='ocrx_word' id='word_1_201' title='bbox 3237 1256 3523 1326; x_wconf 82' lang='lat' dir='ltr'><strong>prolicere.</strong></span> 
     </span>
    </p>
   </div>
   <div class='ocr_carea' id='block_1_28' title="bbox 1928 1346 3527 1418">
    <p class='ocr_par' dir='ltr' id='par_1_28' title="bbox 1928 1346 3527 1418">
     <span class='ocr_line' id='line_1_28' title="bbox 1928 1346 3527 1418; baseline 0 -17"><span class='ocrx_word' id='word_1_202' title='bbox 1928 1346 2114 1418; x_wconf 82' lang='lat' dir='ltr'><strong>Neque</strong></span> <span class='ocrx_word' id='word_1_203' title='bbox 2146 1346 2290 1402; x_wconf 90' lang='lat' dir='ltr'><strong>enim</strong></span> <span class='ocrx_word' id='word_1_204' title='bbox 2332 1348 2399 1403; x_wconf 89' lang='lat' dir='ltr'><strong>de</strong></span> <span class='ocrx_word' id='word_1_205' title='bbox 2429 1346 2700 1402; x_wconf 74' lang='lat' dir='ltr'><strong>tta-reticis</strong></span> <span class='ocrx_word' id='word_1_206' title='bbox 2727 1357 2812 1402; x_wconf 90' lang='lat' dir='ltr'><strong>aut</strong></span> <span class='ocrx_word' id='word_1_207' title='bbox 2842 1348 2906 1401; x_wconf 90' lang='lat' dir='ltr'><strong>dc</strong></span> <span class='ocrx_word' id='word_1_208' title='bbox 2938 1363 3124 1403; x_wconf 90' lang='lat' dir='ltr'><strong>eorum</strong></span> <span class='ocrx_word' id='word_1_209' title='bbox 3154 1348 3419 1416; x_wconf 87' lang='lat' dir='ltr'><strong>baptismo</strong></span> <span class='ocrx_word' id='word_1_210' title='bbox 3450 1348 3527 1402; x_wconf 88' lang='lat' dir='ltr'><strong>lo—</strong></span> 
     </span>
    </p>
   </div>
   <div class='ocr_carea' id='block_1_29' title="bbox 1928 1440 3522 1514">
    <p class='ocr_par' dir='ltr' id='par_1_29' title="bbox 1928 1440 3522 1514">
     <span class='ocr_line' id='line_1_29' title="bbox 1928 1440 3522 1514; baseline 0.002 -19"><span class='ocrx_word' id='word_1_211' title='bbox 1928 1442 2195 1514; x_wconf 84' lang='lat' dir='ltr'><strong>quebatur</strong></span> <span class='ocrx_word' id='word_1_212' title='bbox 2227 1442 2277 1496; x_wconf 93' lang='lat' dir='ltr'><strong>in</strong></span> <span class='ocrx_word' id='word_1_213' title='bbox 2311 1441 2550 1511; x_wconf 83' lang='lat' dir='ltr'><strong>Epistula</strong></span> <span class='ocrx_word' id='word_1_214' title='bbox 2582 1457 2675 1495; x_wconf 89' lang='lat' dir='ltr'><strong>sua</strong></span> <span class='ocrx_word' id='word_1_215' title='bbox 2707 1442 2902 1497; x_wconf 80' lang='lat' dir='ltr'><strong>Paulus</strong></span> <span class='ocrx_word' id='word_1_216' title='bbox 2924 1484 2937 1508; x_wconf 88' lang='lat'><strong>,</strong></span> <span class='ocrx_word' id='word_1_217' title='bbox 2970 1452 3023 1495; x_wconf 92' lang='lat' dir='ltr'><strong>ut</strong></span> <span class='ocrx_word' id='word_1_218' title='bbox 3050 1440 3250 1511; x_wconf 77' lang='lat' dir='ltr'><strong>aliquid</strong></span> <span class='ocrx_word' id='word_1_219' title='bbox 3283 1441 3424 1512; x_wconf 88' lang='lat' dir='ltr'><strong>quod</strong></span> <span class='ocrx_word' id='word_1_220' title='bbox 3454 1442 3522 1497; x_wconf 89' lang='lat' dir='ltr'><strong>ad</strong></span> 
     </span>
    </p>
   </div>
   <div class='ocr_carea' id='block_1_30' title="bbox 1933 1532 3527 1607">
    <p class='ocr_par' dir='ltr' id='par_1_30' title="bbox 1933 1532 3527 1607">
     <span class='ocr_line' id='line_1_30' title="bbox 1933 1532 3527 1607; baseline 0.001 -19"><span class='ocrx_word' id='word_1_221' title='bbox 1933 1535 2071 1591; x_wconf 90' lang='lat' dir='ltr'><strong>banc</strong></span> <span class='ocrx_word' id='word_1_222' title='bbox 2103 1551 2215 1591; x_wconf 89' lang='lat' dir='ltr'><strong>rem</strong></span> <span class='ocrx_word' id='word_1_223' title='bbox 2246 1537 2511 1606; x_wconf 88' lang='lat' dir='ltr'><strong>pertineat</strong></span> <span class='ocrx_word' id='word_1_224' title='bbox 2541 1534 2787 1607; x_wconf 68' lang='lat' dir='ltr'><strong>posuiSse</strong></span> <span class='ocrx_word' id='word_1_225' title='bbox 2814 1532 3147 1589; x_wconf 76' lang='lat' dir='ltr'><strong>ostendatur.</strong></span> <span class='ocrx_word' id='word_1_226' title='bbox 3182 1533 3527 1605; x_wconf 84' lang='lat' dir='ltr'><strong>Loqucbatur</strong></span> 
     </span>
    </p>
   </div>
   <div class='ocr_carea' id='block_1_31' title="bbox 1929 1629 3523 1687">
    <p class='ocr_par' dir='ltr' id='par_1_31' title="bbox 1929 1629 3523 1687">
     <span class='ocr_line' id='line_1_31' title="bbox 1929 1629 3523 1687; baseline 0.002 -3"><span class='ocrx_word' id='word_1_227' title='bbox 1929 1629 1995 1684; x_wconf 88' lang='lat' dir='ltr'><strong>de</strong></span> <span class='ocrx_word' id='word_1_228' title='bbox 2024 1630 2278 1685; x_wconf 78' lang='lat' dir='ltr'><strong>fratribus</strong></span> <span class='ocrx_word' id='word_1_229' title='bbox 2307 1629 2418 1685; x_wconf 84' lang='lat' dir='ltr'><strong>sive</strong></span> <span class='ocrx_word' id='word_1_230' title='bbox 2448 1629 2750 1684; x_wconf 82' lang='lat' dir='ltr'><strong>inordinate</strong></span> <span class='ocrx_word' id='word_1_231' title='bbox 2780 1640 2831 1683; x_wconf 87' lang='lat' dir='ltr'><strong>et</strong></span> <span class='ocrx_word' id='word_1_232' title='bbox 2860 1640 3049 1685; x_wconf 83' lang='lat' dir='ltr'><strong>contra</strong></span> <span class='ocrx_word' id='word_1_233' title='bbox 3099 1630 3523 1687; x_wconf 75' lang='lat' dir='ltr'><strong>ecclesiasticam</strong></span> 
     </span>
    </p>
   </div>
   <div class='ocr_carea' id='block_1_32' title="bbox 1930 1723 3525 1799">
    <p class='ocr_par' dir='ltr' id='par_1_32' title="bbox 1930 1723 3525 1799">
     <span class='ocr_line' id='line_1_32' title="bbox 1930 1723 3525 1799; baseline -0.001 -20"><span class='ocrx_word' id='word_1_234' title='bbox 1930 1723 2269 1799; x_wconf 79' lang='lat' dir='ltr'><strong>disciplinam</strong></span> <span class='ocrx_word' id='word_1_235' title='bbox 2301 1725 2736 1791; x_wconf 84' lang='lat' dir='ltr'><strong>ambulantibus,</strong></span> <span class='ocrx_word' id='word_1_236' title='bbox 2771 1724 2886 1781; x_wconf 80' lang='lat' dir='ltr'><strong>sive</strong></span> <span class='ocrx_word' id='word_1_237' title='bbox 2926 1723 3291 1795; x_wconf 77' lang='lat' dir='ltr'><strong>evangelicam</strong></span> <span class='ocrx_word' id='word_1_238' title='bbox 3322 1724 3525 1779; x_wconf 87' lang='lat' dir='ltr'><strong>verita-</strong></span> 
     </span>
    </p>
   </div>
   <div class='ocr_carea' id='block_1_33' title="bbox 213 1806 3528 1895">
    <p class='ocr_par' dir='ltr' id='par_1_33' title="bbox 213 1806 3528 1895">
     <span class='ocr_line' id='line_1_33' title="bbox 213 1806 3528 1895; baseline -0.001 -19"><span class='ocrx_word' id='word_1_239' title='bbox 213 1830 273 1876; x_wconf 89' lang='lat' dir='ltr'><strong>et</strong></span> <span class='ocrx_word' id='word_1_240' title='bbox 327 1821 583 1895; x_wconf 89' lang='lat' dir='ltr'><strong>templum</strong></span> <span class='ocrx_word' id='word_1_241' title='bbox 635 1822 727 1877; x_wconf 89' lang='lat' dir='ltr'><strong>Dei</strong></span> <span class='ocrx_word' id='word_1_242' title='bbox 790 1806 1126 1889; x_wconf 57' lang='lat' dir='ltr'><strong>factns&#39;est,</strong></span> <span class='ocrx_word' id='word_1_243' title='bbox 1182 1822 1226 1877; x_wconf 93' lang='lat' dir='ltr'><strong>si</strong></span> <span class='ocrx_word' id='word_1_244' title='bbox 1281 1820 1647 1876; x_wconf 82' lang='lat' dir='ltr'><strong>sanctiﬁcatus</strong></span> <span class='ocrx_word' id='word_1_245' title='bbox 1687 1830 1771 1876; x_wconf 87' lang='lat' dir='ltr'><strong>est</strong></span> <span class='ocrx_word' id='word_1_246' title='bbox 1798 1829 1823 1857; x_wconf 75' lang='grc' dir='ltr'><strong>τι</strong></span> <span class='ocrx_word' id='word_1_247' title='bbox 1854 1818 1902 1880; x_wconf 92' lang='grc' dir='ltr'>Β</span> <span class='ocrx_word' id='word_1_248' title='bbox 1934 1831 2037 1875; x_wconf 86' lang='lat' dir='ltr'><strong>tem</strong></span> <span class='ocrx_word' id='word_1_249' title='bbox 2071 1820 2139 1876; x_wconf 89' lang='lat' dir='ltr'><strong>de</strong></span> <span class='ocrx_word' id='word_1_250' title='bbox 2171 1819 2265 1876; x_wconf 83' lang='lat' dir='ltr'><strong>Dei</strong></span> <span class='ocrx_word' id='word_1_251' title='bbox 2306 1820 2501 1876; x_wconf 87' lang='lat' dir='ltr'><strong>timore</strong></span> <span class='ocrx_word' id='word_1_252' title='bbox 2540 1819 2901 1875; x_wconf 73' lang='lat' dir='ltr'><strong>servantibus.</strong></span> <span class='ocrx_word' id='word_1_253' title='bbox 2933 1818 3001 1874; x_wconf 90' lang='lat' dir='ltr'><strong>Et</strong></span> <span class='ocrx_word' id='word_1_254' title='bbox 3046 1818 3307 1893; x_wconf 89' lang='lat' dir='ltr'><strong>quosdatn</strong></span> <span class='ocrx_word' id='word_1_255' title='bbox 3336 1834 3402 1873; x_wconf 77' lang='lat' dir='ltr'><strong>ex</strong></span> <span class='ocrx_word' id='word_1_256' title='bbox 3448 1822 3528 1873; x_wconf 88' lang='lat' dir='ltr'><strong>eis</strong></span> 
     </span>
    </p>
   </div>
   <div class='ocr_carea' id='block_1_34' title="bbox 212 1911 1819 1989">
    <p class='ocr_par' dir='ltr' id='par_1_34' title="bbox 212 1911 1819 1989">
     <span class='ocr_line' id='line_1_34' title="bbox 212 1911 1819 1989; baseline 0.001 -21"><span class='ocrx_word' id='word_1_257' title='bbox 212 1913 260 1968; x_wconf 90' lang='lat' dir='ltr'><strong>si</strong></span> <span class='ocrx_word' id='word_1_258' title='bbox 294 1911 550 1987; x_wconf 89' lang='lat' dir='ltr'><strong>templum</strong></span> <span class='ocrx_word' id='word_1_259' title='bbox 586 1915 677 1968; x_wconf 87' lang='lat' dir='ltr'><strong>Dei</strong></span> <span class='ocrx_word' id='word_1_260' title='bbox 712 1913 882 1970; x_wconf 81' lang='lat' dir='ltr'><strong>lactus</strong></span> <span class='ocrx_word' id='word_1_261' title='bbox 909 1925 1216 1989; x_wconf 77' lang='lat' dir='ltr'><strong>est,qu:cro</strong></span> <span class='ocrx_word' id='word_1_262' title='bbox 1236 1914 1389 1987; x_wconf 85' lang='lat' dir='ltr'><strong>cujus</strong></span> <span class='ocrx_word' id='word_1_263' title='bbox 1422 1913 1553 1969; x_wconf 86' lang='lat' dir='ltr'><strong>Dei?</strong></span> <span class='ocrx_word' id='word_1_264' title='bbox 1580 1911 1639 1969; x_wconf 92' lang='lat' dir='ltr'><strong>Si</strong></span> <span class='ocrx_word' id='word_1_265' title='bbox 1669 1930 1819 1969; x_wconf 87' lang='lat' dir='ltr'><strong>crea-</strong></span> 
     </span>
    </p>
   </div>
   <div class='ocr_carea' id='block_1_35' title="bbox 214 2005 1820 2080">
    <p class='ocr_par' dir='ltr' id='par_1_35' title="bbox 214 2005 1820 2080">
     <span class='ocr_line' id='line_1_35' title="bbox 214 2005 1820 2080; baseline -0.001 -19"><span class='ocrx_word' id='word_1_266' title='bbox 214 2007 389 2069; x_wconf 87' lang='lat' dir='ltr'><strong>toris,</strong></span> <span class='ocrx_word' id='word_1_267' title='bbox 440 2022 547 2062; x_wconf 88' lang='lat' dir='ltr'><strong>non</strong></span> <span class='ocrx_word' id='word_1_268' title='bbox 608 2009 812 2078; x_wconf 88' lang='lat' dir='ltr'><strong>potuit,</strong></span> <span class='ocrx_word' id='word_1_269' title='bbox 867 2008 990 2080; x_wconf 89' lang='lat' dir='ltr'><strong>quia</strong></span> <span class='ocrx_word' id='word_1_270' title='bbox 1045 2009 1096 2062; x_wconf 93' lang='lat' dir='ltr'><strong>in</strong></span> <span class='ocrx_word' id='word_1_271' title='bbox 1141 2024 1261 2064; x_wconf 91' lang='lat' dir='ltr'><strong>eum</strong></span> <span class='ocrx_word' id='word_1_272' title='bbox 1313 2023 1417 2062; x_wconf 88' lang='lat' dir='ltr'><strong>non</strong></span> <span class='ocrx_word' id='word_1_273' title='bbox 1480 2007 1724 2063; x_wconf 75' lang='lat' dir='ltr'><strong>credidit.</strong></span> <span class='ocrx_word' id='word_1_274' title='bbox 1765 2005 1820 2065; x_wconf 87' lang='lat' dir='ltr'><strong>Si</strong></span> 
     </span>
    </p>
   </div>
   <div class='ocr_carea' id='block_1_36' title="bbox 210 2097 1823 2177">
    <p class='ocr_par' dir='ltr' id='par_1_36' title="bbox 210 2097 1823 2177">
     <span class='ocr_line' id='line_1_36' title="bbox 210 2097 1823 2177; baseline 0.002 -23"><span class='ocrx_word' id='word_1_275' title='bbox 210 2097 450 2164; x_wconf 85' lang='lat' dir='ltr'><strong>Christi,</strong></span> <span class='ocrx_word' id='word_1_276' title='bbox 503 2118 599 2156; x_wconf 89' lang='lat' dir='ltr'><strong>nec</strong></span> <span class='ocrx_word' id='word_1_277' title='bbox 634 2101 791 2174; x_wconf 81' lang='lat' dir='ltr'><strong>hujus</strong></span> <span class='ocrx_word' id='word_1_278' title='bbox 820 2103 935 2157; x_wconf 80' lang='lat' dir='ltr'><strong>fieri</strong></span> <span class='ocrx_word' id='word_1_279' title='bbox 970 2104 1142 2173; x_wconf 90' lang='lat' dir='ltr'><strong>potuit</strong></span> <span class='ocrx_word' id='word_1_280' title='bbox 1178 2104 1459 2174; x_wconf 85' lang='lat' dir='ltr'><strong>templum.</strong></span> <span class='ocrx_word' id='word_1_281' title='bbox 1510 2101 1600 2177; x_wconf 90' lang='lat' dir='ltr'><strong>qui</strong></span> <span class='ocrx_word' id='word_1_282' title='bbox 1663 2112 1823 2173; x_wconf 80' lang='lat' dir='ltr'><strong>negat</strong></span> 
     </span>
    </p>
   </div>
   <div class='ocr_carea' id='block_1_37' title="bbox 210 2193 1818 2266">
    <p class='ocr_par' dir='ltr' id='par_1_37' title="bbox 210 2193 1818 2266">
     <span class='ocr_line' id='line_1_37' title="bbox 210 2193 1818 2266; baseline 0.001 -17"><span class='ocrx_word' id='word_1_283' title='bbox 210 2194 385 2249; x_wconf 89' lang='lat' dir='ltr'><strong>Deum</strong></span> <span class='ocrx_word' id='word_1_284' title='bbox 407 2193 705 2250; x_wconf 84' lang='lat' dir='ltr'><strong>Christum.</strong></span> <span class='ocrx_word' id='word_1_285' title='bbox 746 2195 800 2251; x_wconf 87' lang='lat' dir='ltr'><strong>Si</strong></span> <span class='ocrx_word' id='word_1_286' title='bbox 830 2197 1064 2266; x_wconf 85' lang='lat' dir='ltr'><strong>Spiritus</strong></span> <span class='ocrx_word' id='word_1_287' title='bbox 1113 2198 1319 2261; x_wconf 74' lang='lat' dir='ltr'><strong>sancti,</strong></span> <span class='ocrx_word' id='word_1_288' title='bbox 1368 2212 1487 2249; x_wconf 87' lang='lat' dir='ltr'><strong>cum</strong></span> <span class='ocrx_word' id='word_1_289' title='bbox 1514 2205 1624 2249; x_wconf 84' lang='lat' dir='ltr'><strong>tres</strong></span> <span class='ocrx_word' id='word_1_290' title='bbox 1654 2213 1818 2251; x_wconf 90' lang='lat' dir='ltr'><strong>unum</strong></span> 
     </span>
    </p>
   </div>
   <div class='ocr_carea' id='block_1_38' title="bbox 209 2288 1820 2359">
    <p class='ocr_par' dir='ltr' id='par_1_38' title="bbox 209 2288 1820 2359">
     <span class='ocr_line' id='line_1_38' title="bbox 209 2288 1820 2359; baseline -0.001 -18"><span class='ocrx_word' id='word_1_291' title='bbox 209 2288 354 2351; x_wconf 89' lang='lat' dir='ltr'><strong>sint,</strong></span> <span class='ocrx_word' id='word_1_292' title='bbox 401 2288 674 2358; x_wconf 89' lang='lat' dir='ltr'><strong>quomodo</strong></span> <span class='ocrx_word' id='word_1_293' title='bbox 714 2289 944 2358; x_wconf 70' lang='lat' dir='ltr'><strong>Spiritus</strong></span> <span class='ocrx_word' id='word_1_294' title='bbox 977 2300 1194 2343; x_wconf 77' lang='lat' dir='ltr'><strong>sanctus</strong></span> <span class='ocrx_word' id='word_1_295' title='bbox 1222 2290 1465 2359; x_wconf 87' lang='lat' dir='ltr'><strong>placatus</strong></span> <span class='ocrx_word' id='word_1_296' title='bbox 1494 2303 1615 2344; x_wconf 89' lang='lat' dir='ltr'><strong>esse</strong></span> <span class='ocrx_word' id='word_1_297' title='bbox 1641 2292 1689 2345; x_wconf 91' lang='lat' dir='ltr'><strong>ei</strong></span> <span class='ocrx_word' id='word_1_298' title='bbox 1729 2307 1820 2359; x_wconf 80' lang='lat' dir='ltr'><strong>po-</strong></span> 
     </span>
    </p>
   </div>
   <div class='ocr_carea' id='block_1_39' title="bbox 211 2381 1477 2449">
    <p class='ocr_par' dir='ltr' id='par_1_39' title="bbox 211 2381 1477 2449">
     <span class='ocr_line' id='line_1_39' title="bbox 211 2381 1477 2449; baseline 0.002 -15"><span class='ocrx_word' id='word_1_299' title='bbox 211 2390 319 2435; x_wconf 90' lang='lat' dir='ltr'><strong>test</strong></span> <span class='ocrx_word' id='word_1_300' title='bbox 344 2381 434 2449; x_wconf 90' lang='lat' dir='ltr'><strong>qui</strong></span> <span class='ocrx_word' id='word_1_301' title='bbox 466 2392 558 2437; x_wconf 88' lang='lat' dir='ltr'><strong>aut</strong></span> <span class='ocrx_word' id='word_1_302' title='bbox 599 2381 716 2438; x_wconf 83' lang='lat' dir='ltr'><strong>Filii</strong></span> <span class='ocrx_word' id='word_1_303' title='bbox 742 2392 833 2437; x_wconf 89' lang='lat' dir='ltr'><strong>aut</strong></span> <span class='ocrx_word' id='word_1_304' title='bbox 861 2384 1036 2438; x_wconf 85' lang='lat' dir='ltr'><strong>Patris</strong></span> <span class='ocrx_word' id='word_1_305' title='bbox 1079 2384 1326 2439; x_wconf 87' lang='lat' dir='ltr'><strong>inimicus</strong></span> <span class='ocrx_word' id='word_1_306' title='bbox 1354 2385 1477 2441; x_wconf 64' lang='lat' dir='ltr'><strong>est?</strong></span> 
     </span>
    </p>
   </div>
   <div class='ocr_carea' id='block_1_40' title="bbox 286 2470 1819 2546">
    <p class='ocr_par' dir='ltr' id='par_1_40' title="bbox 286 2470 1819 2546">
     <span class='ocr_line' id='line_1_40' title="bbox 286 2470 1819 2546; baseline 0.005 -21"><span class='ocrx_word' id='word_1_307' title='bbox 286 2470 431 2527; x_wconf 80' lang='lat' dir='ltr'><strong>XIII.</strong></span> <span class='ocrx_word' id='word_1_308' title='bbox 464 2472 699 2529; x_wconf 87' lang='lat' dir='ltr'><strong>Proinde</strong></span> <span class='ocrx_word' id='word_1_309' title='bbox 728 2472 925 2529; x_wconf 88' lang='lat' dir='ltr'><strong>frustra</strong></span> <span class='ocrx_word' id='word_1_310' title='bbox 948 2475 1158 2546; x_wconf 88' lang='lat' dir='ltr'><strong>quidem</strong></span> <span class='ocrx_word' id='word_1_311' title='bbox 1182 2476 1271 2546; x_wconf 91' lang='lat' dir='ltr'><strong>qui</strong></span> <span class='ocrx_word' id='word_1_312' title='bbox 1296 2476 1505 2532; x_wconf 90' lang='lat' dir='ltr'><strong>ratione</strong></span> <span class='ocrx_word' id='word_1_313' title='bbox 1529 2476 1819 2533; x_wconf 88' lang='lat' dir='ltr'><strong>vincuntur</strong></span> 
     </span>
    </p>
   </div>
   <div class='ocr_carea' id='block_1_41' title="bbox 202 2566 1818 2640">
    <p class='ocr_par' dir='ltr' id='par_1_41' title="bbox 202 2566 1818 2640">
     <span class='ocr_line' id='line_1_41' title="bbox 202 2566 1818 2640; baseline 0.003 -21"><span class='ocrx_word' id='word_1_314' title='bbox 202 2566 667 2621; x_wconf 88' lang='lat' dir='ltr'><strong>consuetudinem</strong></span> <span class='ocrx_word' id='word_1_315' title='bbox 723 2568 878 2623; x_wconf 87' lang='lat' dir='ltr'><strong>nobis</strong></span> <span class='ocrx_word' id='word_1_316' title='bbox 921 2580 1239 2640; x_wconf 89' lang='lat' dir='ltr'><strong>opponunt;</strong></span> <span class='ocrx_word' id='word_1_317' title='bbox 1282 2568 1433 2639; x_wconf 85' lang='lat' dir='ltr'><strong>quasi</strong></span> <span class='ocrx_word' id='word_1_318' title='bbox 1484 2569 1818 2624; x_wconf 91' lang='lat' dir='ltr'><strong>consuetudo</strong></span> 
     </span>
    </p>
   </div>
   <div class='ocr_carea' id='block_1_42' title="bbox 200 2660 1818 2733">
    <p class='ocr_par' dir='ltr' id='par_1_42' title="bbox 200 2660 1818 2733">
     <span class='ocr_line' id='line_1_42' title="bbox 200 2660 1818 2733; baseline 0.002 -19"><span class='ocrx_word' id='word_1_319' title='bbox 200 2660 388 2731; x_wconf 83' lang='lat' dir='ltr'><strong>major</strong></span> <span class='ocrx_word' id='word_1_320' title='bbox 416 2661 485 2715; x_wconf 91' lang='lat' dir='ltr'><strong>sit</strong></span> <span class='ocrx_word' id='word_1_321' title='bbox 509 2663 776 2729; x_wconf 80' lang='lat' dir='ltr'><strong>veritate,</strong></span> <span class='ocrx_word' id='word_1_322' title='bbox 808 2673 897 2718; x_wconf 90' lang='lat' dir='ltr'><strong>aut</strong></span> <span class='ocrx_word' id='word_1_323' title='bbox 937 2681 1045 2718; x_wconf 90' lang='lat' dir='ltr'><strong>non</strong></span> <span class='ocrx_word' id='word_1_324' title='bbox 1090 2664 1140 2718; x_wconf 89' lang='lat' dir='ltr'><strong>id</strong></span> <span class='ocrx_word' id='word_1_325' title='bbox 1185 2665 1256 2719; x_wconf 85' lang='lat' dir='ltr'><strong>sit</strong></span> <span class='ocrx_word' id='word_1_326' title='bbox 1282 2664 1332 2718; x_wconf 89' lang='lat' dir='ltr'><strong>in</strong></span> <span class='ocrx_word' id='word_1_327' title='bbox 1375 2664 1707 2733; x_wconf 81' lang='lat' dir='ltr'><strong>spiritalibus</strong></span> <span class='ocrx_word' id='word_1_328' title='bbox 1732 2678 1818 2718; x_wconf 88' lang='lat' dir='ltr'><strong>se-</strong></span> 
     </span>
    </p>
   </div>
   <div class='ocr_carea' id='block_1_43' title="bbox 198 2756 1814 2828">
    <p class='ocr_par' dir='ltr' id='par_1_43' title="bbox 198 2756 1814 2828">
     <span class='ocr_line' id='line_1_43' title="bbox 198 2756 1814 2828; baseline 0.005 -22"><span class='ocrx_word' id='word_1_329' title='bbox 198 2756 482 2828; x_wconf 85' lang='lat' dir='ltr'><strong>quendum</strong></span> <span class='ocrx_word' id='word_1_330' title='bbox 512 2758 653 2826; x_wconf 88' lang='lat' dir='ltr'><strong>quod</strong></span> <span class='ocrx_word' id='word_1_331' title='bbox 685 2759 736 2813; x_wconf 91' lang='lat' dir='ltr'><strong>in</strong></span> <span class='ocrx_word' id='word_1_332' title='bbox 791 2759 982 2812; x_wconf 85' lang='lat' dir='ltr'><strong>melius</strong></span> <span class='ocrx_word' id='word_1_333' title='bbox 1013 2759 1173 2815; x_wconf 87' lang='lat' dir='ltr'><strong>fuerit</strong></span> <span class='ocrx_word' id='word_1_334' title='bbox 1206 2776 1235 2814; x_wconf 86' lang='lat' dir='ltr'><strong>a</strong></span> <span class='ocrx_word' id='word_1_335' title='bbox 1268 2770 1458 2814; x_wconf 73' lang='lat' dir='ltr'><strong>sancto</strong></span> <span class='ocrx_word' id='word_1_336' title='bbox 1491 2760 1696 2828; x_wconf 85' lang='lat' dir='ltr'><strong>Spiritu</strong></span> <span class='ocrx_word' id='word_1_337' title='bbox 1728 2775 1814 2814; x_wconf 83' lang='lat' dir='ltr'><strong>re-</strong></span> 
     </span>
    </p>
   </div>
   <div class='ocr_carea' id='block_1_44' title="bbox 200 2848 1811 2921">
    <p class='ocr_par' dir='ltr' id='par_1_44' title="bbox 200 2848 1811 2921">
     <span class='ocr_line' id='line_1_44' title="bbox 200 2848 1811 2921; baseline 0.002 -21"><span class='ocrx_word' id='word_1_338' title='bbox 200 2849 473 2904; x_wconf 80' lang='lat' dir='ltr'><strong>velatum.</strong></span> <span class='ocrx_word' id='word_1_339' title='bbox 523 2848 732 2920; x_wconf 70' lang='lat' dir='ltr'><strong>Ignosci</strong></span> <span class='ocrx_word' id='word_1_340' title='bbox 779 2852 921 2905; x_wconf 90' lang='lat' dir='ltr'><strong>enim</strong></span> <span class='ocrx_word' id='word_1_341' title='bbox 977 2860 1154 2921; x_wconf 87' lang='lat' dir='ltr'><strong>potest</strong></span> <span class='ocrx_word' id='word_1_342' title='bbox 1208 2853 1525 2921; x_wconf 88' lang='lat' dir='ltr'><strong>simpliciter</strong></span> <span class='ocrx_word' id='word_1_343' title='bbox 1578 2854 1811 2920; x_wconf 80' lang='lat' dir='ltr'><strong>erranti,</strong></span> 
     </span>
    </p>
   </div>
   <div class='ocr_carea' id='block_1_45' title="bbox 195 2944 1810 3017">
    <p class='ocr_par' dir='ltr' id='par_1_45' title="bbox 195 2944 1810 3017">
     <span class='ocr_line' id='line_1_45' title="bbox 195 2944 1810 3017; baseline 0.002 -18"><span class='ocrx_word' id='word_1_344' title='bbox 195 2946 348 3000; x_wconf 89' lang='lat' dir='ltr'><strong>sicut</strong></span> <span class='ocrx_word' id='word_1_345' title='bbox 386 2944 456 3001; x_wconf 90' lang='lat' dir='ltr'><strong>de</strong></span> <span class='ocrx_word' id='word_1_346' title='bbox 502 2960 561 3000; x_wconf 87' lang='lat' dir='ltr'><strong>se</strong></span> <span class='ocrx_word' id='word_1_347' title='bbox 621 2947 739 3017; x_wconf 90' lang='lat' dir='ltr'><strong>ipso</strong></span> <span class='ocrx_word' id='word_1_348' title='bbox 788 2945 920 3001; x_wconf 91' lang='lat' dir='ltr'><strong>dicit</strong></span> <span class='ocrx_word' id='word_1_349' title='bbox 968 2948 1158 3002; x_wconf 83' lang='lat' dir='ltr'><strong>beatus</strong></span> <span class='ocrx_word' id='word_1_350' title='bbox 1182 2946 1458 3017; x_wconf 81' lang='lat' dir='ltr'><strong>apostolus</strong></span> <span class='ocrx_word' id='word_1_351' title='bbox 1507 2946 1705 3002; x_wconf 84' lang='lat' dir='ltr'><strong>Paulus</strong></span> <span class='ocrx_word' id='word_1_352' title='bbox 1734 2944 1810 3003; x_wconf 84' lang='lat' dir='ltr'><strong>b:</strong></span> 
     </span>
    </p>
   </div>
   <div class='ocr_carea' id='block_1_46' title="bbox 205 3038 1813 3111">
    <p class='ocr_par' dir='ltr' id='par_1_46' title="bbox 205 3038 1813 3111">
     <span class='ocr_line' id='line_1_46' title="bbox 205 3038 1813 3111; baseline 0 -19"><span class='ocrx_word' id='word_1_353' title='bbox 205 3038 319 3104; x_wconf 85' lang='lat' dir='ltr'><strong>Qui</strong></span> <span class='ocrx_word' id='word_1_354' title='bbox 372 3038 571 3108; x_wconf 85' lang='lat' dir='ltr'><strong>primo,</strong></span> <span class='ocrx_word' id='word_1_355' title='bbox 627 3039 834 3111; x_wconf 87' lang='lat' dir='ltr'><strong>inquit,</strong></span> <span class='ocrx_word' id='word_1_356' title='bbox 888 3041 968 3111; x_wconf 75' lang='lat' dir='ltr'><strong>{ui</strong></span> <span class='ocrx_word' id='word_1_357' title='bbox 995 3040 1320 3111; x_wconf 73' lang='lat' dir='ltr'><strong>blasphemus</strong></span> <span class='ocrx_word' id='word_1_358' title='bbox 1350 3050 1396 3094; x_wconf 85' lang='lat' dir='ltr'><strong>et</strong></span> <span class='ocrx_word' id='word_1_359' title='bbox 1426 3050 1723 3111; x_wconf 80' lang='lat' dir='ltr'><strong>persecutor</strong></span> <span class='ocrx_word' id='word_1_360' title='bbox 1765 3048 1813 3093; x_wconf 89' lang='lat' dir='ltr'><strong>et</strong></span> 
     </span>
    </p>
   </div>
   <div class='ocr_carea' id='block_1_47' title="bbox 199 3130 1809 3205">
    <p class='ocr_par' dir='ltr' id='par_1_47' title="bbox 199 3130 1809 3205">
     <span class='ocr_line' id='line_1_47' title="bbox 199 3130 1809 3205; baseline 0.001 -22"><span class='ocrx_word' id='word_1_361' title='bbox 199 3131 536 3195; x_wconf 77' lang='lat' dir='ltr'><strong>iniuriosus;</strong></span> <span class='ocrx_word' id='word_1_362' title='bbox 582 3130 672 3183; x_wconf 79' lang='lat' dir='ltr'><strong>sed</strong></span> <span class='ocrx_word' id='word_1_363' title='bbox 725 3132 1129 3186; x_wconf 79' lang='lat' dir='ltr'><strong>tttisericordiattt</strong></span> <span class='ocrx_word' id='word_1_364' title='bbox 1175 3134 1362 3198; x_wconf 82' lang='lat' dir='ltr'><strong>merui,</strong></span> <span class='ocrx_word' id='word_1_365' title='bbox 1392 3133 1511 3203; x_wconf 84' lang='lat' dir='ltr'><strong>quin</strong></span> <span class='ocrx_word' id='word_1_366' title='bbox 1564 3132 1809 3205; x_wconf 75' lang='lat' dir='ltr'><strong>ignorans</strong></span> 
     </span>
    </p>
   </div>
   <div class='ocr_carea' id='block_1_48' title="bbox 1928 1909 3528 1984">
    <p class='ocr_par' dir='ltr' id='par_1_48' title="bbox 1928 1909 3528 1984">
     <span class='ocr_line' id='line_1_48' title="bbox 1928 1909 3528 1984; baseline -0.001 -18"><span class='ocrx_word' id='word_1_367' title='bbox 1928 1913 2108 1984; x_wconf 87' lang='lat' dir='ltr'><strong>posuit</strong></span> <span class='ocrx_word' id='word_1_368' title='bbox 2138 1913 2362 1968; x_wconf 86' lang='lat' dir='ltr'><strong>verbum</strong></span> <span class='ocrx_word' id='word_1_369' title='bbox 2396 1912 2605 1967; x_wconf 89' lang='lat' dir='ltr'><strong>Domini</strong></span> <span class='ocrx_word' id='word_1_370' title='bbox 2632 1921 2948 1969; x_wconf 85' lang='lat' dir='ltr'><strong>constanter</strong></span> <span class='ocrx_word' id='word_1_371' title='bbox 2968 1909 3417 1982; x_wconf 86' lang='lat' dir='ltr'><strong>atqueintrepide</strong></span> <span class='ocrx_word' id='word_1_372' title='bbox 3448 1910 3528 1965; x_wconf 93' lang='lat' dir='ltr'><strong>lo-</strong></span> 
     </span>
    </p>
   </div>
   <div class='ocr_carea' id='block_1_49' title="bbox 1927 2003 3526 2079">
    <p class='ocr_par' dir='ltr' id='par_1_49' title="bbox 1927 2003 3526 2079">
     <span class='ocr_line' id='line_1_49' title="bbox 1927 2003 3526 2079; baseline 0 -18"><span class='ocrx_word' id='word_1_373' title='bbox 1927 2016 2112 2071; x_wconf 78' lang='lat' dir='ltr'><strong>cutos,</strong></span> <span class='ocrx_word' id='word_1_374' title='bbox 2170 2007 2433 2079; x_wconf 89' lang='lat' dir='ltr'><strong>quosdam</strong></span> <span class='ocrx_word' id='word_1_375' title='bbox 2483 2021 2615 2061; x_wconf 86' lang='lat' dir='ltr'><strong>vero</strong></span> <span class='ocrx_word' id='word_1_376' title='bbox 2663 2007 2715 2060; x_wconf 91' lang='lat' dir='ltr'><strong>in</strong></span> <span class='ocrx_word' id='word_1_377' title='bbox 2766 2003 2969 2061; x_wconf 85' lang='lat' dir='ltr'><strong>invidia</strong></span> <span class='ocrx_word' id='word_1_378' title='bbox 3020 2013 3043 2041; x_wconf 71' lang='grc' dir='ltr'><strong><em>ο</em></strong></span> <span class='ocrx_word' id='word_1_379' title='bbox 3078 2014 3131 2060; x_wconf 89' lang='lat' dir='ltr'><strong>et</strong></span> <span class='ocrx_word' id='word_1_380' title='bbox 3184 2004 3526 2062; x_wconf 84' lang='lat' dir='ltr'><strong>dissensione</strong></span> 
     </span>
    </p>
   </div>
   <div class='ocr_carea' id='block_1_50' title="bbox 1927 2098 3525 2169">
    <p class='ocr_par' dir='ltr' id='par_1_50' title="bbox 1927 2098 3525 2169">
     <span class='ocr_line' id='line_1_50' title="bbox 1927 2098 3525 2169; baseline -0.003 -15"><span class='ocrx_word' id='word_1_381' title='bbox 1927 2109 2190 2167; x_wconf 88' lang='lat' dir='ltr'><strong>versatos,</strong></span> <span class='ocrx_word' id='word_1_382' title='bbox 2221 2098 2484 2169; x_wconf 81' lang='lat' dir='ltr'><strong>quosdam</strong></span> <span class='ocrx_word' id='word_1_383' title='bbox 2509 2114 2759 2154; x_wconf 70' lang='lat' dir='ltr'><strong>servasse</strong></span> <span class='ocrx_word' id='word_1_384' title='bbox 2789 2098 2929 2154; x_wconf 86' lang='lat' dir='ltr'><strong>circa</strong></span> <span class='ocrx_word' id='word_1_385' title='bbox 2956 2113 3016 2155; x_wconf 85' lang='lat' dir='ltr'><strong>se</strong></span> <span class='ocrx_word' id='word_1_386' title='bbox 3046 2098 3363 2155; x_wconf 84' lang='lat' dir='ltr'><strong>benevolum</strong></span> <span class='ocrx_word' id='word_1_387' title='bbox 3394 2098 3525 2153; x_wconf 88' lang='lat' dir='ltr'><strong>cha-</strong></span> 
     </span>
    </p>
   </div>
   <div class='ocr_carea' id='block_1_51' title="bbox 1925 2190 3525 2264">
    <p class='ocr_par' dir='ltr' id='par_1_51' title="bbox 1925 2190 3525 2264">
     <span class='ocr_line' id='line_1_51' title="bbox 1925 2190 3525 2264; baseline -0.002 -14"><span class='ocrx_word' id='word_1_388' title='bbox 1925 2196 2139 2250; x_wconf 88' lang='lat' dir='ltr'><strong>ritatem</strong></span> <span class='ocrx_word' id='word_1_389' title='bbox 2160 2236 2173 2257; x_wconf 92' lang='lat'><strong>,</strong></span> <span class='ocrx_word' id='word_1_390' title='bbox 2202 2193 2409 2264; x_wconf 90' lang='lat' dir='ltr'><strong>aliquos</strong></span> <span class='ocrx_word' id='word_1_391' title='bbox 2442 2208 2569 2249; x_wconf 90' lang='lat' dir='ltr'><strong>vero</strong></span> <span class='ocrx_word' id='word_1_392' title='bbox 2601 2191 2853 2248; x_wconf 84' lang='lat' dir='ltr'><strong>habuisse</strong></span> <span class='ocrx_word' id='word_1_393' title='bbox 2882 2192 3203 2247; x_wconf 80' lang='lat' dir='ltr'><strong>malevolam</strong></span> <span class='ocrx_word' id='word_1_394' title='bbox 3230 2190 3525 2248; x_wconf 82' lang='lat' dir='ltr'><strong>dissensio-</strong></span> 
     </span>
    </p>
   </div>
   <div class='ocr_carea' id='block_1_52' title="bbox 1925 2283 3527 2356">
    <p class='ocr_par' dir='ltr' id='par_1_52' title="bbox 1925 2283 3527 2356">
     <span class='ocr_line' id='line_1_52' title="bbox 1925 2283 3527 2356; baseline 0.001 -15"><span class='ocrx_word' id='word_1_395' title='bbox 1925 2303 2069 2355; x_wconf 89' lang='lat' dir='ltr'><strong>nem,</strong></span> <span class='ocrx_word' id='word_1_396' title='bbox 2095 2301 2154 2342; x_wconf 89' lang='lat' dir='ltr'><strong>se</strong></span> <span class='ocrx_word' id='word_1_397' title='bbox 2183 2295 2359 2340; x_wconf 88' lang='lat' dir='ltr'><strong>tamen</strong></span> <span class='ocrx_word' id='word_1_398' title='bbox 2393 2284 2654 2356; x_wconf 86' lang='lat' dir='ltr'><strong>patienter</strong></span> <span class='ocrx_word' id='word_1_399' title='bbox 2684 2285 2861 2340; x_wconf 87' lang='lat' dir='ltr'><strong>omnia</strong></span> <span class='ocrx_word' id='word_1_400' title='bbox 2893 2284 3160 2341; x_wconf 84' lang='lat' dir='ltr'><strong>sustinere</strong></span> <span class='ocrx_word' id='word_1_401' title='bbox 3183 2326 3198 2351; x_wconf 91' lang='lat'><strong>,</strong></span> <span class='ocrx_word' id='word_1_402' title='bbox 3233 2283 3527 2343; x_wconf 88' lang='lat' dir='ltr'><strong>dummodo</strong></span> 
     </span>
    </p>
   </div>
   <div class='ocr_carea' id='block_1_53' title="bbox 1923 2378 3522 2450">
    <p class='ocr_par' dir='ltr' id='par_1_53' title="bbox 1923 2378 3522 2450">
     <span class='ocr_line' id='line_1_53' title="bbox 1923 2378 3522 2450; baseline -0.004 -9"><span class='ocrx_word' id='word_1_403' title='bbox 1923 2386 2036 2441; x_wconf 88' lang='lat' dir='ltr'><strong>sive</strong></span> <span class='ocrx_word' id='word_1_404' title='bbox 2066 2385 2115 2437; x_wconf 91' lang='lat' dir='ltr'><strong>in</strong></span> <span class='ocrx_word' id='word_1_405' title='bbox 2151 2382 2379 2437; x_wconf 85' lang='lat' dir='ltr'><strong>veritate</strong></span> <span class='ocrx_word' id='word_1_406' title='bbox 2411 2382 2525 2435; x_wconf 85' lang='lat' dir='ltr'><strong>sive</strong></span> <span class='ocrx_word' id='word_1_407' title='bbox 2559 2396 2655 2450; x_wconf 89' lang='lat' dir='ltr'><strong>per</strong></span> <span class='ocrx_word' id='word_1_408' title='bbox 2684 2380 3024 2436; x_wconf 68' lang='lat' dir='ltr'><strong>OC(&#39;a~lttll(3tll</strong></span> <span class='ocrx_word' id='word_1_409' title='bbox 3059 2395 3257 2437; x_wconf 88' lang='lat' dir='ltr'><strong>nomen</strong></span> <span class='ocrx_word' id='word_1_410' title='bbox 3286 2378 3522 2447; x_wconf 89' lang='lat' dir='ltr'><strong>Christi,</strong></span> 
     </span>
    </p>
   </div>
   <div class='ocr_carea' id='block_1_54' title="bbox 1922 2472 3524 2548">
    <p class='ocr_par' dir='ltr' id='par_1_54' title="bbox 1922 2472 3524 2548">
     <span class='ocr_line' id='line_1_54' title="bbox 1922 2472 3524 2548; baseline -0.001 -20"><span class='ocrx_word' id='word_1_411' title='bbox 1922 2476 2063 2548; x_wconf 87' lang='lat' dir='ltr'><strong>quod</strong></span> <span class='ocrx_word' id='word_1_412' title='bbox 2115 2476 2311 2531; x_wconf 86' lang='lat' dir='ltr'><strong>Paulus</strong></span> <span class='ocrx_word' id='word_1_413' title='bbox 2350 2473 2721 2545; x_wconf 61' lang='lat' dir='ltr'><strong>praedicabat,</strong></span> <span class='ocrx_word' id='word_1_414' title='bbox 2772 2472 2838 2526; x_wconf 87' lang='lat' dir='ltr'><strong>ad</strong></span> <span class='ocrx_word' id='word_1_415' title='bbox 2888 2473 3238 2543; x_wconf 89' lang='lat' dir='ltr'><strong>plurimorum</strong></span> <span class='ocrx_word' id='word_1_416' title='bbox 3282 2472 3524 2527; x_wconf 75' lang='lat' dir='ltr'><strong>notitiam</strong></span> 
     </span>
    </p>
   </div>
   <div class='ocr_carea' id='block_1_55' title="bbox 1925 2564 3526 2639">
    <p class='ocr_par' dir='ltr' id='par_1_55' title="bbox 1925 2564 3526 2639">
     <span class='ocr_line' id='line_1_55' title="bbox 1925 2564 3526 2639; baseline -0.002 -18"><span class='ocrx_word' id='word_1_417' title='bbox 1925 2570 2271 2639; x_wconf 81' lang='lat' dir='ltr'><strong>perveniret,</strong></span> <span class='ocrx_word' id='word_1_418' title='bbox 2330 2577 2383 2623; x_wconf 88' lang='lat' dir='ltr'><strong>et</strong></span> <span class='ocrx_word' id='word_1_419' title='bbox 2464 2583 2601 2623; x_wconf 86' lang='lat' dir='ltr'><strong>nova</strong></span> <span class='ocrx_word' id='word_1_420' title='bbox 2669 2566 2846 2623; x_wconf 87' lang='lat' dir='ltr'><strong>adhuc</strong></span> <span class='ocrx_word' id='word_1_421' title='bbox 2908 2581 2971 2619; x_wconf 84' lang='lat' dir='ltr'><strong>ac</strong></span> <span class='ocrx_word' id='word_1_422' title='bbox 3050 2564 3200 2621; x_wconf 82' lang='lat' dir='ltr'><strong>rudis</strong></span> <span class='ocrx_word' id='word_1_423' title='bbox 3257 2565 3526 2621; x_wconf 85' lang='lat' dir='ltr'><strong>sermonis</strong></span> 
     </span>
    </p>
   </div>
   <div class='ocr_carea' id='block_1_56' title="bbox 1922 2658 3521 2734">
    <p class='ocr_par' dir='ltr' id='par_1_56' title="bbox 1922 2658 3521 2734">
     <span class='ocr_line' id='line_1_56' title="bbox 1922 2658 3521 2734; baseline -0.003 -18"><span class='ocrx_word' id='word_1_424' title='bbox 1922 2663 2211 2717; x_wconf 81' lang='lat' dir='ltr'><strong>seminatio</strong></span> <span class='ocrx_word' id='word_1_425' title='bbox 2278 2661 2616 2733; x_wconf 79' lang='lat' dir='ltr'><strong>loquentium</strong></span> <span class='ocrx_word' id='word_1_426' title='bbox 2676 2660 3056 2734; x_wconf 73' lang='lat' dir='ltr'><strong>pra-dicatione</strong></span> <span class='ocrx_word' id='word_1_427' title='bbox 3130 2658 3521 2714; x_wconf 68' lang='lat' dir='ltr'><strong>crebresceret.</strong></span> 
     </span>
    </p>
   </div>
   <div class='ocr_carea' id='block_1_57' title="bbox 1922 2749 3524 2833">
    <p class='ocr_par' dir='ltr' id='par_1_57' title="bbox 1922 2749 3524 2833">
     <span class='ocr_line' id='line_1_57' title="bbox 1922 2749 3524 2833; baseline -0.001 -24"><span class='ocrx_word' id='word_1_428' title='bbox 1922 2754 2091 2809; x_wconf 90' lang='lat' dir='ltr'><strong>Porro</strong></span> <span class='ocrx_word' id='word_1_429' title='bbox 2136 2754 2280 2808; x_wconf 90' lang='lat' dir='ltr'><strong>aliud</strong></span> <span class='ocrx_word' id='word_1_430' title='bbox 2325 2763 2409 2809; x_wconf 91' lang='lat' dir='ltr'><strong>est</strong></span> <span class='ocrx_word' id='word_1_431' title='bbox 2465 2769 2559 2808; x_wconf 79' lang='lat' dir='ltr'><strong>cas</strong></span> <span class='ocrx_word' id='word_1_432' title='bbox 2632 2754 2722 2833; x_wconf 82' lang='lat' dir='ltr'><strong>qui</strong></span> <span class='ocrx_word' id='word_1_433' title='bbox 2780 2753 2924 2808; x_wconf 92' lang='lat' dir='ltr'><strong>intus</strong></span> <span class='ocrx_word' id='word_1_434' title='bbox 2995 2751 3234 2807; x_wconf 80' lang='lat' dir='ltr'><strong>Ecclesia</strong></span> <span class='ocrx_word' id='word_1_435' title='bbox 3287 2759 3409 2805; x_wconf 87' lang='lat' dir='ltr'><strong>sunt</strong></span> <span class='ocrx_word' id='word_1_436' title='bbox 3456 2749 3524 2807; x_wconf 89' lang='lat' dir='ltr'><strong>de</strong></span> 
     </span>
    </p>
   </div>
   <div class='ocr_carea' id='block_1_58' title="bbox 1919 2844 3525 2923">
    <p class='ocr_par' dir='ltr' id='par_1_58' title="bbox 1919 2844 3525 2923">
     <span class='ocr_line' id='line_1_58' title="bbox 1919 2844 3525 2923; baseline -0.002 -20"><span class='ocrx_word' id='word_1_437' title='bbox 1919 2849 2140 2903; x_wconf 88' lang='lat' dir='ltr'><strong>nomine</strong></span> <span class='ocrx_word' id='word_1_438' title='bbox 2164 2845 2367 2903; x_wconf 87' lang='lat' dir='ltr'><strong>Christi</strong></span> <span class='ocrx_word' id='word_1_439' title='bbox 2401 2848 2576 2921; x_wconf 85' lang='lat' dir='ltr'><strong>loqui,</strong></span> <span class='ocrx_word' id='word_1_440' title='bbox 2612 2846 2755 2901; x_wconf 86' lang='lat' dir='ltr'><strong>aliud</strong></span> <span class='ocrx_word' id='word_1_441' title='bbox 2801 2857 2885 2902; x_wconf 89' lang='lat' dir='ltr'><strong>est</strong></span> <span class='ocrx_word' id='word_1_442' title='bbox 2926 2861 3018 2902; x_wconf 91' lang='lat' dir='ltr'><strong>eos</strong></span> <span class='ocrx_word' id='word_1_443' title='bbox 3068 2848 3157 2923; x_wconf 85' lang='lat' dir='ltr'><strong>qui</strong></span> <span class='ocrx_word' id='word_1_444' title='bbox 3212 2844 3344 2901; x_wconf 86' lang='lat' dir='ltr'><strong>foris</strong></span> <span class='ocrx_word' id='word_1_445' title='bbox 3400 2857 3525 2901; x_wconf 88' lang='lat' dir='ltr'><strong>sunt</strong></span> 
     </span>
    </p>
   </div>
   <div class='ocr_carea' id='block_1_59' title="bbox 1918 2936 3523 2997">
    <p class='ocr_par' dir='ltr' id='par_1_59' title="bbox 1918 2936 3523 2997">
     <span class='ocr_line' id='line_1_59' title="bbox 1918 2936 3523 2997; baseline -0.002 0"><span class='ocrx_word' id='word_1_446' title='bbox 1918 2952 1973 2997; x_wconf 89' lang='lat' dir='ltr'><strong>et</strong></span> <span class='ocrx_word' id='word_1_447' title='bbox 2021 2951 2212 2997; x_wconf 85' lang='lat' dir='ltr'><strong>contra</strong></span> <span class='ocrx_word' id='word_1_448' title='bbox 2275 2940 2575 2996; x_wconf 78' lang='lat' dir='ltr'><strong>Ecclesium</strong></span> <span class='ocrx_word' id='word_1_449' title='bbox 2652 2940 2858 2995; x_wconf 86' lang='lat' dir='ltr'><strong>faciunt</strong></span> <span class='ocrx_word' id='word_1_450' title='bbox 2906 2939 2958 2993; x_wconf 91' lang='lat' dir='ltr'><strong>in</strong></span> <span class='ocrx_word' id='word_1_451' title='bbox 3024 2938 3244 2993; x_wconf 87' lang='lat' dir='ltr'><strong>nomine</strong></span> <span class='ocrx_word' id='word_1_452' title='bbox 3322 2936 3523 2993; x_wconf 88' lang='lat' dir='ltr'><strong>Christi</strong></span> 
     </span>
    </p>
   </div>
   <div class='ocr_carea' id='block_1_60' title="bbox 1919 3029 3518 3109">
    <p class='ocr_par' dir='ltr' id='par_1_60' title="bbox 1919 3029 3518 3109">
     <span class='ocr_line' id='line_1_60' title="bbox 1919 3029 3518 3109; baseline -0.003 -19"><span class='ocrx_word' id='word_1_453' title='bbox 1919 3036 2210 3107; x_wconf 87' lang='lat' dir='ltr'><strong>baptizare.</strong></span> <span class='ocrx_word' id='word_1_454' title='bbox 2252 3036 2429 3109; x_wconf 86' lang='lat' dir='ltr'><strong>Quare</strong></span> <span class='ocrx_word' id='word_1_455' title='bbox 2473 3035 2564 3107; x_wconf 89' lang='lat' dir='ltr'><strong>qui</strong></span> <span class='ocrx_word' id='word_1_456' title='bbox 2618 3033 2884 3089; x_wconf 78' lang='lat' dir='ltr'><strong>lnereticis</strong></span> <span class='ocrx_word' id='word_1_457' title='bbox 2933 3029 3380 3107; x_wconf 69' lang='lat' dir='ltr'><strong>patrocinantnrf</strong></span> <span class='ocrx_word' id='word_1_458' title='bbox 3411 3045 3518 3089; x_wconf 88' lang='lat' dir='ltr'><strong>non</strong></span> 
     </span>
    </p>
   </div>
   <div class='ocr_carea' id='block_1_61' title="bbox 1920 3123 3521 3209">
    <p class='ocr_par' dir='ltr' id='par_1_61' title="bbox 1920 3123 3521 3209">
     <span class='ocr_line' id='line_1_61' title="bbox 1920 3123 3521 3209; baseline -0.002 -27"><span class='ocrx_word' id='word_1_459' title='bbox 1920 3129 1971 3182; x_wconf 90' lang='lat' dir='ltr'><strong>id</strong></span> <span class='ocrx_word' id='word_1_460' title='bbox 2012 3128 2292 3201; x_wconf 82' lang='lat' dir='ltr'><strong>proferant</strong></span> <span class='ocrx_word' id='word_1_461' title='bbox 2334 3128 2472 3209; x_wconf 83' lang='lat' dir='ltr'><strong>quod</strong></span> <span class='ocrx_word' id='word_1_462' title='bbox 2531 3127 2730 3183; x_wconf 83' lang='lat' dir='ltr'><strong>Paulus</strong></span> <span class='ocrx_word' id='word_1_463' title='bbox 2784 3126 2850 3181; x_wconf 88' lang='lat' dir='ltr'><strong>de</strong></span> <span class='ocrx_word' id='word_1_464' title='bbox 2893 3125 3147 3183; x_wconf 83' lang='lat' dir='ltr'><strong>fratribus</strong></span> <span class='ocrx_word' id='word_1_465' title='bbox 3178 3125 3378 3197; x_wconf 83' lang='lat' dir='ltr'><strong>posuit,</strong></span> <span class='ocrx_word' id='word_1_466' title='bbox 3424 3123 3521 3179; x_wconf 88' lang='lat' dir='ltr'><strong>sed</strong></span> 
     </span>
    </p>
   </div>
   <div class='ocr_carea' id='block_1_62' title="bbox 200 3213 3515 3298">
    <p class='ocr_par' dir='ltr' id='par_1_62' title="bbox 200 3213 3515 3298">
     <span class='ocr_line' id='line_1_62' title="bbox 200 3213 3515 3298; baseline -0.002 -21"><span class='ocrx_word' id='word_1_467' title='bbox 200 3224 312 3292; x_wconf 78' lang='lat' dir='ltr'><strong>feci</strong></span> <span class='ocrx_word' id='word_1_468' title='bbox 356 3222 402 3296; x_wconf 83' lang='lat' dir='ltr'><strong>(l</strong></span> <span class='ocrx_word' id='word_1_469' title='bbox 431 3221 567 3277; x_wconf 86' lang='lat' dir='ltr'><strong>Tim.</strong></span> <span class='ocrx_word' id='word_1_470' title='bbox 594 3240 653 3291; x_wconf 88' lang='lat' dir='ltr'><strong>tt,</strong></span> <span class='ocrx_word' id='word_1_471' title='bbox 687 3223 796 3298; x_wconf 79' lang='grc'><strong>15).</strong></span> <span class='ocrx_word' id='word_1_472' title='bbox 861 3226 986 3279; x_wconf 80' lang='lat' dir='ltr'><strong>l’ost</strong></span> <span class='ocrx_word' id='word_1_473' title='bbox 1039 3226 1438 3296; x_wconf 87' lang='lat' dir='ltr'><strong>inspirationem</strong></span> <span class='ocrx_word' id='word_1_474' title='bbox 1470 3242 1596 3280; x_wconf 88' lang='lat' dir='ltr'><strong>vero</strong></span> <span class='ocrx_word' id='word_1_475' title='bbox 1628 3235 1681 3281; x_wconf 91' lang='lat' dir='ltr'><strong>et</strong></span> <span class='ocrx_word' id='word_1_476' title='bbox 1722 3242 1807 3279; x_wconf 81' lang='lat' dir='ltr'><strong>rc-</strong></span> <span class='ocrx_word' id='word_1_477' title='bbox 1837 3231 1882 3295; x_wconf 73' lang='grc' dir='ltr'><strong>ρ</strong></span> <span class='ocrx_word' id='word_1_478' title='bbox 1915 3222 2245 3276; x_wconf 77' lang='lat' dir='ltr'><strong>ostendantts</strong></span> <span class='ocrx_word' id='word_1_479' title='bbox 2270 3222 2313 3275; x_wconf 87' lang='lat' dir='ltr'><strong>si</strong></span> <span class='ocrx_word' id='word_1_480' title='bbox 2333 3219 2584 3274; x_wconf 72' lang='lat' dir='ltr'><strong>ltzerctieo</strong></span> <span class='ocrx_word' id='word_1_481' title='bbox 2607 3219 2803 3293; x_wconf 81' lang='lat' dir='ltr'><strong>aliquid</strong></span> <span class='ocrx_word' id='word_1_482' title='bbox 2822 3213 3515 3287; x_wconf 69' lang='lat' dir='ltr'><strong>C(ttht‘dClltllllllpllliti&#39;lll‘,</strong></span> 
     </span>
    </p>
   </div>
   <div class='ocr_carea' id='block_1_63' title="bbox 200 3317 1807 3393">
    <p class='ocr_par' dir='ltr' id='par_1_63' title="bbox 200 3317 1807 3393">
     <span class='ocr_line' id='line_1_63' title="bbox 200 3317 1807 3393; baseline 0.002 -21"><span class='ocrx_word' id='word_1_483' title='bbox 200 3318 540 3373; x_wconf 82' lang='lat' dir='ltr'><strong>vetationem</strong></span> <span class='ocrx_word' id='word_1_484' title='bbox 578 3317 813 3387; x_wconf 78' lang='lat' dir='ltr'><strong>factam,</strong></span> <span class='ocrx_word' id='word_1_485' title='bbox 868 3321 958 3391; x_wconf 87' lang='lat' dir='ltr'><strong>qui</strong></span> <span class='ocrx_word' id='word_1_486' title='bbox 1004 3318 1054 3374; x_wconf 93' lang='lat' dir='ltr'><strong>in</strong></span> <span class='ocrx_word' id='word_1_487' title='bbox 1083 3336 1147 3375; x_wconf 89' lang='lat' dir='ltr'><strong>eo</strong></span> <span class='ocrx_word' id='word_1_488' title='bbox 1177 3319 1316 3390; x_wconf 88' lang='lat' dir='ltr'><strong>quod</strong></span> <span class='ocrx_word' id='word_1_489' title='bbox 1357 3330 1632 3376; x_wconf 88' lang='lat' dir='ltr'><strong>erraverat</strong></span> <span class='ocrx_word' id='word_1_490' title='bbox 1685 3336 1807 3393; x_wconf 60' lang='lat' dir='ltr'><strong>perv</strong></span> 
     </span>
    </p>
   </div>
   <div class='ocr_carea' id='block_1_64' title="bbox 193 3411 1807 3485">
    <p class='ocr_par' dir='ltr' id='par_1_64' title="bbox 193 3411 1807 3485">
     <span class='ocr_line' id='line_1_64' title="bbox 193 3411 1807 3485; baseline 0.003 -19"><span class='ocrx_word' id='word_1_491' title='bbox 193 3420 423 3466; x_wconf 89' lang='lat' dir='ltr'><strong>severat</strong></span> <span class='ocrx_word' id='word_1_492' title='bbox 464 3411 701 3480; x_wconf 87' lang='lat' dir='ltr'><strong>prudens</strong></span> <span class='ocrx_word' id='word_1_493' title='bbox 727 3424 780 3466; x_wconf 94' lang='lat' dir='ltr'><strong>et</strong></span> <span class='ocrx_word' id='word_1_494' title='bbox 829 3414 1040 3478; x_wconf 88' lang='lat' dir='ltr'><strong>sciens,</strong></span> <span class='ocrx_word' id='word_1_495' title='bbox 1074 3414 1191 3465; x_wconf 91' lang='lat' dir='ltr'><strong>sine</strong></span> <span class='ocrx_word' id='word_1_496' title='bbox 1232 3413 1385 3465; x_wconf 88' lang='lat' dir='ltr'><strong>venia</strong></span> <span class='ocrx_word' id='word_1_497' title='bbox 1419 3424 1442 3450; x_wconf 75' lang='grc' dir='ltr'>ε</span> <span class='ocrx_word' id='word_1_498' title='bbox 1492 3414 1807 3485; x_wconf 75' lang='lat' dir='ltr'><strong>ignorantia:</strong></span> 
     </span>
    </p>
   </div>
   <div class='ocr_carea' id='block_1_65' title="bbox 196 3506 1811 3578">
    <p class='ocr_par' dir='ltr' id='par_1_65' title="bbox 196 3506 1811 3578">
     <span class='ocr_line' id='line_1_65' title="bbox 196 3506 1811 3578; baseline 0.002 -21"><span class='ocrx_word' id='word_1_499' title='bbox 196 3513 418 3576; x_wconf 85' lang='lat' dir='ltr'><strong>peccat.</strong></span> <span class='ocrx_word' id='word_1_500' title='bbox 450 3506 465 3557; x_wconf 85' lang='lat' dir='ltr'><strong>l</strong></span> <span class='ocrx_word' id='word_1_501' title='bbox 494 3507 882 3576; x_wconf 75' lang='lat' dir='ltr'><strong>rzt&#39;sumptioue</strong></span> <span class='ocrx_word' id='word_1_502' title='bbox 914 3506 1059 3562; x_wconf 92' lang='lat' dir='ltr'><strong>enim</strong></span> <span class='ocrx_word' id='word_1_503' title='bbox 1084 3515 1244 3577; x_wconf 89' lang='lat' dir='ltr'><strong>atque</strong></span> <span class='ocrx_word' id='word_1_504' title='bbox 1272 3506 1635 3563; x_wconf 76' lang='lat' dir='ltr'><strong>obstinatione</strong></span> <span class='ocrx_word' id='word_1_505' title='bbox 1680 3524 1811 3578; x_wconf 87' lang='lat' dir='ltr'><strong>qua-</strong></span> 
     </span>
    </p>
   </div>
   <div class='ocr_carea' id='block_1_66' title="bbox 194 3598 1807 3671">
    <p class='ocr_par' dir='ltr' id='par_1_66' title="bbox 194 3598 1807 3671">
     <span class='ocr_line' id='line_1_66' title="bbox 194 3598 1807 3671; baseline 0.002 -18"><span class='ocrx_word' id='word_1_506' title='bbox 194 3598 333 3653; x_wconf 86' lang='lat' dir='ltr'><strong>dam</strong></span> <span class='ocrx_word' id='word_1_507' title='bbox 387 3599 608 3665; x_wconf 92' lang='lat' dir='ltr'><strong>nititur,</strong></span> <span class='ocrx_word' id='word_1_508' title='bbox 665 3616 787 3653; x_wconf 90' lang='lat' dir='ltr'><strong>cutn</strong></span> <span class='ocrx_word' id='word_1_509' title='bbox 847 3602 1057 3655; x_wconf 87' lang='lat' dir='ltr'><strong>ratione</strong></span> <span class='ocrx_word' id='word_1_510' title='bbox 1085 3609 1386 3671; x_wconf 83' lang='lat' dir='ltr'><strong>superetur.</strong></span> <span class='ocrx_word' id='word_1_511' title='bbox 1430 3599 1807 3671; x_wconf 69' lang='lat' dir='ltr'><strong>Neequisq-tm</strong></span> 
     </span>
    </p>
   </div>
   <div class='ocr_carea' id='block_1_67' title="bbox 193 3692 1804 3765">
    <p class='ocr_par' dir='ltr' id='par_1_67' title="bbox 193 3692 1804 3765">
     <span class='ocr_line' id='line_1_67' title="bbox 193 3692 1804 3765; baseline -0.002 -17"><span class='ocrx_word' id='word_1_512' title='bbox 193 3693 383 3759; x_wconf 87' lang='lat' dir='ltr'><strong>dicat,</strong></span> <span class='ocrx_word' id='word_1_513' title='bbox 414 3693 556 3762; x_wconf 87' lang='lat' dir='ltr'><strong>quod</strong></span> <span class='ocrx_word' id='word_1_514' title='bbox 589 3693 899 3764; x_wconf 79' lang='lat' dir='ltr'><strong>accepimus</strong></span> <span class='ocrx_word' id='word_1_515' title='bbox 928 3692 997 3746; x_wconf 88' lang='lat' dir='ltr'><strong>ab</strong></span> <span class='ocrx_word' id='word_1_516' title='bbox 1023 3692 1298 3763; x_wconf 80' lang='lat' dir='ltr'><strong>Apostolis</strong></span> <span class='ocrx_word' id='word_1_517' title='bbox 1336 3694 1437 3747; x_wconf 88' lang='lat' dir='ltr'><strong>hoc</strong></span> <span class='ocrx_word' id='word_1_518' title='bbox 1492 3694 1804 3765; x_wconf 81' lang='lat' dir='ltr'><strong>sequimur,</strong></span> 
     </span>
    </p>
   </div>
   <div class='ocr_carea' id='block_1_68' title="bbox 192 3783 1811 3856">
    <p class='ocr_par' dir='ltr' id='par_1_68' title="bbox 192 3783 1811 3856">
     <span class='ocr_line' id='line_1_68' title="bbox 192 3783 1811 3856; baseline 0 -18"><span class='ocrx_word' id='word_1_519' title='bbox 192 3783 424 3856; x_wconf 87' lang='lat' dir='ltr'><strong>quando</strong></span> <span class='ocrx_word' id='word_1_520' title='bbox 449 3785 693 3854; x_wconf 81' lang='lat' dir='ltr'><strong>Apostoli</strong></span> <span class='ocrx_word' id='word_1_521' title='bbox 718 3800 823 3839; x_wconf 91' lang='lat' dir='ltr'><strong>non</strong></span> <span class='ocrx_word' id='word_1_522' title='bbox 847 3784 947 3839; x_wconf 87' lang='lat' dir='ltr'><strong>nisi</strong></span> <span class='ocrx_word' id='word_1_523' title='bbox 970 3801 1129 3838; x_wconf 89' lang='lat' dir='ltr'><strong>ttnam</strong></span> <span class='ocrx_word' id='word_1_524' title='bbox 1156 3785 1811 3845; x_wconf 80' lang='lat' dir='ltr'><strong>Ecclesiumtradiderunt</strong></span> 
     </span>
    </p>
   </div>
   <div class='ocr_carea' id='block_1_69' title="bbox 188 3874 1809 3948">
    <p class='ocr_par' dir='ltr' id='par_1_69' title="bbox 188 3874 1809 3948">
     <span class='ocr_line' id='line_1_69' title="bbox 188 3874 1809 3948; baseline -0.001 -15"><span class='ocrx_word' id='word_1_525' title='bbox 188 3887 255 3933; x_wconf 82' lang='lat' dir='ltr'><strong>et</strong></span> <span class='ocrx_word' id='word_1_526' title='bbox 287 3877 563 3948; x_wconf 88' lang='lat' dir='ltr'><strong>Baptisma</strong></span> <span class='ocrx_word' id='word_1_527' title='bbox 594 3893 758 3931; x_wconf 90' lang='lat' dir='ltr'><strong>unum</strong></span> <span class='ocrx_word' id='word_1_528' title='bbox 781 3917 796 3942; x_wconf 92' lang='lat'><strong>,</strong></span> <span class='ocrx_word' id='word_1_529' title='bbox 831 3875 976 3948; x_wconf 90' lang='lat' dir='ltr'><strong>quod</strong></span> <span class='ocrx_word' id='word_1_530' title='bbox 1007 3892 1110 3931; x_wconf 89' lang='lat' dir='ltr'><strong>non</strong></span> <span class='ocrx_word' id='word_1_531' title='bbox 1142 3874 1240 3930; x_wconf 80' lang='lat' dir='ltr'><strong>nisi</strong></span> <span class='ocrx_word' id='word_1_532' title='bbox 1267 3878 1317 3930; x_wconf 89' lang='lat' dir='ltr'><strong>in</strong></span> <span class='ocrx_word' id='word_1_533' title='bbox 1347 3875 1535 3930; x_wconf 71' lang='lat' dir='ltr'><strong>eadem</strong></span> <span class='ocrx_word' id='word_1_534' title='bbox 1566 3875 1809 3931; x_wconf 68' lang='lat' dir='ltr'><strong>Ecclesia</strong></span> 
     </span>
    </p>
   </div>
   <div class='ocr_carea' id='block_1_70' title="bbox 1918 3312 3519 3384">
    <p class='ocr_par' dir='ltr' id='par_1_70' title="bbox 1918 3312 3519 3384">
     <span class='ocr_line' id='line_1_70' title="bbox 1918 3312 3519 3384; baseline -0.006 -16"><span class='ocrx_word' id='word_1_535' title='bbox 1918 3324 2012 3369; x_wconf 91' lang='lat' dir='ltr'><strong>aut</strong></span> <span class='ocrx_word' id='word_1_536' title='bbox 2052 3316 2095 3369; x_wconf 88' lang='lat' dir='ltr'><strong>si</strong></span> <span class='ocrx_word' id='word_1_537' title='bbox 2126 3315 2284 3369; x_wconf 73' lang='lat' dir='ltr'><strong>ﬁdem</strong></span> <span class='ocrx_word' id='word_1_538' title='bbox 2309 3324 2361 3369; x_wconf 88' lang='lat' dir='ltr'><strong>et</strong></span> <span class='ocrx_word' id='word_1_539' title='bbox 2392 3312 2667 3384; x_wconf 72' lang='lat' dir='ltr'><strong>Bapti~ma</strong></span> <span class='ocrx_word' id='word_1_540' title='bbox 2691 3327 2880 3366; x_wconf 85' lang='lat' dir='ltr'><strong>eorum</strong></span> <span class='ocrx_word' id='word_1_541' title='bbox 2914 3312 3184 3380; x_wconf 72' lang='lat' dir='ltr'><strong>probavit,</strong></span> <span class='ocrx_word' id='word_1_542' title='bbox 3212 3318 3303 3371; x_wconf 75' lang='lat' dir='ltr'><strong>aut</strong></span> <span class='ocrx_word' id='word_1_543' title='bbox 3325 3312 3366 3367; x_wconf 83' lang='lat' dir='ltr'><strong>si</strong></span> <span class='ocrx_word' id='word_1_544' title='bbox 3396 3327 3519 3379; x_wconf 83' lang='lat' dir='ltr'><strong>pcr-</strong></span> 
     </span>
    </p>
   </div>
   <div class='ocr_carea' id='block_1_71' title="bbox 1922 3405 3519 3478">
    <p class='ocr_par' dir='ltr' id='par_1_71' title="bbox 1922 3405 3519 3478">
     <span class='ocr_line' id='line_1_71' title="bbox 1922 3405 3519 3478; baseline -0.005 -15"><span class='ocrx_word' id='word_1_545' title='bbox 1922 3408 2061 3464; x_wconf 83' lang='lat' dir='ltr'><strong>ﬁdos</strong></span> <span class='ocrx_word' id='word_1_546' title='bbox 2088 3418 2141 3463; x_wconf 90' lang='lat' dir='ltr'><strong>et</strong></span> <span class='ocrx_word' id='word_1_547' title='bbox 2166 3408 2509 3478; x_wconf 82' lang='lat' dir='ltr'><strong>blasphetnos</strong></span> <span class='ocrx_word' id='word_1_548' title='bbox 2537 3405 2910 3461; x_wconf 69' lang='lat' dir='ltr'><strong>remissionem</strong></span> <span class='ocrx_word' id='word_1_549' title='bbox 2935 3417 3278 3476; x_wconf 81' lang='lat' dir='ltr'><strong>peceatnrum</strong></span> <span class='ocrx_word' id='word_1_550' title='bbox 3302 3407 3519 3473; x_wconf 83' lang='lat' dir='ltr'><strong>accipe-</strong></span> 
     </span>
    </p>
   </div>
   <div class='ocr_carea' id='block_1_72' title="bbox 1914 3498 3066 3569">
    <p class='ocr_par' dir='ltr' id='par_1_72' title="bbox 1914 3498 3066 3569">
     <span class='ocr_line' id='line_1_72' title="bbox 1914 3498 3066 3569; baseline -0.004 -13"><span class='ocrx_word' id='word_1_551' title='bbox 1914 3517 1976 3556; x_wconf 88' lang='lat' dir='ltr'><strong>re</strong></span> <span class='ocrx_word' id='word_1_552' title='bbox 2005 3510 2157 3556; x_wconf 82' lang='lat' dir='ltr'><strong>extra</strong></span> <span class='ocrx_word' id='word_1_553' title='bbox 2198 3498 2210 3537; x_wconf 76' lang='grc' dir='ltr'><strong>ί</strong></span> <span class='ocrx_word' id='word_1_554' title='bbox 2251 3499 2545 3555; x_wconf 81' lang='lat' dir='ltr'><strong>Ecclesium</strong></span> <span class='ocrx_word' id='word_1_555' title='bbox 2580 3513 2737 3569; x_wconf 87' lang='lat' dir='ltr'><strong>posse</strong></span> <span class='ocrx_word' id='word_1_556' title='bbox 2764 3498 3066 3552; x_wconf 84' lang='lat' dir='ltr'><strong>constituit.</strong></span> 
     </span>
    </p>
   </div>
   <div class='ocr_carea' id='block_1_73' title="bbox 1987 3593 3515 3669">
    <p class='ocr_par' dir='ltr' id='par_1_73' title="bbox 1987 3593 3515 3669">
     <span class='ocr_line' id='line_1_73' title="bbox 1987 3593 3515 3669; baseline -0.004 -16"><span class='ocrx_word' id='word_1_557' title='bbox 1987 3597 2105 3653; x_wconf 79' lang='lat' dir='ltr'><strong>XV.</strong></span> <span class='ocrx_word' id='word_1_558' title='bbox 2138 3598 2192 3655; x_wconf 90' lang='lat' dir='ltr'><strong>Si</strong></span> <span class='ocrx_word' id='word_1_559' title='bbox 2224 3608 2400 3651; x_wconf 85' lang='lat' dir='ltr'><strong>autem</strong></span> <span class='ocrx_word' id='word_1_560' title='bbox 2432 3596 2555 3668; x_wconf 90' lang='lat' dir='ltr'><strong>quid</strong></span> <span class='ocrx_word' id='word_1_561' title='bbox 2581 3594 2821 3669; x_wconf 81' lang='lat' dir='ltr'><strong>Apestoli</strong></span> <span class='ocrx_word' id='word_1_562' title='bbox 2850 3595 2915 3649; x_wconf 93' lang='lat' dir='ltr'><strong>de</strong></span> <span class='ocrx_word' id='word_1_563' title='bbox 2945 3593 3213 3649; x_wconf 70' lang='lat' dir='ltr'><strong>ha-reticis</strong></span> <span class='ocrx_word' id='word_1_564' title='bbox 3241 3594 3515 3650; x_wconf 88' lang='lat' dir='ltr'><strong>senserint</strong></span> 
     </span>
    </p>
   </div>
   <div class='ocr_carea' id='block_1_74' title="bbox 1914 3688 3502 3757">
    <p class='ocr_par' dir='ltr' id='par_1_74' title="bbox 1914 3688 3502 3757">
     <span class='ocr_line' id='line_1_74' title="bbox 1914 3688 3502 3757; baseline -0.003 -9"><span class='ocrx_word' id='word_1_565' title='bbox 1914 3691 2340 3757; x_wconf 78' lang='lat' dir='ltr'><strong>consideremus,</strong></span> <span class='ocrx_word' id='word_1_566' title='bbox 2370 3689 2707 3749; x_wconf 79' lang='lat' dir='ltr'><strong>inveniemus</strong></span> <span class='ocrx_word' id='word_1_567' title='bbox 2738 3704 2831 3744; x_wconf 87' lang='lat' dir='ltr'><strong>eos</strong></span> <span class='ocrx_word' id='word_1_568' title='bbox 2885 3688 2933 3743; x_wconf 95' lang='lat' dir='ltr'><strong>in</strong></span> <span class='ocrx_word' id='word_1_569' title='bbox 2985 3688 3232 3743; x_wconf 90' lang='lat' dir='ltr'><strong>omnibus</strong></span> <span class='ocrx_word' id='word_1_570' title='bbox 3260 3688 3502 3757; x_wconf 79' lang='lat' dir='ltr'><strong>epistolis</strong></span> 
     </span>
    </p>
   </div>
   <div class='ocr_carea' id='block_1_75' title="bbox 1916 3780 3504 3850">
    <p class='ocr_par' dir='ltr' id='par_1_75' title="bbox 1916 3780 3504 3850">
     <span class='ocr_line' id='line_1_75' title="bbox 1916 3780 3504 3850; baseline -0.004 -8"><span class='ocrx_word' id='word_1_571' title='bbox 1916 3788 2032 3842; x_wconf 90' lang='lat' dir='ltr'><strong>suis</strong></span> <span class='ocrx_word' id='word_1_572' title='bbox 2069 3788 2313 3841; x_wconf 82' lang='lat' dir='ltr'><strong>execrari</strong></span> <span class='ocrx_word' id='word_1_573' title='bbox 2361 3794 2415 3838; x_wconf 86' lang='lat' dir='ltr'><strong>et</strong></span> <span class='ocrx_word' id='word_1_574' title='bbox 2454 3784 2709 3839; x_wconf 89' lang='lat' dir='ltr'><strong>detestari</strong></span> <span class='ocrx_word' id='word_1_575' title='bbox 2764 3783 3136 3837; x_wconf 73' lang='lat' dir='ltr'><strong>ltu&#39;t‘elicorttttl</strong></span> <span class='ocrx_word' id='word_1_576' title='bbox 3185 3780 3504 3850; x_wconf 69' lang='lat' dir='ltr'><strong>Sacrilegum</strong></span> 
     </span>
    </p>
   </div>
   <div class='ocr_carea' id='block_1_76' title="bbox 1918 3874 3515 3950">
    <p class='ocr_par' dir='ltr' id='par_1_76' title="bbox 1918 3874 3515 3950">
     <span class='ocr_line' id='line_1_76' title="bbox 1918 3874 3515 3950; baseline -0.003 -18"><span class='ocrx_word' id='word_1_577' title='bbox 1918 3879 2256 3950; x_wconf 78' lang='lat' dir='ltr'><strong>pravitatem.</strong></span> <span class='ocrx_word' id='word_1_578' title='bbox 2308 3874 2439 3930; x_wconf 85' lang='lat' dir='ltr'><strong>Nam</strong></span> <span class='ocrx_word' id='word_1_579' title='bbox 2470 3890 2591 3929; x_wconf 89' lang='lat' dir='ltr'><strong>cum</strong></span> <span class='ocrx_word' id='word_1_580' title='bbox 2639 3876 2817 3935; x_wconf 82' lang='lat' dir='ltr'><strong>dicunt</strong></span> <span class='ocrx_word' id='word_1_581' title='bbox 2872 3890 3177 3929; x_wconf 85' lang='lat' dir='ltr'><strong>sermonem</strong></span> <span class='ocrx_word' id='word_1_582' title='bbox 3225 3889 3409 3931; x_wconf 85' lang='lat' dir='ltr'><strong>eorum</strong></span> <span class='ocrx_word' id='word_1_583' title='bbox 3457 3882 3515 3931; x_wconf 88' lang='lat' dir='ltr'><strong>ut</strong></span> 
     </span>
    </p>
   </div>
   <div class='ocr_carea' id='block_1_77' title="bbox 1450 3992 2288 4052">
    <p class='ocr_par' dir='ltr' id='par_1_77' title="bbox 1450 3992 2288 4052">
     <span class='ocr_line' id='line_1_77' title="bbox 1450 3992 2288 4052; baseline 0.002 -5"><span class='ocrx_word' id='word_1_584' title='bbox 1450 3992 1831 4051; x_wconf 76' lang='lat' dir='ltr'><strong>LECTIUNES</strong></span> <span class='ocrx_word' id='word_1_585' title='bbox 1870 3994 2288 4052; x_wconf 75' lang='lat' dir='ltr'><strong>VARIANTES.</strong></span> 
     </span>
    </p>
   </div>
   <div class='ocr_carea' id='block_1_78' title="bbox 266 4106 1803 4169">
    <p class='ocr_par' dir='ltr' id='par_1_78' title="bbox 266 4106 1803 4169">
     <span class='ocr_line' id='line_1_78' title="bbox 266 4106 1803 4169; baseline 0 -11"><span class='ocrx_word' id='word_1_586' title='bbox 266 4111 294 4139; x_wconf 76' lang='grc'><strong>⁸</strong></span> <span class='ocrx_word' id='word_1_587' title='bbox 322 4106 384 4158; x_wconf 79' lang='lat' dir='ltr'><strong>Et</strong></span> <span class='ocrx_word' id='word_1_588' title='bbox 402 4108 729 4159; x_wconf 85' lang='lat' dir='ltr'><strong>sanettticatns</strong></span> <span class='ocrx_word' id='word_1_589' title='bbox 749 4115 845 4169; x_wconf 86' lang='lat' dir='ltr'><strong>est,</strong></span> <span class='ocrx_word' id='word_1_590' title='bbox 872 4110 909 4158; x_wconf 86' lang='lat' dir='ltr'><strong>si</strong></span> <span class='ocrx_word' id='word_1_591' title='bbox 936 4109 1259 4157; x_wconf 84' lang='lat' dir='ltr'><strong>sanetiticatus</strong></span> <span class='ocrx_word' id='word_1_592' title='bbox 1284 4114 1361 4158; x_wconf 88' lang='lat' dir='ltr'><strong>est</strong></span> <span class='ocrx_word' id='word_1_593' title='bbox 1385 4106 1511 4157; x_wconf 81' lang='lat' dir='ltr'><strong>Bod.</strong></span> <span class='ocrx_word' id='word_1_594' title='bbox 1544 4108 1587 4167; x_wconf 87' lang='grc'><strong>1,</strong></span> <span class='ocrx_word' id='word_1_595' title='bbox 1615 4108 1664 4159; x_wconf 79' lang='lat'><strong>2.</strong></span> <span class='ocrx_word' id='word_1_596' title='bbox 1696 4108 1803 4158; x_wconf 86' lang='lat' dir='ltr'><strong>Litt.</strong></span> 
     </span>
    </p>
   </div>
   <div class='ocr_carea' id='block_1_79' title="bbox 190 4170 1352 4231">
    <p class='ocr_par' dir='ltr' id='par_1_79' title="bbox 190 4170 1352 4231">
     <span class='ocr_line' id='line_1_79' title="bbox 190 4170 1352 4231; baseline -0.006 -7"><span class='ocrx_word' id='word_1_597' title='bbox 190 4171 351 4224; x_wconf 82' lang='lat' dir='ltr'><strong>Ebor.</strong></span> <span class='ocrx_word' id='word_1_598' title='bbox 379 4171 485 4221; x_wconf 75' lang='grc' dir='ltr'><strong>ΝΟ.</strong></span> <span class='ocrx_word' id='word_1_599' title='bbox 515 4172 559 4231; x_wconf 88' lang='grc'><strong>1,</strong></span> <span class='ocrx_word' id='word_1_600' title='bbox 589 4175 634 4222; x_wconf 71' lang='grc'>2.</span> <span class='ocrx_word' id='word_1_601' title='bbox 661 4172 721 4222; x_wconf 79' lang='lat' dir='ltr'><strong>Et</strong></span> <span class='ocrx_word' id='word_1_602' title='bbox 743 4170 1068 4221; x_wconf 85' lang='lat' dir='ltr'><strong>sanctificatus</strong></span> <span class='ocrx_word' id='word_1_603' title='bbox 1092 4177 1170 4218; x_wconf 77' lang='lat' dir='ltr'><strong>est</strong></span> <span class='ocrx_word' id='word_1_604' title='bbox 1195 4172 1352 4221; x_wconf 67' lang='lat' dir='ltr'><strong>Oxon.</strong></span> 
     </span>
    </p>
   </div>
   <div class='ocr_carea' id='block_1_80' title="bbox 262 4231 1726 4294">
    <p class='ocr_par' dir='ltr' id='par_1_80' title="bbox 262 4231 1726 4294">
     <span class='ocr_line' id='line_1_80' title="bbox 262 4231 1726 4294; baseline -0.002 -11"><span class='ocrx_word' id='word_1_605' title='bbox 262 4231 296 4272; x_wconf 74' lang='grc' dir='ltr'><strong>ι)</strong></span> <span class='ocrx_word' id='word_1_606' title='bbox 335 4234 522 4283; x_wconf 84' lang='lat' dir='ltr'><strong>Beatus</strong></span> <span class='ocrx_word' id='word_1_607' title='bbox 542 4234 806 4294; x_wconf 74' lang='lat' dir='ltr'><strong>Apostolus</strong></span> <span class='ocrx_word' id='word_1_608' title='bbox 832 4236 962 4283; x_wconf 56' lang='lat' dir='ltr'><strong>ert.</strong></span> <span class='ocrx_word' id='word_1_609' title='bbox 990 4231 1117 4282; x_wconf 84' lang='lat' dir='ltr'><strong>Bod.</strong></span> <span class='ocrx_word' id='word_1_610' title='bbox 1148 4233 1189 4291; x_wconf 84' lang='lat' dir='ltr'><strong>l,</strong></span> <span class='ocrx_word' id='word_1_611' title='bbox 1220 4234 1267 4281; x_wconf 77' lang='lat'><strong>2.</strong></span> <span class='ocrx_word' id='word_1_612' title='bbox 1295 4232 1440 4282; x_wconf 79' lang='lat' dir='ltr'><strong>Elter.</strong></span> <span class='ocrx_word' id='word_1_613' title='bbox 1470 4232 1579 4283; x_wconf 77' lang='grc' dir='ltr'><strong>ΝΟ.</strong></span> <span class='ocrx_word' id='word_1_614' title='bbox 1608 4234 1654 4293; x_wconf 83' lang='grc'><strong>1,</strong></span> <span class='ocrx_word' id='word_1_615' title='bbox 1681 4234 1726 4283; x_wconf 73' lang='lat'><strong>2.</strong></span> 
     </span>
    </p>
   </div>
   <div class='ocr_carea' id='block_1_81' title="bbox 265 4295 933 4349">
    <p class='ocr_par' dir='ltr' id='par_1_81' title="bbox 265 4295 933 4349">
     <span class='ocr_line' id='line_1_81' title="bbox 265 4295 933 4349; baseline 0 -3"><span class='ocrx_word' id='word_1_616' title='bbox 265 4300 291 4330; x_wconf 68' lang='grc'>⁸</span> <span class='ocrx_word' id='word_1_617' title='bbox 330 4296 438 4346; x_wconf 76' lang='lat' dir='ltr'><strong>Jatn</strong></span> <span class='ocrx_word' id='word_1_618' title='bbox 463 4311 560 4349; x_wconf 86' lang='lat' dir='ltr'><strong>non</strong></span> <span class='ocrx_word' id='word_1_619' title='bbox 585 4299 633 4347; x_wconf 90' lang='lat' dir='ltr'><strong>in</strong></span> <span class='ocrx_word' id='word_1_620' title='bbox 664 4300 805 4346; x_wconf 82' lang='lat' dir='ltr'><strong>venia</strong></span> <span class='ocrx_word' id='word_1_621' title='bbox 827 4295 933 4346; x_wconf 87' lang='lat' dir='ltr'><strong>Litt.</strong></span> 
     </span>
    </p>
   </div>
   <div class='ocr_carea' id='block_1_82' title="bbox 264 4357 1200 4423">
    <p class='ocr_par' dir='ltr' id='par_1_82' title="bbox 264 4357 1200 4423">
     <span class='ocr_line' id='line_1_82' title="bbox 264 4357 1200 4423; baseline -0.002 -14"><span class='ocrx_word' id='word_1_622' title='bbox 264 4360 295 4400; x_wconf 75' lang='grc' dir='ltr'>ἆ</span> <span class='ocrx_word' id='word_1_623' title='bbox 335 4359 514 4423; x_wconf 78' lang='lat' dir='ltr'><strong>Dicunt.</strong></span> <span class='ocrx_word' id='word_1_624' title='bbox 535 4359 661 4422; x_wconf 88' lang='lat' dir='ltr'><strong>quod</strong></span> <span class='ocrx_word' id='word_1_625' title='bbox 687 4362 822 4423; x_wconf 82' lang='lat' dir='ltr'><strong>quasi</strong></span> <span class='ocrx_word' id='word_1_626' title='bbox 850 4358 991 4423; x_wconf 63' lang='grc' dir='ltr'><strong>Εὔαν.</strong></span> <span class='ocrx_word' id='word_1_627' title='bbox 1022 4357 1128 4409; x_wconf 87' lang='lat' dir='ltr'><strong>NC.</strong></span> <span class='ocrx_word' id='word_1_628' title='bbox 1158 4359 1200 4409; x_wconf 92' lang='grc'><strong>1.</strong></span> 
     </span>
    </p>
   </div>
   <div class='ocr_carea' id='block_1_83' title="bbox 269 4419 1002 4472">
    <p class='ocr_par' dir='ltr' id='par_1_83' title="bbox 269 4419 1002 4472">
     <span class='ocr_line' id='line_1_83' title="bbox 269 4419 1002 4472; baseline -0.004 0"><span class='ocrx_word' id='word_1_629' title='bbox 269 4428 295 4455; x_wconf 76' lang='grc' dir='ltr'>ε</span> <span class='ocrx_word' id='word_1_630' title='bbox 338 4419 872 4472; x_wconf 67' lang='grc' dir='ltr'><strong>Ιηνὶᾱίωὶιίεςρόςίοηθ</strong></span> <span class='ocrx_word' id='word_1_631' title='bbox 900 4419 1002 4470; x_wconf 86' lang='lat' dir='ltr'><strong>Litt.</strong></span> 
     </span>
    </p>
   </div>
   <div class='ocr_carea' id='block_1_84' title="bbox 1974 4107 3510 4172">
    <p class='ocr_par' dir='ltr' id='par_1_84' title="bbox 1974 4107 3510 4172">
     <span class='ocr_line' id='line_1_84' title="bbox 1974 4107 3510 4172; baseline 0.002 -13"><span class='ocrx_word' id='word_1_632' title='bbox 1974 4107 1996 4144; x_wconf 71' lang='grc' dir='ltr'><em>τ</em></span> <span class='ocrx_word' id='word_1_633' title='bbox 2033 4110 2393 4172; x_wconf 81' lang='lat' dir='ltr'><strong>Patrocinatur,</strong></span> <span class='ocrx_word' id='word_1_634' title='bbox 2430 4120 2530 4158; x_wconf 84' lang='lat' dir='ltr'><strong>non</strong></span> <span class='ocrx_word' id='word_1_635' title='bbox 2566 4109 2613 4158; x_wconf 82' lang='lat' dir='ltr'><strong>id</strong></span> <span class='ocrx_word' id='word_1_636' title='bbox 2635 4107 2851 4172; x_wconf 82' lang='lat' dir='ltr'><strong>proferat</strong></span> <span class='ocrx_word' id='word_1_637' title='bbox 2877 4110 3009 4159; x_wconf 82' lang='lat' dir='ltr'><strong>Lam.</strong></span> <span class='ocrx_word' id='word_1_638' title='bbox 3058 4109 3185 4160; x_wconf 84' lang='lat' dir='ltr'><strong>Bod.</strong></span> <span class='ocrx_word' id='word_1_639' title='bbox 3214 4111 3261 4167; x_wconf 81' lang='grc'><strong>1,</strong></span> <span class='ocrx_word' id='word_1_640' title='bbox 3286 4112 3331 4160; x_wconf 78' lang='grc'>2.</span> <span class='ocrx_word' id='word_1_641' title='bbox 3362 4110 3510 4162; x_wconf 80' lang='lat' dir='ltr'><strong>Elter.</strong></span> 
     </span>
    </p>
   </div>
   <div class='ocr_carea' id='block_1_85' title="bbox 1912 4170 3537 4295">
    <p class='ocr_par' dir='ltr' id='par_1_85' title="bbox 1912 4170 3537 4295">
     <span class='ocr_line' id='line_1_85' title="bbox 1912 4170 2649 4230; baseline -0.004 -8"><span class='ocrx_word' id='word_1_642' title='bbox 1912 4172 2020 4224; x_wconf 83' lang='lat' dir='ltr'><strong>CN.</strong></span> <span class='ocrx_word' id='word_1_643' title='bbox 2050 4174 2093 4230; x_wconf 88' lang='grc'><strong>1.</strong></span> <span class='ocrx_word' id='word_1_644' title='bbox 2123 4176 2169 4224; x_wconf 69' lang='grc'><strong>2.</strong></span> <span class='ocrx_word' id='word_1_645' title='bbox 2204 4170 2329 4223; x_wconf 82' lang='lat' dir='ltr'><strong>Thu.</strong></span> <span class='ocrx_word' id='word_1_646' title='bbox 2638 4170 2649 4172; x_wconf 75' lang='grc'><strong><em>“</em></strong></span> 
     </span>
     <span class='ocr_line' id='line_1_86' title="bbox 1975 4233 3537 4295; baseline 0.003 -11"><span class='ocrx_word' id='word_1_647' title='bbox 1975 4237 2002 4275; x_wconf 70' lang='grc' dir='ltr'>ε</span> <span class='ocrx_word' id='word_1_648' title='bbox 2038 4236 2278 4285; x_wconf 74' lang='lat' dir='ltr'><strong>Ostendat</strong></span> <span class='ocrx_word' id='word_1_649' title='bbox 2302 4236 2437 4283; x_wconf 88' lang='lat' dir='ltr'><strong>Lam.</strong></span> <span class='ocrx_word' id='word_1_650' title='bbox 2468 4233 2595 4285; x_wconf 86' lang='lat' dir='ltr'><strong>Bod.</strong></span> <span class='ocrx_word' id='word_1_651' title='bbox 2624 4235 2670 4295; x_wconf 91' lang='grc'><strong>1,</strong></span> <span class='ocrx_word' id='word_1_652' title='bbox 2698 4237 2730 4289; x_wconf 74' lang='lat'><strong>2</strong></span> <span class='ocrx_word' id='word_1_653' title='bbox 2771 4234 2916 4286; x_wconf 83' lang='lat' dir='ltr'><strong>Ebor.</strong></span> <span class='ocrx_word' id='word_1_654' title='bbox 2947 4235 3054 4286; x_wconf 80' lang='grc' dir='ltr'><strong>ΝΟ.</strong></span> <span class='ocrx_word' id='word_1_655' title='bbox 3083 4237 3130 4295; x_wconf 82' lang='grc'><strong>1,</strong></span> <span class='ocrx_word' id='word_1_656' title='bbox 3159 4240 3207 4285; x_wconf 67' lang='grc'><strong>2.</strong></span> <span class='ocrx_word' id='word_1_657' title='bbox 3240 4234 3365 4287; x_wconf 80' lang='lat' dir='ltr'><strong>Tim.</strong></span> <span class='ocrx_word' id='word_1_658' title='bbox 3522 4270 3537 4288; x_wconf 81' lang='lat'><strong>.</strong></span> 
     </span>
    </p>
   </div>
   <div class='ocr_carea' id='block_1_86' title="bbox 1970 4295 3516 4363">
    <p class='ocr_par' dir='ltr' id='par_1_86' title="bbox 1970 4295 3516 4363">
     <span class='ocr_line' id='line_1_87' title="bbox 1970 4295 3516 4363; baseline 0.004 -17"><span class='ocrx_word' id='word_1_659' title='bbox 1970 4295 2003 4339; x_wconf 83' lang='lat' dir='ltr'><strong>h</strong></span> <span class='ocrx_word' id='word_1_660' title='bbox 2038 4298 2249 4363; x_wconf 65' lang='lat' dir='ltr'><strong>Putavit,</strong></span> <span class='ocrx_word' id='word_1_661' title='bbox 2272 4308 2356 4347; x_wconf 88' lang='lat' dir='ltr'><strong>aut</strong></span> <span class='ocrx_word' id='word_1_662' title='bbox 2378 4300 2420 4363; x_wconf 76' lang='lat' dir='ltr'><strong>si</strong></span> <span class='ocrx_word' id='word_1_663' title='bbox 2444 4297 2663 4363; x_wconf 26' lang='lat' dir='ltr'><strong>tidemuet</strong></span> <span class='ocrx_word' id='word_1_664' title='bbox 2687 4300 2925 4359; x_wconf 84' lang='lat' dir='ltr'><strong>baptisma</strong></span> <span class='ocrx_word' id='word_1_665' title='bbox 2943 4312 3112 4348; x_wconf 82' lang='lat' dir='ltr'><strong>eorum</strong></span> <span class='ocrx_word' id='word_1_666' title='bbox 3132 4300 3350 4363; x_wconf 83' lang='lat' dir='ltr'><strong>probavit</strong></span> <span class='ocrx_word' id='word_1_667' title='bbox 3378 4301 3516 4352; x_wconf 86' lang='lat' dir='ltr'><strong>Lam.</strong></span> 
     </span>
    </p>
   </div>
   <div class='ocr_carea' id='block_1_87' title="bbox 1914 4359 2775 4422">
    <p class='ocr_par' dir='ltr' id='par_1_87' title="bbox 1914 4359 2775 4422">
     <span class='ocr_line' id='line_1_88' title="bbox 1914 4359 2775 4422; baseline 0 -13"><span class='ocrx_word' id='word_1_668' title='bbox 1914 4359 2019 4411; x_wconf 77' lang='lat' dir='ltr'><strong>Lm.</strong></span> <span class='ocrx_word' id='word_1_669' title='bbox 2046 4359 2171 4411; x_wconf 86' lang='lat' dir='ltr'><strong>Bud.</strong></span> <span class='ocrx_word' id='word_1_670' title='bbox 2202 4362 2245 4417; x_wconf 83' lang='lat' dir='ltr'><strong>t.</strong></span> <span class='ocrx_word' id='word_1_671' title='bbox 2277 4363 2319 4415; x_wconf 75' lang='lat'><strong>2.</strong></span> <span class='ocrx_word' id='word_1_672' title='bbox 2353 4359 2493 4412; x_wconf 85' lang='lat' dir='ltr'><strong>Ebor.</strong></span> <span class='ocrx_word' id='word_1_673' title='bbox 2525 4360 2631 4413; x_wconf 77' lang='lat' dir='ltr'><strong>NG.</strong></span> <span class='ocrx_word' id='word_1_674' title='bbox 2664 4363 2775 4422; x_wconf 75' lang='lat'><strong>1,2.</strong></span> 
     </span>
    </p>
   </div>
   <div class='ocr_carea' id='block_1_88' title="bbox 1977 4422 3097 4487">
    <p class='ocr_par' dir='ltr' id='par_1_88' title="bbox 1977 4422 3097 4487">
     <span class='ocr_line' id='line_1_89' title="bbox 1977 4422 3097 4487; baseline 0.002 -16"><span class='ocrx_word' id='word_1_675' title='bbox 1977 4423 1991 4461; x_wconf 88' lang='grc' dir='ltr'><strong>ί</strong></span> <span class='ocrx_word' id='word_1_676' title='bbox 2032 4424 2276 4487; x_wconf 78' lang='lat' dir='ltr'><strong>Accipere</strong></span> <span class='ocrx_word' id='word_1_677' title='bbox 2302 4431 2467 4473; x_wconf 87' lang='lat' dir='ltr'><strong>contra</strong></span> <span class='ocrx_word' id='word_1_678' title='bbox 2485 4422 2753 4473; x_wconf 76' lang='lat' dir='ltr'><strong>Ecclesium</strong></span> <span class='ocrx_word' id='word_1_679' title='bbox 2782 4423 2891 4475; x_wconf 68' lang='grc' dir='ltr'><strong>ΝΟ.</strong></span> <span class='ocrx_word' id='word_1_680' title='bbox 2923 4425 2965 4473; x_wconf 83' lang='grc'><strong>1.</strong></span> <span class='ocrx_word' id='word_1_681' title='bbox 2994 4422 3097 4473; x_wconf 82' lang='lat' dir='ltr'><strong>Litt.</strong></span> 
     </span>
    </p>
   </div>
   <div class='ocr_carea' id='block_1_89' title="bbox 1468 4528 2302 4590">
    <p class='ocr_par' dir='ltr' id='par_1_89' title="bbox 1468 4528 2302 4590">
     <span class='ocr_line' id='line_1_90' title="bbox 1468 4528 2302 4590; baseline 0.002 -4"><span class='ocrx_word' id='word_1_682' title='bbox 1468 4528 1712 4586; x_wconf 83' lang='lat' dir='ltr'><strong>STEPll.</strong></span> <span class='ocrx_word' id='word_1_683' title='bbox 1756 4530 2031 4589; x_wconf 73' lang='lat' dir='ltr'><strong>BALUZII</strong></span> <span class='ocrx_word' id='word_1_684' title='bbox 2067 4533 2302 4590; x_wconf 63' lang='lat' dir='ltr'><strong>NOTAE.</strong></span> 
     </span>
    </p>
   </div>
   <div class='ocr_carea' id='block_1_90' title="bbox 196 4648 1799 4719">
    <p class='ocr_par' dir='ltr' id='par_1_90' title="bbox 196 4648 1799 4719">
     <span class='ocr_line' id='line_1_91' title="bbox 196 4648 1799 4719; baseline 0 -15"><span class='ocrx_word' id='word_1_685' title='bbox 196 4656 199 4657; x_wconf 70' lang='lat'><strong><em>&#39;</em></strong></span> <span class='ocrx_word' id='word_1_686' title='bbox 276 4648 572 4704; x_wconf 75' lang='lat' dir='ltr'><strong>Adulterari</strong></span> <span class='ocrx_word' id='word_1_687' title='bbox 600 4664 701 4702; x_wconf 81' lang='lat' dir='ltr'><strong>non</strong></span> <span class='ocrx_word' id='word_1_688' title='bbox 741 4657 919 4716; x_wconf 73' lang='lat' dir='ltr'><strong>potest.</strong></span> <span class='ocrx_word' id='word_1_689' title='bbox 950 4648 1087 4705; x_wconf 84' lang='lat' dir='ltr'><strong>Vide</strong></span> <span class='ocrx_word' id='word_1_690' title='bbox 1117 4656 1271 4704; x_wconf 89' lang='lat' dir='ltr'><strong>notas</strong></span> <span class='ocrx_word' id='word_1_691' title='bbox 1298 4656 1512 4703; x_wconf 85' lang='lat' dir='ltr'><strong>nostras</strong></span> <span class='ocrx_word' id='word_1_692' title='bbox 1548 4648 1616 4702; x_wconf 84' lang='lat' dir='ltr'><strong>ad</strong></span> <span class='ocrx_word' id='word_1_693' title='bbox 1648 4652 1799 4719; x_wconf 77' lang='lat' dir='ltr'><strong>Ago-</strong></span> 
     </span>
    </p>
   </div>
   <div class='ocr_carea' id='block_1_91' title="bbox 200 4720 1803 4791">
    <p class='ocr_par' dir='ltr' id='par_1_91' title="bbox 200 4720 1803 4791">
     <span class='ocr_line' id='line_1_92' title="bbox 200 4720 1803 4791; baseline -0.002 -15"><span class='ocrx_word' id='word_1_694' title='bbox 200 4723 464 4786; x_wconf 85' lang='lat' dir='ltr'><strong>hardum,</strong></span> <span class='ocrx_word' id='word_1_695' title='bbox 491 4736 611 4789; x_wconf 75' lang='lat' dir='ltr'><strong>pag.</strong></span> <span class='ocrx_word' id='word_1_696' title='bbox 643 4721 733 4781; x_wconf 67' lang='grc'><strong>45,</strong></span> <span class='ocrx_word' id='word_1_697' title='bbox 783 4731 839 4774; x_wconf 89' lang='lat' dir='ltr'><strong>et</strong></span> <span class='ocrx_word' id='word_1_698' title='bbox 889 4737 1010 4789; x_wconf 71' lang='lat' dir='ltr'><strong>qua:</strong></span> <span class='ocrx_word' id='word_1_699' title='bbox 1065 4737 1162 4773; x_wconf 91' lang='lat' dir='ltr'><strong>nos</strong></span> <span class='ocrx_word' id='word_1_700' title='bbox 1190 4722 1417 4774; x_wconf 86' lang='lat' dir='ltr'><strong>dicimus</strong></span> <span class='ocrx_word' id='word_1_701' title='bbox 1443 4720 1511 4774; x_wconf 90' lang='lat' dir='ltr'><strong>de</strong></span> <span class='ocrx_word' id='word_1_702' title='bbox 1538 4736 1602 4773; x_wconf 88' lang='lat' dir='ltr'><strong>eo</strong></span> <span class='ocrx_word' id='word_1_703' title='bbox 1641 4736 1803 4791; x_wconf 82' lang='lat' dir='ltr'><strong>argu-</strong></span> 
     </span>
    </p>
   </div>
   <div class='ocr_carea' id='block_1_92' title="bbox 201 4791 1580 4848">
    <p class='ocr_par' dir='ltr' id='par_1_92' title="bbox 201 4791 1580 4848">
     <span class='ocr_line' id='line_1_93' title="bbox 201 4791 1580 4848; baseline -0.003 0"><span class='ocrx_word' id='word_1_704' title='bbox 201 4804 393 4848; x_wconf 75' lang='lat' dir='ltr'><strong>mento</strong></span> <span class='ocrx_word' id='word_1_705' title='bbox 428 4794 478 4845; x_wconf 90' lang='lat' dir='ltr'><strong>in</strong></span> <span class='ocrx_word' id='word_1_706' title='bbox 512 4793 652 4845; x_wconf 79' lang='lat' dir='ltr'><strong>notis</strong></span> <span class='ocrx_word' id='word_1_707' title='bbox 678 4793 742 4844; x_wconf 89' lang='lat' dir='ltr'><strong>ad</strong></span> <span class='ocrx_word' id='word_1_708' title='bbox 775 4792 966 4846; x_wconf 88' lang='lat' dir='ltr'><strong>librum</strong></span> <span class='ocrx_word' id='word_1_709' title='bbox 990 4792 1054 4844; x_wconf 84' lang='lat' dir='ltr'><strong>de</strong></span> <span class='ocrx_word' id='word_1_710' title='bbox 1083 4791 1290 4846; x_wconf 81' lang='lat' dir='ltr'><strong>Uttt’tato</strong></span> <span class='ocrx_word' id='word_1_711' title='bbox 1320 4791 1580 4845; x_wconf 66' lang='lat' dir='ltr'><strong>Ecclesiae.</strong></span> 
     </span>
    </p>
   </div>
   <div class='ocr_carea' id='block_1_93' title="bbox 282 4856 1879 4935">
    <p class='ocr_par' dir='ltr' id='par_1_93' title="bbox 282 4856 1879 4935">
     <span class='ocr_line' id='line_1_94' title="bbox 282 4856 1879 4935; baseline -0.001 -18"><span class='ocrx_word' id='word_1_712' title='bbox 282 4866 344 4917; x_wconf 75' lang='lat' dir='ltr'><strong>Si</strong></span> <span class='ocrx_word' id='word_1_713' title='bbox 373 4864 613 4935; x_wconf 67' lang='lat' dir='ltr'><strong>Ecclesia:</strong></span> <span class='ocrx_word' id='word_1_714' title='bbox 641 4864 827 4916; x_wconf 84' lang='lat' dir='ltr'><strong>devoti.</strong></span> <span class='ocrx_word' id='word_1_715' title='bbox 855 4863 1022 4919; x_wconf 80' lang='lat' dir='ltr'><strong>Vetus</strong></span> <span class='ocrx_word' id='word_1_716' title='bbox 1062 4864 1404 4935; x_wconf 71' lang='lat' dir='ltr'><strong>lletnigiauns</strong></span> <span class='ocrx_word' id='word_1_717' title='bbox 1429 4881 1443 4917; x_wconf 84' lang='lat'><strong>:</strong></span> <span class='ocrx_word' id='word_1_718' title='bbox 1479 4862 1617 4915; x_wconf 82' lang='lat' dir='ltr'><strong>Nam</strong></span> <span class='ocrx_word' id='word_1_719' title='bbox 1638 4865 1681 4917; x_wconf 78' lang='lat' dir='ltr'><strong>si</strong></span> <span class='ocrx_word' id='word_1_720' title='bbox 1702 4864 1802 4918; x_wconf 84' lang='lat' dir='ltr'><strong>ista</strong></span> <span class='ocrx_word' id='word_1_721' title='bbox 1826 4856 1879 4916; x_wconf 88' lang='lat' dir='ltr'><strong>D</strong></span> 
     </span>
    </p>
   </div>
   <div class='ocr_carea' id='block_1_94' title="bbox 201 4934 1343 4998">
    <p class='ocr_par' dir='ltr' id='par_1_94' title="bbox 201 4934 1343 4998">
     <span class='ocr_line' id='line_1_95' title="bbox 201 4934 1343 4998; baseline -0.002 -8"><span class='ocrx_word' id='word_1_722' title='bbox 201 4937 409 4990; x_wconf 68' lang='lat' dir='ltr'><strong>devotio</strong></span> <span class='ocrx_word' id='word_1_723' title='bbox 443 4934 683 4988; x_wconf 71' lang='lat' dir='ltr'><strong>Ecclesia!</strong></span> <span class='ocrx_word' id='word_1_724' title='bbox 711 4944 782 4988; x_wconf 81' lang='lat' dir='ltr'><strong>est</strong></span> <span class='ocrx_word' id='word_1_725' title='bbox 808 4945 854 4987; x_wconf 89' lang='lat' dir='ltr'><strong>et</strong></span> <span class='ocrx_word' id='word_1_726' title='bbox 884 4937 935 4987; x_wconf 86' lang='lat' dir='ltr'><strong>in</strong></span> <span class='ocrx_word' id='word_1_727' title='bbox 965 4935 1209 4998; x_wconf 67' lang='lat' dir='ltr'><strong>Ecclesia,</strong></span> <span class='ocrx_word' id='word_1_728' title='bbox 1241 4946 1343 4988; x_wconf 87' lang='lat' dir='ltr'><strong>etc.</strong></span> 
     </span>
    </p>
   </div>
   <div class='ocr_carea' id='block_1_95' title="bbox 279 5004 1801 5069">
    <p class='ocr_par' dir='ltr' id='par_1_95' title="bbox 279 5004 1801 5069">
     <span class='ocr_line' id='line_1_96' title="bbox 279 5004 1801 5069; baseline 0 -7"><span class='ocrx_word' id='word_1_729' title='bbox 279 5007 476 5062; x_wconf 77' lang='lat' dir='ltr'><strong>Xll.——</strong></span> <span class='ocrx_word' id='word_1_730' title='bbox 504 5006 603 5069; x_wconf 75' lang='lat' dir='ltr'><strong>Ant</strong></span> <span class='ocrx_word' id='word_1_731' title='bbox 638 5005 763 5061; x_wconf 79' lang='lat' dir='ltr'><strong>Filii</strong></span> <span class='ocrx_word' id='word_1_732' title='bbox 785 5017 871 5059; x_wconf 84' lang='lat' dir='ltr'><strong>aut</strong></span> <span class='ocrx_word' id='word_1_733' title='bbox 897 5005 1089 5062; x_wconf 83' lang='lat' dir='ltr'><strong>Patris.</strong></span> <span class='ocrx_word' id='word_1_734' title='bbox 1124 5006 1229 5060; x_wconf 68' lang='lat' dir='ltr'><strong>Ista</strong></span> <span class='ocrx_word' id='word_1_735' title='bbox 1258 5007 1309 5059; x_wconf 88' lang='lat' dir='ltr'><strong>in</strong></span> <span class='ocrx_word' id='word_1_736' title='bbox 1337 5006 1455 5059; x_wconf 85' lang='lat' dir='ltr'><strong>aliis</strong></span> <span class='ocrx_word' id='word_1_737' title='bbox 1477 5004 1801 5062; x_wconf 86' lang='lat' dir='ltr'><strong>editionibtts</strong></span> 
     </span>
    </p>
   </div>
   <div class='ocr_carea' id='block_1_96' title="bbox 202 5078 1802 5148">
    <p class='ocr_par' dir='ltr' id='par_1_96' title="bbox 202 5078 1802 5148">
     <span class='ocr_line' id='line_1_97' title="bbox 202 5078 1802 5148; baseline -0.001 -15"><span class='ocrx_word' id='word_1_738' title='bbox 202 5078 533 5148; x_wconf 60' lang='lat' dir='ltr'><strong>transposita</strong></span> <span class='ocrx_word' id='word_1_739' title='bbox 567 5090 739 5146; x_wconf 86' lang='lat' dir='ltr'><strong>erant,</strong></span> <span class='ocrx_word' id='word_1_740' title='bbox 776 5078 913 5131; x_wconf 88' lang='lat' dir='ltr'><strong>baud</strong></span> <span class='ocrx_word' id='word_1_741' title='bbox 942 5078 1104 5132; x_wconf 88' lang='lat' dir='ltr'><strong>dubie</strong></span> <span class='ocrx_word' id='word_1_742' title='bbox 1126 5095 1188 5131; x_wconf 75' lang='lat' dir='ltr'><strong>ex</strong></span> <span class='ocrx_word' id='word_1_743' title='bbox 1215 5078 1590 5132; x_wconf 72' lang='lat' dir='ltr'><strong>etnendatiozte</strong></span> <span class='ocrx_word' id='word_1_744' title='bbox 1620 5078 1802 5145; x_wconf 81' lang='lat' dir='ltr'><strong>enjns-</strong></span> 
     </span>
    </p>
   </div>
   <div class='ocr_carea' id='block_1_97' title="bbox 203 5149 1800 5217">
    <p class='ocr_par' dir='ltr' id='par_1_97' title="bbox 203 5149 1800 5217">
     <span class='ocr_line' id='line_1_98' title="bbox 203 5149 1800 5217; baseline 0.001 -14"><span class='ocrx_word' id='word_1_745' title='bbox 203 5152 334 5203; x_wconf 89' lang='lat' dir='ltr'><strong>datn</strong></span> <span class='ocrx_word' id='word_1_746' title='bbox 359 5149 528 5203; x_wconf 72' lang='lat' dir='ltr'><strong>critici</strong></span> <span class='ocrx_word' id='word_1_747' title='bbox 558 5165 776 5216; x_wconf 87' lang='lat' dir='ltr'><strong>propter</strong></span> <span class='ocrx_word' id='word_1_748' title='bbox 797 5149 1038 5203; x_wconf 88' lang='lat' dir='ltr'><strong>ordinem</strong></span> <span class='ocrx_word' id='word_1_749' title='bbox 1062 5164 1412 5217; x_wconf 88' lang='lat' dir='ltr'><strong>personarum</strong></span> <span class='ocrx_word' id='word_1_750' title='bbox 1444 5150 1800 5205; x_wconf 80' lang='lat' dir='ltr'><strong>sanctissime</strong></span> 
     </span>
    </p>
   </div>
   <div class='ocr_carea' id='block_1_98' title="bbox 202 5219 1802 5275">
    <p class='ocr_par' dir='ltr' id='par_1_98' title="bbox 202 5219 1802 5275">
     <span class='ocr_line' id='line_1_99' title="bbox 202 5219 1802 5275; baseline -0.001 0"><span class='ocrx_word' id='word_1_751' title='bbox 202 5222 514 5275; x_wconf 77' lang='lat' dir='ltr'><strong>Trinitatis.</strong></span> <span class='ocrx_word' id='word_1_752' title='bbox 550 5220 807 5275; x_wconf 66' lang='lat' dir='ltr'><strong>ludi-ciens</strong></span> <span class='ocrx_word' id='word_1_753' title='bbox 852 5222 994 5273; x_wconf 87' lang='lat' dir='ltr'><strong>enim</strong></span> <span class='ocrx_word' id='word_1_754' title='bbox 1043 5220 1326 5273; x_wconf 83' lang='lat' dir='ltr'><strong>videbatur</strong></span> <span class='ocrx_word' id='word_1_755' title='bbox 1356 5219 1482 5274; x_wconf 89' lang='lat' dir='ltr'><strong>huic</strong></span> <span class='ocrx_word' id='word_1_756' title='bbox 1506 5221 1692 5273; x_wconf 76' lang='lat' dir='ltr'><strong>critico</strong></span> <span class='ocrx_word' id='word_1_757' title='bbox 1717 5219 1802 5273; x_wconf 82' lang='lat' dir='ltr'><strong>Fi-</strong></span> 
     </span>
    </p>
   </div>
   <div class='ocr_carea' id='block_1_99' title="bbox 202 5289 1804 5348">
    <p class='ocr_par' dir='ltr' id='par_1_99' title="bbox 202 5289 1804 5348">
     <span class='ocr_line' id='line_1_100' title="bbox 202 5289 1804 5348; baseline -0.001 -1"><span class='ocrx_word' id='word_1_758' title='bbox 202 5295 342 5347; x_wconf 88' lang='lat' dir='ltr'><strong>lium</strong></span> <span class='ocrx_word' id='word_1_759' title='bbox 374 5294 637 5346; x_wconf 86' lang='lat' dir='ltr'><strong>nominari</strong></span> <span class='ocrx_word' id='word_1_760' title='bbox 666 5302 789 5345; x_wconf 87' lang='lat' dir='ltr'><strong>ante</strong></span> <span class='ocrx_word' id='word_1_761' title='bbox 823 5294 1055 5345; x_wconf 86' lang='lat' dir='ltr'><strong>Patrem.</strong></span> <span class='ocrx_word' id='word_1_762' title='bbox 1087 5289 1285 5346; x_wconf 78' lang='lat' dir='ltr'><strong>Omnes</strong></span> <span class='ocrx_word' id='word_1_763' title='bbox 1316 5292 1435 5345; x_wconf 84' lang='lat' dir='ltr'><strong>libri</strong></span> <span class='ocrx_word' id='word_1_764' title='bbox 1470 5302 1676 5348; x_wconf 85' lang='lat' dir='ltr'><strong>veteres</strong></span> <span class='ocrx_word' id='word_1_765' title='bbox 1707 5292 1804 5347; x_wconf 81' lang='lat' dir='ltr'><strong>Ita-</strong></span> 
     </span>
    </p>
   </div>
   <div class='ocr_carea' id='block_1_100' title="bbox 205 5364 941 5433">
    <p class='ocr_par' dir='ltr' id='par_1_100' title="bbox 205 5364 941 5433">
     <span class='ocr_line' id='line_1_101' title="bbox 205 5364 941 5433; baseline -0.005 -13"><span class='ocrx_word' id='word_1_766' title='bbox 205 5367 340 5420; x_wconf 81' lang='lat' dir='ltr'><strong>ltent</strong></span> <span class='ocrx_word' id='word_1_767' title='bbox 366 5364 441 5417; x_wconf 89' lang='lat' dir='ltr'><strong>ttti</strong></span> <span class='ocrx_word' id='word_1_768' title='bbox 461 5378 557 5416; x_wconf 90' lang='lat' dir='ltr'><strong>nos</strong></span> <span class='ocrx_word' id='word_1_769' title='bbox 584 5364 941 5433; x_wconf 85' lang='lat' dir='ltr'><strong>reposuimus.</strong></span> 
     </span>
    </p>
   </div>
   <div class='ocr_carea' id='block_1_101' title="bbox 280 5432 1799 5501">
    <p class='ocr_par' dir='ltr' id='par_1_101' title="bbox 280 5432 1799 5501">
     <span class='ocr_line' id='line_1_102' title="bbox 280 5432 1799 5501; baseline -0.003 -12"><span class='ocrx_word' id='word_1_770' title='bbox 280 5432 664 5501; x_wconf 71' lang='lat' dir='ltr'><strong>Xlll.—Quaai</strong></span> <span class='ocrx_word' id='word_1_771' title='bbox 694 5434 1025 5489; x_wconf 80' lang='lat' dir='ltr'><strong>consuetudo.</strong></span> <span class='ocrx_word' id='word_1_772' title='bbox 1045 5432 1208 5488; x_wconf 82' lang='lat' dir='ltr'><strong>Multa</strong></span> <span class='ocrx_word' id='word_1_773' title='bbox 1228 5434 1347 5486; x_wconf 79' lang='lat' dir='ltr'><strong>istic</strong></span> <span class='ocrx_word' id='word_1_774' title='bbox 1364 5448 1429 5487; x_wconf 82' lang='lat' dir='ltr'><strong>cx</strong></span> <span class='ocrx_word' id='word_1_775' title='bbox 1444 5433 1799 5499; x_wconf 83' lang='lat' dir='ltr'><strong>Tertttlliaoo,</strong></span> 
     </span>
    </p>
   </div>
   <div class='ocr_carea' id='block_1_102' title="bbox 209 5505 1800 5574">
    <p class='ocr_par' dir='ltr' id='par_1_102' title="bbox 209 5505 1800 5574">
     <span class='ocr_line' id='line_1_103' title="bbox 209 5505 1800 5574; baseline 0 -15"><span class='ocrx_word' id='word_1_776' title='bbox 209 5507 455 5562; x_wconf 80' lang='lat' dir='ltr'><strong>Aruohio</strong></span> <span class='ocrx_word' id='word_1_777' title='bbox 501 5518 552 5559; x_wconf 79' lang='lat' dir='ltr'><strong>et</strong></span> <span class='ocrx_word' id='word_1_778' title='bbox 583 5508 705 5560; x_wconf 85' lang='lat' dir='ltr'><strong>aliis</strong></span> <span class='ocrx_word' id='word_1_779' title='bbox 741 5507 846 5561; x_wconf 86' lang='lat' dir='ltr'><strong>dici</strong></span> <span class='ocrx_word' id='word_1_780' title='bbox 879 5517 1096 5574; x_wconf 77' lang='lat' dir='ltr'><strong>possent</strong></span> <span class='ocrx_word' id='word_1_781' title='bbox 1124 5505 1192 5562; x_wconf 85' lang='lat' dir='ltr'><strong>de</strong></span> <span class='ocrx_word' id='word_1_782' title='bbox 1224 5507 1539 5558; x_wconf 86' lang='lat' dir='ltr'><strong>auctoritate</strong></span> <span class='ocrx_word' id='word_1_783' title='bbox 1564 5521 1800 5563; x_wconf 74' lang='lat' dir='ltr'><strong>Consue-</strong></span> 
     </span>
    </p>
   </div>
   <div class='ocr_carea' id='block_1_103' title="bbox 210 5576 1802 5639">
    <p class='ocr_par' dir='ltr' id='par_1_103' title="bbox 210 5576 1802 5639">
     <span class='ocr_line' id='line_1_104' title="bbox 210 5576 1802 5639; baseline -0.001 -6"><span class='ocrx_word' id='word_1_784' title='bbox 210 5580 429 5633; x_wconf 81' lang='lat' dir='ltr'><strong>tudinis.</strong></span> <span class='ocrx_word' id='word_1_785' title='bbox 466 5578 697 5632; x_wconf 74' lang='lat' dir='ltr'><strong>Atleratn</strong></span> <span class='ocrx_word' id='word_1_786' title='bbox 742 5587 946 5631; x_wconf 88' lang='lat' dir='ltr'><strong>tantum</strong></span> <span class='ocrx_word' id='word_1_787' title='bbox 996 5579 1168 5629; x_wconf 75' lang='lat' dir='ltr'><strong>locum</strong></span> <span class='ocrx_word' id='word_1_788' title='bbox 1197 5578 1368 5629; x_wconf 88' lang='lat' dir='ltr'><strong>sancti</strong></span> <span class='ocrx_word' id='word_1_789' title='bbox 1409 5576 1718 5639; x_wconf 68' lang='lat' dir='ltr'><strong>llieronvtni</strong></span> <span class='ocrx_word' id='word_1_790' title='bbox 1753 5580 1802 5632; x_wconf 92' lang='lat' dir='ltr'><strong>in</strong></span> 
     </span>
    </p>
   </div>
   <div class='ocr_carea' id='block_1_104' title="bbox 210 5647 1799 5718">
    <p class='ocr_par' dir='ltr' id='par_1_104' title="bbox 210 5647 1799 5718">
     <span class='ocr_line' id='line_1_105' title="bbox 210 5647 1799 5718; baseline 0 -16"><span class='ocrx_word' id='word_1_791' title='bbox 210 5652 361 5702; x_wconf 82' lang='lat' dir='ltr'><strong>calce</strong></span> <span class='ocrx_word' id='word_1_792' title='bbox 394 5649 595 5718; x_wconf 63' lang='lat' dir='ltr'><strong>Dialogi</strong></span> <span class='ocrx_word' id='word_1_793' title='bbox 623 5649 865 5704; x_wconf 77' lang='lat' dir='ltr'><strong>adversus</strong></span> <span class='ocrx_word' id='word_1_794' title='bbox 915 5648 1294 5718; x_wconf 78' lang='lat' dir='ltr'><strong>Luciferiattos.</strong></span> <span class='ocrx_word' id='word_1_795' title='bbox 1323 5648 1409 5701; x_wconf 79' lang='lat' dir='ltr'><strong>tibi</strong></span> <span class='ocrx_word' id='word_1_796' title='bbox 1464 5647 1542 5701; x_wconf 90' lang='lat' dir='ltr'><strong>sic</strong></span> <span class='ocrx_word' id='word_1_797' title='bbox 1569 5649 1799 5716; x_wconf 72' lang='lat' dir='ltr'><strong>legitur:</strong></span> 
     </span>
    </p>
   </div>
   <div class='ocr_carea' id='block_1_105' title="bbox 211 5714 1801 5790">
    <p class='ocr_par' dir='ltr' id='par_1_105' title="bbox 211 5714 1801 5790">
     <span class='ocr_line' id='line_1_106' title="bbox 211 5714 1801 5790; baseline -0.001 -16"><span class='ocrx_word' id='word_1_798' title='bbox 211 5719 374 5788; x_wconf 84' lang='lat' dir='ltr'><strong>Legat</strong></span> <span class='ocrx_word' id='word_1_799' title='bbox 405 5714 654 5790; x_wconf 75' lang='lat' dir='ltr'><strong>Cypriani</strong></span> <span class='ocrx_word' id='word_1_800' title='bbox 694 5719 959 5789; x_wconf 71' lang='lat' dir='ltr'><strong>epistolas,</strong></span> <span class='ocrx_word' id='word_1_801' title='bbox 990 5714 1252 5790; x_wconf 68' lang='lat' dir='ltr'><strong>inquibus</strong></span> <span class='ocrx_word' id='word_1_802' title='bbox 1296 5718 1435 5786; x_wconf 73' lang='lat' dir='ltr'><strong>apud</strong></span> <span class='ocrx_word' id='word_1_803' title='bbox 1484 5714 1801 5789; x_wconf 68' lang='lat' dir='ltr'><strong>Stephanum</strong></span> 
     </span>
    </p>
   </div>
   <div class='ocr_carea' id='block_1_106' title="bbox 216 5791 1802 5862">
    <p class='ocr_par' dir='ltr' id='par_1_106' title="bbox 216 5791 1802 5862">
     <span class='ocr_line' id='line_1_107' title="bbox 216 5791 1802 5862; baseline 0 -15"><span class='ocrx_word' id='word_1_804' title='bbox 216 5791 468 5847; x_wconf 76' lang='lat' dir='ltr'><strong>Romana:</strong></span> <span class='ocrx_word' id='word_1_805' title='bbox 502 5791 641 5848; x_wconf 76' lang='lat' dir='ltr'><strong>urbis</strong></span> <span class='ocrx_word' id='word_1_806' title='bbox 669 5793 985 5862; x_wconf 70' lang='lat' dir='ltr'><strong>episcopum,</strong></span> <span class='ocrx_word' id='word_1_807' title='bbox 1004 5792 1296 5847; x_wconf 73' lang='lat' dir='ltr'><strong>inveterata:</strong></span> <span class='ocrx_word' id='word_1_808' title='bbox 1320 5792 1699 5845; x_wconf 73' lang='lat' dir='ltr'><strong>consuetudinis</strong></span> <span class='ocrx_word' id='word_1_809' title='bbox 1725 5792 1802 5847; x_wconf 80' lang='lat' dir='ltr'><strong>la—</strong></span> 
     </span>
    </p>
   </div>
   <div class='ocr_carea' id='block_1_107' title="bbox 1907 4673 3511 4745">
    <p class='ocr_par' dir='ltr' id='par_1_107' title="bbox 1907 4673 3511 4745">
     <span class='ocr_line' id='line_1_108' title="bbox 1907 4673 3511 4745; baseline 0.003 -20"><span class='ocrx_word' id='word_1_810' title='bbox 1907 4683 2043 4727; x_wconf 84' lang='lat' dir='ltr'><strong>cerat</strong></span> <span class='ocrx_word' id='word_1_811' title='bbox 2064 4690 2305 4729; x_wconf 79' lang='lat' dir='ltr'><strong>errorem.</strong></span> <span class='ocrx_word' id='word_1_812' title='bbox 2326 4673 2563 4743; x_wconf 82' lang='lat' dir='ltr'><strong>Respicit</strong></span> <span class='ocrx_word' id='word_1_813' title='bbox 2586 4674 2651 4729; x_wconf 90' lang='lat' dir='ltr'><strong>ad</strong></span> <span class='ocrx_word' id='word_1_814' title='bbox 2679 4673 2973 4744; x_wconf 80' lang='lat' dir='ltr'><strong>Epistulam</strong></span> <span class='ocrx_word' id='word_1_815' title='bbox 3000 4690 3145 4730; x_wconf 78' lang='lat' dir='ltr'><strong>mm</strong></span> <span class='ocrx_word' id='word_1_816' title='bbox 3167 4689 3287 4745; x_wconf 58' lang='lat' dir='ltr'><strong>qua!</strong></span> <span class='ocrx_word' id='word_1_817' title='bbox 3309 4674 3511 4744; x_wconf 86' lang='lat' dir='ltr'><strong>scripta</strong></span> 
     </span>
    </p>
   </div>
   <div class='ocr_carea' id='block_1_108' title="bbox 1906 4745 3512 4815">
    <p class='ocr_par' dir='ltr' id='par_1_108' title="bbox 1906 4745 3512 4815">
     <span class='ocr_line' id='line_1_109' title="bbox 1906 4745 3512 4815; baseline 0.002 -17"><span class='ocrx_word' id='word_1_818' title='bbox 1906 4755 1986 4799; x_wconf 90' lang='lat' dir='ltr'><strong>est</strong></span> <span class='ocrx_word' id='word_1_819' title='bbox 2030 4745 2096 4800; x_wconf 87' lang='lat' dir='ltr'><strong>ad</strong></span> <span class='ocrx_word' id='word_1_820' title='bbox 2142 4747 2497 4815; x_wconf 85' lang='lat' dir='ltr'><strong>Stephanum.</strong></span> <span class='ocrx_word' id='word_1_821' title='bbox 2532 4746 2668 4802; x_wconf 89' lang='lat' dir='ltr'><strong>Puto</strong></span> <span class='ocrx_word' id='word_1_822' title='bbox 2699 4758 2880 4801; x_wconf 79' lang='lat' dir='ltr'><strong>autem</strong></span> <span class='ocrx_word' id='word_1_823' title='bbox 2916 4749 3222 4813; x_wconf 51' lang='lat' dir='ltr'><strong>respexisse</strong></span> <span class='ocrx_word' id='word_1_824' title='bbox 3250 4747 3410 4800; x_wconf 87' lang='lat' dir='ltr'><strong>etiam</strong></span> <span class='ocrx_word' id='word_1_825' title='bbox 3444 4747 3512 4802; x_wconf 85' lang='lat' dir='ltr'><strong>ad</strong></span> 
     </span>
    </p>
   </div>
   <div class='ocr_carea' id='block_1_109' title="bbox 1906 4816 3511 4888">
    <p class='ocr_par' dir='ltr' id='par_1_109' title="bbox 1906 4816 3511 4888">
     <span class='ocr_line' id='line_1_110' title="bbox 1906 4816 3511 4888; baseline 0.002 -20"><span class='ocrx_word' id='word_1_826' title='bbox 1906 4817 2186 4886; x_wconf 83' lang='lat' dir='ltr'><strong>epistolam</strong></span> <span class='ocrx_word' id='word_1_827' title='bbox 2210 4833 2370 4884; x_wconf 84' lang='lat' dir='ltr'><strong>quam</strong></span> <span class='ocrx_word' id='word_1_828' title='bbox 2395 4816 2661 4872; x_wconf 84' lang='lat' dir='ltr'><strong>Crescens</strong></span> <span class='ocrx_word' id='word_1_829' title='bbox 2683 4818 2971 4888; x_wconf 78' lang='lat' dir='ltr'><strong>epiSCOpns</strong></span> <span class='ocrx_word' id='word_1_830' title='bbox 3000 4819 3265 4871; x_wconf 79' lang='lat' dir='ltr'><strong>Cirtensis</strong></span> <span class='ocrx_word' id='word_1_831' title='bbox 3295 4818 3346 4872; x_wconf 88' lang='lat' dir='ltr'><strong>itt</strong></span> <span class='ocrx_word' id='word_1_832' title='bbox 3380 4834 3511 4872; x_wconf 87' lang='lat' dir='ltr'><strong>con-</strong></span> 
     </span>
    </p>
   </div>
   <div class='ocr_carea' id='block_1_110' title="bbox 1907 4888 3511 4961">
    <p class='ocr_par' dir='ltr' id='par_1_110' title="bbox 1907 4888 3511 4961">
     <span class='ocr_line' id='line_1_111' title="bbox 1907 4888 3511 4961; baseline 0.002 -20"><span class='ocrx_word' id='word_1_833' title='bbox 1907 4891 2033 4961; x_wconf 71' lang='lat' dir='ltr'><strong>etlitt</strong></span> <span class='ocrx_word' id='word_1_834' title='bbox 2074 4888 2504 4961; x_wconf 75' lang='lat' dir='ltr'><strong>Carthagineusi,</strong></span> <span class='ocrx_word' id='word_1_835' title='bbox 2533 4905 2651 4961; x_wconf 79' lang='lat' dir='ltr'><strong>pag.</strong></span> <span class='ocrx_word' id='word_1_836' title='bbox 2676 4892 2801 4952; x_wconf 68' lang='lat'><strong>55],</strong></span> <span class='ocrx_word' id='word_1_837' title='bbox 2837 4900 3225 4947; x_wconf 80' lang='lat' dir='ltr'><strong>commemorat</strong></span> <span class='ocrx_word' id='word_1_838' title='bbox 3251 4891 3511 4958; x_wconf 82' lang='lat' dir='ltr'><strong>scriptam</strong></span> 
     </span>
    </p>
   </div>
   <div class='ocr_carea' id='block_1_111' title="bbox 1905 4958 3503 5032">
    <p class='ocr_par' dir='ltr' id='par_1_111' title="bbox 1905 4958 3503 5032">
     <span class='ocr_line' id='line_1_112' title="bbox 1905 4958 3503 5032; baseline 0.001 -19"><span class='ocrx_word' id='word_1_839' title='bbox 1905 4958 1971 5032; x_wconf 85' lang='lat' dir='ltr'><strong>ad</strong></span> <span class='ocrx_word' id='word_1_840' title='bbox 1995 4959 2347 5032; x_wconf 80' lang='lat' dir='ltr'><strong>Stephanum,</strong></span> <span class='ocrx_word' id='word_1_841' title='bbox 2373 4978 2491 5031; x_wconf 78' lang='lat' dir='ltr'><strong>qua:</strong></span> <span class='ocrx_word' id='word_1_842' title='bbox 2516 4958 2655 5015; x_wconf 83' lang='lat' dir='ltr'><strong>nunc</strong></span> <span class='ocrx_word' id='word_1_843' title='bbox 2689 4978 2794 5014; x_wconf 88' lang='lat' dir='ltr'><strong>non</strong></span> <span class='ocrx_word' id='word_1_844' title='bbox 2819 4970 2985 5017; x_wconf 76' lang='lat' dir='ltr'><strong>extat.</strong></span> <span class='ocrx_word' id='word_1_845' title='bbox 3022 4963 3073 5015; x_wconf 87' lang='lat' dir='ltr'><strong>in</strong></span> <span class='ocrx_word' id='word_1_846' title='bbox 3104 4978 3204 5029; x_wconf 87' lang='lat' dir='ltr'><strong>qua</strong></span> <span class='ocrx_word' id='word_1_847' title='bbox 3233 4961 3377 5017; x_wconf 83' lang='lat' dir='ltr'><strong>varia</strong></span> <span class='ocrx_word' id='word_1_848' title='bbox 3404 4976 3503 5015; x_wconf 74' lang='lat' dir='ltr'><strong>ex-</strong></span> 
     </span>
    </p>
   </div>
   <div class='ocr_carea' id='block_1_112' title="bbox 1908 5031 3507 5099">
    <p class='ocr_par' dir='ltr' id='par_1_112' title="bbox 1908 5031 3507 5099">
     <span class='ocr_line' id='line_1_113' title="bbox 1908 5031 3507 5099; baseline 0.002 -16"><span class='ocrx_word' id='word_1_849' title='bbox 1908 5031 2098 5085; x_wconf 79' lang='lat' dir='ltr'><strong>tabant.</strong></span> <span class='ocrx_word' id='word_1_850' title='bbox 2129 5033 2431 5087; x_wconf 69' lang='lat' dir='ltr'><strong>testimonia</strong></span> <span class='ocrx_word' id='word_1_851' title='bbox 2464 5048 2529 5087; x_wconf 81' lang='lat' dir='ltr'><strong>ex</strong></span> <span class='ocrx_word' id='word_1_852' title='bbox 2553 5032 2785 5099; x_wconf 72' lang='lat' dir='ltr'><strong>Scl&#39;lplttt</strong></span> <span class='ocrx_word' id='word_1_853' title='bbox 2807 5033 2849 5085; x_wconf 45' lang='lat' dir='ltr'><strong>is</strong></span> <span class='ocrx_word' id='word_1_854' title='bbox 2880 5032 3088 5086; x_wconf 81' lang='lat' dir='ltr'><strong>deiticis</strong></span> <span class='ocrx_word' id='word_1_855' title='bbox 3119 5032 3507 5088; x_wconf 81' lang='lat' dir='ltr'><strong>descendentia</strong></span> 
     </span>
    </p>
   </div>
   <div class='ocr_carea' id='block_1_113' title="bbox 1904 5102 3497 5173">
    <p class='ocr_par' dir='ltr' id='par_1_113' title="bbox 1904 5102 3497 5173">
     <span class='ocr_line' id='line_1_114' title="bbox 1904 5102 3497 5173; baseline 0.003 -19"><span class='ocrx_word' id='word_1_856' title='bbox 1904 5102 2162 5159; x_wconf 78' lang='lat' dir='ltr'><strong>adversus</strong></span> <span class='ocrx_word' id='word_1_857' title='bbox 2204 5104 2529 5163; x_wconf 71' lang='lat' dir='ltr'><strong>sententiain</strong></span> <span class='ocrx_word' id='word_1_858' title='bbox 2583 5104 2840 5173; x_wconf 85' lang='lat' dir='ltr'><strong>Stephani</strong></span> <span class='ocrx_word' id='word_1_859' title='bbox 2872 5105 2938 5158; x_wconf 87' lang='lat' dir='ltr'><strong>de</strong></span> <span class='ocrx_word' id='word_1_860' title='bbox 2969 5103 3242 5173; x_wconf 81' lang='lat' dir='ltr'><strong>Btptistno</strong></span> <span class='ocrx_word' id='word_1_861' title='bbox 3277 5105 3497 5158; x_wconf 62' lang='lat' dir='ltr'><strong>lucreti-</strong></span> 
     </span>
    </p>
   </div>
   <div class='ocr_carea' id='block_1_114' title="bbox 1904 5188 2112 5229">
    <p class='ocr_par' dir='ltr' id='par_1_114' title="bbox 1904 5188 2112 5229">
     <span class='ocr_line' id='line_1_115' title="bbox 1904 5188 2112 5229; baseline 0.01 -2"><span class='ocrx_word' id='word_1_862' title='bbox 1904 5188 2112 5229; x_wconf 75' lang='lat' dir='ltr'><strong>C(ll‘lllll.</strong></span> 
     </span>
    </p>
   </div>
   <div class='ocr_carea' id='block_1_115' title="bbox 1976 5266 3510 5341">
    <p class='ocr_par' dir='ltr' id='par_1_115' title="bbox 1976 5266 3510 5341">
     <span class='ocr_line' id='line_1_116' title="bbox 1976 5266 3510 5341; baseline 0 -20"><span class='ocrx_word' id='word_1_863' title='bbox 1976 5267 2235 5341; x_wconf 81' lang='lat' dir='ltr'><strong>Ignorans</strong></span> <span class='ocrx_word' id='word_1_864' title='bbox 2289 5270 2409 5341; x_wconf 80' lang='lat' dir='ltr'><strong>feci.</strong></span> <span class='ocrx_word' id='word_1_865' title='bbox 2442 5269 2530 5341; x_wconf 10' lang='lat' dir='ltr'><strong>rIn</strong></span> <span class='ocrx_word' id='word_1_866' title='bbox 2578 5268 2713 5323; x_wconf 85' lang='lat' dir='ltr'><strong>libro</strong></span> <span class='ocrx_word' id='word_1_867' title='bbox 2741 5268 2975 5341; x_wconf 79' lang='lat' dir='ltr'><strong>anensi</strong></span> <span class='ocrx_word' id='word_1_868' title='bbox 3028 5266 3510 5341; x_wconf 61' lang='lat' dir='ltr'><strong>addituret-edens</strong></span> 
     </span>
    </p>
   </div>
   <div class='ocr_carea' id='block_1_116' title="bbox 1909 5339 3501 5406">
    <p class='ocr_par' dir='ltr' id='par_1_116' title="bbox 1909 5339 3501 5406">
     <span class='ocr_line' id='line_1_117' title="bbox 1909 5339 3501 5406; baseline 0.002 -15"><span class='ocrx_word' id='word_1_869' title='bbox 1909 5340 2152 5393; x_wconf 85' lang='lat' dir='ltr'><strong>nondum.</strong></span> <span class='ocrx_word' id='word_1_870' title='bbox 2184 5339 2298 5395; x_wconf 72' lang='lat' dir='ltr'><strong>Sed</strong></span> <span class='ocrx_word' id='word_1_871' title='bbox 2321 5340 2452 5395; x_wconf 86' lang='lat' dir='ltr'><strong>illud</strong></span> <span class='ocrx_word' id='word_1_872' title='bbox 2496 5342 2626 5396; x_wconf 83' lang='lat' dir='ltr'><strong>alibi</strong></span> <span class='ocrx_word' id='word_1_873' title='bbox 2658 5355 2760 5395; x_wconf 88' lang='lat' dir='ltr'><strong>non</strong></span> <span class='ocrx_word' id='word_1_874' title='bbox 2794 5339 2995 5395; x_wconf 84' lang='lat' dir='ltr'><strong>inveni.</strong></span> <span class='ocrx_word' id='word_1_875' title='bbox 3025 5339 3334 5406; x_wconf 76' lang='lat' dir='ltr'><strong>licspnndet</strong></span> <span class='ocrx_word' id='word_1_876' title='bbox 3358 5340 3501 5395; x_wconf 81' lang='lat' dir='ltr'><strong>istud</strong></span> 
     </span>
    </p>
   </div>
   <div class='ocr_carea' id='block_1_117' title="bbox 1910 5409 3504 5481">
    <p class='ocr_par' dir='ltr' id='par_1_117' title="bbox 1910 5409 3504 5481">
     <span class='ocr_line' id='line_1_118' title="bbox 1910 5409 3504 5481; baseline 0.001 -17"><span class='ocrx_word' id='word_1_877' title='bbox 1910 5411 1956 5464; x_wconf 91' lang='lat' dir='ltr'><strong>ei</strong></span> <span class='ocrx_word' id='word_1_878' title='bbox 2003 5409 2142 5481; x_wconf 84' lang='lat' dir='ltr'><strong>quod</strong></span> <span class='ocrx_word' id='word_1_879' title='bbox 2183 5412 2413 5467; x_wconf 79' lang='lat' dir='ltr'><strong>refertur</strong></span> <span class='ocrx_word' id='word_1_880' title='bbox 2465 5430 2531 5467; x_wconf 81' lang='lat' dir='ltr'><strong>ex</strong></span> <span class='ocrx_word' id='word_1_881' title='bbox 2564 5413 2837 5477; x_wconf 68' lang='lat' dir='ltr'><strong>l-Lpistolat</strong></span> <span class='ocrx_word' id='word_1_882' title='bbox 2871 5410 2936 5465; x_wconf 91' lang='lat' dir='ltr'><strong>ad</strong></span> <span class='ocrx_word' id='word_1_883' title='bbox 2965 5409 3338 5478; x_wconf 87' lang='lat' dir='ltr'><strong>Timotheum,</strong></span> <span class='ocrx_word' id='word_1_884' title='bbox 3366 5411 3504 5481; x_wconf 80' lang='lat' dir='ltr'><strong>quod</strong></span> 
     </span>
    </p>
   </div>
   <div class='ocr_carea' id='block_1_118' title="bbox 1907 5481 2758 5553">
    <p class='ocr_par' dir='ltr' id='par_1_118' title="bbox 1907 5481 2758 5553">
     <span class='ocr_line' id='line_1_119' title="bbox 1907 5481 2758 5553; baseline 0.004 -20"><span class='ocrx_word' id='word_1_885' title='bbox 1907 5481 2149 5553; x_wconf 75' lang='lat' dir='ltr'><strong>ignorans</strong></span> <span class='ocrx_word' id='word_1_886' title='bbox 2180 5484 2278 5553; x_wconf 76' lang='lat' dir='ltr'><strong>feci</strong></span> <span class='ocrx_word' id='word_1_887' title='bbox 2300 5485 2351 5538; x_wconf 87' lang='lat' dir='ltr'><strong>in</strong></span> <span class='ocrx_word' id='word_1_888' title='bbox 2376 5483 2758 5538; x_wconf 84' lang='lat' dir='ltr'><strong>incredulitate.</strong></span> 
     </span>
    </p>
   </div>
   <div class='ocr_carea' id='block_1_119' title="bbox 1982 5570 3509 5629">
    <p class='ocr_par' dir='ltr' id='par_1_119' title="bbox 1982 5570 3509 5629">
     <span class='ocr_line' id='line_1_120' title="bbox 1982 5570 3509 5629; baseline 0.002 -3"><span class='ocrx_word' id='word_1_889' title='bbox 1982 5570 2621 5629; x_wconf 79' lang='lat' dir='ltr'><strong>XlV.——Putrocinantur.</strong></span> <span class='ocrx_word' id='word_1_890' title='bbox 2644 5574 2700 5629; x_wconf 91' lang='lat' dir='ltr'><strong>lu</strong></span> <span class='ocrx_word' id='word_1_891' title='bbox 2718 5573 2967 5628; x_wconf 84' lang='lat' dir='ltr'><strong>undecim</strong></span> <span class='ocrx_word' id='word_1_892' title='bbox 2992 5573 3142 5627; x_wconf 90' lang='lat' dir='ltr'><strong>libris</strong></span> <span class='ocrx_word' id='word_1_893' title='bbox 3168 5574 3369 5628; x_wconf 87' lang='lat' dir='ltr'><strong>nostris</strong></span> <span class='ocrx_word' id='word_1_894' title='bbox 3382 5584 3435 5628; x_wconf 89' lang='lat' dir='ltr'><strong>et</strong></span> <span class='ocrx_word' id='word_1_895' title='bbox 3454 5574 3509 5629; x_wconf 89' lang='lat' dir='ltr'><strong>in</strong></span> 
     </span>
    </p>
   </div>
   <div class='ocr_carea' id='block_1_120' title="bbox 1908 5644 3500 5716">
    <p class='ocr_par' dir='ltr' id='par_1_120' title="bbox 1908 5644 3500 5716">
     <span class='ocr_line' id='line_1_121' title="bbox 1908 5644 3500 5716; baseline 0.002 -20"><span class='ocrx_word' id='word_1_896' title='bbox 1908 5658 2006 5697; x_wconf 83' lang='lat' dir='ltr'><strong>sex</strong></span> <span class='ocrx_word' id='word_1_897' title='bbox 2042 5644 2351 5713; x_wconf 73' lang='lat' dir='ltr'><strong>Anglicanus</strong></span> <span class='ocrx_word' id='word_1_898' title='bbox 2368 5648 2629 5716; x_wconf 84' lang='lat' dir='ltr'><strong>scriptum</strong></span> <span class='ocrx_word' id='word_1_899' title='bbox 2659 5659 2740 5701; x_wconf 87' lang='lat' dir='ltr'><strong>est</strong></span> <span class='ocrx_word' id='word_1_900' title='bbox 2770 5665 2782 5700; x_wconf 90' lang='lat'><strong>:</strong></span> <span class='ocrx_word' id='word_1_901' title='bbox 2816 5645 2989 5712; x_wconf 79' lang='lat' dir='ltr'><strong>Quare</strong></span> <span class='ocrx_word' id='word_1_902' title='bbox 3016 5649 3104 5715; x_wconf 85' lang='lat' dir='ltr'><strong>qui</strong></span> <span class='ocrx_word' id='word_1_903' title='bbox 3131 5647 3500 5714; x_wconf 73' lang='lat' dir='ltr'><strong>ttwreticispa-</strong></span> 
     </span>
    </p>
   </div>
   <div class='ocr_carea' id='block_1_121' title="bbox 1907 5716 3494 5788">
    <p class='ocr_par' dir='ltr' id='par_1_121' title="bbox 1907 5716 3494 5788">
     <span class='ocr_line' id='line_1_122' title="bbox 1907 5716 3494 5788; baseline 0.001 -21"><span class='ocrx_word' id='word_1_904' title='bbox 1907 5716 2216 5782; x_wconf 84' lang='lat' dir='ltr'><strong>tracinatur,</strong></span> <span class='ocrx_word' id='word_1_905' title='bbox 2235 5717 2409 5771; x_wconf 78' lang='lat' dir='ltr'><strong>nonid</strong></span> <span class='ocrx_word' id='word_1_906' title='bbox 2433 5718 2661 5787; x_wconf 74' lang='lat' dir='ltr'><strong>proferat</strong></span> <span class='ocrx_word' id='word_1_907' title='bbox 2677 5717 2814 5788; x_wconf 82' lang='lat' dir='ltr'><strong>quod</strong></span> <span class='ocrx_word' id='word_1_908' title='bbox 2835 5716 3036 5773; x_wconf 73' lang='lat' dir='ltr'><strong>Paulus</strong></span> <span class='ocrx_word' id='word_1_909' title='bbox 3059 5717 3124 5773; x_wconf 73' lang='lat' dir='ltr'><strong>de</strong></span> <span class='ocrx_word' id='word_1_910' title='bbox 3142 5717 3392 5788; x_wconf 70' lang='lat' dir='ltr'><strong>fratribus</strong></span> <span class='ocrx_word' id='word_1_911' title='bbox 3413 5733 3494 5786; x_wconf 68' lang='grc' dir='ltr'><strong>ρος</strong></span> 
     </span>
    </p>
   </div>
   <div class='ocr_carea' id='block_1_122' title="bbox 1902 5788 2431 5852">
    <p class='ocr_par' dir='ltr' id='par_1_122' title="bbox 1902 5788 2431 5852">
     <span class='ocr_line' id='line_1_123' title="bbox 1902 5788 2431 5852; baseline -0.002 -11"><span class='ocrx_word' id='word_1_912' title='bbox 1902 5789 2006 5841; x_wconf 77' lang='lat' dir='ltr'><strong>suit</strong></span> <span class='ocrx_word' id='word_1_913' title='bbox 2020 5827 2036 5852; x_wconf 87' lang='lat'><strong>,</strong></span> <span class='ocrx_word' id='word_1_914' title='bbox 2063 5789 2153 5841; x_wconf 80' lang='lat' dir='ltr'><strong>sed</strong></span> <span class='ocrx_word' id='word_1_915' title='bbox 2182 5788 2431 5842; x_wconf 80' lang='lat' dir='ltr'><strong>ostendat.</strong></span> 
     </span>
    </p>
   </div>
  </div>
