3958 6330
478 277 616 335 III9

1406 282 1741 340 EPISTOLA
1780 282 1836 340 S.
1880 280 2208 337 CYPIiIANI
2256 282 2350 337 AD
2387 280 2800 351 JUBAIANUM,

3614 292 3730 346 1120

474 408 678 453 cancer
703 409 922 469 serpere
958 397 1028 472 (Il
1054 398 1213 463 Tim.,
1247 413 1307 467 lt,
1340 398 1452 471 17),
1494 399 1766 470 quomodo
1795 409 1976 471 potest
2021 402 2067 455 is
2097 409 2142 463 Λ
2172 406 2349 455 Iesum
2377 401 2635 457 Christum
2665 402 2876 476 (Joan.,
2907 421 3033 472 xvu,
3061 405 3138 479 5).
3172 403 3304 461 Cum
3331 422 3463 477 etgo
3504 424 3565 464 ex
3594 410 3737 481 ipsius

473 506 660 547 sermo
682 492 815 547 dare
843 492 1127 548 remissam
1156 503 1496 563 peccatorum
1526 495 1615 564 qui
1654 506 1711 547 ut
1736 509 1932 549 cancer
1961 510 2073 549 ser-

482 587 564 656 pit
592 584 659 640 ad
681 600 842 640 aures
870 585 1243 643 audientium?
1275 586 1344 641 Et
1372 602 1491 643 cum
1519 588 1702 642 dicant
1725 588 1928 642 nullam
1959 602 2077 659 par-

478 679 851 751 ticipationem
878 696 1002 737 esse
1023 680 1243 752 justititu
1268 693 1321 737 et
1352 683 1652 749 iniquitati,
1688 682 1887 737 nullam
1915 680 2074 738 Corn?

479 774 796 830 munionem
826 774 1014 830 lumini
1042 785 1096 829 et
1122 775 1356 830 tenebris
1385 774 1451 846 (ll
1478 773 1596 829 Cor.
1632 792 1706 843 vr,
1758 777 1874 844 Il),
1934 791 2072 847 quo-

485 866 651 922 modo
680 879 905 938 possunt
927 880 1019 924 aut
1047 871 1283 924 tenebrat
1312 870 1616 925 illuminare
1646 881 1736 924 aut
1764 879 1790 907 ⁸
1821 871 2075 942 iniquitas

474 960 813 1035 justilicare?
865 962 932 1018 Et
976 978 1098 1018 cum
1127 962 1310 1018 dicant
1335 962 1404 1019 de
1433 964 1543 1018 Deo
1564 978 1659 1019 eos
1685 979 1790 1018 non
1813 980 1953 1031 esse,
1982 966 2074 1020 sed

482 1068 607 1110 esse
633 1055 703 1112 de
729 1056 1033 1111 antichristi
1088 1057 1278 1127 spiritu
1310 1056 1355 1131 (I
1380 1055 1540 1111 Joan.
1587 1073 1662 1123 ιν,
1695 1058 1777 1129 5),
1807 1058 2077 1127 quomodo

477 1158 674 1217 gerunt
699 1148 961 1218 spiritalia
988 1147 1016 1187 1³
1045 1158 1099 1204 et
1123 1149 1306 1204 divina
1330 1151 1417 1220 qui
1447 1161 1572 1205 sunt
1601 1150 1785 1205 hostes
1842 1152 1968 1218 Dei,
2023 1162 2080 1207 et

478 1257 708 1315 quorum
738 1258 953 1314 pectora
981 1245 1256 1301 obsederit
1282 1246 1503 1316 spiritus
1528 1247 1871 1303 anttchristi?
1899 1246 2078 1315 Quare

480 1338 525 1393 si
556 1338 771 1409 rejectis
799 1350 822 1379 ο
855 1340 1106 1395 humana:
1137 1341 1499 1395 t-Ontentionis
1517 1340 1795 1395 erroribus
1823 1341 1890 1395 ad
1918 1356 2080 1395 evan-

483 1432 710 1503 gelieam
746 1436 1121 1490 auctoritatem
1153 1445 1314 1505 atque
1343 1434 1409 1489 ad
1440 1434 1795 1504 apostolicam
1827 1434 2077 1490 traditio-

482 1541 607 1583 nem
655 1529 870 1584 siucera
897 1536 953 1583 et
981 1528 1234 1598 religiosa
1276 1527 1381 1583 lide
1408 1535 1778 1595 revertamur,
1812 1527 2078 1599 intellige-

481 1637 604 1678 mus
633 1622 769 1679 nihil
797 1625 876 1679 eis
897 1624 963 1678 ad
995 1624 1226 1693 gratiam
1255 1622 1677 1677 ecclesiasticam
1704 1632 1759 1677 et
1788 1624 2078 1677 salutarem

486 1713 654 1770 licere
681 1714 772 1785 qui
822 1724 1138 1785 spargentes
1165 1724 1324 1785 atque
1353 1717 1729 1784 impugnantes
1784 1715 2076 1770 Ecclesiam

2178 497 2381 552 Christi
2417 499 2800 567 pra-dicatione
2825 509 2881 555 et
2922 502 3316 557 contestatione
3340 501 3501 558 Pater
3528 514 3643 561 ante
3660 522 3738 562 co-

2178 590 2516 658 gnoscendus
2556 591 2661 659 sit,
2713 593 2801 662 qui
2836 594 3012 662 misit,
3066 604 3190 650 tunc
3248 595 3445 653 deinde
3491 598 3739 671 Christus,

2178 685 2267 754 qui
2310 686 2503 741 missus
2536 696 2618 741 est
2641 730 2657 754 ,
2684 704 2783 743 nec
2811 690 2977 760 possit
3001 705 3121 746 esse
3146 706 3269 762 spes
3297 691 3488 747 salutis
3511 693 3608 749 nisi
3632 697 3746 751 duo.

2181 775 2281 829 bus
2324 776 2479 830 simul
2535 779 2762 850 Cognitis
2783 823 2796 846 ,
2827 780 3098 852 quomodo
3126 798 3229 836 ttott
3270 783 3489 854 cognito
3520 784 3672 841 immo
3703 797 3746 844 et

2181 868 2551 939 hla~phcmato
2594 873 2702 929 Deo
2735 874 2925 940 Patre,
2949 876 3036 945 qui
3066 875 3205 945 apud
3238 875 3525 931 lncreticos
3575 878 3745 938 Christi

2182 965 2398 1019 nurnine
2424 965 2673 1034 baptizati
2694 967 2967 1035 dicuntur,
2988 979 3329 1039 peccatorum
3347 972 3623 1026 remissam
3643 989 3749 1028 con-

2182 1056 2352 1111 secuti
2375 1056 2729 1128 jodicantur?
2754 1061 2872 1115 Alia
2897 1062 3040 1116 enim
3071 1062 3165 1116 fuit
3195 1063 3510 1121 Judaiornm
3554 1066 3647 1120 sub
3689 1069 3749 1121 A-

2190 1154 2421 1220 postolis
2467 1156 2635 1218 ratio,
2668 1155 2772 1210 alia
2813 1165 2893 1209 cst
2922 1156 3201 1227 gentilium
3232 1158 3500 1215 conditio.
3529 1159 3620 1223 Illi,
3651 1162 3749 1232 quia

2177 1245 2288 1316 jam
2317 1247 2447 1319 legis
2491 1258 2545 1303 et
2571 1248 2736 1321 Moysi
2781 1250 3214 1321 antiquissimum
3256 1251 3526 1322 baptisma
3570 1253 3752 1310 fuerant

2183 1340 2398 1409 adepti,
2450 1343 2503 1395 in
2554 1343 2773 1398 nomine
2802 1358 3019 1414 quoque
3062 1342 3189 1399 Jesu
3216 1342 3420 1399 Christi
3478 1356 3623 1400 erant
3652 1349 3752 1415 hap-

2188 1432 2416 1499 tizandi,
2449 1435 2746 1489 secundum
2771 1436 2912 1506 quod
2946 1437 3001 1492 in
3045 1437 3194 1491 Actis
3242 1436 3627 1509 Apostolorum
3668 1439 3748 1495 Pe-

2188 1536 2301 1581 trus
2325 1528 2389 1581 ad
2419 1544 2513 1583 eos
2543 1530 2779 1600 loquitur
2800 1540 2854 1586 et
2873 1532 2998 1588 dicit
3020 1550 3033 1585 :
3058 1531 3411 1600 Pwnitemini,
3433 1544 3480 1588 et
3507 1534 3752 1603 baptizatur

2190 1624 2538 1693 unusquisque
2566 1636 2783 1680 rastrum
2820 1626 2872 1679 in
2905 1628 3109 1681 nomine
3139 1626 3350 1681 Domini
3374 1622 3505 1681 Jesu
3528 1624 3702 1682 Christi
3711 1631 3750 1684 in

2184 1719 2527 1771 remissionem
2580 1729 2921 1788 peccatorum,
2953 1729 3001 1773 et
3031 1719 3291 1790 accipietis
3320 1720 3519 1773 donum
3564 1720 3752 1791 Spiritus

485 1807 719 1877 Christi,
749 1824 777 1863 a
800 1809 1018 1865 Christo
1049 1810 1169 1880 ipso
1198 1809 1525 1877 adversarii,
1554 1810 1623 1865 ab
1658 1809 1927 1881 Apostolis
1951 1825 2081 1867 vero
2108 1810 2158 1870 B
2184 1808 2371 1863 sancti.
2406 1806 2560 1862 Vobis
2591 1810 2721 1864 enim
2752 1820 2825 1865 est
2850 1812 2958 1865 [nec
2997 1812 3269 1884 promissio
3296 1823 3343 1865 et
3374 1811 3504 1881 ﬁliis
3541 1815 3698 1867 uestris
3719 1824 3752 1866 et

483 1902 604 1972 ejus
630 1903 936 1959 antichristi
969 1905 1314 1960 nominantur
1340 1902 1393 1958 ἀ.

558 1995 700 2052 XVI.
740 1996 858 2051 Non
882 2007 964 2053 est
985 2008 1166 2054 autem
1185 1997 1328 2069 quod
1348 1997 1545 2067 aliquis
1564 1998 1632 2052 ad
1654 1998 2083 2053 circumvenien-

483 2091 607 2146 dam
629 2093 980 2148 christianum
1005 2093 1287 2149 veritatem
1315 2093 1511 2149 Christi
1543 2108 1737 2149 nomen
1760 2104 1998 2165 opponat
2026 2108 2085 2149 ut

484 2182 664 2249 dicat,
694 2183 751 2238 In
782 2187 1001 2241 nomine
1025 2184 1154 2241 Jesu
1186 2185 1382 2241 Christi
1415 2186 1735 2258 ubicumque
1762 2195 1818 2243 et
1855 2203 2086 2255 quomo-

484 2275 789 2348 documque
842 2278 1093 2349 baptiuti
1137 2281 1365 2349 gratiam
1408 2279 1665 2348 Baptismi
1715 2290 1840 2334 sunt
1886 2294 2084 2336 conse-

482 2370 628 2436 cuti,
659 2371 879 2442 quando
907 2374 1023 2443 ipse
1052 2372 1303 2429 Christus
1357 2374 1607 2444 loquatur
1655 2383 1709 2429 et
1733 2374 1907 2439 dicat,
1964 2373 2086 2430 Non

484 2464 650 2519 omnis
675 2466 764 2536 qui
802 2465 926 2519 dicit
972 2467 1133 2531 mihi,
1170 2466 1422 2533 Domine,
1482 2466 1734 2533 Domine,
1785 2467 1995 2522 intrabit
2034 2469 2088 2521 in

484 2573 701 2629 regnum
723 2559 965 2614 caelorum
986 2560 1164 2627 (Matt.
1197 2576 1286 2624 vn,
1315 2559 1432 2629 2i).
1466 2562 1731 2617 etiterum
1760 2572 2089 2630 prmmoneat

484 2660 647 2722 atque
676 2651 908 2707 instruat
946 2667 1015 2707 ne
1062 2653 1181 2722 quis
1207 2668 1236 2707 a
1262 2652 1753 2724 pseudoprophetis
1779 2663 1832 2709 et
1863 2654 2091 2725 pseudo-

485 2744 704 2801 christis
732 2746 784 2800 in
817 2745 1036 2801 nomine
1065 2762 1165 2802 suo
1212 2746 1372 2803 facile
1399 2747 1617 2802 fallatur
1636 2790 1652 2815 ,
1680 2747 1855 2806 Multi.
1883 2748 2083 2818 inquit,

485 2841 684 2895 venient
733 2842 788 2896 in
816 2842 1024 2896 nomine
1054 2859 1163 2896 meo
1190 2844 1432 2899 dicentes.
1461 2842 1574 2916 Ego
1599 2861 1712 2899 sum
1745 2843 2001 2913 Christus,
2043 2858 2091 2900 et

485 2935 674 2991 multos
710 2936 913 3004 fallent,
958 2946 1012 2992 et
1045 2948 1228 3005 postea
1284 2936 1492 2992 addidit
1520 2939 1707 2994 dicens
1741 2957 1755 2992 :
1799 2939 1897 2993 Vos
1919 2950 2090 2995 autem

486 3038 674 3082 cauete.
706 3026 837 3083 Ecce
855 3029 1075 3100 ιιι-αῖάηί
1100 3030 1239 3083 vobis
1263 3031 1435 3084 omnia
1457 3030 1653 3100 (Marc.
1699 3047 1815 3097 xm,
1838 3032 1915 3103 6).
1937 3032 2092 3089 Unde

489 3127 713 3189 apparet
743 3135 849 3175 non
876 3136 939 3176 ea
967 3121 1147 3176 statim
1180 3121 1524 3191 suscipienda
1549 3132 1603 3178 et
1624 3123 1947 3178 assumenda
1972 3141 2092 3195 quae

2187 1901 2423 1954 omnibus
2481 1903 2719 1973 deinceps
2764 1920 3110 1975 quoscumque
3162 1905 3488 1958 advocaverit
3542 1902 3754 1959 Dominus

2189 1992 2327 2047 Deus
2355 2003 2524 2048 noster
2551 1994 2685 2064 (Act.
2722 2012 2778 2056 tt.
2810 1995 2926 2066 38).
2974 1996 3103 2052 Jesu
3131 1995 3333 2052 Christi
3361 1997 3682 2052 mentionem
3702 1999 3756 2052 la-

2186 2086 2259 2142 cit
2279 2086 2499 2153 Petrus,
2537 2104 2642 2143 non
2670 2089 2822 2159 quasi
2849 2089 3006 2145 Pater
3032 2091 3410 2157 omitteretur,
3445 2090 3543 2146 sed
3569 2100 3624 2145 ut
3646 2091 3757 2145 Patri

2188 2197 2404 2252 quoque
2430 2182 2603 2237 Filius
2631 2182 3036 2254 adjungeretur.

2261 2274 2447 2331 XVIII.
2479 2277 2718 2345 Denique
2747 2278 2833 2332 ubi
2865 2290 2991 2350 post
3017 2278 3479 2333 resurrectionem
3508 2294 3537 2331 a
3569 2279 3759 2337 Domino

2190 2370 2433 2439 Apostoli
2459 2368 2526 2424 ad
2570 2378 2757 2440 gentes
2788 2369 3108 2437 mittutttur,
3141 2371 3192 2424 in
3242 2370 3472 2425 nomine
3519 2370 3684 2426 Patris
3722 2381 3761 2425 ct

2192 2462 2313 2517 Filii
2352 2472 2406 2517 et
2446 2463 2680 2531 Spiritus
2719 2464 2888 2517 sancti
2924 2463 3195 2534 baptizare
3243 2464 3483 2535 gentiles
3523 2464 3758 2535 iubentur.

2191 2554 2478 2621 Quomodo
2504 2570 2635 2625 ergo
2674 2555 2891 2628 quidam
2920 2556 3109 2610 dicunt
3136 2556 3261 2611 loris
3305 2567 3464 2612 extra
3505 2556 3761 2613 Ecclesium

2194 2650 2359 2704 immo
2403 2659 2456 2704 et
2495 2660 2683 2703 contra
2732 2649 3066 2717 Ecclesium,
3099 2651 3261 2705 modo
3308 2652 3361 2707 in
3415 2654 3634 2708 nomine
3667 2653 3763 2707 Jcsu

2193 2741 2433 2806 Christi,
2490 2743 2817 2812 ubicumque
2863 2754 2917 2798 et
2987 2745 3502 2816 quomodocumque
3548 2746 3762 2817 gentileut

2193 2836 2518 2905 baptizatum
2554 2838 2931 2893 remissionem
2959 2848 3297 2908 peccatorum
3327 2839 3594 2909 consequi
3622 2853 3762 2909 posse,

2194 2936 2411 3003 quando
2440 2933 2556 3002 ipse
2577 2932 2822 2987 Christus
2852 2945 3040 2998 gentes
3066 2934 3317 3002 baptizari
3349 2934 3539 3002 jnbeat
3560 2935 3610 2988 in
3638 2932 3757 3003 plena

2197 3037 2252 3080 et
2292 3026 2524 3079 adunata
2558 3026 2836 3080 Trinitate.
2869 3025 2981 3080 Nisi
3010 3026 3054 3079 si
3080 3026 3169 3095 qui
3206 3024 3488 3079 Christum
3524 3036 3669 3095 negat
3692 3040 3762 3077 uc-

2196 3126 2354 3188 gatur
2392 3137 2420 3170 a
2463 3117 2697 3180 Christo.
2750 3119 2839 3189 qui
2873 3119 3086 3174 Patrem
3145 3116 3262 3186 ejus
3295 3128 3478 3189 negat,
3506 3134 3659 3188 quem
3682 3117 3766 3186 ipse

488 3212 766 3282 iactantur
816 3216 868 3270 in
917 3216 1138 3290 nomine
1181 3214 1384 3272 Christi
1408 3258 1426 3285 ,
1488 3217 1585 3272 sed
1654 3234 1775 3289 quae
1828 3230 2093 3290 geruntur
2118 3212 2163 3274 C
2196 3210 2442 3265 Christus
2490 3209 2778 3266 confessus
2808 3213 2910 3274 sit,
2949 3227 3057 3265 non
3090 3221 3338 3280 negatur,
3371 3221 3427 3264 et
3455 3211 3548 3280 qui
3584 3212 3633 3264 in
3672 3220 3765 3263 eum

491 3305 545 3361 in
590 3303 792 3362 Christi
822 3309 1075 3364 veritate.

564 3400 729 3458 XVII.
772 3402 925 3470 Quod
950 3404 1095 3460 enim
1126 3406 1177 3459 in
1208 3406 1505 3477 evangeliis
1536 3415 1591 3461 et
1619 3407 1671 3461 in
1702 3407 2089 3477 Apostolorum

491 3496 735 3566 epistolis
756 3496 884 3554 Jesu
913 3497 1110 3555 Chrisu
1141 3514 1338 3556 nomen
1370 3501 1676 3557 insinuatur
1701 3502 1768 3558 ad
1811 3504 2092 3560 remissio-

492 3603 614 3643 nem
640 3600 1007 3659 peccatorum,
1032 3608 1140 3648 non
1167 3595 1238 3648 ita
1261 3604 1342 3648 est
1368 3594 1523 3665 quasi
1547 3605 1641 3650 aut
1669 3596 1787 3651 sine
1810 3596 1971 3652 Patre
2002 3609 2094 3653 aut

490 3692 678 3738 contra
733 3686 947 3741 Patrem
976 3687 1237 3755 prodesse
1264 3688 1514 3759 cuiquam
1544 3688 1695 3745 solus
1728 3690 1869 3745 tilius
1897 3693 2090 3763 possit,

491 3778 585 3834 sed
614 3788 671 3833 ut
690 3777 923 3843 Iuda-is,
953 3780 1043 3850 qtti
1064 3781 1385 3848 iactitabant
1410 3796 1468 3836 se
1495 3792 1701 3853 patrem
1732 3784 1949 3852 habere,
1998 3799 2093 3840 os.

490 3873 805 3928 tenderetur
833 3873 976 3943 quod
1009 3874 1141 3929 nihil
1164 3875 1245 3929 eis
1273 3874 1433 3929 Pater
1457 3875 1772 3945 profuturus
1800 3886 1965 3941 esset,
1987 3878 2094 3933 nisi

495 3965 549 4018 in
604 3964 798 4019 Filium
854 3965 1179 4031 crederent,
1227 3982 1385 4037 quem
1438 3967 1526 4022 ille
1552 3968 1807 4022 misisset.
1844 3968 1974 4022 Nam
2004 3971 2096 4041 qui

494 4058 662 4114 Deum
717 4058 930 4113 Patrem
977 4070 1279 4115 creatorem
1310 4059 1589 4124 sciebant,
1644 4059 1839 4115 Filium
1881 4076 2097 4134 quoque

489 4148 765 4205 Christum
808 4149 947 4205 scire
1003 4151 1310 4212 debebant,
1362 4165 1431 4206 ne
1462 4151 1563 4206 sibi
1606 4151 1981 4209 blandirentur
2040 4163 2097 4209 et

493 4241 813 4314 plauderent
839 4243 905 4299 de
935 4245 1053 4300 solo
1076 4243 1236 4301 Patre
1261 4246 1381 4301 sine
1402 4244 1522 4300 Filii
1550 4246 1667 4316 ejus
1692 4248 1986 4316 agnitione,
2005 4249 2096 4319 qui

491 4345 549 4392 et
572 4335 789 4391 dieebat
813 4354 828 4391 :
854 4335 1022 4393 Nemo
1051 4340 1184 4392 uenit
1205 4339 1274 4393 ad
1304 4338 1513 4395 Patrem
1543 4341 1644 4396 nisi
1674 4358 1763 4411 per
1805 4360 1884 4397 me
1912 4342 2092 4413 (Joan.

491 4448 602 4499 xlv,
630 4432 665 4488 6
674 4451 713 4500 ι.
745 4432 979 4488 Duorum
1008 4442 1186 4490 autem
1231 4435 1595 4506 cognitionem
1627 4453 1750 4494 ease
1776 4455 1898 4508 qua:
1924 4440 2100 4496 salvet

494 4523 767 4595 idemipse
796 4526 1106 4583 manifestat
1131 4526 1318 4583 dicens
1344 4545 1358 4581 :
1390 4528 1517 4583 Hau:
1541 4540 1614 4585 est
1631 4541 1798 4586 autem
1822 4533 1924 4586 vita
1952 4544 2098 4587 arter-

491 4635 563 4674 na
580 4628 638 4674 ut
655 4628 966 4691 cegnoscant
982 4629 1031 4674 te
1052 4621 1221 4676 solum
1236 4630 1468 4676 etiterum
1488 4621 1672 4691 Deum,
1689 4633 1736 4678 et
1747 4640 1894 4694 quem
1912 4625 2093 4680 misisti

2200 3303 2539 3372 blasphemat
2575 3319 2732 3374 quem
2761 3302 3014 3358 Christus
3043 3303 3326 3357 Domiuutu
3359 3317 3415 3359 et
3451 3304 3616 3357 DCUIII
3644 3314 3768 3354 suam

2197 3396 2416 3461 dixerit,
2443 3408 2822 3452 remuneratus
2843 3412 2871 3449 a
2899 3394 3117 3451 Christo
3144 3397 3527 3451 remiSsiouctn
3558 3406 3767 3466 peccato-

2198 3504 2316 3544 rum
2336 3499 2389 3542 et
2404 3486 2445 3542 Β
2464 3488 2660 3560 ιριὶειιιί
2688 3489 3167 3544 sanctilicationem
3187 3490 3561 3559 consequitur.
3577 3487 3679 3556 Qua
3698 3500 3769 3537 au-

2201 3592 2307 3638 tem
2342 3592 2611 3654 potestate
2635 3586 2889 3656 consequi
2917 3585 2968 3638 in
2996 3583 3263 3653 baptismo
3283 3583 3653 3638 remissionem
3676 3594 3766 3649 pec-

2198 3688 2438 3734 catorum
2457 3688 2633 3748 potest
2648 3695 2849 3750 negans
2859 3679 3026 3734 Deum
3043 3687 3340 3734 creatorem
3361 3686 3569 3746 patrem
3583 3674 3766 3734 Christi,

2199 3772 2415 3842 quando
2443 3773 2613 3842 ipsam
2667 3783 2989 3843 potestatem
3020 3787 3124 3841 qua
3153 3771 3494 3840 baptizamur
3517 3780 3571 3824 et
3608 3765 3768 3823 sancti-

2202 3868 2429 3922 licamur
2473 3868 2542 3921 ab
2572 3866 2765 3922 eodem
2798 3868 2956 3922 Patre
2985 3867 3235 3921 Christus
3279 3866 3592 3934 acceperit;
3643 3872 3766 3928 quem

2204 3964 2462 4029 majorem
2497 3961 2716 4023 dixerit,
2740 3976 2769 4014 a
2799 3975 2907 4031 quo
2937 3958 3220 4014 clariﬁrari
3264 3957 3505 4028 petierit,
3538 3955 3679 4025 cujus
3699 3968 3766 4004 ru-

2201 4058 2460 4112 qutateut
2505 4071 2674 4126 usque
2715 4056 2781 4109 ad
2835 4055 3151 4123 obsequium
3182 4052 3608 4108 hibendicalicis
3633 4059 3767 4103 etsu-

2201 4149 2429 4204 benudae
2487 4149 2679 4202 mortis
2732 4147 3079 4216 impleverit?
3135 4146 3277 4213 Quid
3331 4154 3418 4200 est
3460 4146 3617 4215 igitur
3655 4136 3766 4194 aliud

2201 4259 2360 4315 quam
2395 4244 2707 4314 participem
2735 4241 3002 4297 hatreticis
3025 4241 3525 4313 blasphemantihus
3553 4234 3764 4304 ﬁeri,de-

2202 4337 2424 4394 {cudere
2453 4337 2592 4415 velle
2618 4347 2673 4392 et
2699 4351 2951 4392 assert-re
2982 4334 3124 4407 quod
3151 4336 3436 4390 remissam
3468 4340 3765 4404 peceaturuti

2201 4433 2449 4501 accipere
2478 4433 2532 4487 in
2555 4430 2752 4487 Christi
2785 4432 3003 4485 nomine
3048 4430 3217 4499 possit
3262 4427 3640 4498 hlasphetnaus
3669 4434 3765 4491 gra-

2202 4526 2339 4580 viter
2380 4535 2435 4581 et
2483 4539 2715 4595 peccans
2759 4525 2810 4578 in
2855 4523 3066 4578 Patrem
3114 4530 3168 4577 et
3214 4521 3499 4575 Dominum
3539 4528 3590 4572 et
3635 4514 3763 4569 Deum

2200 4620 2434 4678 Cltrisu?
2455 4618 2592 4687 Quid
2622 4616 2819 4673 deinde
2844 4615 2975 4672 illud
2999 4617 3155 4689 quale
3172 4626 3254 4672 est
3284 4623 3342 4669 ut
3371 4613 3462 4681 qui
3497 4610 3674 4666 Filium
3695 4601 3762 4658 Dei

1705 4761 2091 4820 LECTIONES
2126 4758 2543 4820 VARIAN'I‘ES.

554 4872 583 4937 {1
616 4874 718 4924 Aut
740 4875 1022 4937 iniquitates
1044 4873 1169 4926 Bod.
1196 4876 1243 4926 1.
1275 4871 1404 4925 Thu.

558 4934 588 4972 δ
620 4939 708 4987 Stc
734 4934 869 4988 Lam.
915 4938 1024 4991 NG.
1053 4939 1099 4989 1.
1126 4939 1251 4989 Bod.
1280 4939 1326 5000 1,
1353 4940 1397 4988 2.
1438 4937 1580 4989 Ebor.
1608 4938 1714 4991 Lin.
1754 4939 1851 5000 Qui
1892 4946 2103 4992 tractant

496 4999 653 5051 Oxon.

2262 4877 2285 4905 ο
2324 4873 2375 4922 Si
2403 4872 2589 4922 relictis
2616 4875 2749 4933 Lam,
2778 4871 2920 4921 Ebor.
2951 4869 3054 4921 Litt.
3084 4861 3189 4922 ΝΟ.
3222 4870 3265 4917 1.
3294 4866 3416 4916 Bod.
3448 4869 3497 4925 1,
3523 4867 3567 4915 2.

2273 4936 2302 4976 εὶ
2335 4936 2663 4988 Νοιῑιὶιιριιιιιι·
2694 4935 2818 4987 Borl.
2847 4938 2894 4994 l,
2918 4937 2966 4984 2.

1700 5113 1944 5171 STEPH.
1991 5113 2262 5173 BALUZII
2299 5113 2531 5172 NOTAE.

569 5251 683 5306 XV.
702 5284 772 5293 —
804 5252 870 5308 Et
894 5255 1085 5309 diuina.
1114 5253 1171 5308 In
1188 5254 1426 5310 editione
1445 5253 1672 5316 Erasmi,
1703 5268 1823 5323 qum
1844 5253 2083 5307 omnium

497 5324 667 5392 prima
693 5336 794 5398 est,
821 5326 1012 5398 legitur
1038 5345 1050 5380 ε
1086 5326 1353 5391 Quomodo
1383 5326 1674 5398 spiritualia
1698 5335 1745 5379 et
1774 5324 1947 5377 divina
1970 5334 2085 5377 tra-

497 5404 649 5448 ctant.
692 5395 880 5452 Postea
912 5397 1198 5460 Manutius,
1229 5414 1386 5465 quem
1409 5395 1580 5451 aemili
1604 5406 1728 5448 sunt
1756 5398 2087 5465 pesteriores

497 5465 752 5526 editores,
790 5469 963 5532 posuit
996 5468 1263 5536 Quomodo
1311 5478 1491 5535 gerunt
1517 5467 1773 5530 spiritalia
1799 5477 1885 5518 aut
1915 5467 2090 5521 divina

499 5538 759 5591 tractant?
779 5538 1113 5610 Manifestum
1136 5552 1215 5593 cst
1242 5540 1525 5594 delendam
1552 5553 1672 5592 esse
1701 5552 1885 5610 Vocem
1911 5548 2092 5607 gerunt

498 5617 593 5663 aut
619 5625 803 5664 vocem
832 5620 1072 5663 tractant.
1103 5610 1287 5681 Itaque
1329 5627 1451 5666 cum
1504 5609 1911 5681 quattuordecim
1970 5610 2091 5665 libri

499 5682 668 5736 neStri
696 5690 752 5736 et
773 5695 869 5754 sex
889 5681 1166 5752 Anglicani
1190 5698 1297 5736 non
1317 5692 1609 5754 agnoscant
1633 5696 1817 5736 vocem
1846 5689 2087 5749 tractant,

499 5767 617 5805 cant
650 5753 982 5807 sustulimus.

577 5822 815 5893 Rejectis.
846 5822 979 5880 Tres
1005 5823 1125 5881 libri
1164 5825 1337 5881 nostri
1365 5835 1420 5882 et
1445 5840 1540 5883 ses
1570 5824 1850 5897 Anglicani
1892 5823 2094 5882 habent

2113 5361 2167 5421 D

2198 5253 2412 5307 relictis.

2268 5323 2482 5380 Sincera
2506 5336 2552 5380 et
2579 5325 2837 5397 religiosa.
2867 5325 3042 5381 Etlilio
3082 5325 3394 5380 Morclliaua
3436 5335 3489 5380 ct
3535 5335 3636 5378 tres
3660 5313 3755 5371 libri

2194 5408 2427 5467 veteres,
2464 5398 2663 5452 sincera
2687 5409 2732 5451 et
2759 5414 2876 5451 vera
2906 5408 2952 5452 et
2979 5399 3240 5467 religiosa.

2269 5466 2391 5523 XVI
2400 5500 2487 5521 .—-
2511 5468 2826 5540 Ubicumque
2843 5479 2892 5524 et
2921 5466 3406 5539 quomOdurumque.
3428 5467 3547 5523 Ihrc
3571 5472 3642 5518 est
3663 5469 3752 5538 τςη

2194 5540 2377 5603 lectio.
2416 5557 2533 5610 quae
2577 5557 2787 5594 rursum
2823 5544 3092 5610 reperitur
3116 5540 3248 5593 infra
3304 5547 3354 5594 ιιι
3384 5542 3479 5593 hac
3510 5541 3619 5603 ipsa
3643 5541 3752 5610 Pili-5'

2198 5612 2323 5665 tuin.
2350 5606 2607 5667 Plit-urunt
2634 5623 2810 5666 nutent
2844 5606 2997 5677 Attgli
3028 5615 3141 5665 Iunt:
3170 5612 3331 5667 verba
3360 5628 3475 5667 esse
3508 5606 3751 5677 Slepltttﬂ',

2195 5698 2318 5752 quia
2343 5683 2502 5745 infra,
2536 5695 2594 5737 ut
2616 5684 2692 5738 illi
2726 5685 2899 5749 aiunt,
2930 5671 3286 5739 traducuntur
3308 5699 3340 5755 7a
3368 5671 3648 5755 Cyprialio,
3677 5671 3751 5755 ι’ρς

2200 5737 2694 5828 ierantaddereea
2725 5771 2850 5811 vere
2887 5737 3153 5828 imputari
3170 5737 3528 5828 Stephano'in
3554 5737 3748 5820 Episwh

2196 5824 2517 5896 Firmiliani,
2537 5842 2659 5898 pag.
2684 5827 2810 5883 148.
