3958 6330
487 172 622 234 1151

1333 163 1378 231 ιε
1421 166 1762 230 EPISTOLA
1802 167 1862 225 s.
1903 123 2232 248 errauit;
2286 162 2382 224 AD
2416 163 2799 240 ροιιριειιιιί,

3599 165 3712 224 IIS!

485 298 693 363 stupore
719 286 883 344 elatus
911 291 1012 364 est,
1047 282 1176 340 nihil
1206 283 1400 372 icieus,
1434 285 1635 341 discede
1676 284 1739 339 ab
1771 282 2065 355 ltujusmodi
2091 283 2144 366 ᾼ
2172 297 2278 338 ηοιι
2303 283 2542 353 potuisse
2573 282 2885 355 percipere;
2916 276 3070 359 quasi
3099 278 3268 354 possit
3293 289 3385 339 aut
3414 279 3523 338 sine
3543 279 3715 356 Spiritu

487 381 532 453 (l
568 380 700 436 Tim.
734 397 810 448 vr,
839 377 916 454 5).

560 475 650 530 IV.
682 473 949 530 Praeclara
991 489 1123 546 sane
1153 483 1207 532 et
1243 473 1482 546 legitima
1526 473 1765 540 traditio,
1797 471 2072 543 Stephano

486 571 653 627 l'ratre
674 578 858 642 nostro
887 569 1136 636 docente,
1168 569 1508 642 proponitur,
1539 584 1659 640 quae
1688 567 2066 638 auctoritatem

485 666 642 733 nobis
671 665 917 721 idoneam
948 665 1206 737 prrebcat.
1237 664 1372 720 Nam
1402 665 1454 722 in
1494 663 1686 720 eodem
1718 663 1837 718 loco
1865 660 2068 734 episto-

484 747 552 815 la:
578 775 690 833 suae
718 759 923 815 addidit
950 772 1004 815 et
1039 759 1234 830 adjecit
1263 775 1282 814 :
1308 775 1424 813 cum
1470 758 1570 825 ipsi
1607 755 1831 813 lueretici
1866 753 2070 832 proprie

481 855 781 909 alterutrum
810 854 878 908 ad
905 869 958 908 se
988 854 1238 908 venientes
1268 868 1368 908 non
1396 850 1651 921 baptizent
1673 894 1688 914 ,
1720 849 1809 904 sed
1837 862 2068 902 commu-

480 948 644 1002 nicent
698 956 914 1000 tantum.
953 944 1035 1002 Ad
1076 945 1179 1000 hoc
1225 944 1368 1001 enim
1400 944 1666 998 malorum
1706 938 1955 996 devoluta
1990 945 2073 994 est

481 1039 725 1098 Ecclesia
754 1038 848 1096 Dei
878 1049 932 1097 et
956 1053 1153 1110 sponsa
1184 1038 1384 1094 Christi
1408 1046 1465 1092 ut
1491 1034 1867 1091 ltazreticorum
1889 1046 2071 1087 exem-

479 1132 568 1202 pla
592 1139 849 1199 sectetur,
900 1139 957 1186 ut
984 1131 1052 1186 ad
1090 1129 1412 1186 celebranda
1444 1135 1780 1182 sacramenta
1827 1122 2069 1192 C(elestia

478 1221 821 1295 disciplinam
853 1223 949 1279 lux
997 1223 1064 1278 de
1098 1223 1334 1278 tenebris
1361 1229 1655 1287 mutuetur,
1699 1227 1754 1274 et
1785 1217 1836 1273 id
1871 1215 2071 1271 faciant

476 1318 765 1376 Christiani
803 1318 946 1390 quod
995 1317 1297 1373 antichristi
1357 1316 1574 1370 faciunt.
1629 1314 1759 1380 Quae
1802 1327 1932 1368 vero
1985 1318 2071 1366 est

475 1411 643 1468 animi
673 1411 912 1479 caecitas,
949 1426 1072 1483 qua:
1114 1411 1370 1482 pravitas,
1403 1409 1528 1464 ﬁdei
1573 1409 1832 1462 unitatem
1861 1405 1929 1460 de
1957 1404 2069 1468 Deo

471 1517 624 1577 patre
663 1515 718 1561 et
756 1504 824 1561 de
867 1503 996 1560 Jesu
1022 1503 1222 1559 Christi
1252 1502 1464 1558 Domini
1495 1511 1549 1556 et
1569 1500 1664 1557 Dei
1696 1499 1868 1554 nostri
1898 1496 2068 1552 tradi-

473 1601 621 1656 tione
664 1599 975 1655 venientem
1022 1599 1169 1654 nolle
1210 1595 1586 1668 cognoscere?
1628 1592 1760 1648 Nam
1794 1593 1836 1647 si
1865 1589 2070 1646 idcirco

2177 373 2426 438 Christus
2456 374 2628 442 indui,
2655 383 2750 431 aut
2773 390 2804 430 a
2828 372 3046 432 Christo
3077 373 3308 446 Spiritus
3333 376 3584 446 separari.
3609 378 3720 442 Illud

2175 484 2388 540 quoque
2414 485 2570 540 quam
2602 470 2840 540 ineptum
2866 477 2970 535 est,
3013 479 3070 525 ut
3102 485 3227 526 cum
3255 470 3499 526 nativitas
3518 473 3717 530 secunda

2175 563 2431 635 spiritalis
2459 563 2559 632 sit,
2587 579 2691 635 qua
2720 564 2772 618 in
2794 563 3010 620 Christo
3035 579 3134 639 per
3158 563 3435 622 lavacrum
3464 580 3719 636 regenera-

2177 657 2336 716 tionis
2361 657 2653 732 nascimur,
2687 656 2869 728 dicant
2904 655 3046 729 quod
3076 658 3250 730 possit
3273 657 3397 728 quis
3420 656 3553 728 apud
3579 657 3722 716 hzere-

2176 749 2310 806 ticos
2355 749 2667 828 spiritaliter
2719 749 2886 818 nasci,
2927 750 3018 806 ubi
3064 749 3320 824 Spiritum
3380 759 3566 821 negant
3608 766 3722 808 esse.

2178 842 2406 898 Peccata
2428 843 2572 899 enim
2599 858 2829 918 purgare
2861 850 2918 914 et
2959 842 3232 900 hominem
3278 843 3602 900 sanctiﬁcare
3619 859 3727 916 aqua

2173 939 2289 995 sola
2336 952 2440 1014 non
2489 947 2687 1010 potest,
2723 938 2827 994 nisi
2859 937 3059 994 habeat
3084 949 3140 994 et
3193 938 3458 1008 Spiritum
3499 949 3726 995 sanctum.

2176 1032 2353 1104 Quare
2397 1041 2488 1088 aut
2531 1032 2789 1102 Spiritum
2834 1041 3080 1087 sanctum
3121 1045 3346 1090 necesse
3369 1040 3454 1087 est
3477 1031 3732 1088 concedant

2175 1141 2295 1182 esse
2325 1125 2434 1180 illic
2461 1125 2551 1180 ttbi
2579 1124 2846 1195 baptisma
2875 1139 2996 1182 esse
3035 1124 3238 1191 dicunt,
3265 1133 3357 1180 aut
3383 1138 3485 1180 nec
3507 1122 3731 1194 baptisma

2174 1227 2257 1276 cst
2286 1217 2377 1274 ubi
2405 1217 2636 1299 Spiritus
2675 1228 2892 1274 sanctus
2916 1231 3023 1274 non
3051 1229 3134 1275 est
3152 1259 3169 1288 ,
3209 1218 3333 1290 quia
3361 1217 3614 1288 baptisma
3639 1232 3733 1274 esse

2175 1316 2296 1370 sine
2327 1315 2532 1384 Spiritu
2561 1322 2748 1370 sancto
2793 1329 2899 1369 non
2931 1323 3126 1385 potest.

2249 1406 2332 1463 Vl.
2366 1407 2535 1476 Quale
2577 1415 2660 1463 est
2696 1416 2876 1464 autem
2913 1421 3160 1464 asserere
3187 1415 3242 1480 et
3270 1404 3595 1462 contendere
3613 1404 3726 1477 quod

2177 1516 2299 1560 esse
2345 1502 2552 1576 possint
2597 1501 2692 1579 ﬁlii
2731 1502 2827 1558 Dei
2853 1502 2944 1576 qui
2973 1517 3081 1558 non
3111 1502 3220 1560 sint
3248 1503 3300 1558 in
3336 1502 3572 1570 Ecclesia
3614 1500 3728 1556 nati!

2177 1597 2451 1672 Baptisma
2493 1597 2639 1654 enim
2690 1611 2812 1668 esse
2861 1597 2913 1653 in
2957 1612 3064 1670 quo
3093 1596 3254 1652 homo
3282 1605 3440 1670 vetus
3467 1594 3674 1651 moritur
3695 1603 3734 1651 et

471 1693 611 1766 apud
635 1693 922 1748 haereticos
940 1690 1184 1746 Ecclesia
1204 1706 1308 1744 non
1331 1701 1433 1751 est,
1455 1689 1579 1759 quia
1600 1702 1703 1741 una
1723 1695 1805 1740 est
1822 1693 1877 1740 et
1896 1682 2065 1752 dividi
2175 1708 2350 1748 novus
2377 1693 2615 1750 nascitur
2641 1690 2953 1764 manifestat
2982 1701 3036 1758 ει
3057 1691 3246 1762 proba],
3271 1690 3468 1747 beatus
3491 1689 3734 1759 Apostolus

472 1801 581 1842 non
613 1796 821 1858 potest,
846 1794 899 1841 et
927 1784 972 1839 si
1004 1783 1127 1838 ideo
1158 1783 1270 1837 illic
1305 1781 1538 1853 Spiritus
1565 1789 1784 1836 sanctus
1812 1793 1917 1832 non
1958 1785 2061 1842 est,

472 1880 597 1950 quia
634 1894 774 1933 unus
807 1888 907 1943 est,
954 1886 1008 1932 et
1049 1891 1170 1932 esse
1195 1874 1336 1946 apud
1390 1871 1644 1944 profanos
1681 1879 1735 1926 et
1773 1878 2063 1924 extraneos

479 1965 584 2026 non
614 1979 811 2042 potest,
843 1970 1024 2039 utique
1059 1977 1114 2024 et
1154 1967 1418 2038 baptisma
1441 2006 1456 2031 ,
1490 1962 1630 2036 quod
1658 1964 1709 2018 in
1735 1961 1923 2018 eadem
1949 1960 2066 2016 uni-

475 2076 587 2121 tate
616 2065 882 2130 consistit,
917 2079 1038 2120 esse
1067 2062 1209 2131 apud
1247 2061 1534 2116 haereticos
1565 2074 1671 2113 non
1701 2066 1897 2128 potest,
1940 2057 2064 2126 quia

470 2160 708 2231 separari
745 2174 918 2232 neque
962 2157 1028 2213 ab
1070 2157 1312 2213 Ecclesia
1349 2171 1525 2228 neque
1571 2170 1602 2210 a
1629 2152 1830 2225 Spiritu
1859 2152 2060 2208 Sancto

469 2261 665 2326 potest.

542 2345 605 2402 V.
641 2346 746 2402 Aut
796 2345 844 2402 si
890 2343 1138 2400 eﬁ'ectum
1198 2342 1450 2414 baptismi
1508 2340 1776 2413 majestati
1828 2337 2065 2430 nominis

475 2439 733 2506 tribuunt,
767 2448 825 2498 ut
853 2437 944 2510 qui
974 2437 1025 2491 in
1045 2435 1265 2492 nomine
1285 2435 1412 2492 Jesu
1435 2434 1635 2496 Christi
1664 2434 1984 2504 ubicumque
2011 2440 2068 2487 et

472 2531 976 2604 quomodocumque
1006 2529 1370 2602 baptizantur,
1406 2527 1643 2582 innovati
1667 2537 1720 2583 et
1749 2525 2065 2581 sanctiﬁcati

464 2627 793 2700 iudicentur,
821 2640 916 2680 cur
952 2639 1058 2677 non
1086 2621 1140 2677 in
1172 2622 1415 2692 ejusdem
1444 2619 1644 2675 Christi
1691 2619 1909 2687 nomine
1958 2618 2067 2672 illic

476 2733 532 2777 et
559 2734 749 2776 manus
777 2718 1044 2788 baptizata
1075 2715 1372 2784 imponitur
1398 2713 1465 2770 ad
1490 2713 1861 2784 accipiendum
1889 2710 2063 2783 Spiri-

469 2825 582 2870 tum
612 2823 878 2878 sanctum,
924 2826 1021 2866 cur
1061 2808 1253 2866 eadem
1283 2797 1522 2880 ejusdem
1553 2809 1808 2880 majestas
1830 2807 2066 2876 nominis

2171 1788 2358 1844 dicens
2390 1806 2404 1843 :
2432 1787 2662 1842 Servavit
2683 1804 2776 1842 nos
2804 1803 2894 1856 per
2924 1786 3181 1840 lauacrum
3204 1783 3601 1856 regenerationis
3629 1780 3729 1853 (Tit.

2169 1900 2247 1950 ιιι,
2277 1884 2356 1952 5).
2399 1883 2456 1951 Si
2497 1891 2675 1939 autem
2703 1884 2756 1938 in
2802 1883 3050 1946 lavacro,
3083 1880 3136 1938 id
3162 1889 3245 1938 est
3275 1880 3331 1936 in
3365 1879 3649 1950 Baptismo,
3673 1885 3735 1932 est

2170 1975 2534 2046 regeneratio,
2587 1973 2858 2046 quomodo
2898 1988 3158 2045 generare
3201 1971 3340 2028 ﬁlios
3398 1972 3510 2027 Deo
3556 1969 3736 2025 hatresis

2171 2085 2267 2140 per
2304 2069 2581 2126 Christum
2621 2079 2820 2141 potest,
2864 2085 2985 2141 qua:
3029 2068 3229 2125 Christi
3279 2081 3482 2139 sponsa
3532 2081 3630 2122 non
3651 2065 3736 2120 est?

2170 2162 2412 2218 Ecclesia
2463 2172 2545 2219 est
2589 2163 2734 2219 enim
2783 2161 2898 2218 sola
2953 2176 3075 2233 quae
3123 2158 3344 2222 Christo
3390 2157 3663 2230 conjuncta
3699 2166 3738 2212 et

2173 2257 2402 2312 adunata
2449 2256 2763 2327 spiritaliter
2806 2255 2946 2312 ﬁlios
2992 2263 3232 2328 generat,
3287 2253 3485 2310 eodem
3519 2250 3738 2322 Apostolo

2169 2366 2356 2406 rursus
2385 2349 2599 2406 dicente
2633 2366 2647 2404 :
2679 2349 2912 2405 Christus
2937 2348 3119 2403 dilexit
3146 2345 3438 2402 Ecclesium
3463 2355 3574 2402 etse
3600 2346 3734 2412 ipsum

2171 2443 2386 2498 tradidit
2425 2460 2515 2513 pro
2543 2460 2603 2498 ea
2629 2452 2684 2497 ut
2705 2459 2817 2496 eam
2850 2441 3218 2511 sanctiﬁcaret,
3248 2457 3484 2512 purgans
3507 2456 3614 2494 eam
3635 2438 3736 2492 laua-

2171 2554 2257 2592 cro
2283 2552 2430 2607 aqua:
2455 2536 2670 2608 (Epltes.
2699 2552 2756 2603 v,
2783 2535 2876 2599 25,
2899 2533 3011 2606 26).
3057 2535 3115 2590 Si
3142 2533 3302 2606 igitur
3324 2533 3450 2590 haec
3472 2544 3555 2589 est
3579 2531 3736 2607 dilecta

2176 2639 2230 2684 et
2261 2645 2458 2702 Sponsa
2485 2645 2604 2700 qua:
2630 2629 2744 2684 sola
2772 2643 2801 2684 a
2828 2627 3047 2684 Christo
3076 2627 3448 2684 sanctiﬁcatur
3473 2635 3528 2683 et
3554 2626 3732 2683 lavacro

2169 2724 2286 2796 ejus
2339 2723 2452 2798 sola
2490 2732 2764 2794 purgatur,
2812 2722 3157 2777 manifestum
3199 2731 3282 2778 est
3329 2721 3736 2788 haeresim,que

3869 1253 3884 2028 ί

2172 2833 2371 2890 sponsa
2411 2816 2609 2874 Christi
2637 2831 2744 2874 non
2792 2817 2884 2880 sit,
2919 2831 3020 2873 nec
3063 2816 3278 2902 purgari
3309 2830 3415 2872 nec
3451 2811 3734 2870 sanctiﬁcari

471 2923 576 2963 non
608 2905 866 2978 praevalet
915 2904 970 2958 in
1008 2918 1198 2957 manus
1243 2902 1586 2973 impositione
1629 2918 1789 2982 quam
1830 2899 2066 2956 valuisse
2176 2913 2391 2980 lavacro
2418 2911 2535 2982 ejus
2562 2926 2750 2984 posse,
2784 2909 2923 2966 ﬁlios
2954 2899 3351 2980 Deoigenerare
3384 2925 3492 2965 non
3514 2922 3676 2980 posse.

465 3000 797 3057 contendunt
825 3000 876 3054 in
907 2996 1157 3066 baptismi
1197 2997 1663 3053 sanctilicatione?
1699 2996 1836 3052 Nam
1877 2997 1922 3058 si
1962 3011 2065 3072 po-
2244 3005 2357 3064 Vl].
2389 3005 2560 3080 porro
2616 3012 2797 3060 autem
2837 3018 2946 3058 non
2995 3018 3089 3074 per
3135 3018 3326 3077 manus
3368 3002 3733 3076 impositionem

477 3105 583 3151 test
627 3094 747 3165 quis
773 3098 924 3148 extra
953 3087 1253 3147 Ecclesiam
1293 3099 1470 3156 natus,
1501 3088 1760 3160 templum
1803 3088 1896 3144 Dei
1928 3091 2067 3157 ﬁeri,
2097 3085 2142 3149 G
2176 3101 2294 3172 quis
2325 3098 2562 3172 nascitur
2582 3096 2796 3168 quando
2821 3095 3019 3166 accipit
3061 3094 3321 3166 Spiritum
3351 3101 3594 3168 sanctum
3618 3134 3633 3158 ,
3667 3088 3741 3146 sed

472 3207 568 3269 cur
595 3205 700 3244 non
741 3188 909 3259 possit
948 3202 1109 3258 super
1147 3186 1408 3256 templum
1454 3195 1509 3240 et
1566 3183 1796 3264 Spiritus
1857 3194 2074 3262 sanctus
2177 3195 2232 3251 in
2261 3193 2515 3254 Ecclesia;
2554 3191 2843 3262 baptismo,
2902 3198 2960 3245 ιη
2985 3189 3242 3260 spiritum
3274 3197 3524 3262 smmum
3549 3188 3650 3258 iam
3673 3198 3744 3239 na.

470 3282 712 3342 infundi?
757 3282 859 3350 Qui
910 3282 1055 3336 enim
1104 3281 1340 3350 peccatis
1390 3279 1443 3356 in
1491 3279 1762 3348 baptismo
1808 3279 2073 3349 expositis
2180 3296 2267 3342 tus
2293 3285 2538 3355 accipiat,
2571 3284 2711 3338 sicut
2736 3282 2788 3338 in
2818 3282 2995 3358 primo
3024 3279 3242 3354 homine
3272 3279 3447 3336 Adam
3475 3280 3657 3354 factum
3681 3283 3746 3331 est

472 3378 836 3436 sanctiﬁcatus
881 3386 963 3431 est
1009 3385 1062 3430 et
1105 3375 1159 3429 in
1201 3389 1406 3430 novum
1438 3374 1714 3428 hominem
1753 3374 2073 3443 spiritaliter
2177 3380 2333 3450 (Gen.
2384 3377 2466 3450 ιι).
2497 3380 2634 3432 Ante
2661 3377 2803 3432 enim
2853 3376 2996 3432 Deus
3035 3390 3158 3430 cum
3196 3373 3506 3446 plasmavit,
3553 3379 3604 3429 et
3647 3381 3745 3424 tunc

478 3469 820 3535 reformatus,
855 3467 921 3522 ad
967 3466 1339 3537 accipiendum
1371 3467 1630 3536 Spiritum
1662 3475 1903 3521 sanctum
1957 3466 2074 3522 ido-
2177 3470 2470 3529 insumavit
2499 3471 2552 3525 in
2584 3469 2775 3525 faciem
2810 3467 2926 3538 ejus
2955 3468 3140 3522 ﬁatum
3166 3468 3310 3522 vitae.
3352 3466 3468 3522 Nec
3512 3463 3644 3521 enim
3668 3476 3743 3534 pos

475 3576 612 3618 neus
638 3560 808 3615 lactus
838 3569 941 3624 est,
973 3559 1190 3628 quando
1206 3558 1500 3629 Apostolus
1526 3557 1701 3612 dicat:
1735 3557 1990 3628 Quotquot
2021 3559 2073 3613 in
2181 3572 2288 3620 test
2326 3544 2496 3629 accipi
2540 3561 2793 3630 Spiritus,
2831 3561 2933 3615 nisi
2974 3560 3125 3630 prius
3176 3559 3339 3615 fuerit
3387 3560 3482 3631 qui
3532 3554 3742 3626 accipiat.

477 3654 678 3711 Christo
708 3653 951 3725 baptizati
971 3652 1386 3720 cstis,Cltristum
1408 3650 1804 3722 induistis(Gal.
1841 3669 1916 3721 ιιι,
1951 3653 2070 3724 27),
2179 3657 2316 3712 Cum
2344 3666 2524 3712 autem
2549 3654 2802 3710 nativitas
2829 3651 3258 3728 Christianorum
3292 3653 3344 3730 in
3378 3652 3638 3723 baptismo
3661 3648 3740 3712 sit,

477 3750 569 3822 qui
611 3758 787 3820 potest
826 3747 967 3819 apttd
1009 3746 1298 3801 haereticos
1329 3746 1633 3814 baptizatus
1677 3745 1952 3802 Christum
1993 3746 2076 3800 in-
2181 3751 2436 3822 Baptismi
2467 3760 2645 3806 autem
2673 3749 2951 3820 generatio
2978 3757 3032 3804 et
3059 3746 3416 3804 sanctiﬁcatio
3443 3744 3580 3816 apud
3610 3740 3744 3799 solam

478 3844 665 3910 duere,
696 3843 867 3898 multo
896 3842 1066 3911 magis
1093 3848 1269 3910 potest
1318 3838 1578 3908 Spiritum
1619 3848 1882 3906 sanctum,
1913 3855 2073 3911 quem
2181 3858 2434 3914 sponsam
2476 3841 2676 3897 Christi
2717 3842 2806 3908 sit,
2837 3858 2955 3911 qua:
2987 3857 3176 3912 parere
3199 3839 3521 3910 spiritaliter
3540 3847 3590 3892 et
3613 3849 3744 3906 gene-

478 3936 725 3993 Christus
768 3933 936 4001 misit,
980 3931 1247 4002 accipere.
1304 3929 1569 4010 Caeterum
1611 3929 1783 4001 major
1819 3933 1923 3987 erit
1951 3931 2076 3986 mit-
2182 3952 2303 3992 rare
2325 3935 2464 3990 ﬁlios
2494 3935 2601 3990 Deo
2631 3935 2820 4005 possit,
2853 3934 2941 3989 ubi
2981 3945 3035 3990 et
3083 3949 3150 3990 ex
3179 3949 3282 4004 qua
3308 3938 3371 3988 et"
3392 3934 3478 3989 cui
3506 3940 3650 3988 natus
3684 3935 3746 3984 est

480 4039 626 4086 tente
673 4029 762 4099 qui
820 4027 1017 4082 missus
1064 4033 1166 4090 est,
1227 4033 1282 4078 ut
1334 4024 1556 4094 incipiat
1609 4023 1738 4078 loris
1779 4025 2077 4095 baptizatus
2185 4030 2273 4101 qui
2305 4029 2446 4084 ﬁlius
2493 4028 2749 4084 Ecclesiae
2796 4043 2900 4086 non
2936 4037 3038 4089 est,
3098 4037 3156 4082 ut
3189 4013 3399 4085 habere
3446 4028 3562 4098 quis
3604 4022 3742 4096 possit

481 4121 751 4180 Christum
803 4118 1019 4192 quidem
1069 4116 1339 4183 induisse,
1389 4116 1483 4172 sed
1525 4116 1781 4187 Spiritum
1831 4131 2071 4176 sanctum

2183 4125 2347 4180 Deum
2407 4130 2609 4193 patrem
2662 4130 2786 4178 ante
2840 4122 3135 4178 Ecclesiam
3170 4123 3441 4176 matrem?
3484 4119 3612 4176 Cum
3643 4127 3744 4171 vero

1713 4233 1954 4291 STEPH.
1999 4237 2267 4295 BALUZII
2305 4235 2537 4301 NOTAE.

560 4331 651 4393 IV.
675 4365 744 4376 -
767 4331 1028 4404 Profanos
1057 4338 1104 4404 et
1133 4340 1418 4404 extraneos.
1448 4327 1632 4404 Codex
1673 4331 1844 4404 sancti
1872 4332 2070 4386 Arnul-
2098 4335 2152 4394 D
2177 4347 2300 4388 esse
2327 4331 2536 4404 Avitum
2557 4329 2920 4404 Viennensem
2946 4331 3116 4404 liquet
3136 4345 3201 4404 ex
3225 4331 3463 4387 secunda
3492 4330 3602 4404 ejus
3620 4325 3745 4404 Epis-

490 4409 583 4482 phi
597 4398 890 4482 extrarios.
907 4402 998 4482 Sic
1027 4401 1188 4482 etiam
1219 4400 1451 4482 habebat
1485 4399 1829 4476 Veronensis.
1855 4473 1865 4482 _
2181 4405 2288 4482 tol_a
2318 4402 2383 4456 ad
2400 4401 2805 4482 _Gundobadum.
2839 4398 3206 4482 itepre'hendit
3233 4413 3415 4482 apte!“
3447 4398 3626 4482 minus
3653 4398 3746 4482 tua?

569 4480 629 4535 V.
653 4507 724 4519 —-
742 4476 846 4531 Cur
873 4474 1048 4528 eadem
1076 4473 1338 4542 majestas.
1365 4469 1505 4540 Lege
1534 4485 1624 4524 cur
1645 4487 1746 4524 non
1770 4473 1946 4526 cadent
1969 4492 2080 4529 ma-
2182 4477 2271 4543 qui
2306 4475 2588 4529 utebantur
2617 4489 2678 4528 ea
2711 4469 2962 4529 versione
2999 4489 3100 4542 qua
3133 4488 3232 4529 nos
3261 4475 3427 4530 hodie
3455 4473 3662 4528 utimur.
3689 4469 3744 4543 Ei

486 4551 667 4624 jeslas.
701 4544 1089 4624 Istud-excidii.
1121 4541 1286 4624 Error
1315 4543 1566 4624 inductus
1592 4551 1675 4596 est
1705 4557 1733 4596 a
1770 4543 1999 4616 Rigaltio
2025 4557 2082 4603 et
2185 4541 2362 4624 tamen
2381 4543 2908 4624 'I‘ertullianushunc
2930 4541 3105 4624 locum
3134 4545 3296 4624 refer}
3313 4561 3382 4601 eo
3400 4545 3558 4624 modo
3577 4559 3672 4624 quo
3687 4541 3742 4594 illi

492 4613 835 4680 continuatus
863 4618 914 4670 in
943 4616 1177 4688 editione
1204 4615 1516 4688 Anglicanas.
1545 4686 1554 4688 _
1671 4684 1718 4688 __
1823 4613 1858 4688 ί
2186 4618 2473 4672 utebantur
2501 4631 2636 4687 quos
2673 4617 2862 4672 Avitus
2903 4616 3232 4688 perstringit.
3265 4616 3320 4672 In
3349 4617 3571 4688 epistola
3599 4613 3743 4682 cujus-

567 4694 762 4749 Factus
789 4699 859 4744 est
890 4688 967 4742 .Iu
996 4687 1320 4741 editionibus
1353 4686 1641 4758 Erasmiiet
1671 4684 1894 4742 Morellii
1917 4730 1930 4752 ,
1962 4703 2082 4758 qua:
2185 4689 2308 4744 dam
2350 4684 2554 4743 Otherii
2603 4688 2669 4743 de
2713 4691 2860 4743 obitu
2903 4684 3162 4757 H‘ngonis'
3182 4688 3249 4742 de
3286 4684 3488 4745 Sancto
3531 4686 3740 4746 Victore,

496 4768 663 4838 magis
705 4763 1020 4838 placuerunt
1056 4758 1294 4838 Panielio
1336 4772 1494 4826 quam
1536 4757 1799 4838 Mautiana
1822 4801 1836 4823 ,
1889 4757 2083 4829 legitur
2186 4775 2344 4830 quam
2375 4759 2523 4838 ll._P.
2555 4760 2865 4838 Edmondus
2892 4761 3130 4838 Martene
3158 4760 3326 4815 edidit
3351 4763 3407 4838 i_n_
3431 4771 3572 4816 tomo
3594 4759 3743 4838 quinta

497 4823 661 4912 facins
689 4823 789 4889 non
817 4841 912 4887 est.
949 4829 1142 4912 Verum
1174 4829 1294 4912 libri
1311 4823 1531 4912 veteres
1558 4829 1894 4912 nonhahent
1925 4823 2084 4900 n'ega-
2191 4823 2413 4912 suorum
2441 4831 2871 4912 Aitecdotorum,
2915 4833 3184 4912 scriptum
3232 4841 3314 4912 esi
3365 4823 3744 4912 nugonemosub

495 4900 726 4970 iionem,
761 4920 879 4971 qua)
912 4900 1154 4972 profecto
1183 4900 1392 4955 videtur
1419 4915 1539 4955 esse
1569 4901 1835 4956 contraria
1867 4913 2086 4958 senten-

502 4984 590 5037 tizr.
621 4976 790 5032 sancti
819 4973 1093 5046 Cypriani.
1461 5044 1468 5046 Α
1588 5043 1596 5046 Α
1701 5044 1706 5046 Δ
1792 5043 1806 5046 Α

571 5050 661 5106 V’I.
675 5079 748 5089 —
763 5043 1012 5104 Seruauit.
1043 5043 1298 5098 Erasmus
1319 5044 1498 5113 posuit
1517 5043 1749 5098 saluauit.
1777 5043 1905 5112 Qum
1927 5045 2087 5101 lectio

502 5131 678 5180 exstat
698 5122 748 5174 in
773 5117 984 5174 duobus
1010 5115 1406 5185 exemplaribus
1422 5116 1636 5178 nostris,
1653 5124 1706 5170 et
1729 5117 1778 5169 in
1793 5117 2087 5172 Cambero-‘

501 5194 651 5250 nensi
675 5235 688 5254 ,
721 5201 776 5245 ut
807 5197 1031 5244 testatur
1063 5188 1346 5242 Pamelius.
1383 5189 1451 5240 At
1479 5187 1580 5240 alia
1610 5188 1867 5243 tredecim
1904 5198 2085 5241 nostra

502 5266 702 5322 habent
739 5261 969 5315 servavit.
1018 5259 1082 5312 Et
1123 5267 1296 5313 tamen
1335 5258 1492 5311 lectio
1523 5257 1734 5311 inducta
1764 5260 1831 5313 ab
1862 5258 2089 5314 Erasmo

504 5334 782 5410 prtevaluit
822 5331 1077 5410 hactenus
1120 5331 1170 5384 in
1199 5329 1461 5410 omnibus
1503 5329 1848 5410 editionibus:
1893 5329 2088 5385 Ctelius

500 5401 882 5476 Calcaguinus,
918 5401 990 5455 lib
1036 5417 1103 5476 tt,
1127 5402 1285 5470 epist.
1309 5403 1359 5465 9,
1387 5409 1573 5454 censet
1595 5401 1937 5475 scribendum
1970 5417 2089 5456 esse

501 5473 830 5539 servatorem
849 5517 862 5536 ,
893 5489 997 5527 non
1025 5475 1366 5526 salvatorem.
1741 5473 1745 5475 ’

578 5549 685 5605 VII.
721 5578 791 5587 ——
816 5545 1117 5615 lusu/ﬂavit.
1149 5544 1243 5597 llic
1263 5545 1413 5597 locus
1439 5559 1505 5597 ex
1532 5542 1706 5612 capite
1726 5543 1964 5598 secundo
1986 5543 2091 5599 Ge-

504 5635 698 5684 neseos
725 5618 1038 5685 desumptus
1062 5615 1598 5670 refertursecundum
1627 5615 1928 5670 versionem
1949 5617 2090 5668 anti-

503 5710 658 5779 quam
674 5705 777 5764 qua
793 5697 1009 5745 sanctus
1025 5687 1322 5756 Cyprianus
1343 5687 1610 5755 utebatur,
1634 5701 1735 5756 qua
1753 5686 1914 5742 etiam
1937 5701 2088 5743 usum

2190 4903 2296 4959 ietu
2341 4901 2559 4968 mortis,
2603 4918 2723 4957 cum
2761 4901 3098 4974 quaesivisset
3136 4905 3203 4958 ab
3232 4901 3548 4960 Otberto'an
3588 4901 3741 4969 aliquis

2191 4986 2385 5044 praeter
2424 4977 2594 5043 ipsum
2639 4975 2756 5029 heic
2796 4975 3012 5030 adesset
3052 4987 3104 5030 et
3145 4989 3212 5028 an
3243 4991 3310 5030 eo
3338 4976 3427 5030 die
3455 4974 3742 5029 celebrasset

2192 5047 2406 5100 missam
2426 5086 2440 5111 ,
2476 5046 2566 5100 illo
2588 5047 2955 5113 'rcsjtondente
2987 5047 3255 5102 neminem
3288 5047 3448 5101 alium
3483 5047 3551 5100 ibi
3580 5056 3683 5099 esse
3702 5046 3742 5092 el

2191 5132 2251 5190 se
2280 5132 2346 5172 eo
2371 5117 2458 5170 die
2483 5117 2819 5190 celebrasse,
2850 5117 3124 5190 llugonem
3145 5159 3158 5182 ,
3190 5119 3439 5190 inquam,
3469 5120 3516 5173 ei
3545 5116 3736 5190 dixisset

2193 5189 2385 5241 Accede
2410 5196 2456 5241 et
2481 5188 2728 5258 insit/ﬂata
2753 5190 2806 5242 in
2832 5187 3012 5258 faciem
3036 5204 3200 5242 meam
3225 5187 3279 5243 in
3306 5192 3512 5243 modum
3537 5187 3679 5243 erucis
3698 5188 3739 5233 ut

2191 5261 2441 5330 accipiam
2473 5257 2726 5331 Spiritum
2777 5257 3025 5314 sanctum.
3061 5261 3244 5330 Magna
3274 5262 3405 5316 ﬁdes
3429 5259 3650 5331 Hugonis
3663 5267 3740 5331 op-

2193 5325 2355 5385 tantis
2397 5330 2657 5385 insulﬁari
2700 5331 2752 5387 in
2795 5331 2984 5386 faciem
3025 5325 3208 5393 suam,
3243 5341 3301 5386 ut
3328 5335 3371 5388 si
3402 5325 3572 5387 minus
3597 5325 3737 5384 imita-

2194 5403 2338 5456 tione
2371 5412 2548 5469 posset
2575 5402 2819 5474 accipere
2865 5403 3119 5472 Spiritum
3173 5415 3444 5468 sanctum,
3474 5409 3609 5458 Certe
3642 5409 3737 5468 pro-

2193 5474 2335 5527 xime
2363 5473 2672 5538 accederet,
2707 5485 2761 5528 et
2791 5475 2861 5528 ita
2891 5477 3131 5531 securior
3157 5477 3257 5529 iret
3285 5475 3352 5530 ad
3381 5476 3648 5530 Christum.

2265 5543 2498 5617 Flatum.
2547 5544 2714 5617 Unus;
2741 5545 2912 5601 codex
2955 5546 3136 5617 regius
3185 5548 3523 5617 spiraculum,
3552 5543 3672 5600 sicut
3693 5539 3733 5594 in

2192 5615 2402 5684 vulgata
2429 5615 2663 5671 editione
2687 5615 2979 5673 Geneseos.

2267 5682 2396 5743 Ᾰηιι
2425 5687 2708 5744 Ecclesium
2733 5697 2969 5745 matrem.
3000 5689 3258 5748 Undecim
3290 5692 3410 5749 libri
3434 5698 3648 5754 veteres,
3670 5682 3733 5738 Ιια·
