3994 6340
269 223 410 296 H55

764 224 771 246 ¹
824 225 1098 300 CONTRA
1136 227 1516 314 EPlSTOLAM
1556 230 1899 298 STEPHANI
1937 232 2026 289 DF.
2064 230 2450 316 lliERETlClS
2478 223 2948 291 BAPTIZANDIS.
3001 233 3012 282 ζ

3403 227 3544 294 “Si

268 340 411 408 nulla
461 339 681 422 omnino
716 339 958 409 hteresis,
1000 341 1096 398 sed
1136 358 1310 422 neque
1347 343 1563 414 aliquod
1613 344 1847 400 schisma
1875 345 1928 407 Α
1955 346 2154 401 militia:
2201 355 2534 403 sacramenta
2575 347 2870 422 solvantur,
2911 356 3208 404 castrorum
3249 350 3547 408 caelestium

266 431 465 512 habere
481 413 738 512 salutaris
766 435 1014 504 baptismi
1055 413 1535 494 sanctificationcm
1568 439 1696 496 foris
1722 455 1850 512 pos—

262 526 354 594 sit,
381 509 477 582 cur
499 509 550 580 in
593 536 796 582 tantum
842 527 1099 599 Stephani
1129 531 1308 586 fratris
1356 532 1525 588 nostri
1563 509 1852 590 obstinatio

263 617 395 698 dura
424 619 663 700 prorupit
691 630 748 675 ut
777 622 934 677 etiam
965 621 1033 678 de
1070 622 1351 692 Marcionis
1376 625 1643 696 baptismo
1667 668 1680 689 ,
1725 627 1852 702 item

269 713 532 769 Valentini
557 723 610 770 et
633 715 908 784 Apelletis,
936 725 990 772 et
1010 726 1326 774 czeterorum
1358 718 1846 790 blasphemantium

263 805 317 860 in
347 804 514 862 Deum
547 806 757 862 Patrem
787 808 1075 864 contendat
1104 810 1241 866 filios
1274 812 1386 867 Deo
1436 815 1607 882 nasci,
1639 823 1694 869 et
1744 814 1856 870 illic

262 899 319 968 in
345 901 560 957 nomine
579 899 705 957 Jesu
727 900 923 976 Christi
951 901 1092 959 dicat
1118 905 1485 961 remissionem
1514 915 1855 978 peccatorum

261 997 378 1053 dari
399 997 489 1053 ubi
509 997 906 1068 blasphematur
930 999 982 1053 in
1010 998 1218 1055 Patrem
1240 999 1360 1056 etin
1378 999 1661 1056 Dominum
1687 1001 1854 1058 Deum

261 1091 578 1147 Christum?

336 1183 471 1240 Vlll.
502 1185 619 1252 Quo
657 1186 710 1241 in
751 1186 870 1241 loco
897 1186 1347 1244 considerandum
1399 1198 1502 1255 est,
1537 1189 1702 1244 frater
1732 1189 1859 1245 cha-

259 1279 490 1362 rissime,
514 1296 612 1354 pro
629 1281 731 1336 fide
754 1290 809 1338 et
834 1281 1088 1353 religione
1105 1283 1205 1339 loci
1221 1283 1588 1352 sacerdotalis,
1605 1301 1711 1358 quo
1737 1285 1858 1341 fun-

258 1377 457 1448 gimur,
497 1392 565 1432 an
614 1385 860 1434 constare
912 1377 1177 1458 sacerdoti
1204 1379 1297 1434 Dei
1327 1381 1460 1436 ratio
1489 1380 1541 1434 in
1568 1379 1652 1434 dic
1675 1379 1862 1450 judicii

260 1472 698 1543 possitasserenti
711 1482 765 1528 et
779 1457 1028 1546 probanti
1045 1483 1098 1530 et
1113 1474 1163 1528 in
1179 1485 1454 1546 acceptum
1477 1475 1728 1536 referenti
1748 1475 1862 1530 bla-

259 1567 656 1642 ephemantium
699 1568 1038 1646 baptismata,
1073 1584 1195 1624 cum
1224 1569 1480 1626 Dominus
1505 1570 1863 1625 committetur

259 1669 316 1718 et
343 1660 484 1716 dicat
511 1678 525 1714 :
557 1659 625 1715 Et
660 1677 794 1718 nunc.
821 1669 1132 1733 praeceptam
1162 1661 1256 1716 hoc
1295 1661 1363 1722 ad
1389 1678 1474 1716 vos
1501 1671 1605 1728 est,
1637 1678 1666 1716 ο
1692 1677 1864 1717 sacer-

1956 441 2103 512 signa
2127 440 2440 511 prodantur,
2469 442 2783 498 succumbat
2815 449 2871 512 et
2910 441 3063 498 cedat
3103 441 3342 499 Ecclesia
3373 443 3549 501 haere-

1958 535 2097 600 ticis,
2129 535 2216 590 lux
2245 536 2499 602 tenebris,
2531 535 2663 592 ﬁdes
2693 536 2958 608 perfidi-.n,
2993 553 3117 608 spes
3149 538 3543 610 despcrationi,

1957 627 2094 682 ratio
2119 628 2311 696 errori,
2342 628 2713 684 immortalitas
2742 629 2920 696 morti,
2945 627 3176 685 charitas
3191 629 3334 696 odio,
3351 631 3551 688 veritas

1958 721 2259 790 mendacio,
2287 721 2536 778 Christus
2566 722 2904 778 antichristo.
2936 722 3123 779 Merito
3152 732 3206 780 et
3236 724 3315 778 sic
3355 725 3409 779 in
3436 724 3552 781 dies

1959 815 2197 887 singulos
2225 817 2516 873 schismata
2545 826 2600 873 et
2626 817 2861 874 haereses
2901 827 3150 889 surgunt,
3194 819 3437 874 crebrius
3473 828 3552 876 at-

1960 926 2063 986 que
2089 912 2308 966 uberius
2334 920 2676 981 excrescunt,
2705 922 2759 968 et
2801 913 3120 983 serpentinis
3161 913 3397 970 crinibus
3435 915 3555 984 pul-

1962 1004 2192 1061 lulantes
2232 1005 2492 1064 adversus
2545 1005 2842 1063 Ecclesiam
2893 1003 2989 1061 Dei
3030 1005 3324 1073 majoribus
3354 1007 3557 1064 viribus

1960 1113 2288 1154 veneronum
2315 1114 2534 1154 suorum
2558 1100 2702 1154 virus
2724 1107 3067 1170 expromunt,
3093 1099 3218 1154 dum
3251 1098 3359 1152 illis
3387 1099 3556 1154 advo-

1961 1194 2171 1249 catione
2191 1194 2544 1264 quorumdam
2557 1203 2611 1250 et
2627 1195 2919 1250 auctoritas
2941 1203 3224 1265 praestatur
3242 1203 3295 1249 et
3313 1193 3552 1258 firmitas,

1963 1286 2089 1342 dum
2121 1286 2386 1357 baptisma
2411 1302 2599 1343 eorum
2619 1287 2946 1356 defenditur,
2980 1286 3107 1342 dum
3135 1286 3289 1355 fides,
3321 1285 3446 1342 dum
3469 1302 3562 1342 ve:-

1963 1381 2095 1437 ritas
2143 1380 2405 1451 proditur,
2453 1381 2579 1437 dum
2625 1381 2679 1436 id
2715 1381 2856 1453 quod
2891 1391 3079 1437 contra
3106 1381 3398 1437 Ecclesiam
3431 1381 3563 1436 foris

1964 1473 2168 1544 geritur
2190 1473 2333 1528 intus
2356 1474 2409 1527 in
2439 1473 2554 1544 ipsa
2580 1472 2824 1530 Ecclesia
2855 1474 3178 1530 vindicatur.

2040 1567 2130 1622 IX.
2161 1568 2316 1634 Quod
2354 1569 2400 1622 si
2434 1577 2521 1626 est
2559 1569 2699 1639 apud
2726 1584 2844 1638 nos,
2874 1569 3039 1626 frater
3059 1569 3426 1636 dilectissime,
3466 1570 3567 1627 Dei

1970 1662 2149 1727 timor,
2189 1663 2236 1718 si
2264 1671 2420 1718 tenor
2450 1663 2708 1734 praevalet
2746 1663 2901 1730 fidei,
2935 1665 2981 1720 si
3013 1665 3342 1736 custodimus
3367 1664 3571 1722 Christi

260 1753 423 1821 dotes,
455 1749 497 1809 si
531 1770 631 1808 non
688 1753 972 1821 audieritis,
1024 1764 1071 1808 et
1108 1755 1152 1808 si
1178 1772 1279 1809 non
1308 1756 1577 1836 posueritis
1623 1756 1676 1809 in
1709 1755 1862 1811 corde
1890 1755 1938 1816 B
1965 1764 2260 1828 praecepta,
2291 1756 2338 1811 si
2373 1756 2740 1827 incorruptam
2781 1766 2942 1827 atque
2990 1757 3303 1813 inviolatam
3356 1774 3572 1830 sponsa:

259 1857 424 1902 vestro
466 1855 521 1912 ut
555 1846 686 1902 detis
727 1847 971 1909 honorem
1017 1847 1213 1901 nomini
1259 1865 1388 1913 meo,
1436 1849 1558 1904 dicit
1609 1847 1860 1903 Dominus

261 1942 601 2011 omnipotens,
633 1941 900 1996 immittam
931 1942 986 1996 in
1031 1959 1120 1997 vos
1151 1943 1592 2010 maledictionem,
1627 1953 1672 1998 et
1703 1945 1861 1999 male-

260 2037 428 2110 dicam
467 2037 862 2107 benedictionem
903 2046 1124 2092 vestram
1176 2036 1430 2109 (Malach.
1478 2055 1534 2104 ιι,
1566 2039 1616 2102 1,
1645 2038 1723 2110 2).
1766 2039 1863 2092 Dat

262 2131 522 2208 honorem
557 2131 664 2202 Deo
691 2131 780 2202 qui
824 2130 1107 2210 Marcionis
1151 2130 1419 2201 baptismo
1467 2131 1862 2186 communicat?

265 2222 365 2298 Dat
395 2223 656 2291 honorem
689 2224 798 2279 Deo
825 2223 916 2296 qui
943 2223 1082 2292 apud
1103 2238 1197 2278 eos
1222 2223 1385 2294 quiin
1415 2223 1579 2279 Deum
1611 2222 1862 2295 blasphe—

261 2301 410 2388 mant
442 2317 815 2374 remissionem
848 2327 1192 2390 peccatorum
1221 2315 1334 2371 dari
1360 2315 1602 2387 iudicat?
1627 2299 1734 2370 Dat
1765 2317 1862 2370 ho-

262 2427 449 2488 norem
483 2412 592 2468 Deo
624 2412 713 2482 qui
746 2410 876 2482 foris
906 2410 973 2465 de
1017 2393 1257 2478 adultera
1286 2418 1340 2465 et
1379 2391 1668 2465 ‘fornicaria
1715 2409 1862 2465 nasci

263 2505 374 2580 Deo
407 2505 544 2561 filios
572 2504 881 2562 asseverat?
921 2503 1022 2558 Dat
1051 2487 1312 2558 honorem
1345 2501 1457 2558 Deo
1482 2503 1572 2572 qui
1603 2501 1864 2558 unitatem

263 2607 318 2668 et
344 2598 622 2652 veritatem
667 2595 736 2651 de
782 2594 960 2650 divina
1000 2581 1119 2665 lege
1168 2594 1480 2660 venientem,
1517 2609 1624 2649 non
1673 2602 1864 2649 tenens

264 2690 500 2746 haereses
521 2698 710 2745 contra
729 2687 1023 2744 Ecclesiam
1049 2671 1322 2758 vindicat?
1353 2687 1451 2742 Dat
1472 2685 1734 2742 honorem
1751 2686 1864 2741 Deo

263 2784 354 2856 qui
398 2765 778 2860 haereticorum
814 2780 1020 2836 amicus
1059 2789 1114 2835 et
1157 2777 1404 2835 inimicus
1434 2778 1862 2835 Christianorum

263 2875 571 2933 sacerdotes
599 2875 692 2932 Dei
711 2873 989 2930 veritatem
1018 2870 1218 2926 Christi
1243 2880 1299 2927 et
1326 2870 1581 2927 Ecclesia:
1609 2871 1866 2926 unitatem

265 2977 476 3042 tuentes
505 2966 855 3046 abstinendos
905 2965 1093 3064 putat?
1120 2964 1177 3020 Si
1225 2964 1304 3020 sic
1340 2951 1513 3032 honor
1545 2965 1656 3020 Deo
1684 2965 1862 3032 datur,

264 3063 309 3120 si
343 3065 419 3120 sic
446 3079 476 3118 a
507 3061 807 3119 cultoribus
837 3069 895 3116 et
919 3057 1303 3115 sacerdotibus
1329 3058 1445 3130 ejus
1490 3057 1585 3115 Dei
1628 3060 1788 3116 timor
1811 3066 1869 3116 et

1964 1847 2080 1918 ejus
2107 1845 2441 1904 sanctitatem
2473 1856 2706 1914 tuemur,
2729 1850 2774 1904 si
2802 1848 3008 1904 luerent
3033 1850 3280 1906 sensibus
3308 1861 3362 1906 et
3388 1852 3570 1907 cordi-

1966 1940 2066 1996 bus
2091 1941 2291 1995 nostris
2320 1940 2484 1996 verba
2526 1941 2739 1996 Domini
2766 1939 3029 2001 dicentis:
3061 1941 3226 1998 Putas
3247 1960 3361 1998 cum
3385 1945 3574 1999 venerit

1968 2033 2108 2102 filius
2136 2033 2377 2100 hominis,
2425 2033 2644 2090 inveniet
2669 2035 2823 2104 fidem
2852 2037 2906 2091 in
2934 2045 3071 2091 terra
3111 2034 3264 2111 (Luc.
3289 2054 3440 2107 xvm,
3471 2040 3528 2110 5)
3554 2038 3579 2092 ’ἐ

1968 2128 2091 2198 quia
2121 2127 2310 2184 fideles
2344 2127 2440 2182 Dei
2469 2127 2688 2193 milites,
2722 2129 2811 2198 qui
2837 2129 2946 2184 Deo
2974 2128 3079 2185 fide
3109 2138 3164 2184 et
3191 2130 3451 2201 religione
3472 2131 3584 2186 sin-

1972 2235 2101 2276 cera
2123 2220 2436 2285 militamus,
2460 2219 2750 2275 commissa
2774 2219 2930 2276 nobis
2955 2215 3210 2277 divinitus
3235 2230 3412 2278 castra
3444 2222 3578 2279 Iide-

1968 2315 2004 2369 li
2033 2315 2234 2370 virtute
2264 2329 2562 2370 servemus.
2591 2312 2698 2369 Nec
2725 2313 3062 2370 consuetudo
3090 2330 3211 2385 quae
3235 2315 3376 2386 apud
3407 2330 3574 2386 quos-

1969 2406 2094 2462 dam
2150 2406 2470 2476 obrepserat
2518 2405 2781 2477 impedire
2829 2405 2990 2462 debet
3039 2407 3330 2477 quominus
3374 2409 3576 2464 veritas

1971 2499 2262 2569 praevaleat
2305 2506 2360 2554 et
2402 2497 2598 2553 vincat.
2641 2496 2774 2554 Nam
2814 2496 3151 2554 consuetudo
3201 2499 3318 2555 sine
3349 2501 3580 2558 veritate

1971 2603 2210 2649 vetustas
2234 2593 2436 2648 erroris
2455 2601 2555 2650 est.
2585 2592 2816 2664 Propter
2845 2594 3010 2665 quod,
3035 2595 3224 2651 relicto
3247 2611 3454 2663 errore,
3484 2613 3576 2653 se-

1970 2702 2197 2759 quamur
2223 2687 2526 2754 veritatem,
2559 2688 2792 2743 scientes
2821 2689 2946 2760 quia
2975 2675 3029 2744 et
3056 2689 3198 2761 apud
3222 2690 3446 2746 Esdram
3482 2707 3578 2748 vea

1971 2779 2103 2836 ritas
2123 2780 2328 2844 vincit,
2357 2780 2496 2835 sicut
2520 2779 2776 2851 scriptum
2805 2790 2890 2836 est
2918 2798 2933 2836 :
2975 2781 3174 2838 Veritas
3218 2789 3388 2839 manet
3414 2794 3462 2840 et
3494 2786 3577 2840 in-

1971 2871 2176 2927 valescit
2203 2873 2257 2926 in
2286 2882 2530 2927 aeternum
2559 2882 2604 2926 et
2633 2873 2748 2926 vivit
2791 2884 2839 2927 et
2864 2871 3051 2928 obtinet
3092 2876 3146 2928 in
3185 2876 3376 2931 sazcula
3409 2893 3574 2932 stecu-

1974 2965 2160 3020 lorum.
2200 2963 2313 3018 Nec
2345 2973 2417 3020 est
2444 2967 2587 3036 apud
2612 2981 2724 3020 eam
2754 2967 2984 3037 accipere
3011 2984 3282 3040 personam
3305 2986 3396 3026 nec
3426 2967 3578 3040 diﬁc-

1971 3059 2186 3126 rentius,
2210 3059 2299 3114 sed
2324 3073 2437 3130 qute
2457 3069 2572 3112 sunt
2588 3059 2736 3128 justa
2763 3060 2918 3130 facit,
2951 3077 3041 3116 nec
3071 3070 3146 3116 est
3169 3063 3222 3117 in
3238 3065 3441 3135 judicio
3468 3066 3580 3136 ejus

265 3157 545 3234 disciplina
587 3163 850 3221 servatur,
899 3152 1215 3224 abjiciamus
1261 3167 1429 3219 arma,
1458 3167 1648 3209 manus
1677 3153 1940 3232 demusC
1973 3153 2229 3224 iniquum,
2277 3151 2367 3207 sed
2412 3151 2693 3222 fortitudo,
2744 3161 2792 3206 et
2842 3169 3075 3226 regnum,
3108 3163 3156 3210 et
3204 3157 3479 3226 majestas,
3532 3164 3581 3211 et

266 3253 320 3309 in
346 3252 731 3324 captivitatem,
755 3247 1029 3305 tradamus
1049 3247 1264 3304 diabolo
1285 3247 1675 3304 ordinationem
1695 3249 1870 3305 Evan-

265 3348 412 3420 gelii,
445 3344 852 3418 dispositionem
878 3339 1110 3412 Christi,
1143 3340 1478 3413 maiestatem
1513 3341 1643 3405 Dei,
1665 3339 1862 3397 divina:

1979 3257 2202 3320 potestas
2223 3246 2452 3300 omnium
2473 3245 2800 3301 steculorum.
2829 3244 3135 3303 Benedictus
3156 3247 3412 3305 Dominus
3441 3250 3582 3305 Deus

1970 3343 2196 3396 veritatis
2227 3337 2329 3414 (Ill
2357 3337 2514 3395 Esdr.
2542 3355 2617 3407 ιν,
2650 3339 2867 3412 Erl-l0).
2897 3339 3070 3410 Quam
3113 3341 3395 3400 veritatem
3425 3343 3583 3400 nobis

1472 3453 1712 3514 STEPH.
1744 3452 2021 3512 BALUZII
2059 3453 2290 3512 ΝυΤὶΕ.

267 3575 382 3634 beat
421 3586 540 3634 ante
579 3573 864 3640 Ecclesium
893 3581 1126 3640 matrem.
1157 3570 1270 3628 Sed
1293 3585 1394 3630 vox
1425 3568 1608 3638 habeat
1634 3567 1795 3640 deest
1816 3569 1873 3624 in

269 3649 441 3704 tribus
473 3647 660 3704 itidem
690 3639 924 3710 antiquis
955 3639 1008 3700 et
1040 3643 1093 3698 in
1124 3639 1457 3710 editipnihus
1489 3641 1740 3710 antiquis.
1776 3639 1876 3695 Su-

386 3701 799 3791 e‘pi‘stipag.
817 3701 920 3773 90:
951 3715 1080 3769 Ante
1108 3701 1314 3768 Domini
1343 3728 1518 3783 pacem
1542 3701 1704 3766 mater
1730 3713 1873 3781 prior

269 3802 457 3848 sumat.
685 3801 688 3806 ’

344 3863 595 3937 Stephani
633 3859 1012 3937 fratrisnostri
1053 3857 1344 3937 obstinatio.
1379 3855 1698 3937 Vincentius
1735 3853 1874 3937 [tiri-

272 3927 476 4004 nensis,
525 3952 575 3991 c.
621 3927 713 4000 21,
739 3934 875 4004 dixit
907 3940 1047 4004 tanto
1077 3931 1353 4004 adamante
1383 3927 1710 4004 pertinacia}:
1744 3927 1873 4004 Cas-

270 3997 541 4070 siodorus.
576 4007 667 4062 lib.
693 3997 763 4068 iv,
793 4002 952 4072 epist.
982 4003 1048 4065 5,
1080 4000 1241 4056 cruda
1271 3999 1626 4072 obstinatione.
1660 3997 1872 4072 consti-

272 4081 408 4136 tutio
448 4079 688 4136 Gratiani
727 4085 782 4132 et
809 4069 1172 4132 Valentiniani
1202 4072 1256 4127 in
1287 4069 1440 4126 titulo
1467 4069 1669 4125 codicis
1697 4069 1879 4130 Theo-

271 4152 484 4208 dosiani
505 4149 576 4206 de
596 4148 886 4212 haereticis,
909 4142 1220 4200 consuetudo
1243 4141 1595 4198 obstinationis
1620 4143 1869 4212 pertinax.

271 4217 476 4291 Contra
515 4219 810 4291 pertinacia
851 4215 1064 4291 virtutis
1105 4215 1246 4291 apud
1278 4213 1547 4291 Valerium
1587 4213 1876 4291 blattimum

275 4294 371 4351 lib.
398 4287 488 4361 ιιι,
515 4283 634 4364 cap.
652 4292 709 4347 2.
731 4289 1098 4365 Pertinaciarn
1115 4283 1260 4365 enim
1287 4283 1574 4356 aliquando
1601 4285 1656 4365 in
1682 4283 1876 4365 bonam

275 4357 484 4436 partem
512 4357 787 4436 acceptant
816 4377 950 4436 esse
991 4375 1022 4413 a
1063 4358 1296 4436 baronio
1337 4371 1438 4413 nos
1476 4357 1782 4412 monuimus
1824 4357 1877 4409 in

273 4430 512 4509 itOtisad
537 4430 1232 4509 capitulariakpqg;HH-
1375 4499 1385 4509 .
1530 4500 1586 4509 Α.
1671 4507 1677 4509 _
1799 4497 1810 4507 .

345 4508 484 4566 Vill.
503 4499 857 4563 ~Sacerdoti
887 4499 1004 4562 Dei.
1032 4501 1110 4557 ha
1141 4515 1235 4560 sex
1267 4499 1387 4554 lihri
1421 4500 1590 4554 nostri
1631 4507 1688 4556 et
1723 4499 1881 4568 quin-

275 4597 382 4652 que
409 4579 712 4651 Anglicani.
747 4579 917 4652 Antea
948 4574 1258 4652 legebatur:
1293 4570 1593 4652 Sacerdotis
1621 4570 1717 4652 Dei
1748 4568 1881 4624 ratio

276 4643 330 4707 in
359 4653 442 4706 die
457 4643 646 4722 judicii
679 4643 1133 4722 possitasserentis
1159 4656 1207 4722 et
1239 4643 1590 4713 prwsumentis
1617 4653 1664 4697 et
1691 4644 1744 4696 in
1788 4657 1879 4695 ac-

277 4717 478 4795 ceptum
509 4717 774 4795 referentis
804 4717 1287 4795 blaspltentantium.

351 4785 576 4850 Divina!
595 4793 790 4848 militia:
814 4785 989 4844 sacrae.
1027 4787 1170 4846 Infra
1199 4789 1250 4842 iu
1283 4787 1422 4843 libro
1451 4785 1515 4839 de
1543 4785 1720 4854 Lapis,
1758 4799 1878 4854 pag.

281 4865 384 4924 185
407 4885 420 4922 :
455 4864 644 4920 Christi
672 4874 1046 4920 sacramentum
1074 4860 1351 4914 temeritate
1378 4858 1629 4927 prazripiti
1657 4856 1879 4910 solvere-

279 4947 382 4992 tur.
425 4938 646 4993 Sumpta
689 4934 788 4988 iSIa
828 4950 894 4988 ex
933 4933 1210 4993 disciplina
1254 4930 1492 4984 militari.
1529 4928 1659 4984 Vide
1684 4927 1882 4984 Godes-

279 4952 382 4992 tur.
425 4952 552 4993 διιιιι
601 4952 646 4988 ta
689 4952 788 4988 [Sta
828 4952 894 4988 ex
933 4952 1062 4985 UISCI
1108 4952 1210 4986 una
1254 4952 1492 4984 "unum.
1536 4952 1659 4984 vrue
1684 4952 1880 4984 υυυυθ·

279 5009 526 5066 chalcum
554 4952 918 5065 gtewechium
944 5004 1009 5056 ad
1031 4952 1309 5073 Vigetimn
1326 5043 1346 5073 ,ν
1367 5001 1456 5056 ubi
1482 5009 1627 5073 recte
1653 4999 1880 5055 formam

280 5081 606 5140 sacramenti
645 5077 871 5134 militum
910 5071 1218 5143 explica—vit.
1256 5071 1390 5128 Vide
1428 5072 1588 5143 etiam
1630 5081 1878 5143 sanctum

280 5151 543 5208 Joannem
573 5142 1019 5220 Chrysostomum
1046 5147 1098 5202 in
1123 5145 1276 5202 initio
1307 5142 1557 5200 secundae
1590 5142 1882 5212 paraenesis

281 5223 348 5280 ad
379 5220 721 5278 Theodorum
750 5221 979 5289 lapsum.

353 5293 650 5350 Castrorum
691 5285 986 5354 ca;léstium.
1037 5290 1207 5346 Antea
1255 5285 1538 5358 legebatur
1579 5299 1878 5358 sacrorum,

284 5367 435 5422 nullo
477 5381 658 5421 sensu.
710 5361 1064 5420 Rcstituimus
1104 5375 1289 5420 veram
1316 5355 1622 5412 lectionem
1663 5372 1729 5412 cx
1778 5355 1882 5410 fide

283 5438 470 5510 decem
499 5448 734 5510 veterem
761 5433 1165 5510 euetnplarium.
1275 5500 1284 5510 .
1441 5501 1452 5510 _
1720 5498 1752 5510 Α.
1835 5497 1845 5507 θ

360 5507 593 5566 Uberius.
629 5509 772 5566 lianc
801 5507 1085 5560 lectionem
1111 5504 1412 5564 invenimus
1441 5504 1492 5553 in
1521 5514 1615 5556 sex
1644 5504 1881 5567 antiquis

287 5581 564 5636 codicibus
609 5580 806 5634 nostris
849 5587 904 5632 et
948 5575 1283 5650 inquinque
1327 5571 1655 5650 Anglicani}
1683 5567 1881 5650 'Antea

287 5652 546 5722 scriptum
573 5660 697 5724 erat
713 5641 1079 5724 liberius.__Sic
1113 5648 1166 5724 in
1197 5641 1356 5700 'calce
1393 5644 1546 5724 istius
1593 5641 1876 5724 Epistula},

290 5713 414 5794 pag:
442 5724 568 5788 Ml,
609 5721 740 5794 vitio
779 5717 986 5776 librarii
1020 5718 1252 5794 positum
1286 5723 1410 5794 _era_t
1448 5715 1500 5770 in
1540 5729 1650 5794 una
1689 5713 1881 5768 codice

194 5778 202 5815 ⁵
290 5778 388 5868 git;
407 5778 584 5854 eadem
613 5793 844 5852 libertate
871 5807 970 5863 pro
999 5778 1246 5856 ubertate.
1284 5788 1342 5846 ιιι
1371 5785 1726 5860 Burgundico
1773 5800 1874 5842 rc-

195 5884 224 5930 L

1977 3571 2094 3640 peri
2121 3570 2181 3643 in
2204 3569 2341 3625 libro
2371 3569 2434 3623 de
2462 3566 2658 3643 Habitu
2693 3567 2983 3643 Virginum,
3012 3585 3135 3643 pag.
3165 3569 3299 3628 175:
3330 3569 3582 3632 Faculta.

1977 3652 2085 3695 tant
2127 3640 2356 3711 libertate
2394 3640 2670 3711 locupletes
2711 3640 2810 3710 pro
2850 3640 3102 3696 ubertate:
3142 3643 3211 3697 Et
3246 3647 3296 3698 in
3336 3645 3476 3702 libro
3516 3651 3581 3704 de

1982 3711 2229 3767 Oratione
2260 3710 2554 3776 Dominica,
2589 3727 2712 3782 pag.
2740 3711 2869 3781 207,
2902 3713 2954 3766 in
2987 3713 3176 3769 codice
3205 3711 3492 3774 Pitboaano
3529 3731 3586 3775 et

1977 3786 2033 3860 i_n
2066 3783 2300 3860 ΔΤιιιιθιιο
2341 3784 2579 3860 bonitatis
2620 3783 2825 3860 libertas
2859 3799 2963 3860 pro
2990 3784 3210 3860 ubertas.
3242 3784 3301 3840 lu
3332 3788 3436 3844 hac
3467 3792 3585 3860 ipsa

1979 3855 2220 3928 Epistula
2239 3870 2398 3930 Lxxrv
2416 3855 2480 3908 ad
2499 3855 2836 3930 Pompeium,
2858 3855 2909 3910 in
2928 3855 3118 3912 codice
3131 3856 3394 3925 Lamonii,
3419 3855 3582 3930 paulo

1980 3925 2104 3998 post
2133 3944 2267 3992 aqua
2294 3925 2506 3998 collecta
2536 3926 2712 3998 eadem
2742 3926 2970 3981 libertate
3013 3925 3436 3992 reprmentatur:
3473 3931 3584 3988 Pro

1980 3996 2089 4070 quo
2115 3999 2205 4054 alii
2231 3996 2448 4070 codices
2475 4006 2530 4070 et
2552 3997 2820 4070 editiones
2846 4007 2995 4070 recte
3020 3997 3223 4070 habent
3245 4001 3492 4058 ubertate.
3520 4004 3582 4061 In

1983 4067 2122 4144 libro
2151 4072 2215 4125 de
2240 4067 2416 4130 Laude
2459 4068 2701 4144 Martyrii
2741 4069 2793 4144 in
2835 4069 3072 4130 editione
3104 4069 3341 4144 Morellii
3385 4072 3580 4144 legitur

1983 4141 2184 4197 uberius
2211 4151 2360 4209 atque
2389 4142 2709 4210 propensius.
2756 4140 2866 4198 Pro.
2889 4155 2998 4212 quo
3026 4141 3243 4212 quidam
3275 4143 3400 4201 libri
3428 4140 3578 4205 vete-

1984 4229 2073 4268 res
2101 4213 2301 4268 habent
2329 4211 2557 4268 liberius.

2057 4284 2314 4340 Crinibus.
2347 4283 2756 4356 Quamvishtec
2792 4283 2975 4356 lectio
2996 4300 3104 4342 non
3144 4287 3444 4356 reperiatur
3474 4291 3582 4348 nisi

1985 4357 2042 4431 in
2063 4357 2298 4431 quinque
2320 4355 2739 4431 exetnplaribus,
2763 4372 2867 4431 non
2890 4355 3078 4431 dubito
3101 4355 3426 4431 tamenquia
3451 4379 3580 4431 prae.

1905 4435 1960 4496 ι)
1986 4427 2207 4483 ferenda
2249 4427 2320 4480 sit
2357 4427 2405 4480 ei
2436 4441 2555 4495 qum
2581 4426 2898 4495 jamdudum
2925 4428 3246 4484 invaluerat.
3274 4426 3393 4487 Non
3420 4426 3579 4490 video

1985 4499 2129 4556 enim
2161 4497 2290 4569 quid
2317 4497 2618 4568 significent
2647 4497 2763 4553 haec
2789 4499 2985 4566 verba,
3019 4502 3320 4568 serpentinis
3349 4505 3576 4561 crinibus

1987 4571 2323 4642 pullulantes.
2349 4571 2578 4639 Agnovit
2594 4569 2856 4642 Rigaltins
2873 4571 2974 4625 hoc
2991 4585 3113 4628 esse
3132 4587 3338 4628 verum.
3359 4575 3413 4630 In
3430 4592 3579 4632 erra-

1984 4640 2054 4715 iis
2080 4643 2221 4697 enim
2253 4640 3004 4715 monuitreponendumcsse
3029 4644 3273 4700 crinibus.
3301 4645 3575 4715 Horatius,

1983 4714 2078 4770 lib.
2112 4729 2198 4780 ιιι,
2225 4711 2328 4767 ode
2349 4713 2439 4768 διε
2466 4709 2680 4768 Intbrtis
2700 4712 2902 4780 capillis
2923 4712 3267 4770 Eumenidum
3287 4709 3580 4775 recreantur

1985 4803 2196 4857 angues.
2223 4784 2377 4857 Ideni
2393 4783 2698 4857 epodonv;
2723 4782 2942 4857 Canidia
2962 4785 3189 4842 brevibus
3214 4787 3480 4856 implicata
3504 4793 3578 4846 vi-

1985 4855 2121 4928 peris
2139 4858 2324 4928 crines.
2348 4855 2553 4928 Seneca
2572 4855 2753 4912 Medea
2773 4873 2786 4908 :
2807 4855 2992 4928 Adeste
3027 4857 3231 4928 sceleris
3248 4855 3453 4917 ultrices
3469 4864 3578 4920 dett:

1985 4927 2176 4984 crinem
2205 4927 2386 4982 solutis
2407 4927 2655 4997 squalida:
2683 4927 3014 4995 serpentibus.
3051 4927 3298 4984 Lucanus
3325 4931 3418 4987 lib.
3447 4949 3499 4988 vl
3524 4953 3538 4989 :

2139 4998 2202 5048 Et
2234 5012 2371 5062 com_a
2404 4999 2622 5062 vipereis
2655 4998 3004 5061 substringitur
3037 4997 3234 5050 horrida
3264 5005 3432 5054 scrtis.

1985 5062 2289 5118 Ludovicus
2317 5059 2515 5116 Caelius
2545 5059 2898 5130 Rhodiginus,
2937 5062 3028 5115 lib.
3061 5077 3109 5128 ι,
3142 5077 3260 5132 cap.
3287 5064 3377 5132 40,
3412 5067 3580 5123 refert

1986 5152 2051 5192 ex
2074 5138 2652 5208 Avicennaserpcntes
2676 5148 2742 5186 ex
2766 5133 3050 5208 mulierum
3080 5133 3347 5208 praecipue
3367 5138 3577 5208 capillis

1985 5207 2216 5274 concipi.
2242 5203 2484 5260 Similem
2509 5219 2749 5259 errorem
2774 5204 3077 5260 notavimus
3095 5207 3150 5260 in
3174 5203 3319 5262 tomo
3338 5203 3576 5268 secundo

1984 5277 2392 5348 Capitularium,
2416 5292 2513 5347 pag
2555 5276 2679 5348 981.

2057 5345 2150 5404 IX.
2175 5378 2247 5388 —
2269 5345 2596 5402 Inviolatam.
2629 5345 2811 5416 Codex
2843 5345 3141 5416 Fuxensis,
3173 5350 3576 5410 immaculatam.

2057 5419 2378 5478 Consuetudo
2403 5420 2511 5474 sine
2534 5419 2759 5490 veritate.
2778 5415 2922 5490 Citat
2943 5417 3082 5490 hunc
3107 5415 3283 5477 Incum
3301 5463 3318 5490 ,
3343 5426 3441 5480 sed
3468 5444 3576 5484 non

1986 5493 2258 5560 nominato
2279 5491 2564 5561 Cypriano,
2595 5489 2841 5565 Angelus
2855 5487 3160 5565 Politianus
3176 5493 3227 5548 in
3259 5487 3576 5565 praefatione

1986 5565 2449 5621 miscellaueorum
2497 5577 2735 5616 suorum.
2782 5561 2868 5615 Ait
2905 5561 3080 5617 enim:
3123 5561 3350 5621 Pulchre
3388 5570 3460 5623 sic
3502 5571 3576 5624 ait

1984 5639 2226 5704 quidam:
2259 5634 2577 5690 Consuetudo
2608 5633 2713 5705 sine
2745 5633 2950 5700 veritate
2978 5644 3198 5705 vetustas
3245 5641 3432 5694 erroris
3473 5650 3566 5696 est.

1985 5709 2128 5766 Citat
2157 5707 2316 5762 etiam
2345 5706 2631 5770 Gratianus
2659 5704 2784 5759 dist.
2815 5705 2848 5760 8
2869 5746 2884 5770 ,
2913 5719 3032 5776 cap.
3067 5704 3409 5772 Consuetudo.
3441 5712 3576 5770 Vide

1986 5791 2141 5838 notas
2166 5779 2232 5836 ad
2259 5777 2538 5849 epistolam
2571 5791 2734 5844 uxr,
2769 5792 2867 5850 pag
2916 5777 3042 5835 498.
