3994 6340
265 395 398 454 HM

1362 377 1450 452 oi:
1486 371 1934 455 esuriamus
1963 395 2394 456 NOVATIANIS.
2444 405 2450 426 ε
2527 384 2529 386 ’

3406 403 3548 462 1142

335 511 425 567 IV.
449 507 605 566 Foris
630 511 774 566 enim
799 525 904 567 non
931 525 1054 569 esse
1080 501 1376 568 Ecclesiain
1411 527 1511 568 nec
1543 513 1715 568 scindi
1759 511 1854 568 ad-
1880 503 1934 575 Α
1958 513 2298 572 ordinatione
2345 514 2677 572 succedanea
2729 518 3070 588 prmsidente,
3123 521 3322 577 nemini
3361 538 3548 581 succe-

266 621 481 663 versum
514 620 572 660 se
603 613 696 661 aut
733 603 896 661 dividi
945 621 1120 676 posse,
1155 606 1251 661 sed
1298 603 1671 676 inseparabilis
1697 615 1856 676 atque

270 697 560 757 individua:
589 689 781 754 domus
811 699 1067 756 unitatem
1101 709 1283 756 tenere
1333 699 1642 755 manifestat
1672 699 1859 770 Scrip-

263 803 398 851 turae
415 791 609 848 divinae
632 789 912 860 iid'es,cum
935 791 1002 849 de
1023 789 1360 850 sacramento
1382 792 1603 848 Pascbae
1625 802 1680 849 et
1698 791 1858 865 Agni,

260 894 354 964 qui
395 905 564 962 agnus
609 879 882 945 Christum
931 887 1292 962 designabat,
1325 888 1586 960 scriptum
1637 889 1708 944 sit
1741 907 1756 944 :
1791 888 1860 943 In

259 989 412 1042 domo
433 979 537 1040 una
560 984 868 1052 camedetur,
895 1001 994 1038 non
1024 984 1238 1056 ejicietis
1285 983 1348 1036 de
1376 983 1525 1037 domo
1548 999 1750 1037 carnem
1779 985 1860 1053 fo-

257 1100 348 1137 ras
379 1080 539 1155 (Exo.
588 1097 686 1146 xu,
718 1075 836 1150 46).
861 1079 1014 1148 Quod
1057 1079 1183 1134 item
1211 1078 1353 1135 circa
1401 1071 1568 1145 Raab,
1596 1091 1715 1149 quae
1743 1077 1856 1149 ipsa

259 1189 479 1245 quoque
510 1181 695 1244 typum
732 1171 976 1241 portabat
1018 1170 1299 1237 Ecclesiae,
1331 1184 1649 1240 expressum
1701 1169 1855 1224 vide-

259 1283 384 1321 mus
405 1264 429 1319 ?
450 1265 536 1320 cui
569 1261 856 1320 mandatur
878 1273 903 1300 δ
935 1273 988 1318 et
1017 1263 1244 1318 dicitur:
1274 1259 1486 1316 Patrem
1513 1271 1654 1316 tuum
1676 1271 1720 1316 et
1750 1281 1858 1316 ma—

259 1367 391 1412 trem
420 1366 560 1410 tuam
588 1367 635 1412 et
663 1361 848 1429 fratres
900 1367 1014 1411 tuos
1063 1365 1109 1409 et
1141 1365 1300 1410 totam
1349 1355 1554 1409 domum
1583 1357 1744 1426 patris
1786 1347 1860 1410 tui

258 1442 470 1525 colliges
501 1451 568 1505 ad
590 1461 636 1506 te
656 1452 820 1522 ipsam
846 1452 900 1506 in
927 1451 1136 1506 domum
1160 1461 1320 1516 tuam,
1351 1460 1397 1506 et
1423 1452 1586 1506 onmis
1611 1453 1698 1524 qui
1718 1453 1860 1507 exie-

256 1547 325 1600 rit
351 1550 536 1599 ostium
557 1543 738 1598 domus
760 1555 862 1598 tua:
880 1544 1020 1616 foras
1052 1560 1166 1598 reus
1193 1543 1288 1597 sibi
1316 1543 1411 1597 erit
1443 1543 1714 1616 (Josue.tt,
1743 1543 1854 1616 18).

257 1637 380 1705 Quo
407 1643 748 1692 sacramento
790 1631 1098 1691 declaratur
1140 1635 1194 1690 iu
1225 1651 1383 1690 unam
1412 1635 1634 1692 domum
1665 1631 1858 1710 solani,

261 1729 318 1788 id
346 1739 452 1798 est,
486 1730 538 1785 in
597 1729 896 1785 Ecclesiam
935 1728 1194 1797 victuros,
1245 1738 1300 1784 et
1336 1729 1404 1785 ab
1431 1727 1647 1786 interitu
1677 1707 1860 1789 mundi

258 1837 520 1881 evasuros
549 1813 729 1894 colligi
754 1809 1023 1893 oportere,
1047 1811 1289 1894 quisquis
1319 1823 1500 1879 autem
1526 1819 1594 1880 de
1620 1825 1861 1882 collectis
1900 1899 1906 1905 _

1965 599 2120 675 dens,
2149 621 2203 666 et
2239 627 2268 666 a
2299 627 2358 668 se
2406 611 2524 684 ipso
2554 613 2814 684 incipiens
2841 612 2890 680 (ι,
2921 613 3125 671 alienus
3158 615 3217 672 ﬁt
3265 627 3320 674 et
3371 619 3551 690 profa-

1966 720 2090 771 nus,
2114 705 2396 761 dominicae
2423 708 2566 776 pacis
2592 723 2655 762 ac
2685 707 2879 763 divina:
2910 709 3127 765 unitatis
3149 710 3416 780 inimicus,
3438 706 3547 770 non

1965 795 2212 854 habitans
2243 800 2293 855 in
2325 801 2486 855 domo
2518 801 2630 864 Dei,
2663 801 2712 856 id
2737 810 2838 865 est,
2872 801 2925 856 in
2957 802 3195 858 Ecclesia
3223 804 3338 872 Dei,
3362 805 3414 859 in
3444 821 3548 877 qua

1965 908 2075 948 non
2105 892 2203 947 nisi
2230 893 2527 949 concordes
2548 903 2709 966 atque
2728 895 3008 951 unanimes
3024 895 3283 962 habitant,
3299 899 3553 971 loquente

1965 985 2018 1042 in
2055 974 2278 1041 Psalmis
2310 987 2511 1057 Spiritu
2540 999 2723 1042 sancto
2749 998 2804 1044 et
2847 990 3060 1046 dicente
3088 1008 3101 1043 :
3127 989 3264 1047 Deus
3292 993 3380 1062 qui
3404 993 3554 1047 inha-

1965 1081 2123 1134 bitare
2151 1080 2272 1150 facit
2296 1083 2565 1135 unanimes
2586 1083 2638 1135 in
2657 1083 2807 1137 domo
2837 1081 3009 1152 (Psal.
3037 1101 3202 1155 vau,
3235 1087 3311 1157 6).

2042 1172 2122 1226 Vl.
2159 1172 2398 1244 Denique
2427 1175 2827 1231 unauimitatem
2850 1179 3193 1234 christiauam
3221 1181 3372 1238 ﬁrma
3398 1193 3420 1220 θ
3446 1183 3550 1239 sibi

1964 1280 2126 1340 atque
2157 1271 2499 1340 inSeparabili
2527 1272 2788 1329 charitate
2811 1289 3113 1330 connexam
3142 1278 3304 1332 etiam
3327 1277 3441 1350 ipsa
3462 1279 3558 1336 do-

1966 1363 2160 1417 minica
2208 1363 2465 1442 sacrificia
2509 1364 2800 1420 declarant.
2851 1365 2983 1421 Nam
3030 1369 3244 1439 quando
3297 1370 3554 1427 Dominus

1965 1470 2164 1526 corpus
2209 1471 2363 1510 suum
2409 1472 2598 1528 panem
2629 1467 2781 1513 vocat
2829 1459 2895 1514 de
2945 1461 3236 1517 multorum
3263 1479 3553 1534 granorum

1969 1545 2295 1605 adunatione
2321 1560 2656 1620 congestum,
2689 1552 2942 1624 populum
2969 1565 3211 1611 nostrum
3242 1573 3401 1629 quem
3433 1574 3559 1630 por-

1969 1643 2118 1698 tabat
2147 1643 2345 1698 indicat
2375 1643 2666 1699 adunatum
2692 1663 2706 1711 ;
2736 1655 2791 1700 et
2811 1645 3025 1717 quando
3049 1653 3361 1720 sanguinem
3404 1667 3556 1707 suum

1966 1723 2148 1791 vinum
2191 1735 2422 1808 appellat
2452 1737 2521 1792 de
2583 1737 2751 1795 botris
2797 1750 2959 1810 atque
2989 1742 3157 1795 acinis
3180 1743 3422 1813 plurimis
3452 1762 3551 1800 exe

1967 1841 2214 1899 pressum
2246 1839 2404 1899 atque
2447 1829 2496 1882 in
2530 1845 2690 1884 unum
2736 1842 3003 1898 coactum,
3037 1847 3253 1904 gregem
3282 1835 3408 1891 item
3455 1853 3554 1892 no-

257 1919 403 1976 foras
441 1915 671 1982 exierit,
706 1914 757 1970 id
804 1923 920 1984 est,
966 1918 1008 1969 si
1041 1915 1196 1986 quis,
1229 1907 1475 1986 quamvis
1528 1907 1581 1972 in
1612 1917 1857 1977 Ecclesia
1889 1903 1936 1976 Β
1964 1918 2135 1974 strum
2179 1919 2444 1991 significat
2487 1922 2874 1978 commixtione
2926 1903 3157 1981 adunate
3195 1927 3550 1986 multitudinis

257 2009 488 2082 gratiam
530 2019 873 2077 consecutus,
918 2011 1209 2066 recesserit
1234 2019 1286 2065 et
1333 2010 1401 2065 ab
1439 2008 1680 2066 Ecclesia
1707 2011 1859 2067 exie-

256 2097 352 2171 rit,
383 2120 531 2158 reum
563 2104 663 2159 sibi
684 2105 939 2171 futurum,
965 2104 1018 2159 id
1044 2113 1149 2170 est,
1175 2105 1349 2174 ipsum
1379 2097 1478 2159 sibi
1506 2101 1647 2175 quod
1676 2113 1860 2176 pereat

259 2198 665 2268 imputaturum.
685 2183 836 2266 Quod
854 2199 1134 2269 apostolus
1158 2197 1357 2251 Paulus
1373 2197 1625 2268 explanat
1657 2197 1859 2254 docens

261 2300 320 2348 et
345 2290 659 2362 prmcipiens
685 2291 1001 2347 haereticunt
1022 2288 1293 2346 vitandum
1318 2305 1439 2345 esse
1462 2299 1518 2345 ut
1542 2283 1858 2360 perversum

263 2392 321 2440 et
350 2395 686 2454 peccatorem
705 2389 756 2440 et
778 2401 808 2439 a
838 2383 1129 2455 semetipso
1150 2383 1456 2438 damnatum
1483 2382 1609 2456 (Tit.
1635 2401 1713 2446 tu.
1740 2385 1857 2456 l0).

261 2473 362 2532 Hic
389 2478 531 2532 enim
555 2493 680 2533 reus
707 2475 735 2516 ι)
755 2477 858 2533 sibi
882 2478 987 2533 erit
1015 2478 1104 2546 qui
1135 2481 1240 2531 non
1259 2477 1327 2530 ab
1354 2477 1609 2548 episcopo
1630 2479 1856 2547 eiectus,

262 2569 359 2625 sed
390 2581 582 2642 sponte
610 2571 676 2626 de
703 2569 942 2627 Ecclesia
971 2570 1250 2643 profugus,
1276 2569 1527 2626 haeretica
1557 2587 1857 2644 praesump-

265 2661 412 2718 tione
440 2678 470 2718 a
493 2665 785 2733 semetipso
812 2661 1117 2717 damnatus.

338 2756 400 2811 V.
436 2757 504 2812 Et
551 2755 756 2813 idcirco
798 2757 1059 2812 Dominus
1091 2756 1368 2812 insinuans
1415 2756 1572 2813 nobis
1594 2759 1858 2814 unitatem

264 2847 332 2904 de
372 2847 554 2905 divina
599 2847 918 2905 auctoritate
947 2849 1249 2904 venientem
1280 2848 1430 2918 ponit
1461 2857 1514 2903 et
1538 2847 1668 2904 dicit
1696 2863 1712 2901 :
1744 2849 1859 2922 Ego

265 2952 312 2997 et
340 2953 483 3014 pater
529 2961 686 2998 unum
732 2961 905 2999 sumus
937 2943 1116 3017 (Joan.
1147 2961 1201 3011 x,
1235 2943 1348 3016 50).
1382 2941 1464 2999 Ad
1494 2941 1654 3016 quam
1687 2946 1861 3000 unita-

262 3047 370 3094 tem
404 3037 654 3109 redigens
699 3037 992 3095 Ecclesiam
1037 3054 1189 3094 suam
1238 3037 1414 3118 denuo
1443 3036 1618 3094 dicit:
1650 3037 1718 3092 Et
1766 3040 1860 3094 erit

259 3147 393 3185 unus
414 3148 538 3204 grex
562 3143 583 3170 ο
616 3140 662 3186 et
702 3149 831 3186 unus
868 3141 1043 3202 pastor
1072 3130 1233 3205 (Ibid.
1271 3130 1385 3204 16).
1417 3129 1472 3187 Si
1502 3141 1683 3188 autem
1726 3149 1857 3205 grex

261 3238 400 3279 unus
422 3233 522 3290 est,
540 3224 812 3295 quomodo
832 3233 1009 3296 potest
1028 3224 1175 3298 gregi
1199 3226 1543 3280 annumerari
1566 3225 1655 3298 qui
1680 3225 1732 3281 in
1760 3245 1856 3282 nu-

1965 2014 2291 2084 copulaturn.
2325 2015 2382 2070 Si
2428 2013 2758 2071 Novatianus
2806 2013 2930 2073 huic
2977 2009 3100 2090 pani
3153 2018 3425 2077 dominico
3454 2021 3554 2078 ad-

1966 2099 2164 2161 unatus
2208 2115 2311 2172 est,
2344 2107 2388 2162 si
2433 2106 2630 2162 Christi
2661 2108 2859 2180 populo
2885 2101 2938 2164 et
2965 2111 3078 2181 ipse
3105 2113 3431 2170 commixtus
3450 2124 3556 2182 est,

1966 2198 2164 2270 poterit
2210 2198 2382 2254 videri
2413 2207 2467 2254 et
2499 2200 2640 2255 unici
2672 2199 3025 2258 ecclesiastici
3055 2203 3313 2275 Baptismi
3359 2206 3563 2264 habere

1965 2283 2195 2360 gratiam
2225 2303 2403 2360 posse,
2434 2289 2478 2344 si
2529 2285 2650 2346 eum
2683 2294 2986 2348 constiterit
3014 2292 3273 2351 Ecclesiae
3299 2297 3561 2354 unitatem

1971 2391 2175 2437 tenere.
2201 2381 2441 2452 Denique
2463 2398 2622 2452 quam
2651 2383 2721 2438 sit
2752 2385 3109 2454 inseparabile
3130 2387 3351 2444 unitatis
3375 2404 3559 2446 sacra-

1967 2483 2230 2540 mentum,
2273 2482 2328 2530 et
2355 2489 2516 2545 quam
2544 2473 2661 2530 sine
2690 2491 2786 2546 spe
2815 2476 2923 2530 sint
2962 2487 3016 2531 et
3043 2477 3399 2546 perditionem
3447 2482 3549 2537 sibi

1967 2567 2254 2620 maximam
2283 2565 2351 2621 de
2383 2567 2750 2638 indignatione
2779 2567 2872 2624 Dei
2901 2571 3183 2641 acquirant
3203 2575 3295 2643 qui
3320 2573 3555 2630 schisma

1966 2649 2188 2726 faciunt,
2212 2671 2265 2716 et
2304 2659 2493 2716 relicto
2524 2661 2798 2732 episcopo,
2823 2663 2986 2718 alium
3017 2665 3120 2720 sibi
3165 2664 3296 2721 foris
3327 2667 3558 2738 pseudo-

1965 2755 2274 2825 episcopum
2320 2755 2672 2821 constituunt,
2704 2753 2944 2812 declarat
2970 2755 3024 2811 in
3074 2756 3225 2813 libris
3254 2753 3560 2832 Regnorum

1968 2851 2248 2922 Scriptura
2272 2850 2476 2916 divina,
2492 2848 2581 2904 ubi
2605 2866 2632 2904 a
2661 2851 2805 2905 tribu
2827 2849 2965 2906 Juda
2988 2860 3043 2907 et
3069 2851 3345 2924 Beniamin
3375 2851 3563 2914 decem

1964 2944 2134 2999 tribus
2155 2943 2336 2998 scissa:
2357 2954 2500 3011 sunt,
2530 2953 2585 2999 et
2614 2944 2805 3000 relicto
2847 2961 2974 3016 rege
3000 2960 3099 3001 suo
3123 2945 3168 3015 ί,
3197 2947 3424 3005 alterum
3456 2951 3558 3008 sibi

1967 3035 2100 3093 foris
2129 3037 2524 3093 constituerunt
2557 3053 2570 3090 ε
2602 3033 2669 3091 Et
2698 3037 2996 3109 indignatus
3035 3051 3129 3108 est,
3158 3035 3352 3111 inquit,
3381 3041 3558 3097 Domi-

1964 3149 2062 3186 nus
2099 3131 2152 3185 in
2182 3131 2321 3185 omni
2357 3131 2547 3186 semine
2574 3141 2598 3179 8
2627 3127 2813 3198 Israel,
2843 3131 2889 3185 et
2915 3132 3123 3187 dimovit
3149 3131 3176 3169 ιι
3200 3150 3305 3200 eos,
3330 3141 3380 3188 et
3413 3135 3586 3212 dedit.

1964 3235 2048 3280 eos
2074 3225 2127 3279 in
2159 3223 2492 3294 direptionem
2522 3222 2681 3278 donec
2711 3223 2950 3295 abjiberet
2985 3241 3070 3281 eos
3095 3242 3126 3279 a
3149 3227 3279 3298 facie
3305 3243 3416 3295 sua,
3441 3229 3560 3296 quia

255 3331 411 3371 mero
439 3316 616 3388 gregis
645 3332 748 3371 non
778 3317 1006 3372 est?aut
1033 3325 1216 3387 pastor
1241 3315 1426 3372 haberi
1452 3320 1723 3390 quomodo
1750 3336 1847 3392 po-
1879 3309 1925 3372 C
1960 3315 2239 3390 dissipatus
2280 3329 2352 3373 est
2397 3316 2567 3374 Israel
2610 3335 2642 3373 a
2669 3318 2820 3374 domo
2867 3313 3058 3386 David,
3111 3329 3157 3374 et
3186 3323 3558 3377 constituerunt

255 3419 362 3466 test
382 3410 496 3483 qui,
528 3422 778 3468 manente
822 3427 953 3469 vero
983 3422 1222 3484 pastore,
1275 3421 1329 3468 et
1383 3413 1436 3468 in
1481 3413 1722 3470 Ecclesia
1747 3417 1845 3473 Dei

1954 3419 2049 3474 sibi
2080 3435 2247 3490 regem
2277 3413 2583 3470 Hieroboam
2611 3412 2776 3483 ﬁlium
2798 3411 3008 3468 Nabath
3030 3413 3097 3484 (ll
3127 3413 3256 3487 Reg.
3294 3431 3428 3483 xxu,
3456 3415 3548 3482 20,
3643 3477 3648 3486 ,

1474 3511 1856 3597 moriones
1893 3533 2312 3598 VARIANTES.

319 3649 346 3677 ⁸
380 3647 469 3700 Cui
491 3648 538 3698 id
562 3648 816 3698 mandatur
837 3649 968 3697 Lam.
996 3645 1138 3699 Ebor.
1165 3650 1212 3698 Ν
1221 3648 1275 3698 C.
1301 3650 1346 3699 ’1.
1719 3695 1726 3706 ,

305 3706 346 3784 ,δ
379 3710 471 3784 llic
497 3719 575 3762 est
599 3715 731 3760 enim
755 3712 838 3775 qui
862 3723 980 3760 reus
1003 3711 1096 3760 sibi
1123 3711 1238 3771 erit,
1281 3724 1378 3760 non
1403 3710 1526 3761 Bod.
1557 3715 1601 3775 1,
1630 3716 1676 3766 2.
1703 3715 1832 3765 Ebor

254 3774 363 3824 Lin.
393 3773 527 3823 Lam.
773 3773 785 3775 “

317 3839 340 3866 °
374 3836 437 3887 Et
460 3841 605 3886 erunt
627 3849 753 3886 unus
775 3849 901 3898 grex
930 3834 1054 3885 Bod.
1081 3839 1128 3886 2.

316 3898 343 3938 (ι
376 3899 476 3950 Sed
500 3913 526 3947 a
550 3912 607 3949 se
630 3901 892 3985 ipso‘Lam.
921 3900 1029 3951 ΝΟ.
1058 3901 1104 3949 1.
1132 3897 1276 3948 Ebor.
1305 3898 1429 3948 Bod.
1457 3901 1505 3949 2.

2002 3654 2045 3725 ξ
2083 3649 2403 3702 Christianam
2443 3643 2628 3694 ﬁrmam
2669 3645 2792 3696 Bod.
2821 3647 2866 3694 2.
2915 3645 3046 3696 Lam.
3083 3643 3231 3695 Ebor.
3279 3647 3324 3698 Ν
3334 3645 3387 3694 C.
3428 3645 3475 3706 1,
3504 3647 3550 3699 2.

1956 3716 2064 3844 υἷ’
2076 3771 2702 3844 βθιίειοφθεθβυοῂιιιῃι..
2719 3769 2920 3844 Βριῇξ.
2951 3768 3056 3844 ιρι.

2014 3841 2042 3880 ε
2076 3839 2131 3888 In
2154 3838 2285 3885 ctnni
2311 3830 2500 3884 semine
2531 3831 2653 3883 Bod.
2685 3835 2732 3894 1,
2759 3837 2804 3883 2.
2836 3830 2939 3883 Lin.
2971 3833 3083 3882 ΝΟ.
3110 3833 3156 3882 1.
3183 3830 3327 3883 Ebor.

2014 3899 2046 3939 h
2078 3898 2351 3950 Demolivit
2378 3897 2479 3946 Litt.
2511 3896 2617 3948 ΝΟ.
2644 3897 2690 3946 2.

1464 4001 1706 4062 STEPH.
1751 4005 2026 4065 BALUZII
2064 4003 2295 4061 NOTAE.

244 4137 356 4180 non
377 4122 558 4190 fuerit,
593 4123 892 4193 periturum
922 4122 1162 4193 diluvio,
1206 4119 1450 4193 alludens
1502 4120 1644 4193 haud
1677 4121 1842 4177 dubie

241 4195 314 4250 ad
345 4195 484 4248 hunc
523 4191 851 4267 eti—Cypriani
880 4191 1086 4267 similes
1114 4192 1283 4267 locos.
1309 4191 1457 4267 Idem
1495 4191 1839 4267 ad_eumdem

241 4281 364 4336 seq.
397 4262 661 4335 epistolaf
685 4262 750 4321 Si
792 4267 923 4335 qius,
949 4266 966 4335 (
995 4262 1196 4337 inquit)
1239 4264 1509 4338 Cathedra:
1542 4263 1685 4336 Petri
1715 4262 1842 4338 jun-

241 4338 402 4409 gitur,
436 4354 574 4409 t_neus
602 4348 692 4391 est.
724 4339 812 4393 Sic
845 4338 905 4390 ι).
932 4341 1066 4406 Aug.
1094 4336 1273 4409 contra
1303 4336 1579 4409 epistolam
1604 4336 1836 4409 fundant.

240 4403 295 4464 ξι.
328 4409 383 4462 4.
433 4407 590 4462 Tenet
636 4427 712 4462 me
740 4450 754 4471 ,
818 4403 1036 4478 inquit;
1079 4409 1133 4461 in
1189 4403 1418 4461 Ecclesia
1449 4405 1509 4459 ab
1563 4403 1696 4478 ipsa,
1726 4408 1843 4470 sede

240 4479 463 4548 apostoli
510 4480 649 4533 Petri
695 4480 761 4533 ad
800 4492 1094 4548 prwsentem
1144 4480 1490 4547 episcopatum
1519 4477 1842 4548 sacerdotum
1880 4521 1884 4524 .

1946 4119 2772 4197 Fuxensis;__botrisgatqueuvis.
2806 4119 3171 4197 Corbeiensis,
3221 4121 3352 4197 botis
3390 4133 3541 4197 atque

1947 4189 2397 4267 raceinis._\_ietus
2441 4191 2812 4267 Remigiunus,
2874 4190 3031 4245 botris
3069 4193 3348 4267 unionibus
3396 4189 3545 4267 atoue

1948 4265 2134 4339 acinis,
2159 4263 2259 4339 ubi
2291 4263 2541 4339 fortassis
2565 4263 2846 4339 legendum
2870 4273 3014 4339 esset
3061 4264 3369 4339 bofrjonibus
3393 4263 3544 4339 atgue

1948 4337 2132 4392 acinis.
2157 4335 2290 4390 Nam
2320 4334 2576 4404 Martialis
2597 4335 2691 4389 lib.
2725 4350 2796 4388 xt.
2832 4337 3090 4404 epigram.
3113 4334 3204 4388 28.
3231 4337 3365 4392 diXit
3385 4357 3410 4396 ε,
3431 4334 3543 4394 Nec

1949 4409 2161 4477 dignum
2189 4416 2292 4461 toto
2321 4413 2368 4459 le
2392 4403 2634 4475 botryone
2667 4416 2832 4476 putat.
2858 4403 3125 4462 Palladius
3154 4408 3312 4461 etiam
3339 4407 3446 4464 bib.
3480 4425 3540 4466 lt.

1949 4480 2012 4534 de
2052 4480 2127 4534 Re
2166 4477 2355 4532 rustica
2402 4491 2520 4546 cap.
2570 4477 2671 4541 55;
2707 4477 2797 4532 lib.
2832 4493 2885 4541 x,
2918 4492 3036 4546 cap.
3089 4478 3179 4544 17,
3216 4487 3270 4533 et
3295 4479 3386 4537 lib.
3442 4498 3539 4537 xu.

239 4547 510 4606 successio.
542 4553 630 4606 Sic
661 4547 805 4605 idem
832 4553 881 4604 in
912 4551 1124 4604 Psalmo
1149 4560 1327 4622 contra
1374 4561 1568 4618 partem
1619 4547 1831 4622 Donati,
1859 4549 1914 4610 D
1939 4565 2058 4620 cap.
2084 4549 2336 4622 12,7dixit
2363 4548 2646 4622 botryones.
2697 4547 3019 4622 Prudentius
3068 4549 3538 4622 in_hamartigenia

241 4631 300 4678 et
335 4624 555 4691 epistola
608 4623 732 4685 16ἴὶ,
781 4638 842 4676 ac
893 4622 1118 4690 Optatus
1166 4621 1386 4675 Milevit.
1423 4631 1600 4676 contra
1654 4619 1832 4676 Parm.

243 4695 284 4748 l.
314 4709 372 4759 u,
399 4695 703 4748 Donatistas
735 4693 1059 4747 convincunt
1090 4692 1331 4746 doctrina
1355 4693 1612 4746 continuo
1645 4692 1836 4746 tradita

241 4767 298 4821 in
321 4764 544 4820 ecclesia
576 4765 815 4820 ROIuana
844 4779 938 4833 per
965 4764 1253 4833 legitimam
1279 4764 1598 4818 Pontiﬁcum
1624 4777 1838 4818 succes-

240 4839 469 4902 sionem,
526 4845 580 4892 et
631 4836 821 4891 eodem
854 4844 1170 4905 argumento
1198 4851 1308 4889 stuc
1341 4836 1512 4888 :etatis
1555 4834 1839 4889 hmrcticos

239 4910 538 4979 impugnat,
566 4910 861 4979 pnesertim
888 4905 982 4961 lib'.
1004 4923 1089 4979 tu,
1106 4923 1224 4973 cap.
1241 4909 1294 4960 5.
1319 4905 1572 4979 Irenmus,
1587 4913 1647 4979 et
1665 4907 1837 4976 ipsum

239 4977 482 5035 imitatus
516 4977 744 5035 Tertull.
777 4979 868 5034 lib.
902 4979 964 5031 de
996 4977 1268 5048 Prwscrip.
1295 4978 1538 5032 adversus
1574 4978 1839 5031 haereticos

237 5066 302 5106 ac
327 5051 586 5121 Origenes
625 5053 716 5106 lib.
752 5063 788 5105 t.
819 5049 1086 5121 Periarclt.
1119 5049 1324 5104 Pauca.

318 5123 376 5176 V.
407 5120 477 5163 -'—
504 5123 830 5178 Succedanea
857 5122 1024 5176 Antea
1053 5120 1173 5174 istic
1198 5122 1454 5188 scriptum
1477 5121 1839 5174 eratsuccida-

239 5212 355 5248 nea.
378 5196 507 5260 Qum
535 5197 693 5250 lectio
712 5193 1029 5261 estoptima.
1056 5191 1161 5246 Sed
1179 5192 1342 5260 quiea
1370 5207 1528 5260 quam
1561 5208 1658 5245 nos
1686 5208 1842 5261 repo-

239 5255 444 5344 suimus
491 5255 882 5344 optitua‘etiaait
923 5273 1042 5342 est,
1075 5273 1127 5344 et
1177 5255 1230 5316 iu
1262 5255 1652 5344 otiitiilitts_lere
1692 5255 1840 5344 libris

236 5338 510 5394 veteribus
531 5333 828 5406 reperitur,
859 5339 977 5390 eam
1002 5334 1239 5406 retinere
1259 5335 1476 5406 placuit.
1513 5333 1662 5390 Unus
1688 5333 1840 5389 incus

236 5419 393 5464 vetus
426 5409 586 5464 habet
605 5404 872 5462 mendose
898 5405 1160 5472 succidua,
1195 5404 1331 5458 alius
1351 5404 1633 5460 subitanca.

309 5479 596 5536 ﬂaminica:
651 5481 824 5551 pacis:
881 5475 1063 5531 Cedet
1125 5475 1296 5532 sancti
1349 5475 1614 5547 Arnulphi
1682 5476 1843 5532 habet

236 5553 576 5625 passionis,
674 5620 722 5625 __
844 5619 858 5625 _
1035 5619 1050 5625 _
1523 5621 1536 5625 Α

309 5622 517 5678 Alienus
547 5624 639 5692 ﬁt:
666 5620 806 5676 Citat
844 5619 988 5675 hunc
1035 5619 1212 5676 locum
1250 5627 1482 5692 sanctus
1511 5619 1841 5692 Augustinus

234 5695 332 5751 lib.
356 5711 449 5750 vn.
475 5696 542 5749 de
564 5694 1041 5765 Baptismocontra
1071 5691 1375 5765 Donatistas
1395 5705 1514 5760 cap.
1539 5691 1626 5746 50.
1672 5761 1686 5765 _
1728 5757 1732 5760 η

314 5766 584 5820 Dominica
630 5761 917 5833 sacriﬁcia:
953 5763 1067 5818 Duo
1117 5763 1237 5818 libri
1285 5773 1500 5819 veteres
1551 5761 1842 5834 praeferunt

246 5849 586 5895 sacramenta.

316 5905 462 5965 Botis
493 5920 644 5980 atque
673 5909 869 5983 acinis:
911 5905 1095 5964 Codex
1126 5908 1313 5982 ,sancti
1363 5905 1628 5979 Arnulpbi
1681 5905 1844 5962 botrai

1943 4619 2125 4678 vallem
2171 4621 2430 4690 botryonis
2475 4621 2720 4690 opimam.
2772 4619 3076 4674 Ludovicus
3103 4619 3299 4676 Cadius
3330 4619 3535 4678 Rhodi-

1945 4697 2100 4761 ginus
2123 4692 2215 4747 lib.
2249 4708 2341 4746 vu.
2370 4707 2488 4765 cap.
2513 4691 2618 4745 45:
2645 4691 2864 4765 Quidam
2890 4692 3054 4744 dictus
3091 4692 3416 4765 pltilobotrya:
3439 4705 3532 4762 est,

1943 4767 2182 4832 quoniam
2199 4765 2309 4818 uvis
2329 4763 2624 4832 afﬁceretur
2651 4764 2933 4832 insigniter.

1948 4866 1953 4870 ι
2017 4835 2108 4890 Vl.
2135 4865 2207 4875 -—
2230 4835 2506 4905 Abjiceret.
2536 4833 2686 4889 Unus
2710 4833 2845 4888 liber
2875 4847 3028 4888 meus
3058 4846 3212 4890 vetus
3243 4836 3404 4893 habet
3430 4838 3543 4892 abi-

1943 4918 2098 4978 geret.
2124 4907 2212 4962 Sic
2237 4907 2397 4978 etiam
2428 4905 2482 4958 iu
2511 4905 3031 4978 Gratianopolitano.

2014 4978 2239 5032 Alterum
2265 4976 2358 5050 sibi
2382 4977 2814 5050 regemrseptem
2843 4976 2966 5050 libri
2995 4988 3204 5033 veteres
3231 4987 3286 5033 et
3305 4981 3538 5050 antiquae

1944 5049 2210 5105 editiones
2267 5048 2464 5104 habent
2519 5047 2830 5102 adulterum.
2891 5048 3149 5103 Erasmus
3211 5047 3537 5108 emendavit.

1944 5121 2392 5176 Emendatiouem
2436 5118 2648 5174 Erasmi
2683 5119 3006 5174 confirmant
3043 5137 3235 5175 novem
3280 5123 3400 5176 libri
3443 5139 3540 5180 ve-

1945 5202 2086 5247 teres
2105 5234 2120 5257 ,
2155 5193 2206 5245 in
2241 5191 2425 5260 primis
2450 5205 2580 5245 vero
2604 5191 2982 5259 Seguierauus.
3015 5191 3350 5247 Confirmant
3373 5195 3536 5250 etiam

1945 5263 2093 5318 illam
2124 5264 2283 5335 verba
2315 5262 2568 5334 Cypriani
2603 5262 2761 5332 paulo
2787 5271 2943 5335 ante,
2975 5272 3022 5316 et
3049 5263 3225 5335 relicto
3251 5281 3368 5335 rege
3405 5266 3536 5322 alte-

1943 5352 2056 5388 rum
2086 5334 2181 5388 sibi
2211 5335 2336 5403 {oris
2364 5333 2752 5388 constituerunt.
2785 5333 2862 5407 Et
2881 5343 3056 5407 tamen
3091 5333 3359 5407 Romolius
3386 5338 3538 5407 sequi

1944 5407 2132 5461 maluit
2150 5407 2483 5476 Scripturam
2513 5413 2763 5476 veterum,
2779 5404 3099 5459 editionum.
3121 5405 3419 5462 Pamelium
3445 5404 3536 5465 se-

1944 5480 2052 5534 cuti
2083 5486 2210 5532 sunt
2238 5475 2585 5550 Rigaltius_et
2611 5475 2961 5550 iteinhartus.
2988 5477 3154 5550 Angli
3195 5487 3341 5534 recte
3379 5495 3540 5550 repo-

1944 5557 2173 5607 suerunt
2215 5550 2452 5602 alterum.
2497 5546 2698 5601 Similis
2738 5561 2892 5602 error
2933 5546 3204 5605 admissus
3243 5551 3296 5605 in
3327 5546 3538 5610 canone

1944 5636 2090 5676 nono
2118 5620 2346 5676 Concilii
2391 5616 2705 5673 Eliberitani
2745 5619 3061 5674 emendatus
3099 5635 3130 5674 a
3176 5623 3330 5676 nobis
3359 5631 3442 5678 est
3465 5623 3534 5678 ad

1945 5693 2281 5763 Regiuouem
2311 5691 2399 5745 lib.
2432 5705 2466 5744 ll
2487 5730 2502 5755 ,
2526 5689 2812 5763 copam},
2835 5689 2896 5744 de
2922 5686 3220 5762 Disciplinis
3250 5691 3538 5749 Ecclesia...

1945 5761 2079 5818 ticis.
2107 5765 2310 5818 Contra
2341 5763 2393 5834 in
2419 5761 2598 5834 capite
2622 5761 2710 5825 l7,
2737 5761 2972 5834 Liberatj
2989 5803 3005 5829 ,
3037 5777 3229 5834 proco
3255 5763 3398 5834 quod
3423 5764 3536 5819 edi—

1947 5837 2124 5890 tiones
2164 5833 2312 5889 recte
2350 5832 2556 5905 habent
2580 5847 2726 5898 quem
2746 5834 2901 5905 jussit
2929 5831 3106 5888 Zenon
3133 5831 3424 5905 Imperator
3450 5850 3542 5889 ea:-

1947 5907 2070 5976 pelli
2096 5915 2352 5975 tamquam
2381 5903 2671 5960 hwreticum
2688 5914 2735 5961 et
2751 5904 3038 5962 adulterum
3055 5947 3072 5976 ,
3094 5903 3305 5965 veteres
3329 5905 3545 5966 codices
