3958 6330
541 349 566 405 ἰ
583 350 679 407 145

1603 356 1931 413 RBISTOLA
2076 354 2402 416 CYPRIANI
2441 359 2535 416 AD
2571 359 2883 430 MAGNUM,

3637 380 3746 437 1144

534 467 652 531 El-l).
679 468 1008 540 Indignatum
1038 485 1158 527 esse
1181 470 1467 527 Dominum
1492 471 1624 527 dicit
1655 481 1682 509 ³
1705 481 1755 529 et
1788 487 1883 530 eos
1913 475 1964 527 in
1988 488 2109 544 per—
2139 476 2191 537 Α
2212 470 2391 529 Credis
2413 475 2761 533 remissionem
2802 489 3142 550 peccatorum,
3171 492 3217 538 et
3253 488 3405 540 vitam
3444 497 3654 545 retentant
3673 510 3743 564 per

540 556 796 615 ditionem
827 560 1038 618 dedisse
1084 562 1226 633 quod
1272 562 1341 617 ab
1387 564 1636 621 unitateb
1669 564 1913 633 dissipati
1941 576 2126 623 eSsent

535 664 695 723 atque
718 655 942 710 alterum
976 656 1075 712 sibi
1106 668 1129 696 ε
1186 672 1363 725 regem
1410 659 1834 716 constituissent.
1878 660 1946 715 Et
1978 670 2119 716 tanta

546 745 843 816 indignatio
897 749 1106 804 Domini
1156 752 1261 807 exii
1292 754 1322 804 ii
1357 751 1612 806 adversus
1643 752 1760 807 illos
1780 754 1866 824 qui
1889 753 2121 809 scliisma

541 834 804 905 fecerant,
832 850 890 894 ut
915 841 1075 897 etiam
1099 859 1220 898 cum
1243 842 1405 898 homo
1435 844 1525 900 Dei
1549 845 1615 898 ad
1649 844 1967 902 Ilicroboam
1996 846 2122 901 niis-

528 946 622 985 sus
646 942 789 988 esset
813 931 902 1004 qui
926 936 974 989 ei
1005 952 1219 1006 peccata
1262 952 1354 992 Sita
1378 939 1749 1007 exprobraret,
1777 950 1936 1010 atque
1959 941 2119 996 ultio.

450 1018 459 1029 ’
535 1040 659 1082 nem
688 1027 918 1084 futuram
961 1030 1302 1101 pra'diceret.
1354 1047 1542 1102 panem
1570 1047 1783 1103 quoque
1812 1033 1951 1104 apud
1999 1033 2121 1089 illos

533 1118 698 1174 edere
726 1131 774 1172 et
822 1136 1013 1189 aquam
1041 1123 1226 1178 bibere
1262 1132 1551 1177 vetaretur.
1571 1123 1721 1190 Quod
1749 1139 1869 1179 enin
1897 1140 2003 1179 non
2028 1140 2122 1180 cu-

535 1212 791 1268 stodisset
818 1226 867 1269 et
901 1224 1087 1270 contra
1118 1226 1443 1286 prmerptum
1478 1215 1566 1270 Ilci
1600 1216 1921 1287 prandisset,
1940 1216 2118 1272 statim

537 1305 731 1360 diviiite
755 1320 997 1362 censora-
1026 1307 1306 1376 majesmte
1360 1322 1647 1377 percussus
1670 1318 1774 1372 est,
1801 1319 1857 1362 nt
1886 1308 2010 1363 inde
2035 1324 2122 1363 re-

530 1396 783 1468 grediens
830 1399 1029 1467 impetu
1072 1395 1097 1435 ’³
1138 1414 1201 1453 ac
1230 1414 1409 1453 morsu
1442 1400 1613 1474 leonis
1642 1401 1869 1456 iutinere
1900 1415 2123 1457 necare-

528 1500 639 1545 tur.
675 1490 738 1544 Et
760 1490 921 1545 audet
959 1493 1237 1562 quisquam
1272 1491 1449 1545 dicere
1476 1508 1667 1562 aquam
1698 1492 1952 1563 Baptismi
1980 1494 2121 1548 salu-

527 1595 695 1640 tarem
725 1597 774 1641 et
804 1586 1027 1656 gratiam
1050 1586 1323 1642 rtelesleiu
1342 1600 1683 1640 communem
1710 1601 1829 1640 cuni
1854 1587 2119 1641 schisma-

528 1679 648 1734 ticis
669 1695 791 1735 esse
822 1696 997 1748 “0‘50,
1027 1694 1148 1733 cum
1176 1678 1369 1748 quibus
1399 1693 1497 1734 nec
1541 1680 1808 1733 terrestris
1836 1679 1989 1734 cibus
2020 1694 2119 1735 nec

526 1772 803 1830 stecularis
827 1782 981 1843 potus
1005 1772 1163 1826 debet
1189 1787 1309 1827 esse
1333 1772 1670 1827 communis?
1689 1771 1859 1827 Satiat
1888 1774 2065 1830 adhuc
2090 1784 2113 1812 ο

2226 577 2454 623 sanctam
2504 567 2786 625 Ecclesium
2812 613 2827 634 ,
2882 574 3216 631 mentiuntur
3260 575 3313 632 in
3361 577 3744 651 internigzitimie,

2225 661 2440 729 quando
2487 677 2591 717 non
2622 662 2854 718 habeant
2904 665 3218 722 Eccle-iam.
3251 667 3399 725 'I‘nnc
3444 671 3620 730 deinde
3650 690 3750 735 voce

2224 768 2316 809 sua
2371 756 2471 826 ipsi
2524 758 2854 814 conﬁtentur
2904 760 3275 818 remissionem
3328 775 3642 835 peccatorum
3663 785 3742 827 non

2224 848 2339 904 dari
2369 851 2467 906 nisi
2493 867 2589 922 per
2602 862 2842 909 sanctam
2867 855 3160 912 Ecclesium
3184 872 3340 928 posse
3363 876 3379 925 ;
3401 875 3551 929 quam
3574 878 3663 918 non
3682 864 3751 920 ba-

2225 944 2438 1012 benti-s,
2463 950 2756 1005 ostendunt
2783 950 2984 1005 remitti
3010 950 3116 1006 illic
3144 962 3358 1022 peccata
3389 969 3490 1009 non
3516 970 3671 1028 posse.

2296 1038 2429 1094 VIII.
2458 1038 2611 1108 Quod
2657 1056 2785 1097 vero
2830 1042 3079 1099 eumdem
3105 1059 3266 1114 quem
3298 1054 3354 1101 et
3393 1060 3490 1101 nos
3515 1047 3658 1102 Deum
3680 1047 3753 1106 Pa-

2225 1139 2383 1198 trem,
2411 1133 2657 1188 eumdem
2700 1133 2893 1190 Filium
2941 1133 3235 1202 Christum,
3262 1137 3506 1194 eumdem
3542 1138 3753 1210 Spiritum

2223 1235 2466 1279 sauetmn
2496 1240 2656 1282 nosse
2684 1226 2956 1291 dicuntur,
2998 1244 3098 1283 nec
3128 1227 3231 1283 lioc
3257 1230 3509 1299 adjuvare
3534 1231 3650 1288 tales
3686 1248 3755 1305 pta

2227 1328 2347 1374 test.
2381 1318 2514 1374 Nam
2543 1330 2596 1375 et
2624 1317 2802 1375 Cbore
2843 1331 2897 1375 et
2929 1321 3134 1377 Datban
3159 1332 3215 1378 et
3241 1322 3443 1378 Abiron
3472 1340 3586 1378 cuin
3613 1339 3754 1382 sacer-

2222 1409 2553 1466 dote'Aaron
2587 1421 2643 1467 et
2681 1411 2864 1479 Moyse
2906 1412 3154 1468 eumdem
3198 1414 3363 1470 Deum
3391 1426 3651 1482 noverant,
3673 1420 3757 1488 pari

2224 1501 2387 1574 legei
2422 1516 2473 1559 et
2514 1505 2776 1576 religione
2828 1507 3088 1571 viventes,
3121 1522 3285 1561 unum
3329 1516 3383 1561 et
3410 1521 3585 1562 verum
3614 1514 3754 1576 tcum,

2223 1602 2313 1670 qui
2344 1599 2605 1655 colendus
2653 1609 2814 1668 atque
2862 1600 3196 1657 iuvocandus
3242 1601 3447 1665 Inerat,
3476 1601 3755 1656 invocabant.

2224 1689 2428 1747 Tamen
2458 1691 2583 1762 quia
2610 1691 2711 1747 loci
2740 1691 2825 1747 sui
2869 1693 3227 1749 ministerium
3279 1694 3590 1764 transgressi
3613 1705 3756 1751 contra

2226 1787 2404 1840 Aaron
2428 1785 2780 1842 sacerdotem.
2800 1788 2891 1857 qui
2917 1788 3278 1844 sacerdotium
3311 1787 3598 1860 legitimum
3616 1787 3757 1861 digna.

525 1869 581 1926 in
613 1867 907 1936 Evangelio
932 1882 1030 1921 suo
1063 1867 1317 1921 DOIllllllln
1346 1878 1399 1921 et
1445 1866 1703 1936 majorem
1748 1867 2107 1938 intelligentim

2224 1879 2372 1934 tione
2400 1878 2492 1933 Dei
2522 1888 2683 1950 atque
2711 1878 3052 1935 ordinatione
3105 1879 3315 1935 Domini
3356 1889 3668 1952 perceperat,
3689 1896 3753 1936 sa-

530 1962 707 2018 Iucem
731 1960 1030 2016 manifestat
1048 1962 1187 2032 quod
1217 1959 1376 2015 iidem
1404 1961 1490 2028 qui
1520 1975 1578 2015 se
1603 1970 1728 2016 tunc
1756 1978 1783 2014 a
1814 1961 1953 2016 tribu
1978 1961 2115 2017 .Iuda

527 2068 582 2115 et
606 2055 880 2125 Benjamin
912 2056 1202 2117 sciderunt,
1227 2067 1277 2111 et
1303 2054 1690 2128 Hierosolymis
1719 2055 1994 2112 derelictis
2019 2057 2117 2114 Sa-

524 2152 748 2209 mariam
774 2161 1133 2217 secesserant,
1168 2149 1308 2205 inter
1332 2148 1590 2220 profanos
1612 2160 1666 2205 et
1709 2150 1938 2220 gentiles
1965 2166 2116 2205 com-

519 2254 862 2317 putarentur.
890 2244 1023 2302 Nam
1050 2260 1172 2300 cum
1206 2244 1436 2313 primum
1467 2241 1762 2315 diSCipUlUS
1783 2258 1909 2305 suos
1940 2242 1993 2298 in
2017 2244 2115 2298 mi-

525 2339 804 2396 ni~tcrium
827 2340 1017 2395 salutis
1044 2339 1299 2404 mitteret,
1321 2334 1594 2391 mandavit
1614 2344 1667 2390 et
1686 2333 1822 2390 dixit
1851 2353 1865 2391 :
1895 2332 1961 2389 lit
1980 2336 2115 2390 viam

500 2432 787 2489 .natiattum
818 2432 837 2468 τ
863 2449 925 2486 ne
950 2431 1193 2497 abieritis,
1226 2440 1270 2485 et
1303 2432 1354 2485 in
1384 2428 1636 2483 civitatem
1657 2426 2105 2483 Samaritanorum

523 2544 589 2584 ne
629 2526 940 2582 introierint.
975 2522 1054 2581 Ad
1085 2524 1301 2580 inda-os
1337 2534 1360 2572 ε
1414 2524 1561 2594 prius
1616 2522 1856 2581 mittens.
1886 2510 2113 2592 gentiles

523 2624 701 2680 adhuc
729 2624 984 2694 pra-teriri
1036 2622 1211 2699 jubet.
1247 2619 1508 2675 Addenda
1543 2631 1720 2673 autem
1750 2628 1803 2673 et
1833 2617 2111 2687 civitatein

528 2715 989 2774 Samaritanorum
1012 2714 1214 2769 debere
1239 2713 1432 2775 omitti,
1469 2712 1558 2767 ubi
1580 2723 1733 2768 erant
1759 2711 2108 2779 scbismatici,

519 2809 749 2865 Ostendit
782 2807 1158 2863 sclti~tnattcos
1178 2806 1468 2877 gentilibus
1494 2805 1786 2873 adatquari.

596 2900 705 2958 VII.
735 2900 888 2969 Quod
919 2901 961 2954 si
985 2900 1179 2970 aliquis
1205 2898 1330 2955 illud
1376 2900 1599 2969 opponit
1625 2910 1683 2955 ut
1703 2901 1845 2954 dicat
1865 2899 2109 2956 eamdem

517 2994 870 3051 Novatizutum
929 2995 1097 3063 legem
1148 3002 1333 3049 tenere
1370 3009 1529 3064 quam
1570 2992 1832 3050 callioliCa
1869 2993 2108 3048 Ecclesia

522 3097 723 3152 teneat,
758 3087 945 3142 eodem
976 3086 1233 3159 Symbolo
1258 3103 1365 3157 quo
1416 3098 1465 3140 et
1500 3100 1597 3141 nos
1644 3085 1933 3153 baptizare,
1955 3102 2110 3142 emn-

520 3180 642 3237 dem
671 3196 831 3236 nosse
861 3181 1023 3235 Drtlttt
1055 3181 1284 3245 Patrem,
1312 3179 1559 3236 eumdem
1589 3180 1784 3236 Filium
1809 3180 2106 3248 Christum,

2221 1970 2497 2026 criticandi
2520 1970 2619 2025 sibi
2644 1970 2914 2037 licentiam
2938 1970 3364 2037 vindicaverunt,
3392 1971 3633 2027 divinitus
3652 1988 3743 2041 per-

2222 2064 2367 2119 cussi
2398 2079 2585 2135 poenas
2611 2065 2793 2119 statim
2851 2081 2947 2134 pro
3003 2064 3204 2121 illicitis
3232 2065 3517 2124 conatibus
3540 2065 3756 2138 pepende-

2218 2165 2348 2211 runt
2374 2167 2419 2218 ι,
2452 2170 2552 2212 nec
2579 2166 2876 2227 potuerunt
2907 2167 3018 2213 rata
3065 2174 3188 2214 eSse
3234 2169 3291 2214 et
3325 2158 3581 2229 proﬁcere
3603 2159 3759 2214 sacrili-

2218 2248 2300 2304 cia
2333 2249 2634 2320 irreligiose
2656 2259 2711 2305 et
2741 2249 2926 2306 illicite
2948 2260 3134 2305 contra
3154 2251 3247 2320 jus
3273 2251 3473 2307 divina:
3499 2250 3755 2323 dispositio-

2220 2342 2304 2397 nis
2334 2341 2534 2397 oblata.
2561 2342 2852 2399 'I‘buribula
2879 2359 3094 2415 quoque
3126 2346 3260 2415 ipsa,
3294 2345 3348 2399 in
3401 2344 3590 2415 quibus
3624 2344 3761 2400 incen-

2218 2450 2339 2490 sum
2368 2436 2571 2490 illicite.
2597 2438 2771 2491 fuerat
2794 2436 3054 2502 oblatum,
3084 2451 3153 2493 ne
3183 2437 3234 2492 in
3264 2452 3366 2492 usu
3412 2436 3480 2494 de
3505 2448 3682 2494 etatem
3698 2452 3759 2494 es-

2218 2537 2341 2584 sent
2380 2528 2771 2594 sacerdotibus,
2805 2531 2899 2584 sed
2931 2531 3109 2600 potius
3157 2530 3545 2600 indignationis
3564 2540 3616 2586 et
3641 2530 3759 2586 ultio-

2218 2625 2305 2679 nis
2345 2624 2542 2677 divina:
2590 2626 2903 2679 memoriam
2955 2622 3290 2695 corrigendis
3340 2626 3571 2694 posueris
3594 2623 3761 2680 exhibe-

2219 2715 2415 2783 rentk,
2440 2717 2593 2787 jussu
2640 2717 2850 2771 Domini
2878 2715 3106 2772 conﬂata
3149 2726 3309 2785 atque
3363 2719 3485 2789 igne
3514 2726 3704 2788 purgata
3724 2716 3760 2769 iii

2216 2809 2445 2868 laminas
2471 2809 2701 2865 ductiles
2732 2811 3104 2879 producuntur
3123 2819 3179 2864 et
3203 2808 3501 2877 alligunlur
3524 2809 3680 2864 altari.
3701 2821 3762 2862 se.

2215 2901 2448 2957 cnndmn
2500 2901 2643 2972 quod
2674 2901 2907 2972 loquitur
2930 2901 3205 2971 Scriptura
3252 2902 3463 2957 divina.
3495 2901 3761 2968 Memoriali,

2214 2993 2408 3065 inquit,
2440 2992 2562 3062 [iliis
2592 2992 2757 3048 Israel
2787 3004 2842 3047 ut
2866 3010 2967 3048 non
2992 2993 3200 3048 accedat
3229 2995 3503 3066 quisquam
3525 2993 3761 3066 alienigene

2214 3088 2301 3159 qui
2330 3104 2430 3141 non
2460 3097 2623 3142 estea:
2660 3086 2849 3142 semine
2899 3089 3070 3142 Aaron
3112 3088 3382 3159 imponere
3408 3089 3655 3143 incensum
3677 3096 3761 3139 ante

2216 3179 2510 3247 Dominum,
2532 3189 2699 3233 utnon
2727 3180 2792 3233 sit
2816 3176 3225 3234 sicutChormEt
3256 3189 3443 3235 tamen
3473 3181 3545 3235 illi
3567 3177 3755 3234 srltisuia

518 3274 767 3331 eumdem
795 3273 1051 3344 Spiritum
1080 3284 1343 3338 sanctum,
1375 3289 1437 3329 ac
1480 3286 1697 3344 propter
1718 3273 1819 3329 hoc
1845 3290 2109 3347 usurpare
2135 3272 2182 3336 C
2216 3289 2320 3328 non
2353 3276 2608 3334 tecerant,
2632 3287 2730 3327 nec
2775 3270 2916 3327 foras
2943 3272 3144 3352 egressi
3172 3315 3189 3337 ,
3216 3282 3407 3328 contra
3441 3274 3532 3328 Dei
3561 3270 3762 3327 sat-crdo-

520 3380 642 3420 eutn
676 3376 991 3435 potestatem
1035 3366 1333 3434 baptizandi
1381 3381 1541 3436 posse
1586 3366 1727 3437 quod
1776 3367 2020 3422 videatur
2049 3368 2102 3424 in

519 3457 939 3527 interrogatione
965 3455 994 3494 ιι
1038 3458 1291 3528 Baptismi
1333 3475 1362 3511 a
1419 3459 1572 3514 nobis
1618 3475 1721 3513 non
1770 3459 2097 3531 discrepare,

521 3552 655 3606 sciat
679 3552 919 3624 quisquis
964 3552 1066 3607 hoc
1104 3551 1482 3622 Opponendutn
1532 3563 1677 3623 putat
1733 3554 1963 3624 primum
1996 3570 2103 3610 non

521 3659 641 3701 esse
669 3660 827 3699 unam
856 3646 1012 3701 nobis
1039 3655 1094 3702 et
1122 3645 1483 3717 schismaticis
1512 3647 1752 3720 Symboli
1778 3649 1972 3719 legem,
2007 3665 2104 3706 ne-

516 3754 623 3812 que
670 3738 914 3797 eamdem
965 3740 1463 3811 interrogationem.
1515 3739 1648 3795 Nam
1694 3756 1818 3796 cum
1861 3742 2098 3799 dicunt:

2209 3374 2291 3420 tes
2319 3363 2660 3432 impudenter
2702 3361 2722 3401 ὶ
2748 3374 2909 3435 atque
2930 3363 3200 3419 hostiliter
3226 3365 3636 3429 rebellaverant,
3655 3359 3761 3435 quod

2211 3473 2354 3515 nunc
2380 3458 2435 3513 hi
2470 3456 2767 3512 Eccli-siam
2787 3456 3098 3512 scindentes
3120 3465 3175 3511 et
3202 3469 3396 3513 contra
3432 3475 3611 3531 pacem
3643 3470 3762 3532 atque

2206 3556 2464 3612 unitatem
2486 3551 2681 3609 Cliristi
2702 3550 2932 3608 rebelles
2947 3552 3257 3607 cathedram
3279 3554 3387 3610 sibi
3407 3557 3711 3612 constituere
3722 3565 3762 3611 et

2207 3650 2499 3720 primatum
2546 3660 2827 3701 assumere
2849 3654 2889 3682 ω
2912 3653 2968 3701 et
2997 3645 3299 3717 baptizandi
3350 3658 3517 3719 atque
3553 3646 3761 3704 υπεκΜὶ

2209 3742 2484 3800 licentiam
2507 3738 2782 3795 vindicare
2802 3748 3052 3794 conatur.
3086 3737 3376 3807 Quomodo
3407 3741 3655 3811 perﬁcere
3673 3754 3761 3812 qua

1727 3911 2110 3970 LECTIONES
2173 3907 2591 3968 VARIANTES.

581 4053 609 4081 ⁸
639 4050 898 4102 Dominum
922 4049 1047 4102 dixit
1073 4054 1204 4103 Lam.
1233 4050 1377 4103 Ebor.
1405 4054 1511 4102 Litt.
1539 4053 1649 4103 NG.
1677 4054 1722 4106 1.
1747 4054 1792 4103 2.

577 4112 607 4186 lt
641 4114 890 4186 quotquot
912 4117 980 4186 ab
998 4116 1190 4186 unitate
1205 4115 1345 4186 ἰαιιέ
1374 4114 1481 4186 Iter!
1527 4116 1572 4186 ξ.
1604 4114 1746 4186 liii-or.
1774 4116 1904 4186 NQ.“
1907 4118 1955 4165 1.

579 4176 729 4250 _°_Sic
940 4176 1125 4228 Bened.
1161 4175 1268 4228 Litt.
1303 4179 1429 4228 Bod.
1458 4180 1502 4236 I,
1536 4180 1585 4228 2.
1620 4175 1765 4230 Ebur.
1814 4178 1922 4230 ΝΕ.
1968 4177 2014 4238 1,
2056 4180 2101 4229 Ξ.

513 4239 803 4291 Adulterum
827 4239 936 4305 Rig.

580 4301 607 4375 fl
644 4301 1140 4375 licetred‘iensamqrsn
1167 4302 1293 4375 Bgfl.
1324 4306 1458 4375 I.__n
1506 4368 1517 4375 _
1579 4367 1598 4375 ᾳ
1646 4364 1692 4375 Η

581 4372 604 4396 υ
637 4364 723 4415 Sic
749 4366 852 4414 Bod
893 4368 938 4423 '1.
963 4367 1007 4416 2.
1041 4366 1170 4415 Laut.
1200 4364 1342 4416 Εὺον.
1370 4366 1477 4418 NC.
1504 4368 1546 4420 l.
1571 4367 1601 4416 2
1639 4364 1742 4415 Litt.
1767 4366 1919 4415 Sonat
1943 4366 2100 4418 Oxon.

580 4429 603 4463 τ
646 4427 695 4476 lit
722 4431 845 4478 viam
871 4429 1091 4488 gentium
1118 4428 1238 4478 Bari.
1265 4430 1311 4481 2.
1339 4430 1473 4477 Lam.
1501 4426 1646 4479 Ebur.
1676 4429 1785 4481 ΝΟ.
1813 4430 1860 4479 1.

580 4494 606 4531 8
640 4489 714 4541 Aul
736 4490 932 4541 Judasos
954 4491 1164 4556 primum
1192 4492 1327 4542 Lam.
1355 4492 1464 4542 NG.
1490 4493 1536 4542 1.
1563 4490 1707 4542 Ebor.

2270 4049 2303 4089 h
2335 4049 2573 4102 Videatur
2608 4048 2996 4110 interrogatione
3021 4058 3049 4094 a
3070 4046 3215 4096 nobis
3241 4047 3378 4098 Lam.
3421 4050 3543 4101 Bod.
3583 4052 3610 4099 2
3648 4047 3757 4097 Ebur.

2276 4178 2295 4242 ε
2333 4175 2479 4242 Lege
2500 4183 2554 4242 et.
2576 4172 2853 4242 conditione
2877 4173 3061 4242 N03.-
3159 4234 3207 4242 _.

2279 4240 2292 4291 i
2336 4234 2433 4289 Sic'
2451 4237 2569 4290 Bod.
2600 4239 2643 4300 I,
2671 4239 2718 4295 2,
2743 4240 2790 4287 5.
2823 4238 2957 4287 Lam.
2982 4234 3123 4286 Ebor.
3155 4234 3259 4285 Litt.
3289 4237 3401 4287 ΝΕ.
3450 4239 3491 4298 I,
3526 4240 3570 4288 Ξ.
3600 4235 3759 4286 Pendeo

2210 4311 2323 4353 runt
2351 4303 2511 4354 ann.

2273 4368 2301 4405 κ
2333 4365 2701 4416 Exliiberentur
2737 4358 2860 4412 Bod.
2887 4367 2935 4412 7i.

2273 4428 2297 4467 1
2337 4427 2420 4487 lini
2440 4428 2652 4476 udenter
2689 4426 2820 4488 Lam.
2850 4422 2991 4477 Elter.
3020 4424 3147 4475 Bod.
3175 4425 3222 4488 1,
3248 4427 3293 4475 2.
3323 4425 3428 4476 Litt.
3457 4426 3561 4477 ΝΕ.
3590 4427 3631 4485 I,
3652 4425 3689 4473 2.

2128 4473 2184 4533 D
2270 4491 2309 4520 ω
2337 4473 2673 4554 vanitatem
2699 4473 2840 4539 om.

1710 4619 1950 4678 STEPII.
1994 4618 2271 4677 BALUZII
2307 4618 2538 4677 NOTAE.

514 4744 761 4802 ecclesim
792 4742 1190 4798 Bellovacensis
1218 4751 1274 4798 et
1301 4741 1611 4797 monasterii
1639 4739 1984 4797 Corbeiensis
2011 4739 2106 4797 ha-

512 4815 636 4873 bent
665 4815 913 4880 alterum,
942 4823 1095 4869 certo
1121 4828 1322 4870 errore.

587 4886 907 4942 Prandissel.
954 4887 1102 4940 lianc
1141 4886 1425 4942 lectionem
1453 4885 1748 4956 praeferunt
1776 4883 1979 4956 aliquot
2008 4898 2103 4940 ve-

515 4969 627 5014 tera
659 4959 1011 5023 exvmiilaria.
1041 4958 1158 5012 Alia
1191 4957 1389 5012 habent
1428 4954 1703 5026 prmisisset
1758 4954 1890 5011 Vide
1924 4970 2045 5022 qua:
2072 4970 2103 5010 a

514 5029 969 5155 niibisiqchrvata
990 5041 1112 5084 sunt
1134 5030 1200 5084 ad
1223 5039 1371 5099 gesta
1393 5030 1605 5085 COltCllil
1625 5026 2103 5095 Chalcedonensis,

514 5115 635 5155 nea.
732 5122 763 5155 δ
1600 5114 1604 5118 '

583 5103 790 5171 g.105I
1600 5114 1604 5118 '

622 5142 635 5155 .
662 5115 687 5155 1
732 5115 751 5150 ί
1600 5115 1604 5118 ·

514 5115 790 5227 pagana?
815 5172 1133 5229 Necessario
1177 5172 1550 5228 revocavimus
1591 5171 1728 5226 lianc
1770 5171 2093 5235 lectionem',

512 5247 636 5314 quia
661 5256 837 5299 exstat
865 5247 915 5297 in
946 5243 1198 5299 omnibus
1224 5244 1457 5313 antiquis
1482 5243 1809 5297 editionibus
1828 5254 1885 5297 et
1914 5244 2096 5314 intuit

509 5313 787 5370 codicibus
816 5317 1212 5387 manust-rimis.
1264 5314 1790 5387 I’ainelius‘niutavit
1830 5323 1885 5367 et
1927 5313 2096 5368 edidit

508 5395 656 5439 sonat
682 5402 749 5441 ex
776 5386 881 5441 Iide
908 5384 1108 5441 codici;
1137 5384 1607 5440 Catnlieroncnsis.
1650 5384 1740 5440 Ait
1777 5394 1955 5438 autem
2000 5399 2094 5437 vo-

508 5472 626 5511 cem
653 5457 805 5528 san'at
820 5499 837 5521 ,
861 5472 979 5528 quae
997 5456 1223 5512 habetur
1240 5456 1293 5511 in
1315 5458 1436 5512 aliis
1453 5456 1887 5528 codicibusresse
1908 5471 2093 5528 corru-

508 5537 654 5598 ptam
704 5527 761 5582 In
791 5526 905 5600 uno,
927 5545 1046 5600 meo
1074 5529 1265 5594 legitur
1292 5530 1439 5600 pavet.
1479 5526 2096 5600 Satiai‘istic_signilic:it

507 5597 739 5666 probare
763 5616 828 5654 ex
861 5598 1185 5653 abundantia
1210 5597 1354 5668 quad
1378 5610 1536 5655 antea
1563 5600 1763 5653 dictum
1796 5597 1893 5652 l‘uit
1914 5639 1928 5662 ,
1956 5599 2095 5654 sicut

507 5669 709 5724 Pliniu~
735 5670 827 5725 lib.
864 5685 918 5733 ν,
946 5686 1065 5737 cap.
1098 5671 1152 5736 9,
1186 5671 1316 5725 dicit
1346 5670 1518 5727 Nilum
1549 5673 1850 5726 increscere
1882 5681 2037 5735 prout
2061 5686 2092 5725 a

502 5740 813 5797 Mauritiaua
846 5745 995 5795 nives
1034 5741 1302 5796 iinbresve
1328 5744 1673 5805 satiaverint.
1716 5740 1766 5795 id
1805 5750 1889 5795 est
1925 5741 2096 5797 abuti-

501 5813 764 5886 daverint.
802 5815 866 5868 Et
885 5811 1213 5886 Tertullinus
1238 5813 1290 5866 in
1309 5814 1478 5886 Scorp
1497 5828 1593 5869 ace
1615 5814 1687 5869 ait
1710 5811 1853 5882 quod
1874 5811 1921 5886 si
1944 5828 2091 5868 sror-

489 5886 584 5952 pio
609 5885 822 5958 plagam
846 5885 1134 5947 satiaverit,
1164 5880 1218 5937 id
1238 5892 1323 5940 est
1345 5880 1507 5943 omne
1529 5888 1678 5943 virus
1703 5880 1864 5942 suum
1887 5883 1941 5940 in
1970 5899 2091 5944 eam

2208 4739 2490 4807 eﬁ‘uderit,
2543 4742 2725 4796 statim
2774 4741 3032 4811 pristinos
3056 4755 3250 4797 sensus
3293 4753 3676 4812 retropescere.
3714 4736 3757 4791 In

2209 4813 2462 4885 eumdem
2480 4827 2701 4885 sensum
2717 4814 3038 4885 Cyprianus,
3060 4814 3112 4865 in
3137 4814 3275 4868 libro
3290 4814 3358 4869 de
3379 4811 3556 4885 opere
3566 4824 3614 4868 et
3637 4811 3757 4885 Elea:

2210 4884 2471 4954 mosynis,
2499 4901 2624 4956 pag.
2651 4878 2778 4952 259;
2799 4878 2881 4939 'ait
2905 4885 3320 4955 deprecationes
3343 4878 3491 4943 solas
3522 4900 3686 4956 partnu
3707 4878 3755 4933 ad

2210 4955 2603 5026 impetrandum
2644 4956 2823 5012 valere
2859 4957 2961 5011 nisi
2989 4957 3256 5011 laetorum
3285 4967 3339 5012 et
3363 4955 3587 5026 operum
3611 4968 3755 5026 acces—

2206 5022 2666 5100 sio'uesatientnr.
2694 5026 2935 5100 Qvotius,
2967 5028 3059 5083 lili.
3082 5042 3161 5091 in,
3181 5022 3449 5097 Tristium,
3475 5029 3606 5100 eleg.
3634 5043 3670 5094 t,
3690 5022 3752 5079 tli-

2206 5099 2314 5154 xit:
2344 5097 2469 5152 Cum
2498 5099 2603 5160 iam
2632 5099 2891 5153 satiaverit
2918 5101 3072 5154 iram.

2283 5169 2530 5243 Majorem
2553 5170 2959 5243 intelligentiam.
2988 5170 3175 5227 Codex
3199 5171 3369 5228 sancti
3395 5169 3649 5243 Arunlpbi
3671 5182 3752 5221 titti-

2192 5240 2687 5313 joreintrlligentite
2718 5241 2849 5298 luce.

2271 5312 2460 5386 νιιπ-
2478 5312 2863 5386 Beatissionettt.
2890 5314 3141 5386 Plerique
3167 5314 3289 5371 libri
3314 5325 3527 5372 veteres
3552 5312 3748 5371 habent:

2199 5383 2375 5440 Credis
2401 5385 2455 5438 in
2481 5385 2846 5441 remissionem.

2271 5455 2398 5511 VIII.
2428 5485 2499 5497 —-
2532 5453 2905 5525 Pependerunt.
2931 5458 3008 5513 Ita
3047 5457 3346 5516 duodecim
3378 5458 3504 5513 libri
3550 5465 3744 5513 veteres.

2197 5527 2569 5602 Alii_qitini|iie
2599 5538 2648 5583 et
2679 5528 2846 5583 editio
2877 5528 3193 5602 litorelliana
3223 5531 3580 5602 rependerunt.

2267 5597 2381 5674 Nec
2413 5608 2679 5667 potuerunt
2713 5611 2846 5654 rata.
2888 5599 3040 5674 Unus
3071 5601 3239 5657 codex
3270 5597 3450 5674 regius
3478 5601 3654 5674 liabet.
3680 5608 3748 5674 11ιέ

2194 5672 2358 5743 potuit
2392 5682 2559 5725 ratum
2584 5686 2692 5725 esse
2727 5681 2772 5725 et
2817 5672 3063 5741 pro/itere
3090 5670 3402 5742 sacriﬁcium
3437 5670 3747 5743 irreligin

2192 5742 2369 5813 illicite
2394 5754 2572 5796 contra
2587 5743 2680 5811 jus
2707 5742 2895 5798 divina:
2918 5742 3268 5813 dispositionis
3293 5744 3536 5800 oblatum.

2269 5812 2553 5887 Primatnm
2583 5830 2860 5887 assaraci}.
2902 5816 3038 5883 Quid
3080 5817 3199 5871 istic
3226 5814 3491 5887 signiticet
3528 5815 3745 5887 primatus

2193 5899 2301 5942 non
2325 5885 2458 5942 satis
2483 5900 2762 5955 assequar.
2794 5879 3008 5947 Etenim
3042 5904 3148 5946 non
3172 5879 3390 5960 possum
3411 5879 3640 5945 assentiri
3662 5879 3741 5937 Pa-
