3994 6340
261 270 403 331 {illi

1365 268 1450 326 DE
1486 264 1934 325 BAPTIZANDIS
1969 262 2401 323 NOVATIANIS.

3404 259 3543 319 1146

256 400 422 465 agunt
473 401 566 447 aut
610 392 899 462 impetrare
941 387 1144 460 aliquid
1185 385 1384 443 illicitis
1411 385 1695 441 conatibus
1726 384 1838 439 Deo
1864 383 1920 445 Α
1942 382 2185 453 quamvis
2212 380 2384 435 sciant
2414 377 2465 434 id
2492 374 2634 449 quod
2671 376 2877 433 faciunt
2900 387 3010 430 non
3058 374 3243 430 licere.
3272 370 3413 430 Illud
3444 374 3544 431 mi-
3636 426 3639 437 λ

254 495 484 558 possunt
531 485 621 556 qui
671 493 854 540 contra
904 484 1095 547 Deum,
1127 480 1267 554 quod
1295 480 1372 536 cis
1419 496 1523 535 nott
1551 479 1697 547 licet,
1730 494 1844 533 mo-

259 580 466 638 liuntur
491 588 517 615 ³ι
541 579 760 646 ?Quare
775 578 862 649 qui
891 576 1187 633 Novatiano
1206 574 1319 630 sive
1345 574 1556 629 cteteris
1576 571 1841 642 ejusmodi

257 670 618 730 schismatit-is
643 670 671 709 ι)
696 672 1097 741 patrociuantur
1139 669 1329 724 frustra
1358 667 1685 723 contendunt
1716 665 1845 736 bap-

256 766 408 824 tizari
440 778 492 821 et
524 764 844 820 sanctiiicari
896 764 1005 818 illic
1032 763 1265 834 aliquem
1315 761 1535 817 salutari
1568 760 1842 830 llapttsuto

255 876 417 933 posse
445 860 531 916 ubi
561 866 770 916 constet
796 857 1151 930 baptizantem
1175 852 1794 926 cbaptizandilicentiam
1812 848 1839 888 ί¹

253 968 362 1012 non
388 953 605 1008 habere.

326 1046 419 1104 1X.
441 1048 613 1115 Atque
640 1054 695 1100 ut
714 1046 882 1115 magis
907 1044 1127 1117 intelligi
1159 1053 1339 1115 posset
1358 1053 1543 1098 contra
1573 1040 1837 1114 ejusmodi

252 1141 534 1198 audaciam
562 1156 681 1210 qua:
733 1139 804 1194 sit
830 1154 1059 1195 censura
1087 1138 1287 1193 divina.
1319 1137 1620 1193 invenimus
1670 1136 1721 1190 in
1749 1134 1839 1190 tali

250 1231 494 1289 facinore
524 1246 630 1286 non
674 1231 846 1287 solum
870 1231 1033 1287 duces
1062 1240 1117 1286 et
1144 1241 1390 1285 auctores
1418 1230 1511 1286 sed
1540 1240 1589 1284 ct
1619 1228 1837 1301 partici-

248 1340 347 1397 pes
375 1324 546 1393 [uenis
574 1323 852 1391 destinari,
885 1323 988 1379 nisi
1015 1339 1075 1379 se
1100 1339 1129 1377 a
1158 1324 1534 1379 communione
1574 1324 1836 1378 malorum

247 1417 635 1489 separavi-rint,
662 1418 1007 1488 przecipiente
1036 1432 1130 1487 par
1160 1416 1376 1490 Moysen
1429 1417 1652 1471 Domino
1672 1426 1726 1470 et
1750 1416 1837 1470 di-

244 1519 403 1568 caute
435 1526 450 1564 :
483 1509 807 1579 Separantini
855 1528 887 1564 a
935 1509 1271 1564 tabernaculis
1313 1509 1574 1565 hominum
1625 1512 1837 1564 istarum

243 1602 650 1669 durissimarum,
675 1612 722 1656 et
747 1600 903 1657 nolite
923 1612 1129 1672 tangere
1148 1601 1213 1657 ab
1230 1603 1461 1656 omnibus
1473 1618 1588 1674 qua:
1609 1611 1723 1656 sunt
1741 1601 1833 1666 eis,

241 1698 468 1753 nest'mul
480 1698 693 1766 pereatis
707 1698 758 1752 in
774 1707 977 1767 peccato
998 1713 1169 1751 eorum
1191 1694 1381 1770 (Num.
1413 1696 1453 1751 X
1467 1695 1567 1768 Vl).
1604 1696 1668 1750 I'Zt
1693 1694 1835 1767 quod

1946 474 2171 529 randum
2194 482 2276 528 est
2296 472 2345 539 δ,
2363 472 2525 528 immo
2543 470 2925 543 indignandum
2946 468 3123 540 potius
3141 476 3197 524 et
3222 465 3537 535 dolendum,

1945 565 2283 622 Christianos
2298 565 2628 621 anticltristis
2652 564 2909 620 assistere
2929 573 2982 619 et
3008 561 3452 633 praevaricatores
3480 561 3542 617 llo

1944 661 2028 716 dei
2060 673 2219 733 atque
2250 660 2502 716 Ecclesia:
2529 657 2833 728 proditores
2859 658 3001 712 intus
3023 658 3073 711 in
3103 655 3219 722 ipsa
3243 654 3481 712 Ecclesia
3520 654 3537 694 ί

1944 761 2130 808 eontra
2166 753 2458 808 Ecclesiam
2510 763 2673 807 stare.
2709 749 2808 818 Qui
2839 791 2855 815 ,
2886 764 3208 821 quamquam
3240 748 3543 819 pertinaces

1943 846 2079 901 alias
2118 857 2172 901 et
2225 846 2481 901 indociles
2504 885 2518 907 .
2552 844 2636 900 vel
2669 846 2770 898 hoc
2821 852 2997 898 tamen
3026 842 3353 897 conﬁtentur
3390 839 3536 911 quod

1947 938 2185 993 universi
2228 936 2343 992 sive
2380 936 2617 992 lucretici
2657 935 2771 991 sive
2804 932 3130 991 schismatici
3175 948 3280 989 non
3308 931 3546 988 habeant

1944 1030 2205 1103 Spiritum
2227 1039 2469 1084 sanctum
2491 1071 2507 1095 ,
2532 1038 2586 1084 et
2606 1027 2727 1083 ideo
2758 1027 3029 1097 bap=izare
3048 1025 3267 1097 quidem
3297 1034 3539 1097 possunt,

1941 1123 2071 1178 dare
2115 1131 2290 1177 autem
2338 1122 2594 1191 Spiritum
2642 1130 2884 1176 sanctmu
2934 1135 3039 1175 non
3083 1128 3328 1190 possunt,
3356 1116 3411 1173 in
3441 1117 3543 1173 hoc

1942 1219 2113 1291 ipsoa
2157 1218 2312 1274 nobis
2363 1224 2621 1271 tenentur
2651 1227 2705 1269 ut
2732 1215 3083 1272 ostendamus
3127 1230 3227 1270 nec
3263 1214 3541 1284 baptizare

1941 1316 2161 1372 omnino
2188 1328 2284 1369 eos
2330 1327 2492 1385 posse
2537 1311 2627 1383 qui
2675 1327 2779 1366 non
2829 1310 3060 1365 habeant
3102 1307 3361 1380 Spiritum
3412 1321 3541 1363 san-

1947 1418 2112 1463 clunt.

2013 1500 2105 1556 XI.
2137 1498 2269 1555 Nam
2296 1514 2417 1555 cum
2452 1498 2503 1554 itt
2534 1498 2809 1568 Baptismo
2854 1496 3146 1566 unicuique
3193 1502 3412 1567 peccata
3442 1506 3541 1549 sua

1940 1598 2303 1657 remittantur.
2324 1594 2513 1665 probat
2541 1602 2599 1651 et
2626 1592 2865 1648 declarat
2892 1593 2944 1647 itt
2975 1589 3273 1661 Evangelia
3302 1602 3404 1645 suo
3436 1587 3540 1643 Do-

1939 1693 2117 1746 minus
2139 1705 2233 1760 per
2259 1705 2355 1745 eos
2373 1689 2519 1744 solos
2543 1698 2756 1759 peccata
2789 1702 2945 1759 posse
2970 1686 3165 1740 dimitti
3191 1685 3279 1755 qui
3312 1684 3545 1740 habeant

241 1792 599 1848 comminatus
620 1789 969 1863 pcr..'lloysen
1000 1788 1257 1845 Dominus
1288 1789 1460 1845 luerat
1489 1789 1748 1859 implevit,
1773 1800 1831 1843 ut
1861 1791 1909 1851 Β
1936 1783 2192 1855 Spiritum
2242 1794 2506 1841 sanetum.
2548 1782 2678 1838 Post
2728 1780 3178 1836 resurrectionem
3205 1778 3350 1833 enim
3380 1777 3544 1834 disci—

240 1882 483 1954 quisquis
510 1898 569 1936 sc
590 1898 619 1937 a
646 1880 826 1938 Chore
856 1893 880 1917 ο
904 1892 956 1937 et
995 1881 1201 1937 Dathan
1233 1890 1287 1937 et
1309 1882 1511 1938 Abiron
1544 1896 1650 1936 non
1674 1896 1833 1951 sepa-

240 1985 436 2041 rassct,
466 1990 651 2047 pmnas
677 1976 857 2031 statim
903 1990 998 2047 pro
1034 1975 1195 2046 impia
1222 1976 1602 2030 communione
1630 1975 1862 2045 persol“

241 2080 388 2126 verct
444 2069 563 2140 Quo
589 2071 846 2142 exemplo
876 2069 1180 2125 ostenditur
1206 2078 1261 2125 et
1291 2070 1545 2140 probatur
1574 2070 1837 2125 olmoxios

244 2179 434 2222 onmcs
462 2173 517 2221 et
542 2165 715 2234 culpa:
753 2175 808 2221 et
832 2178 1004 2237 pmna:
1032 2162 1243 2219 futuros
1267 2165 1358 2235 qui
1391 2180 1450 2220 se
1479 2162 1837 2219 schismaticis

242 2270 429 2319 contra
462 2259 782 2331 prtepositos
830 2247 888 2315 et
933 2258 1239 2314 sacerdotes
1289 2258 1583 2329 irreligioso
1616 2258 1835 2312 temeri-

243 2363 352 2412 tate
377 2353 713 2410 miscuerint.
731 2353 1061 2411 Sicutetiam
1089 2367 1186 2424 per
1206 2351 1344 2409 Osee
1367 2352 1683 2423 prophetam
1710 2352 1834 2422 Spi-

242 2446 379 2503 ritus
422 2457 640 2503 sanctus
681 2457 1010 2504 contestatur
1060 2455 1113 2502 ct
1153 2446 1283 2502 dicit
1311 2464 1325 2500 :
1349 2446 1620 2517 Sacriﬁcia
1662 2462 1837 2501 eorum

243 2546 509 2612 tamquam
539 2540 688 2610 panis
714 2540 899 2607 luctus,
932 2552 1105 2595 omnes
1130 2539 1216 2610 qui
1242 2538 1549 2594 ntanducant
1576 2555 1635 2593 ea
1661 2549 1837 2594 conla-

244 2624 577 2687 minabuntur
605 2632 782 2701 (Osee,
813 2632 926 2706 IX),
962 2633 1164 2689 ducens
1208 2634 1414 2690 scilicet
1464 2642 1517 2689 ct
1545 2634 1836 2690 ostendens

244 2738 430 2781 omnes
480 2727 703 2781 omnino
749 2740 872 2782 cum
930 2726 1239 2783 auctoribus
1280 2725 1541 2798 supplicio
1587 2726 1836 2798 conjungi

243 2817 331 2890 qui
362 2817 560 2873 iuerint
588 2833 773 2874 eorum
799 2830 1018 2889 peccato
1043 2818 1413 2874 contaminati.

319 2911 391 2967 Χ.
421 2910 554 2980 Qua:
608 2926 739 2983 ergo
793 2911 932 2983 apud
983 2926 1079 2967 eos
1119 2915 1309 2969 merita
1339 2928 1459 2969 esse
1501 2915 1643 2970 circa
1670 2914 1838 2971 Deum

250 3014 472 3077 possunt
500 3005 696 3076 quibus
732 3004 994 3075 supplicia
1042 3003 1300 3061 divinitus
1357 3005 1706 3076 irrogantur?
1734 3009 1842 3061 Aut

244 3094 513 3170 quomodo
565 3098 701 3154 tales
746 3095 1043 3168 iustiﬁcare
1092 3108 1146 3154 et
1171 3098 1508 3155 sanctiticarc
1536 3098 1837 3170 baptizatos

1937 1884 2096 1956 pulos
2123 1898 2250 1938 suos
2273 1883 2493 1938 millctts
2521 1881 2755 1950 loquitur
2778 1878 2844 1934 ad
2876 1892 2970 1933 eos
2999 1886 3056 1933 et
3081 1877 3243 1933 dicit:
3272 1876 3420 1931 Sicut
3448 1877 3545 1930 mi-

1939 1985 2004 2031 stt
2025 1991 2105 2029 me
2131 1973 2310 2042 Pater,
2340 1984 2385 2028 et
2414 1990 2504 2046 ego
2535 1974 2677 2027 mitto
2705 1988 2812 2027 vos.
2849 1969 2959 2025 Hoc
2975 1986 3091 2025 cum
3121 1969 3349 2034 dixisset,
3378 1968 3542 2040 insuf-

1938 2071 2078 2142 ﬂauit
2106 2079 2152 2124 et
2177 2069 2247 2123 ait
2274 2068 2379 2123 illis
2402 2084 2421 2123 :
2448 2069 2673 2141 Accipite
2716 2067 2973 2138 Spiritum
2997 2074 3252 2120 sanctum.
3286 2063 3346 2120 Si
3391 2064 3545 2136 cujus

1937 2162 2231 2218 rentiseritis
2261 2171 2490 2231 peccata,
2525 2162 2850 2215 remittemur
2875 2158 2955 2213 illi
2978 2175 2997 2223 ;
3020 2158 3064 2211 si
3094 2159 3243 2230 cujus
3263 2157 3540 2224 tenueritis,

1940 2255 2455 2329 tenebuntur-(leam,
2487 2256 2599 2327 xx).
2618 2260 2735 2324 Quo
2766 2255 2957 2309 inloco
2975 2251 3345 2308 ostenditenm
3366 2249 3541 2306 solum

1938 2364 2100 2422 posse
2129 2348 2401 2419 baptizare
2423 2356 2477 2403 ct
2505 2347 2878 2403 remissionem
2924 2354 3265 2416 peccatorum
3296 2343 3425 2398 dare
3450 2343 3541 2413 qui

1941 2445 2134 2501 habeat
2184 2443 2439 2511 Spiritum
2486 2452 2752 2497 sanctum.
2794 2441 3032 2509 Denique
3060 2438 3235 2510 ipsum
3265 2436 3542 2492 Christum

1942 2537 2223 2593 Dominum
2245 2538 2258 2587 ι
2288 2546 2527 2592 nostrum
2551 2535 2913 2606 baptizaturus
2928 2532 3166 2588 Joannes
3186 2529 3386 2602 act-epit
3417 2536 3544 2585 ante

1938 2631 2192 2702 Spiritum
2232 2639 2475 2686 sanctum
2510 2644 2631 2684 cum
2684 2627 2868 2683 adlmc
2901 2638 3048 2682 esset
3078 2624 3131 2680 in
3163 2634 3316 2679 utero
3354 2620 3543 2679 matris

1940 2728 2263 2784 constitutus
2295 2724 2457 2797 (Luc.
2480 2726 2537 2796 ι),
2560 2734 2617 2778 ut
2638 2732 2844 2778 certum
2863 2730 3179 2792 essetatqne
3197 2718 3539 2774 manifestum

1942 2820 2213 2892 baptizare
2226 2835 2331 2876 non
2354 2834 2510 2889 posse
2525 2818 2625 2874 nisi
2639 2833 2733 2874 eos
2749 2818 2838 2890 qui
2856 2816 3088 2873 habeant
3108 2815 3368 2885 Spiritum
3394 2811 3537 2868 San-

1941 2925 2105 2970 ctum.
2141 2914 2325 2985 Itaque
2355 2913 2443 2984 qui
2474 2900 2745 2967 haereticis
2772 2910 2887 2965 sive
2913 2908 3276 2965 scbismaticis
3303 2906 3540 2978 patroci-

1944 3011 2177 3075 niantur,
2196 3007 2559 3080 resttondrant
2589 3006 2744 3061 nobis
2768 3021 2837 3060 an
2863 3005 3095 3059 habeant
3119 3001 3378 3073 Spiritutn
3407 3015 3539 3056 san-

1942 3117 2109 3171 ctnm,
2142 3120 2207 3159 an
2237 3119 2343 3159 non
2375 3102 2628 3158 habeant.
2653 3100 2708 3156 Si
2733 3100 2954 3164 habent,
2973 3113 3071 3152 cur
3099 3096 3208 3152 illic
3229 3094 3534 3163 baptizatis,

245 3200 472 3262 possunt
499 3190 589 3262 qui
636 3190 820 3247 hostes
864 3190 1203 3248 sacerdotum
1252 3192 1426 3248 aliena
1466 3203 1521 3248 et
1576 3194 1756 3250 illicita
1782 3204 1831 3249 et

1942 3198 2155 3271 quando
2179 3197 2244 3253 ad
2271 3212 2368 3253 nos
2387 3196 2629 3259 veniunt.
2646 3209 2838 3250 manus
2860 3190 3152 3263 imponitur
3167 3188 3234 3244 ad
3261 3186 3538 3258 accipien-

244 3282 394 3339 nullo
442 3284 542 3339 sibi
583 3283 705 3355 jure
751 3299 1006 3340 concessa
1040 3299 1299 3356 usurpare
1350 3289 1657 3343 conantur?
1683 3290 1829 3357 Quos

244 3385 423 3435 tamen
454 3375 599 3446 ipsos
621 3392 724 3433 non
757 3378 1016 3434 miramur
1043 3393 1141 3449 pro
1165 3393 1261 3434 sua
1292 3379 1552 3451 pratitate
1602 3392 1829 3438 conten-

241 3468 392 3527 dere.
425 3471 684 3528 Asserant
710 3469 729 3509 ί
755 3471 900 3528 enim
931 3488 1153 3529 necesse
1207 3482 1291 3529 est
1336 3484 1361 3521 Β
1389 3474 1584 3545 singuli
1631 3476 1832 3547 quique

240 3562 384 3635 quod
436 3562 636 3621 faciunt
658 3605 676 3634 ,
722 3579 823 3622 nec
853 3562 1057 3632 volunt,
1086 3566 1212 3621 victi
1267 3566 1422 3623 facile
1449 3569 1824 3638 succumbere,

293 3672 313 3701 ὑί

1936 3292 2062 3349 dttttt
2091 3291 2350 3361 Spiritum
2380 3298 2627 3347 sanctum
2654 3329 2669 3355 ,
2712 3302 2831 3342 cum
2860 3286 2970 3356 jam
3001 3288 3185 3354 utique
3216 3281 3324 3338 illic
3349 3296 3542 3352 actep-

1937 3398 2023 3444 tus
2049 3388 2120 3443 sit
2146 3388 2233 3443 ubi
2265 3387 2309 3441 si
2341 3386 2439 3442 fuit
2462 3385 2576 3440 dari
2611 3383 2805 3455 potttit?
2831 3382 2885 3439 Si
2915 3390 3091 3438 autem
3116 3376 3414 3435 loristincti
3439 3374 3544 3432 bae-

1933 3481 2087 3537 retici
2107 3478 2499 3538 etschismatici
2531 3492 2637 3534 non
2663 3475 2857 3533 habent
2884 3474 3145 3548 Spiritum
3186 3478 3456 3537 sanctum,
3485 3476 3542 3525 et

1457 3706 1843 3768 LECTIONES
1910 3709 2323 3769 VARIANTES.

301 3820 331 3921 ζ
366 3821 505 3882 Quod
528 3823 620 3897 sibi
646 3835 742 3873 non
768 3821 887 3873 licet
914 3823 1016 3874 Litt.
1044 3823 1168 3874 Botl.
1196 3826 1241 3874 2.
1268 3820 1377 3871 Non
1398 3821 1516 3875 licet
1542 3824 1665 3876 Bod.
1697 3826 1738 3877 l.

369 3885 627 3935 Hierettcts
650 3884 728 3935 vel
758 3886 875 3935 Laut
918 3885 1064 3935 Ebor.
1091 3889 1139 3935 Ν
1147 3887 1201 3935 C.
1232 3888 1274 3935 1.

305 3884 331 3921 δ
369 3885 627 3936 Ηωτριίρίε
650 3884 728 3935 vel
758 3886 875 3936 Laut
918 3885 1064 3937 Ebur.
1091 3889 1139 3937 Ν
1147 3887 1201 3936 C.
1232 3888 1274 3938 1.

305 3950 329 4011 °_
366 3946 675 4011 Baptizatttes
699 3949 832 3999 Lam.
860 3947 1004 3999 Ebur.
1046 3949 1167 3999 Bod.
1193 3953 1237 4000 2.
1275 3950 1382 4001 ΝΟ.
1413 3952 1458 4000 1.

304 4008 332 4080 «ξ
368 4008 716 4080 hiccptiamct
737 4012 987 4080 audaciam
1006 4012 1213 4080 _Botl._5.

305 4075 333 4138 ς
366 4071 451 4138 Sic
473 4073 608 4123 Lam.
636 4071 738 4124 Lin.
768 4074 911 4123 Ebur.
941 4076 1031 4126 ΝΕ
1077 4078 1122 4133 1,
1149 4077 1192 4125 2.
1215 4076 1480 4138 Quisqttisa
1497 4076 1655 4127 CIIOI‘G
1677 4077 1831 4129 Oxon.

304 4134 323 4174 ἲ
360 4134 597 4186 Asserant
620 4148 830 4187 necesse
857 4145 933 4187 est
959 4139 1089 4189 Lam.
1117 4134 1245 4189 Bod.’
1267 4140 1291 4189 1
1340 4134 1386 4190 2.
1418 4141 1528 4191 NG.
1560 4140 1601 4198 ι,
1643 4142 1688 4191 2.
1718 4139 1822 4191 Lin.

2004 3827 2032 3866 κ
2067 3825 2288 3875 Necesse
2311 3832 2388 3875 est
2409 3822 2684 3874 insolenter
2713 3824 2845 3872 Laut.
2879 3821 3003 3873 Bod.
3032 3825 3079 3872 2.

2001 3885 2032 3924 ιι
2066 3886 2187 3936 Illud
2216 3896 2380 3937 autem
2407 3886 2676 3937 mirandum
2708 3883 2812 3936 Bod
2857 3888 2902 3936 2.
2933 3885 3066 3934 Lam.
3096 3880 3242 3933 Ebor.
3271 3880 3380 3933 ΝΟ.
3408 3881 3453 3931 1.

2006 3950 2023 3988 i
2065 3948 2150 4000 Sic
2176 3951 2306 4001 Lam.
2335 3952 2457 4000 Bod.
2486 3952 2531 4008 1,
2557 3953 2603 3999 2.
2627 3946 2769 3998 Ebor.
2791 3951 2839 3999 Ν
2846 3949 2883 3998 C
2894 3990 2897 3993 .
2924 3948 2971 3998 1.
2995 3945 3099 3998 Lin.
3120 3943 3251 3994 Intra
3275 3949 3377 4007 ipsa
3395 3945 3536 4009 septa

1939 4010 2177 4062 Ecclesia:
2202 4014 2363 4064 Oxon.
2390 4011 2543 4062 Tecta
2573 4010 2757 4061 ρωποι.

2009 4074 2023 4126 i
2068 4075 2228 4138 Ipsum
2251 4074 2424 4126 Jesutn
2448 4074 2692 4126 Christum
2722 4074 2855 4126 Laut.
2897 4075 2943 4125 Ν
2951 4072 3005 4121 Γ.
3036 4073 3078 4122 l.
3110 4068 3257 4122 Ebor.

3402 4132 3506 4153 .t.’

1430 4269 1670 4327 STEPH.
1715 4271 1797 4326 BA
1807 4270 1983 4329 LUZII
2026 4271 2255 4329 ΝΟΤᾸΞ.

239 4388 399 4444 melio
437 4389 537 4445 ista
581 4388 830 4445 referenti
874 4389 941 4444 ad
975 4389 1258 4459 primatum
1303 4391 1496 4444 summi
1529 4390 1822 4446 Pontiﬁcis.

237 4460 420 4555 Sicque
443 4470 623 4555 'tamcu
657 4469 868 4555 t‘ratreo
896 4462 949 4515 itt
978 4461 1282 4555 Opi‘lli‘tlllem
1312 4460 1800 4546 Gottlartiipronuu
1855 4494 1908 4555 ι)
1933 4464 2097 4555 ipsum
2136 4462 2433 4555 Ecclesia":

238 4533 416 4603 tiautis
443 4530 558 4586 Irt-c
580 4533 762 4603 verba,
787 4547 906 4603 qum
931 4530 1139 4588 constat
1166 4543 1377 4590 exstare
1406 4533 1457 4587 in
1482 4534 1714 4603 antiquis
1733 4550 1827 4588 co-

235 4602 525 4673 dicibusit-t
548 4602 870 4659 editittttilttts
894 4645 909 4665 ,
959 4620 1024 4659 ex
1056 4606 1294 4667 margine
1320 4605 1601 4673 irrepsisse
1618 4602 1682 4660 in
1712 4615 1829 4660 tex-

236 4682 369 4748 tum.
417 4672 652 4748 Facilius
698 4674 976 4731 crederem
1027 4675 1352 4748 Cyprianum
1380 4672 1560 4732 dicere
1599 4677 1831 4732 voluisse

222 4744 593 4802 -ΝονςιΙίεηηιιη
620 4745 809 4802 ducem
841 4756 899 4801 et
928 4744 1337 4815 antesignanum
1365 4749 1827 4804 scbismaticornm

236 4826 496 4892 primatus
524 4832 707 4872 amore
730 4859 745 4880 .
777 4817 826 4892 id
854 4830 934 4892 est
978 4820 1243 4892 cathcdrt-
1272 4821 1591 4892 ορδειοορςιιίε
1615 4861 1629 4880 .
1667 4836 1825 4892 quam

234 4889 526 4961 invaserat.
555 4903 672 4943 eam
706 4890 1013 4954 relinttissc,
1044 4892 1181 4947 sicut
1214 4889 1471 4955 Rutilius;
1498 4891 1589 4947 lib.
1625 4889 1825 4961 v,'c:tp.

232 4960 327 5023 28.
353 4961 427 5015 ait
452 4959 688 5032 Natalem
722 4961 982 5030 primatus
1009 4978 1192 5018 amore
1218 4963 1459 5017 noluisse
1483 4959 1827 5032 acquiescere

235 5032 533 5087 visionibus
581 5030 697 5087 sive
747 5033 1159 5087 rcvelationibus
1203 5033 1396 5099 quibus
1439 5030 1827 5089 admonebatur

234 5105 542 5174 relinquere
571 5103 854 5158 eet-iesiam
887 5104 937 5157 iu
964 5121 1064 5170 qua
1096 5104 1373 5158 ordinatus
1413 5103 1582 5158 fuerat
1613 5110 1823 5173 cpisco-

234 5190 336 5245 pus
362 5185 546 5230 contra
590 5175 799 5245 regulas
842 5175 1229 5230 ecclesiasticas
1296 5176 1383 5231 Sic.
1413 5175 1655 5231 Gelasitts
1683 5175 1823 5243 Papa

235 5249 289 5301 in
322 5256 549 5301 tractatu
576 5248 834 5302 adversus
860 5247 1075 5301 (inrcos
1099 5245 1166 5301 de
1194 5245 1353 5302 Petro
1378 5247 1621 5301 iuvasttrc
1648 5246 1824 5301 cccle-

235 5318 333 5373 site
359 5317 734 5373 Alexandrina!
762 5318 828 5371 ait
863 5336 875 5371 :
905 5316 1197 5381 Numquam
1224 5317 1382 5387 igitur
1410 5334 1499 5388 per
1530 5334 1633 5372 xxx
1660 5334 1823 5372 annos

234 5405 416 5457 capere
440 5391 601 5460 potuit
629 5390 725 5443 nisi
753 5399 871 5442 tunc
900 5406 1017 5443 cum
1045 5389 1361 5458 episcepatus
1390 5406 1562 5460 amore
1589 5400 1634 5443 et
1659 5390 1819 5443 ambi-

236 5461 389 5515 tionis
404 5459 587 5515 ttt'tlure
601 5461 847 5533 fervebat
870 5463 1049 5533 Itaque
1068 5474 1163 5530 pro
1190 5474 1256 5533 eo
1277 5459 1414 5528 quod
1438 5460 1657 5514 llulinus
1683 5460 1826 5516 dixe-

234 5543 319 5588 rat
349 5530 795 5598 pritnatns'untore
820 5530 1063 5587 Gt-Iasius
1088 5532 1257 5599 posuit
1287 5532 1604 5600 cpiscotmtns
1630 5548 1821 5587 amore.

304 5603 398 5660 IX.
422 5633 493 5645 --
510 5603 780 5672 Ejusmodi
800 5606 1088 5658 tttttluciatu.
1119 5603 1360 5671 Quatuor
1392 5601 1506 5655 libri
1541 5615 1746 5657 vett-ros
1769 5615 1824 5659 et

233 5684 448 5731 veteres
468 5676 746 5733 editiones.
763 5676 1013 5745 ejusmodi
1034 5677 1287 5732 licentiam
1312 5683 1358 5729 et
1375 5673 1661 5730 audaciam.
1690 5673 1822 5732 Vide

232 5758 392 5821 notas
418 5748 483 5801 ad
508 5745 798 5821 epistolam
831 5762 1016 5821 vattt.
1049 5764 1170 5821 pag.
1196 5748 1323 5821 590.

308 5817 373 5873 Χ.
402 5848 475 5859 -
498 5817 646 5876 Intus
690 5819 742 5873 in
774 5820 887 5890 ipsa
928 5817 1176 5880 Ecclesia.
1205 5820 1278 5878 Ita
1308 5834 1413 5878 χχιι
1441 5818 1564 5879 libri
1590 5829 1813 5879 veteres.

1934 4389 2114 4445 Editio
2141 4390 2427 4457 S-tircnsis,
2459 4389 2656 4446 Veneta
2688 4395 2859 4450 vetus.
2890 4396 2946 4444 et
2972 4385 3370 4457 Rembqitiana,
3395 4385 3537 4457 intus

2479 4463 2569 4517 Sic
2618 4462 2781 4517 etiam
2818 4460 2987 4516 codex
3036 4449 3537 4526 Bect’eusis.'Quod

1934 4534 2124 4591 eodem
2156 4535 2362 4589 recidit.
2391 4532 2569 4603 Quare
2609 4549 2712 4589 non
2755 4548 2971 4590 llOSSltlll
2998 4532 3257 4585 accedere
3296 4528 3537 4603 Pamclio

1934 4605 2191 4677 scribenti
2214 4649 2228 4669 ,
2257 4607 2393 4659 intra
2414 4599 2530 4677 ipsa
2560 4616 2687 4661 tecta
2710 4603 2973 4660 Ecclesitc.
3002 4603 3257 4671 Quamvis
3282 4602 3425 4677 enim
3452 4599 3534 4656 af-

1933 4675 2072 4733 ferat
2117 4673 2489 4734 auctoritatem
2528 4689 2757 4741 quatuor
2798 4687 3038 4731 veterum
3090 4673 3484 4739 exemplarium
3514 4713 3531 4740 ,

1933 4748 2177 4818 quamvis
2201 4748 2308 4803 duo
2335 4766 2363 4801 a
2393 4764 2479 4804 me
2507 4750 2617 4804 visa
2656 4748 2887 4803 habt-ant
2913 4745 3154 4801 eatndt-m
3201 4743 3495 4818 lectionem
3513 4783 3531 4807 ,

1935 4813 2114 4892 persto
2141 4829 2317 4875 tamen
2351 4820 2418 4892 fin
2462 4835 2523 4875 ea
2554 4836 2712 4892 quam
2764 4819 3150 4892 reposui.tt_0n
3191 4815 3363 4869 Solum
3408 4813 3532 4892 quia

1930 4890 2200 4946 Manutius
2227 4901 2278 4943 et
2319 4885 2592 4947 Morrllitts
2624 4892 2693 4947 ita
2734 4885 2945 4961 quoque
2975 4890 3292 4951 ediderunt;
3322 4885 3531 4961 et‘qttia

1932 4978 2017 5016 me
2031 4963 2164 5033 cogit
2181 4965 2473 5019 auctoritas
2496 4974 2574 5019 tot
2604 4956 2841 5018 veterum
2864 4956 3273 5030 ext-mplarium.
3304 4956 3397 5011 st-d
3432 4958 3530 5011 im—

1930 5035 2121 5105 primis
2143 5035 2263 5106 quia
2290 5036 2359 5089 ita
2391 5037 2529 5105 loqtti
2549 5044 2687 5090 amat
2711 5034 3036 5104 Cyprianus.
3061 5044 3113 5106 ut
3138 5040 3422 5106 ostensum
3446 5036 3530 5085 cst

1930 5101 2089 5172 supra
2124 5101 2176 5160 in
2208 5107 2348 5161 notis
2375 5106 2440 5161 ad
2461 5101 2869 5175 epistulam-cn.
2904 5121 2935 5175 p
2956 5120 3022 5175 ιε.
3055 5101 3185 5160 450.

2001 5176 2092 5232 XI.
2115 5207 2182 5218 ο-
2208 5177 2283 5231 An
2309 5172 2546 5233 habeant.
2581 5177 2655 5232 Ita
2684 5193 2872 5232 omnes
2897 5172 3161 5231 editiones
3186 5182 3311 5228 ante
3341 5172 3527 5229 Manu-

1931 5249 2128 5303 tiauant
2168 5259 2221 5303 et
2251 5250 2649 5317 quatuttrdt-t-im
2679 5250 2795 5305 libri
2830 5257 3053 5304 veteres.
3103 5245 3364 5301 Manutius
3395 5260 3527 5313 ergo

1929 5322 2139 5390 scrip~il
2180 5320 2480 5376 habeantur.
2514 5322 2573 5378 Et
2619 5321 2754 5378 hanc
2797 5320 3079 5377 lectionem
3121 5332 3223 5390 ego
3259 5317 3433 5388 reperi
3473 5317 3525 5370 in

1928 5403 2141 5463 septem
2176 5392 2450 5449 codicibus
2475 5394 2725 5463 antiquis.

1999 5458 2185 5517 Tincti.
2232 5463 2357 5518 llaec
2389 5458 2694 5519 emendatio
2722 5463 2951 5520 debetur
2977 5462 3068 5517 nni
3099 5477 3162 5517 cx
3205 5459 3357 5515 libris
3386 5458 3520 5515 meis

1928 5536 2220 5590 veteribus.
2251 5536 2341 5591 Sic
2366 5538 2521 5590 etiam
2553 5538 2602 5590 itt
2631 5536 2855 5606 epistola
2887 5551 3057 5596 Lxxu.
3091 5532 3337 5606 pagtl’JS
3367 5547 3382 5586 :
3416 5529 3522 5584 Eos

1925 5609 2013 5674 qui
2042 5608 2141 5660 sint
2174 5608 2301 5675 foris
2331 5616 2471 5660 artra
2504 5603 2784 5662 Ecclesiatn
2815 5607 2979 5661 tincti.
3017 5613 3052 5661 Λ
3065 5607 3167 5676 pud
3199 5603 3518 5676 Gratianum

1929 5671 2080 5742 sxw,
2111 5671 2180 5744 ιι.
2206 5680 2253 5740 Ι,
2282 5692 2402 5747 cap.
2438 5675 2486 5730 D
2510 5678 2726 5732 dicimus
2759 5679 2952 5740 legitur
2981 5671 3183 5738 cuncti.
3220 5685 3275 5729 ttt
3306 5675 3358 5728 in
3392 5671 3515 5747 vult

1924 5742 2363 5876 gatilelvpriaui
2400 5747 2748 5808 editionibus.
2790 5749 2879 5809 Sic
2918 5750 3078 5812 etiam
3128 5748 3303 5807 codex
3342 5742 3519 5801 sancti

1974 5836 2071 5876 "Ill
2100 5839 2131 5876 Il
2152 5838 2209 5876 ll.

1924 5821 2209 5892 Arnulphi.
