3958 6330
466 302 608 369 1147

1458 308 1796 373 EPISTULA
1826 312 1885 369 s.
1927 287 2256 371 eruntaut
2295 306 2387 372 an
2409 312 2718 386 uacuum,

3596 320 3733 405 uta

465 430 588 489 ideo
630 433 770 509 apud
818 449 916 490 nos
969 447 1159 488 manus
1200 426 1495 509 imponitur
1537 440 1595 487 ut
1636 430 1723 489 hic
1758 430 2054 502 accipiatur
2080 432 2131 494 Α
2157 439 2265 489 tate
2292 441 2538 504 cogente,
2562 440 2615 488 et
2639 430 2747 489 Deo‘
2777 431 3160 503 indulgentiam
3183 446 3330 490 suam
3353 430 3622 505 largiente,
3646 443 3712 492 to-

463 516 607 598 quod
640 527 746 582 illic
792 541 891 582 nec
920 535 1005 583 est
1055 541 1153 582 nec
1179 518 1294 581 dari
1338 531 1532 595 potest,
1584 522 1926 579 manifestum
1975 535 2060 581 est

465 635 567 676 nec
594 619 969 675 remissionem
997 627 1339 690 peccatorum
1363 615 1478 689 dari
1498 632 1593 687 per
1620 631 1714 672 eos
1740 632 1897 687 posse
1924 632 2059 687 quos

459 696 676 786 constet
704 700 962 785 spiritum
1000 703 1243 768 sanctum
1276 726 1382 766 non
1431 708 1649 766 habere.
1686 704 1749 764 Et
1776 709 1978 765 idcirco
2006 718 2061 765 ut

467 805 768 863 secundum
814 794 1047 862 divinam
1076 805 1485 878 dispositionem
1512 812 1673 875 atque
1694 803 2057 874 evangelicum
2076 812 2089 831 ‘~

463 901 748 956 veritatem
775 910 1120 972 peccatorum
1170 899 1542 954 remissionem
1572 898 1828 973 consequi
1856 906 1911 953 et
1933 911 2060 951 san-

462 993 686 1050 ctillcari
711 1009 776 1050 ac
794 978 991 1066 templa
1021 978 1114 1050 Dei
1142 978 1257 1049 iieri
1278 992 1484 1064 possint
1502 988 1755 1047 Ecclesiae
1789 991 2061 1063 Baptismo

462 1085 768 1168 baptizandi
799 1094 927 1141 sunt
953 1100 1147 1143 omnes
1194 1087 1415 1141 omnino
1446 1078 1536 1156 qui
1566 1086 1633 1141 ab
1659 1084 1984 1141 adversariis
2007 1095 2061 1142 et

462 1162 795 1251 antichristis
822 1177 889 1233 ad
916 1175 1115 1233 Christi
1140 1178 1436 1234 Ecclesiam
1466 1177 1704 1232 veniunt.

682 1270 933 1339 Quaesisti
962 1271 1122 1325 etiam
1151 1280 1200 1338 λ,
1246 1271 1318 1325 liii
1346 1270 1668 1325 charissime
1690 1269 1741 1337 δ,
1775 1269 1899 1340 quid
1925 1256 2059 1325 mihi

468 1360 538 1418 de
568 1361 678 1417 illis
708 1360 954 1417 videatur
981 1362 1072 1433 qui
1116 1363 1169 1418 in
1209 1363 1517 1418 inﬁrmitate
1555 1371 1609 1417 ct
1651 1362 1906 1433 languore
1935 1379 2060 1435 gra-

467 1454 595 1509 tiam
630 1454 724 1509 Dei
741 1465 1246 1526 consequuntur,an
1278 1455 1508 1511 habendi
1531 1456 1639 1512 sint
1667 1456 1891 1527 legitimi
1913 1452 2060 1512 chri-

465 1546 649 1614 stiani,
666 1564 732 1603 eo
759 1546 899 1619 quod
919 1565 1057 1620 aqua
1078 1549 1297 1605 salutari
1328 1566 1432 1606 non
1456 1548 1548 1606 loti
1578 1552 1705 1619 sint,
1724 1551 1817 1606 sed
1839 1552 2057 1622 perfusi.

464 1634 581 1711 Qua
609 1642 662 1697 in
695 1651 846 1713 parte
884 1638 1085 1699 nemini
1135 1644 1457 1701 verecundia
1503 1655 1557 1700 et
1585 1642 1847 1702 modestia
1877 1636 2056 1704 nostra

466 1732 788 1807 prmjudicat
841 1727 949 1807 quo
1003 1738 1181 1792 minus
1252 1737 1619 1811 unusquisque
1686 1739 1827 1809 quod
1914 1749 2062 1811 ptttal

2165 536 2274 581 tum
2319 524 2666 581 credentibus
2701 525 2988 582 conferunt
3030 525 3210 582 divina
3258 527 3585 598 compendia.
3626 530 3715 587 Nec

2165 616 2488 692 quemquam
2522 635 2738 676 movere
2784 618 2944 677 debet
2970 616 3113 691 quod
3152 621 3360 693 aspergi
3389 622 3473 676 vel
3505 622 3717 693 perfundi

2164 712 2411 769 videntur
2438 714 2566 786 aegri
2590 730 2711 770 cum
2731 716 2957 787 gratiam
2979 715 3302 771 dominicam
3325 726 3716 788 consequuntur,

2162 806 2377 876 quando
2407 802 2683 879 Scriptura
2715 816 2900 862 sancta
2939 824 3034 878 per
3067 807 3407 864 Ezechielem
3441 800 3718 880 prophetam

2164 899 2410 971 loquatur
2433 909 2487 955 et
2513 899 2657 956 dicat
2682 920 2695 957 :
2727 894 3091 973 Etaspergam
3118 919 3272 973 super
3286 918 3375 955 vos
3392 918 3573 973 aquam
3603 920 3721 958 mutt-

2164 992 2303 1059 dam,
2324 1002 2371 1047 et
2404 992 2774 1047 mundabimini
2789 993 2851 1047 ab
2881 995 3113 1048 omnibus
3134 993 3475 1048 immunditiis
3495 984 3721 1058 uestris,el

2164 1085 2226 1140 ab
2247 1086 2475 1141 omnibus
2505 1086 2791 1141 simulacris
2815 1088 2989 1141 vestris
3010 1068 3297 1141 emundabo
3321 1102 3434 1149 vos,
3454 1094 3501 1140 et
3522 1086 3640 1140 dabo
3654 1102 3722 1142 ro.

2165 1179 2240 1235 bis
2260 1196 2349 1234 cor
2377 1197 2583 1247 novum,
2600 1190 2647 1235 et
2680 1182 2916 1252 spiritum
2939 1196 3125 1236 novum
3146 1181 3277 1235 dabo
3298 1182 3354 1235 in
3385 1180 3523 1235 vobis
3543 1180 3720 1252 (Exerit.

2164 1291 2345 1340 xxxvi,
2377 1272 2469 1342 25,
2499 1273 2612 1348 26).
2642 1274 2773 1330 Item
2807 1276 2858 1328 in
2891 1272 3141 1331 Numeris
3174 1272 3283 1327 :Et
3322 1274 3476 1327 homo
3503 1275 3585 1343 qui
3603 1276 3727 1345 fuerit

2164 1365 2459 1421 immundus
2482 1384 2639 1437 usque
2660 1364 2728 1420 ad
2744 1384 3027 1437 uesperam,
3044 1367 3126 1421 hic
3143 1366 3501 1437 puri/imbitur
3521 1367 3598 1420 die
3613 1368 3728 1421 tertio

2164 1454 2212 1515 et
2233 1460 2315 1514 die
2339 1462 2551 1533 septimo
2576 1470 2622 1526 ε,
2651 1471 2699 1515 et
2740 1454 2961 1516 ritundus
3006 1461 3119 1515 erit.
3164 1459 3224 1516 Si
3260 1468 3431 1515 autem
3470 1477 3567 1514 non
3609 1460 3729 1531 fuerit

2166 1553 2464 1623 puri/iectus
2484 1553 2566 1607 die
2597 1554 2743 1608 tertio
2762 1563 2805 1607 et
2837 1555 2919 1608 die
2947 1554 3184 1623 septimo,
3212 1570 3313 1607 non
3332 1555 3432 1607 erit
3453 1554 3675 1617 mundus,
3695 1561 3730 1606 et

2165 1645 2576 1702 exterminabitur
2596 1647 2768 1701 anima
2782 1634 2874 1701 illa
2900 1647 2962 1701 de
2978 1645 3165 1711 Israel,
3182 1645 3429 1715 quoniam
3446 1661 3575 1716 aqua
3590 1661 3730 1714 asper-

2165 1738 2325 1792 sionis
2339 1755 2440 1792 non
2455 1749 2524 1792 est
2538 1755 2688 1810 super
2709 1756 2823 1792 eum
2839 1755 3020 1810 sparsa
3044 1737 3119 1809 (Ν
3126 1753 3231 1794 unt.
3252 1753 3367 1802 ιιι,
3386 1735 3444 1803 8,
3466 1732 3553 1802 12,
3570 1732 3665 1805 15).
3681 1726 3732 1790 Et

465 1828 663 1886 sentiat
685 1839 739 1885 et
764 1827 907 1902 quod
936 1830 1164 1887 senserit
1184 1829 1360 1886 faciat.
1386 1830 1514 1899 Nos,
1545 1841 1801 1903 quantum
1825 1828 2061 1907 concipit
2090 1835 2138 1895 B
2165 1832 2355 1887 iterum
2386 1820 2487 1885 :Et
2510 1830 2707 1886 locutus
2732 1840 2805 1887 est
2825 1828 3075 1886 Dominus
3101 1829 3170 1883 ad
3203 1826 3422 1901 Moysen
3452 1827 3731 1882 dicens:Ac-

465 1923 814 1979 mediocritas
851 1934 1055 1991 nostra,
1085 1924 1416 1981 aestimamus
1458 1927 1509 1981 in
1543 1920 1691 1981 nullo
1721 1928 1957 1984 mutilari
2004 1939 2058 1985 et

466 2014 739 2073 debilitari
770 2031 930 2088 posse
971 2016 1231 2074 beneﬁcia
1280 2018 1481 2086 divina,
1514 2034 1613 2074 nec
1658 2019 1833 2074 minus
1862 2020 2064 2090 aliquid

472 2102 582 2163 illic
602 2121 761 2180 posse
783 2106 1098 2180 contingere
1119 2109 1208 2165 ubi
1234 2110 1388 2180 plena
1410 2120 1463 2166 et
1483 2100 1591 2166 tota
1613 2109 1718 2167 fide
1738 2120 1792 2167 et
1814 2104 1988 2169 dantis
2011 2100 2066 2169 et

474 2198 738 2256 sumentis
767 2198 1028 2273 accipitur
1057 2199 1200 2274 quod
1227 2201 1297 2258 de
1326 2202 1523 2259 divinis
1545 2204 1860 2259 muneribus
1891 2199 2067 2260 hauri-

468 2303 578 2351 tur.
608 2290 792 2366 Neque
822 2290 966 2350 enim
996 2295 1075 2352 sic
1126 2296 1177 2350 in
1224 2288 1567 2352 sacramento
1593 2297 1815 2352 salutari
1840 2292 2065 2353 delicto-

465 2380 587 2442 rum
614 2380 862 2460 contagia
887 2388 1020 2444 utin
1045 2382 1264 2445 lavacro
1309 2388 1510 2446 carnali
1534 2384 1583 2445 et
1609 2388 1854 2446 saeculari
1876 2379 2065 2447 sordes

465 2479 607 2536 cutis
627 2480 683 2535 et
709 2481 953 2553 corporis
981 2481 1292 2550 abluuntur,
1324 2493 1383 2538 ut
1407 2478 1739 2555 aphronitris
1764 2494 1786 2522 ο
1811 2494 1865 2539 et
1903 2480 2065 2539 cazle-

465 2564 540 2633 ris
568 2572 777 2649 quoque
794 2574 1116 2649 adjumentis
1144 2588 1197 2634 et
1217 2578 1356 2635 solio
1377 2586 1432 2634 et
1458 2572 1660 2648 piscina
1676 2593 1811 2649 opus
1829 2578 1919 2643 sit,
1951 2577 2068 2649 qui-

465 2668 567 2725 bus
597 2667 738 2725 ablui
766 2668 819 2726 et
849 2670 1098 2725 mundari
1137 2668 1517 2743 corpusculum
1547 2669 1737 2741 possit.
1779 2668 1947 2725 Aliter
1976 2685 2071 2740 pe-

466 2766 585 2819 ctus
613 2758 887 2819 credentis
905 2764 1160 2833 abluitur,
1178 2765 1335 2821 aliter
1352 2780 1504 2820 mens
1520 2762 1756 2820 hominis
1771 2760 1797 2801 δ
1818 2780 1912 2834 per
1940 2752 2066 2819 fidei

467 2854 657 2912 merita
688 2850 998 2914 inundatur.
1028 2856 1087 2913 In
1113 2856 1465 2913 sacramentis
1483 2850 1807 2912 salutaribus
1826 2850 2061 2911 necessi-

2168 1926 2280 1996 cipe
2301 1924 2477 1979 levitas
2503 1925 2565 1979 de
2590 1925 2756 1979 medio
2788 1924 3013 1994 ﬁliorum
3041 1922 3226 1989 Israel,
3250 1934 3297 1977 et
3342 1921 3631 1994 puriﬁcabis
3652 1937 3729 1974 eos.

2169 2014 2236 2071 Et
2259 2018 2330 2071 ita
2347 2018 2506 2091 facies
2527 2018 2598 2071 eis
2620 2017 3029 2087 puriﬁcationem
3046 2032 3238 2071 eorum.
3255 2013 3657 2085 Circumspergts
3670 2028 3731 2066 eos

2167 2124 2301 2179 aqua
2328 2109 2699 2180 puriﬁcationis
2727 2107 2915 2183 (Num.
2941 2125 3057 2178 vm,
3081 2107 3135 2173 5,
3165 2108 3244 2179 7).
3271 2104 3342 2161 Et
3366 2106 3590 2161 iterum:
3615 2103 3729 2174 .4an

2165 2203 2473 2273 aspersionis
2496 2200 2787 2273 puriﬁcatio
2808 2210 2882 2255 est
2905 2194 3070 2271 (Ibid.
3102 2214 3213 2265 xxx,
3237 2196 3317 2271 9).
3355 2196 3508 2254 Unde
3534 2202 3732 2268 apparet

2163 2294 2531 2367 aspersionem
2550 2310 2763 2366 quoque
2789 2310 2941 2366 aqua:
2967 2293 3134 2349 instar
3153 2291 3405 2349 salutaris
3432 2288 3622 2346 lavacri
3643 2289 3733 2345 ob-

2169 2389 2344 2445 tinere
2368 2397 2423 2444 et
2448 2388 2664 2459 quando
2694 2387 2808 2444 haec
2838 2389 2891 2443 in
2923 2386 3164 2444 Ecclesia
3202 2385 3361 2451 ﬂuat,
3388 2384 3483 2440 ubi
3508 2387 3573 2440 sit
3596 2392 3644 2439 et
3659 2394 3728 2438 ac-

2169 2482 2418 2556 clpientis
2463 2490 2518 2539 et
2558 2476 2737 2537 dantis
2765 2480 2900 2539 lides
2925 2482 3155 2553 integra,
3180 2489 3325 2535 stare
3351 2478 3533 2533 omnia
3566 2487 3617 2532 et
3635 2491 3733 2531 con-

2170 2579 2429 2635 summari
2469 2592 2531 2633 ac
2585 2572 2764 2650 perlici
2796 2592 2953 2648 posse
3008 2576 3288 2647 majestate
3316 2572 3532 2630 Domini
3556 2580 3606 2629 et
3632 2567 3731 2626 lldel

2172 2670 2416 2728 veritate.

2246 2748 2385 2826 Xlll,
2406 2762 2577 2818 Porro
2601 2769 2781 2819 autem
2804 2760 2948 2834 quod
2974 2760 3189 2835 quidam
3209 2775 3302 2816 eos
3321 2757 3551 2817 salutari
3571 2756 3734 2829 aquaet

1689 2966 2066 3026 LECTIONES
2101 2940 2518 3026 VAiiIANTES.

529 3091 562 3217 ’ἑ
591 3088 1495 3217 ἓῗὲῗᾝὲθεέεἶνξιίῗέὶέἦοῗθ
1523 3089 1570 3140 ¹’

532 3214 558 3246 ο
596 3192 1071 3277 ῦὶἓῐᾌῖἡιῐῖοἷιῖῐὲ
1085 3192 1601 3277 ’Βὸιΐῐξέῗὲὲβοηε
1627 3215 1680 3264 et
1701 3204 1847 3264 nui-is
1869 3213 2059 3263 Erasm-
2089 3192 2136 3256 Ο

2229 3082 2259 3145 (,1
2293 3082 2435 3145 Mens
2457 3081 2666 3132 hominis
2688 3052 2861 3145 perfidi
2884 3078 3153 3145 inundatur.
3174 3076 3281 3145 Litt.
3372 3144 3377 3145 γ
3408 3141 3433 3145 _
3484 3142 3496 3145 _
3554 3141 3575 3145 _
3622 3124 3639 3145 _.

2234 3136 2260 3176 δ
2286 3143 2383 3196 Die
2398 3146 2609 3208 septimo
2625 3136 2831 3194 mundus
2848 3136 2943 3194 erit
2965 3143 3096 3193 Lam.
3115 3138 3239 3193 Bod.
3261 3144 3308 3194 2.
3336 3141 3450 3196 ΝΟ.
3478 3142 3526 3203 1,
3550 3141 3594 3192 2.
3618 3136 3731 3190 Ebur.

1677 3310 1918 3386 sitan.
1961 3306 2238 3386 ustuztl
2276 3322 2504 3384 NOTAE.

546 3410 615 3478 Ut
638 3418 720 3494 hic
743 3421 1039 3494 accipiatur.
1067 3406 1249 3480 Codex
1281 3406 1577 3487 i’uxensis:
1610 3428 1665 3479 u‘t
1693 3424 1775 3478 hic
1805 3422 2065 3494 accipiant

470 3495 609 3566 quod
631 3493 739 3548 illic
777 3493 879 3549 non
917 3498 1217 3564 acceperunt
1256 3500 1456 3551 necesse
1493 3502 1566 3551 est
1604 3512 1696 3552 nec
1722 3493 1952 3564 deripier
1979 3510 2064 3551 eos

472 3582 767 3638 posse‘quos
792 3576 990 3622 constat
1036 3568 1290 3638 Spiritum
1315 3577 1547 3621 sanctum
1578 3585 1678 3622 non
1707 3568 1908 3622 habere.

543 3635 662 3693 XII.
690 3640 1025 3709 ——7Qtttest'stt'
1063 3635 1235 3694 etiam.
1286 3638 1436 3694 Hanc
1478 3651 1805 3709 postremam
1856 3649 2059 3707 partem

471 3709 718 3779 epistola:
753 3708 1007 3781 Cypriani
1036 3710 1105 3764 ad
1138 3709 1383 3779 Magnum
1424 3708 1801 3778 disjunxerudt
1828 3725 1855 3763 a
1890 3710 2059 3779 prima

472 3788 684 3864 yeteres
713 3782 1140 3864 operum‘sanc‘ti
1174 3782 1961 3864 martyri‘s'editpresz‘Primus
1992 3781 2058 3864 il-

474 3852 581 3906 lam
603 3842 1003 3907 recto'consillb
1023 3842 1355 3922 redlngravii
1380 3844 1669 3908 Pamelius.
1694 3853 1894 3909 Omnes
1919 3844 2063 3915 ‘enim

474 3924 687 3995 veteres
725 3922 930 3989 libriin
959 3924 1155 3995 quibus
1192 3923 1291 3995 illa
1314 3926 1639 3995 continetur,
1671 3925 1910 3993 exceptis
1934 3924 2066 3979 Car-

474 3992 690 4049 noleusi
722 4006 776 4049 et
808 3986 1073 4064 Eligiaiio,
1104 3992 1157 4051 in
1185 3994 1380 4067 quibus
1409 3986 1564 4052 deest
1607 3986 1774 4065 prima
1808 3986 1943 4065 pars
1981 3997 2064 4049 in-

475 4076 647 4136 tegra,
670 4073 727 4120 et
749 4076 956 4129 omnes,
987 4066 1225 4138 inquam,
1249 4066 1372 4122 libri
1401 4077 1612 4124 veteres
1638 4068 1837 4123 habent
1862 4076 2067 4122 utram-

473 4152 581 4211 que
617 4147 833 4211 partem
864 4149 1280 4209 consequenter,
1309 4140 1525 4211 quidam
1556 4141 1762 4210 absque
1802 4139 1912 4194 ullo
1949 4139 2062 4195 dis-

475 4209 730 4281 crimine,
762 4211 993 4281 quidam
1035 4212 1220 4266 addito
1259 4209 1537 4268 in‘lronte
1579 4209 1832 4268 secundm
1860 4214 2061 4281 partis:

475 4278 673 4352 Incipit
701 4280 769 4333 ad
796 4278 1027 4337 eumdem
1050 4283 1269 4346 epistola
1299 4284 1544 4351 secunda,
1569 4284 1656 4338 vel
1682 4278 1879 4352 Incipit
1905 4285 1968 4337 de
1992 4280 2072 4338 Itis

511 4351 564 4404 ui
595 4353 647 4404 in
676 4352 804 4406 lecto
829 4356 1049 4423 gratiam
1084 4354 1207 4421 Dei,
1242 4355 1326 4409 vel
1354 4356 1638 4426 baptisma,
1671 4351 2064 4425 consequuntur.

475 4367 585 4476 gcd
618 4420 735 4476 haec
767 4423 1080 4476 discrimina
1109 4427 1336 4476 adducta
1360 4436 1483 4476 sunt
1503 4441 1532 4476 a
1558 4427 1808 4476 librariis.
1836 4424 2064 4476 Ea~crao

522 4412 585 4476 ed
618 4420 735 4497 haec
764 4412 1080 4497 discrimina
1109 4412 1336 4480 adducta
1360 4412 1483 4481 sunt
1503 4441 1534 4480 a
1558 4412 1808 4497 lib-rariis.
1833 4412 2068 4497 'Eacrgo

2171 3416 2427 3478 Historia:
2449 3428 2713 3491 augustae,
2739 3416 2850 3474 tum
2874 3416 3037 3491 etiam
3060 3417 3375 3491 thesaurum
3407 3412 3734 3491 “agunture-

2169 3509 2248 3550 ca:
2282 3494 2497 3550 llenrici
2522 3486 2834 3560 'Stephani.
2886 3488 3142 3546 Octavius
3190 3486 3537 3554 Horatianus,
3578 3486 3661 3560 lib.
3695 3498 3731 3560 ε,

2168 3581 2290 3637 cap.
2319 3568 2350 3620 7
2374 3584 2388 3619 :
2430 3557 2713 3637 Ventositas
2742 3580 2884 3637 vero,
2912 3563 2957 3615 si
2983 3561 3259 3616 interclusa
3286 3560 3420 3627 erit,
3452 3557 3727 3630 aphronitri:

2167 3638 2222 3692 in
2241 3634 2391 3692 aceto
2420 3636 2658 3690 resolutis
2681 3634 2989 3689 excluditur.

2239 3708 2582 3777 Adjumentis.
2605 3706 2899 3761 Salmasius
2917 3705 2983 3758 ad
3012 3701 3312 3777 scriptores
3329 3701 3580 3757 Historiae
3603 3711 3733 3777 augu-

2168 3789 2266 3834 sta:
2282 3771 2556 3834 existimat
2573 3777 2857 3847 legendum
2872 3790 2995 3847 esse
3013 3771 3271 3847 tumentis.
3290 3771 3731 3847 Lumentumeuim

2167 3861 2321 3907 recte
2339 3840 2683 3920 conjungitur
2696 3862 2817 3902 cum
2838 3846 2979 3920 nitro
2998 3845 3091 3920 ubi
3112 3845 3180 3900 de
3198 3845 3409 3920 balneis
3425 3840 3729 3920 agitantium

2170 3930 2228 3978 et
2271 3910 2463 3993 Papias
2501 3910 2798 3993 luvmentum
2841 3912 3223 3993 interpretatur
3267 3910 3504 3993 nitrum’,
3533 3910 3728 3993 simodo

2169 3985 2718 4060 emendetur.Quippe
2737 3989 2874 4060 apud
2888 3985 3010 4044 eum
3031 3989 3228 4060 legitur
3247 3986 3433 4041 uitrum
3447 4001 3549 4060 pro
3560 3985 3729 4060 nitrum.

2169 4063 2428 4120 Octavius
2456 4054 2799 4128 Howratianus,
2823 4061 2916 4128 lib.
2945 4076 3025 4115 Iv:
3054 4054 3361 4113 [omentum
3380 4054 3625 4128 [abacium
3639 4054 3732 4107 bene

2172 4146 2478 4191 correctum.
2510 4124 2898 4189 Martialis'lib.
2929 4146 2985 4198 v,
3016 4131 3279 4203 epigram.
3310 4124 3405 4198 89',-
3439 4129 3598 4185 dixit:

2362 4246 2609 4299 Lomento
2641 4259 2797 4309 rugas
2828 4249 2959 4298 uteri
2989 4245 3122 4311 quod
3153 4245 3371 4296 condere
3407 4252 3579 4296 tentas.

2174 4356 2309 4414 Vide
2325 4358 2486 4413 etiam
2509 4356 2631 4412 libr.
2651 4372 2723 4422 vr,
2739 4355 2911 4427 epigr.
2926 4354 3014 4427 95.
3044 4354 3256 4427 Insigne
3278 4346 3731 4427 mendumirrepsit

2175 4429 2227 4483 in
2259 4429 2546 4498 epistolam
2586 4414 2877 4483 secundam
2917 4414 3347 4498 StilpitiiSeveri
3386 4424 3453 4479 ad
3491 4414 3726 4478 Claudiam

477 4493 809 4567 exemplaria
840 4507 967 4567 puto
994 4512 1116 4551 esse
1145 4497 1363 4552 meliOra
1392 4510 1511 4567 qua:
1540 4494 1737 4567 nullam
1766 4495 1963 4567 habent
1991 4490 2070 4551 in-
2101 4490 2151 4553 D
2175 4490 2417 4555 sororem
2452 4500 2504 4554 in
2538 4499 2675 4553 libro
2712 4499 2885 4564 primo
2929 4490 3393 4553 Miscellaneorum
3433 4504 3726 4567 nostrorum,

478 4556 850 4638 scriptiouetp'
883 4566 935 4622 in
984 4568 1219 4638 secunda
1268 4556 1424 4638 parte
1460 4560 1513 4623 et
1560 4564 1758 4624 habent
1801 4570 1853 4638 in
1895 4556 2071 4624 fronte

478 4635 751 4711 epistola‘:
778 4634 1051 4711 Incipitﬁad
1078 4634 1325 4711 Magnum
1347 4634 1409 4694 de
1431 4638 1721 4711 Novatiano
1738 4650 1783 4693 et
1807 4636 1869 4693 de
1890 4638 2072 4711 bisqui

476 4708 531 4782 in
553 4708 681 4782 lecto
708 4711 923 4778 gratiam
957 4710 1051 4765 Dei
1070 4708 1463 4782 canaequuntur,
1487 4710 1791 4782 Itthaheteti
1806 4726 1891 4765 am
1906 4709 2071 4782 editio

480 4776 777 4853 Spirensis,
806 4795 861 4835 et
888 4783 939 4835 in
972 4782 1105 4837 line:
1139 4776 1495 4853 Ad’Magnum
1525 4784 1588 4837 de
1612 4780 1904 4837 Novatiano
1934 4776 1979 4836 el
2009 4783 2072 4835 de

479 4848 645 4921 Itisqui
676 4852 727 4903 in
759 4851 885 4923 lecto
923 4854 1141 4923 gratiam
1176 4853 1269 4908 Dei
1301 4848 1675 4923 consequuntur
1702 4854 1929 4923 explicit.
1974 4853 2071 4908 Mi-

478 4936 573 4997 ror
606 4928 792 4997 autem
825 4922 1074 4980 Latinum
1108 4924 1374 4997 Latinium
1398 4968 1413 4993 ,
1446 4922 1535 4997 qui
1574 4927 1626 4980 in
1654 4922 1928 4997 Codicihus
1958 4928 2070 4979 suis

480 4990 695 5068 videbat
721 4998 982 5068 scripturn
1006 4999 1055 5052 in
1082 4996 1238 5053 titulo
1262 4990 1411 5053 istius
1435 4990 1679 5067 e'pistolm
1696 4995 1777 5050 Ad
1797 4992 2067 5068 Magnum,

482 5064 546 5118 de
578 5061 874 5121 Nouatian'o
905 5078 948 5123 et
978 5069 1040 5122 de
1070 5068 1147 5124 his
1172 5070 1259 5140 qui
1279 5070 1331 5123 in
1360 5061 1486 5123 lecto
1515 5069 1732 5140 gratiam
1758 5061 2071 5140 cons-Equum-

482 5144 596 5223 tur-1,.
618 5146 831 5223 partem
854 5141 1098 5223 epistola:
1125 5136 1302 5223 inqua
1328 5136 1595 5223 agitur‘de
1616 5136 1809 5223 bisqui
1838 5140 1889 5195 in
1917 5136 2072 5223 aegri-

483 5204 671 5284 tudine
696 5204 923 5284 gratiam
947 5210 1142 5267 Christi
1166 5204 1570 5284 consequuntur
1598 5204 1848 5284 divisisse
1868 5228 1896 5266 a
1919 5204 2071 5284 parte

484 5278 757 5351 superiori
778 5286 833 5335 et
854 5282 963 5336 alio
984 5284 1316 5338 transtulisse
1344 5278 1396 5337 in
1424 5281 1661 5338 editione
1688 5297 1805 5351 sua,
1835 5282 1884 5336 id
1911 5278 1994 5337 est
2015 5282 2068 5337 iu

482 5346 813 5407 Manutiana.
843 5350 955 5408 Nisi
987 5355 1032 5409 si
1060 5354 1106 5410 is
1132 5354 1223 5425 qui
1251 5346 1832 5425 editionliMauutianm
1862 5352 2073 5425 prmlttit

483 5434 606 5502 cum
625 5434 835 5502 summa
854 5418 1596 5502 potestaten'luemadm‘odutn
1611 5418 1958 5502 conqueritur
1972 5418 2072 5502 με

485 5492 669 5566 ﬁnitis,
689 5492 831 5548 istud
851 5492 1073 5552 mutavit
1096 5492 1245 5552 motu
1263 5497 1495 5566 proprio,
1515 5492 2067 5566 Latinio'iuconsulto.

548 5554 669 5645 .It‘ili
688 5567 1001 5645 charissime.
1029 5567 1207 5645 Cede:
1231 5554 1581 5623 Cartiotensis
1605 5565 1765 5623 habet
1786 5570 1961 5639 frater.
1982 5568 2071 5624 Sic

485 5640 652 5688 etiam
682 5640 1007 5693 vetustiores
1032 5640 1319 5695 editiones.

559 5704 906 5781 A‘pltronitris.
937 5708 993 5781 Id
1023 5718 1105 5765 est
1132 5726 1329 5781 spuma
1351 5711 1507 5776 nitri,
1538 5721 1595 5765 ut
1632 5711 1774 5781 apud
1820 5710 2070 5781 Ovidium

490 5782 543 5829 et
590 5774 907 5834 Martialem.
958 5780 1093 5835 Vide
1134 5774 1426 5836 Pamelium
1457 5774 1524 5837 ad
1556 5774 1698 5838 hunc
1730 5780 1937 5847 locum,
1969 5774 2073 5838 Ca-

485 5847 783 5906 sauhonum
811 5854 877 5907 ad
904 5852 1248 5921 Suetonium,
1274 5860 1329 5907 et
1347 5853 1666 5910 Salmasium
1689 5856 1755 5911 ad
1781 5855 2071 5926 scriptores

2178 4571 2268 4627 ubi
2301 4571 2488 4641 pagina
2521 4570 2627 4627 349
2656 4561 2880 4641 editum
2901 4570 3089 4641 primo
3114 4567 3211 4641 fuit
3255 4567 3491 4641 lamentis
3519 4561 3729 4641 spiritali-

2175 4636 2481 4711 buszuod
2515 4648 2661 4699 recte
2688 4636 2999 4711 emendavit
3041 4639 3125 4695 vir
3164 4636 3507 4711 doctissimus
3535 4636 3729 4691 luannes

2174 4708 2411 4789 Baptista
2443 4712 2743 4789 Qotelerius
2770 4714 2823 4767 in
2855 4708 2999 4789 torno
3028 4708 3268 4789 secundo
3297 4715 3727 4789 monumentorum

2174 4775 2420 4855 ecclesia;
2448 4785 2673 4851 Graecae,
2709 4796 2830 4855 pag.
2863 4783 2992 4848 5H,
3023 4782 3112 4838 ubi
3133 4781 3343 4855 egregie
3369 4775 3727 4855 illustrathunc

2174 4854 2386 4928 locum.
2406 4855 2589 4926 itaque
2616 4844 2898 4928 [ocitsjste
2931 4844 3117 4928 severi
3148 4844 3571 4928 eineiidatus'cst
3593 4849 3639 4928 i_u
3662 4844 3724 4928 al-

2173 4935 2288 4981 tera
2324 4917 2581 4983 editione.
2613 4925 2727 4998 Ego
2776 4924 3024 4998 lubenter
3053 4924 3392 4998 admitterem
3425 4917 3724 4998 emendatiu-

2174 5013 2296 5054 nem
2323 4998 2565 5070 Salmasii
2587 5042 2602 5064 ,
2631 4986 2756 5070 qua}
2778 4996 2907 5052 mihi
2931 4996 3142 5052 videtur
3171 4997 3393 5066 optima.
3419 4994 3610 5070 ferum
3632 4986 3724 5042 vul-

2172 5077 2291 5140 gata
2323 5068 2482 5125 lectio
2504 5064 2665 5124 habet
2686 5068 2848 5124 etiam
2871 5070 3129 5138 Optimum
3152 5064 3393 5123 sensum.
3418 5067 3483 5122 Et
3508 5064 3616 5119 ideo
3636 5071 3717 5114 non

2172 5155 2292 5195 sum
2340 5156 2502 5196 ausus
2556 5150 2761 5196 mutare
2816 5140 3105 5197 destitutus
3160 5141 3477 5195 auctoritate
3518 5143 3717 5191 veterum

2172 5212 2582 5283 exemplarium.

2248 5282 2299 5338 Μ
2310 5281 2551 5339 nudatur.
2592 5283 2726 5340 Tres
2755 5282 2877 5338 libri
2902 5290 3113 5340 veteres
3140 5281 3340 5338 habent
3366 5286 3615 5352 purgatur.

2249 5356 2392 5425 Aqua
2412 5356 2742 5425 atpersionis.
2766 5354 2839 5410 Ita
2861 5371 3047 5411 omnes
3071 5354 3181 5410 fere
3196 5355 3318 5409 libri
3340 5341 3560 5408 v'eteies.
3582 5346 3634 5427 lu_
3648 5341 3717 5427 deo

2173 5441 2289 5496 cem
2304 5422 2488 5483 tamen
2507 5437 2556 5483 et
2580 5430 2633 5483 in
2655 5428 2888 5495 antiquis
2903 5427 3226 5482 editionibus
3245 5427 3436 5496 legitur
3454 5422 3712 5496 asperginis.

2248 5486 2313 5553 Et
2356 5501 2650 5571 accipientis
2689 5509 2735 5553 et
2771 5486 2988 5571 dantis;
3018 5497 3094 5553 Ita
3133 5486 3382 5571 antiquata
3406 5486 3642 5571 editipncfs
3674 5492 3716 5571 εξ

2174 5585 2363 5626 omnes
2396 5563 2505 5626 fere
2533 5570 2654 5625 libri
2684 5578 2914 5624 veteres.
2948 5568 3206 5624 Erasmus
3233 5563 3412 5639 posuit
3435 5577 3479 5621 et
3507 5563 3651 5617 dantis
3672 5563 3713 5638 ct

2173 5643 2466 5710 accipientis
2489 5684 2503 5709 ,
2552 5657 2617 5696 ex
2663 5641 2969 5710 conjectura
3007 5649 3247 5706 tantum,
3280 5651 3339 5694 ut
3381 5640 3706 5710 Opino_r,__ql_ﬂa

2174 5699 2320 5786 datio
2362 5699 2667 5786 praecedere
2705 5699 2864 5786 debet
2906 5699 3301 5786 acceptionet'n,
3326 5720 3389 5786 ut
3416 5699 3711 5786 apudxnlej'!

2174 5766 2798 5858 rium‘bl‘aximumplib.
2826 5766 2898 5849 ν,
2937 5766 3177 5858 (25,513,“
3197 5766 3357 5858 dandi
3393 5766 3707 5858 ειχαφίρεςιίςξ

2183 5853 2414 5924 beneﬁcii
2441 5838 2814 5924 commercium,
2846 5838 2901 5911 ei
2926 5838 3067 5926 quod
3094 5838 3256 5925 paulo
3282 5864 3436 5924 supra
3464 5838 3631 5921 legitur
3644 5838 3713 5903 di
