3958 6330
248 410 392 467 1149

1325 405 1414 462 DE
1451 379 1896 462 BAPTlZANDlS
1934 399 2367 458 NOVATIANIS.

3397 399 3538 457 1150

250 531 359 588 ﬁde
389 529 621 602 legitima
643 529 840 586 Christi
861 528 1084 600 gratiam
1113 537 1432 584 consecutos
1462 543 1566 582 non
1592 526 1839 582 christia-
1869 532 1921 592 Α
1945 531 2275 579 cramentum
2299 520 2541 577 videmus
2569 520 2619 576 in
2635 519 2823 575 Exodo
2843 532 2964 574 esse
2981 517 3310 576 celebratum
3331 518 3532 589 (Exod.

248 639 352 680 nos
377 623 470 679 sed
497 623 718 678 clinicos
742 632 1079 690 vocant,non
1105 622 1318 676 invenio
1343 619 1484 674 unde
1511 620 1612 674 hoc
1643 634 1838 673 nomen

247 726 566 784 assumant;
613 715 713 770 nisi
737 701 873 771 forte
909 713 1000 785 qui
1034 713 1181 784 plura
1205 723 1259 769 et
1285 713 1575 768 secretiora
1597 713 1842 782 legerunt

247 809 389 880 apud
417 807 791 880 Hippocratem
821 807 903 864 vel
927 806 1213 875 Soraiium,
1243 805 1466 863 clinicos
1489 805 1619 862 istos
1646 805 1840 874 depre-

249 901 570 956 henderunt.
593 902 701 972 Ego
720 900 885 968 enim,
905 901 991 971 qui
1012 900 1262 957 clinicum
1287 900 1355 954 de
1375 899 1664 970 Evangelio
1694 897 1836 963 novi,

247 993 366 1048 scio
393 993 688 1064 paralytico
715 994 790 1047 illi
815 1003 868 1048 et
889 993 1050 1048 debili
1084 1008 1176 1049 ner
1198 993 1350 1062 longa
1382 993 1554 1045 aetatis
1580 989 1840 1043 curricula

248 1087 306 1142 in
336 1087 476 1142 lecto
503 1087 704 1157 jacenti
733 1089 864 1143 nihil
889 1088 1255 1142 inﬁrmitatem
1279 1101 1427 1140 suam
1458 1082 1692 1138 obfuisse
1710 1097 1842 1152 quo-

244 1181 426 1236 minus
448 1181 513 1236 ad
540 1181 846 1237 ﬁrmitatem
873 1182 1140 1237 cwlestem
1177 1180 1486 1252 plenissime
1517 1179 1838 1249 perveniret,

245 1288 349 1328 nec
367 1282 570 1327 tantum
591 1273 913 1344 indulgentia
945 1273 1208 1327 dominica
1226 1272 1513 1326 excitatum
1537 1270 1602 1325 de
1623 1269 1842 1340 grabato

248 1379 395 1431 esse,
423 1364 517 1418 sed
549 1365 722 1436 ipsum
754 1368 1032 1436 grabatum
1074 1381 1227 1418 suum
1256 1364 1518 1434 reparatis
1546 1371 1598 1418 et
1622 1371 1840 1432 vegeta-

247 1457 318 1512 tis
341 1457 545 1513 viribus
572 1459 872 1513 sustulisse.
909 1459 973 1513 Et
1001 1457 1220 1522 idcirco,
1252 1465 1507 1527 quantum
1533 1455 1636 1511 fide
1663 1455 1841 1509 conci-

248 1567 381 1624 pere
409 1561 462 1608 et
491 1553 691 1608 sentire
719 1553 873 1607 nobis
896 1553 1073 1616 datur,
1098 1567 1214 1606 mea
1242 1551 1505 1606 sententia
1534 1549 1647 1603 lucc
1661 1557 1759 1613 est,
1781 1557 1842 1603 ut

246 1646 580 1701 christianus
603 1647 874 1717 judicetur
898 1656 923 1683 ἰ
949 1645 1214 1716 legitimus
1233 1644 1475 1716 quisquis
1501 1643 1656 1698 fuerit
1672 1645 1722 1697 in
1742 1644 1842 1699 Ec-

246 1737 413 1794 clesia
441 1737 558 1810 lege
589 1746 642 1793 et
663 1738 782 1808 jure
813 1737 933 1792 ﬁdei
964 1737 1197 1792 divinam
1242 1737 1470 1807 gratiam
1498 1743 1838 1790 consecutus.

245 1831 357 1886 Aut
383 1831 426 1885 si
450 1831 641 1900 aliquis
665 1831 936 1885 existimat
962 1846 1056 1885 eos
1086 1829 1217 1884 nihil
1257 1842 1578 1885 consecutos
1605 1843 1670 1883 eo
1699 1827 1839 1899 quod

1942 624 2077 692 xw),
2095 637 2214 676 cum
2237 621 2304 675 de
2326 622 2464 675 emlo
2482 634 2674 675 manna
2703 619 3035 674 deflueretet
3065 619 3366 674 futurorum
3391 634 3532 690 pra:-

1945 717 2261 786 figurationc
2289 715 2600 771 alimentum
2625 715 2779 785 panis
2801 713 3038 768 erelestis
3053 722 3110 769 et
3132 715 3312 769 cibum
3341 713 3539 770 Christi

1943 808 2211 862 venientis
2253 807 2585 862 ostenderet.
2627 805 2740 861 Illic
2793 805 2940 861 enim
2971 806 3087 860 sine
3116 804 3431 860 discrimine
3454 805 3537 862 vel

1942 915 2104 956 sexus
2134 900 2217 955 vel
2246 900 2419 955 relatis
2449 915 2639 969 gomor
2667 915 2694 951 a
2729 899 2951 968 singulis
2980 900 3003 929 ο
3037 897 3538 968 .vqualitatercolli-

1942 993 2366 1065 gebatur.Unde
2383 993 2673 1066 apparebat
2699 991 2903 1047 Christi
2936 991 3321 1064 indulgentiam
3354 1000 3409 1047 et
3434 1006 3539 1046 etn-

1946 1087 2133 1142 Iestem
2158 1088 2385 1158 gratiam
2416 1086 2758 1156 postmodum
2786 1095 3091 1140 secuturam
3115 1085 3395 1154 aequaliter
3415 1101 3536 1139 om-

1945 1179 2100 1232 nibus
2134 1179 2301 1233 dividi
2333 1180 2450 1233 sine
2477 1193 2638 1233 sexus
2668 1177 2948 1244 varietate,
2982 1177 3099 1232 sine
3129 1193 3395 1232 annorum
3426 1177 3537 1232 dis-

1942 1272 2192 1340 crimine,
2227 1273 2345 1328 sine
2383 1275 2696 1342 acceptione
2719 1286 2982 1343 personae,
3015 1287 3178 1342 super
3202 1287 3418 1328 omnem
3443 1272 3538 1328 Dei

1945 1367 2196 1436 pepulum
2221 1368 2475 1436 spiritalis
2499 1367 2682 1437 gratia:
2704 1381 2903 1421 munus
2927 1365 3148 1420 infundi.
3168 1365 3333 1422 Plane
3349 1365 3536 1421 eadem

1943 1460 2113 1529 gratia
2147 1459 2420 1529 spiritalis.
2458 1475 2577 1529 qua:
2625 1459 2902 1530 aequaliter
2925 1456 2951 1496 ἀ
2979 1460 3029 1512 in
3061 1459 3336 1528 Baptismo
3369 1474 3398 1511 a
3422 1473 3540 1513 ere-

1947 1551 2196 1605 dentihus
2224 1551 2470 1613 sumitur,
2495 1551 2544 1603 in
2573 1553 2982 1605 conversatiOne
2999 1558 3159 1619 atque
3184 1557 3308 1604 actu
3339 1561 3527 1604 nOStro

1946 1644 2287 1713 postmodum
2309 1643 2389 1696 vel
2414 1643 2674 1698 minuitur
2700 1644 2782 1697 vel
2811 1653 3066 1712 augetur;
3090 1652 3146 1696 ut
3169 1643 3222 1696 in
3250 1642 3539 1712 Evangelio

1943 1735 2279 1790 dominicum
2308 1749 2494 1790 semen
2525 1735 2802 1806 :equaliter
2850 1736 3165 1800 seminatur,
3196 1734 3291 1790 sed
3324 1750 3420 1804 pro
3445 1750 3539 1789 va-

1943 1831 2134 1886 rietate
2165 1840 2320 1884 terra:
2349 1829 2496 1884 aliud
2527 1829 2847 1894 absumitur,
2880 1829 3024 1882 aliud
3067 1829 3119 1883 in
3152 1828 3536 1883 multiformem

245 1935 387 1992 aqua
410 1921 628 1976 salutari
661 1931 864 1976 tantum
900 1922 1100 1992 perfusi
1127 1922 1233 1976 sint
1257 1921 1308 1991 ι’,
1337 1924 1429 1978 sed
1464 1922 1650 1975 inanes
1671 1929 1722 1974 ct
1742 1937 1835 1976 va-
1871 1941 1914 1999 Β
1942 1925 2149 1994 copiam
2170 1925 2254 1978 vel
2281 1923 2536 1978 tricesimi
2566 1923 2645 1977 vel
2673 1923 2992 1994 sexagesimi
3018 1923 3099 1978 vel
3130 1922 3415 1977 centesimi
3440 1937 3539 1975 nu-

249 2015 336 2068 cui
365 2023 511 2080 sunt,
539 2029 641 2068 non
664 2013 1020 2084 decipiantur,
1040 2025 1096 2069 ut
1122 2015 1164 2068 si
1200 2013 1593 2068 incommodum
1618 2013 1838 2083 languo-

243 2105 321 2160 ris
363 2107 636 2162 evaserint
684 2118 737 2162 ct
766 2109 1160 2174 convaluerint,
1191 2108 1545 2178 baptizentur.
1573 2105 1625 2161 Si
1657 2115 1835 2161 autem

243 2197 506 2268 baptizari
540 2215 647 2254 non
679 2211 905 2269 possunt
930 2205 1147 2270 quijam
1179 2201 1444 2269 baptismo
1471 2199 1837 2254 ecclesiastico

244 2289 564 2346 sanctiﬁcati
593 2302 739 2356 sunt,
769 2307 866 2347 cur
888 2293 939 2346 in
981 2293 1086 2347 fide
1113 2307 1206 2347 sua
1234 2303 1286 2346 et
1317 2292 1525 2346 Domini
1558 2291 1836 2362 indulgen-

244 2382 314 2434 tia
342 2367 813 2438 scandalizantur?
833 2387 910 2438 An
929 2385 1200 2439 consecuti
1229 2395 1351 2437 sunt
1367 2383 1584 2454 quidem
1606 2384 1832 2454 gratiam

241 2471 588 2539 dominicam,
624 2475 719 2530 sed
760 2473 1006 2531 breviore
1035 2486 1088 2530 et
1135 2476 1340 2530 minore
1370 2491 1617 2530 mensura
1648 2491 1834 2530 mune-

245 2565 322 2619 ris
372 2565 539 2622 divini
572 2583 634 2623 ac
688 2568 916 2639 Spiritus
946 2571 1115 2624 sancti
1145 2611 1159 2635 ,
1186 2577 1244 2622 ut
1293 2569 1591 2624 habeantur
1617 2569 1832 2640 quidem

240 2659 542 2729 christiani,
578 2679 686 2718 non
717 2664 825 2717 sint
857 2672 1033 2718 tamen
1064 2664 1276 2718 cmteris
1297 2663 1658 2734 adtnquandi?

312 2750 458 2808 XIV.
491 2754 630 2820 Quin
661 2757 824 2808 immo
854 2755 1086 2824 Spiritus
1128 2767 1344 2810 sanctus
1389 2771 1495 2810 non
1522 2756 1590 2810 ad
1620 2771 1836 2811 mensu-

237 2839 354 2898 ram
381 2845 556 2911 datur,
575 2846 667 2901 sed
697 2862 859 2916 super
879 2847 1184 2902 credentem
1209 2847 1673 2904 totttsinfunditur.
1696 2849 1828 2905 Nam

239 2936 287 2990 si
311 2936 430 2992 dies
450 2939 699 2994 omnibus
721 2942 998 3010 aequaliter
1017 2941 1272 3007 nascitur,
1290 2951 1344 2996 et
1365 2942 1408 2996 si
1440 2943 1518 2995 sol
1543 2958 1704 3012 super
1724 2959 1831 2997 om-

239 3045 338 3086 nes
383 3031 497 3101 pari
544 3043 598 3088 et
640 3033 830 3106 aequali
871 3035 990 3088 luee
1033 3033 1371 3100 diffunditur,
1413 3045 1614 3105 quanto
1662 3036 1826 3107 magis

235 3121 486 3178 Christus
517 3126 596 3179 sol
622 3134 675 3179 et
706 3117 829 3181 Dies
853 3142 1011 3181 verus
1032 3127 1082 3181 in
1117 3125 1353 3181 Ecclesia
1388 3144 1478 3182 sua
1508 3128 1686 3182 lumen
1711 3129 1832 3184 vitae

234 3224 459 3272 mternae
486 3215 605 3288 pari
628 3218 936 3290 aequalitate
960 3219 1215 3291 largitur?
1236 3217 1402 3290 Cujus
1417 3222 1832 3291 aequalitatissa-

1944 2020 2078 2073 meri
2110 2017 2285 2073 fructu
2335 2017 2662 2072 exuberahte
2691 2018 3016 2071 cumulatur.
3050 2015 3240 2070 Adhuc
3267 2031 3392 2070 vero
3414 2030 3535 2069 cum

1941 2113 2135 2184 singuli
2161 2114 2225 2167 ad
2249 2113 2529 2168 denarium
2557 2123 2836 2180 vocentur,
2855 2111 2980 2182 quid
3009 2121 3093 2166 est
3121 2109 3340 2181 utquod
3368 2125 3398 2164 a
3426 2110 3538 2164 Deo

1943 2207 2223 2277 arqualitcr
2244 2206 2580 2262 distribuitur
2599 2205 2830 2260 humana
2854 2204 3302 2276 interpretatione
3328 2203 3538 2258 minua-

1942 2307 2029 2354 tur
2068 2299 2092 2353 ?

2014 2393 2128 2450 XV.
2162 2395 2313 2463 Quod
2341 2395 2386 2450 si
2417 2394 2611 2467 aliquis
2662 2396 2712 2450 in
2743 2397 2835 2451 illo
2877 2402 3122 2450 movetur
3148 2392 3290 2464 quod
3315 2391 3533 2461 quidam

1937 2487 2005 2542 de
2033 2489 2097 2541 iis
2124 2490 2210 2557 qui
2239 2489 2367 2558 aegri
2396 2489 2730 2558 haptizantur
2752 2498 2775 2525 ε’
2793 2487 3074 2557 spiritibus
3095 2484 3271 2540 adhuc
3297 2486 3535 2540 immun-

1935 2581 2020 2635 dis
2059 2590 2332 2636 tentantur
2366 2579 2410 2646 ί,
2442 2584 2578 2638 sciat
2623 2583 2819 2638 diaboli
2861 2581 3153 2654 nequitiam
3202 2581 3535 2650 pertinacem

1937 2689 2106 2744 usque
2131 2675 2198 2738 ad
2224 2691 2414 2745 aquam
2469 2677 2760 2731 salutarem
2789 2676 2990 2743 valere,
3016 2677 3066 2729 in
3099 2674 3378 2744 Baptismo
3405 2689 3536 2729 vero

1935 2784 2096 2825 omne
2124 2771 2373 2841 nequitiae
2399 2787 2513 2826 suae
2550 2771 2698 2826 virus
2727 2771 2995 2826 amittere.
3023 2769 3177 2839 Quod
3222 2769 3534 2839 exemplum

1935 2863 2205 2917 cernimus
2235 2865 2287 2918 in
2328 2880 2454 2934 rege
2500 2865 2779 2922 Pharaone
2807 2865 2921 2934 qui,
2951 2865 3040 2919 diu
3067 2864 3362 2919 reluctatus
3391 2871 3448 2918 et
3476 2862 3529 2916 in

1935 2971 2031 3010 sua
2063 2957 2283 3026 perﬁdia
2335 2957 2646 3013 demoratus
2699 2959 2901 3014 tamdiu
2951 2959 3210 3014 resistere
3264 2957 3439 3028 potuit
3479 2965 3535 3011 et

1935 3051 2231 3121 prazvalere
2270 3049 2442 3106 donec
2467 3050 2536 3106 ad
2565 3065 2760 3122 aquam
2786 3052 2992 3107 veniret
3019 3068 3032 3104 ε
3057 3065 3164 3121 quo
3192 3065 3314 3105 eum
3345 3049 3531 3105 venis-

1935 3150 2040 3209 set,
2071 3150 2126 3196 et
2149 3146 2318 3198 victus
2343 3153 2427 3198 est
2455 3152 2508 3198 et
2546 3145 2836 3200 extinctus.
2865 3142 3012 3198 Mare
3049 3151 3229 3197 autem
3284 3141 3412 3196 illud
3445 3157 3535 3197 sa-

1937 3244 2269 3290 cramentum
2291 3235 2546 3306 Baptismi
2575 3235 2741 3291 fuisse
2766 3234 3008 3294 declarat
3035 3235 3224 3290 beatus
3255 3235 3532 3306 apostolus

1466 3339 1849 3403 LECTIONES
1888 3348 2312 3410 VARIANTES.

297 3431 322 3496 ξ’
361 3429 662 3496 Christianus
678 3431 946 3496 judicatur,
972 3434 1192 3496 quisquis
1219 3433 1350 3482 Lam.

291 3494 322 3533 ι)
357 3485 409 3541 Si
437 3496 604 3543 inanes
629 3485 750 3544 85d.
776 3496 821 3554 1,
848 3497 893 3544 2.
926 3485 1053 3543 ῐίὴη.
1087 3485 1202 3545 [.int.
1233 3495 1372 3544 Ebor.
1401 3495 1510 3546 ΝΟ.
1541 3497 1584 3546 Δί.

294 3559 319 3586 σε
357 3554 538 3606 Gemor
562 3557 1016 3620 singulipequaliter
1031 3557 1326 3620 colligebant
1346 3559 1477 3608 Lam.
1503 3563 1550 3612 Ν
1558 3561 1611 3609 C.
1639 3562 1683 3611 2.
1713 3561 1815 3612 Lin.

1990 3442 2017 3481 ἀ
2055 3444 2329 3509 (Εᾳυαιίιθτ
2355 3445 2684 3507 colligebatur
2723 3441 3030 3509 Lam._Ebor.
3061 3441 3165 3496 NG.
3199 3445 3245 3495 l.

1994 3512 2017 3537 θ
2055 3507 2432 3570 Baptizabanlur,
2453 3511 2583 3558 Lam.
2614 3509 2797 3560 NC..1.
2822 3507 2967 3558 Ebor.

1992 3565 2014 3606 ί
2051 3569 2385 3621 'l‘entabantu'r
2414 3571 2543 3621 Lam.
2573 3571 2697 3621 Bod.
2727 3563 2771 3622 1.
2798 3572 2844 3620 2.
2870 3567 3014 3620 Ebor.
3046 3557 3154 3622 ΝΟ.
3182 3569 3228 3619 1.

2431 3607 2543 3621 ιικιι.
2573 3607 2697 3621 ιιυιοο
2729 3607 2771 3631 τι,
2799 3607 2844 3620 -0
2870 3607 2981 3620 uvvu
3003 3607 3014 3616 ⁸
3046 3607 3081 3622 ΑΙ
3102 3607 3154 3619 υ.

1453 3663 1693 3720 STEPH.
1738 3667 2006 3729 BALUZII
2049 3675 2280 3732 NOTZE.

229 3753 391 3828 plana
420 3764 469 3809 et
494 3765 598 3828 tota
633 3756 760 3826 ﬁdes
800 3764 845 3810 et
871 3754 1039 3809 dantis
1066 3767 1111 3810 et
1142 3753 1384 3810 sumentis
1412 3757 1678 3824 accipitur.
1712 3758 1824 3828 Ego

228 3829 412 3896 putavi
442 3827 787 3898 rejieiendum
832 3843 934 3882 non
965 3843 1085 3884 esse
1110 3839 1431 3882 consensum
1462 3838 1539 3883 tot
1582 3827 1823 3885 veterum

228 3899 517 3965 librorum,
545 3902 785 3969 quamvis
816 3900 1073 3969 Rigaltius
1103 3910 1158 3953 et
1186 3901 1349 3954 editio
1375 3900 1654 3969 anglicana
1688 3903 1822 3956 reti-

234 3971 457 4024 nueriut
481 3970 911 4025 emendationem
949 3971 1180 4024 Erasmi.

305 4039 512 4095 Xlll.-—-
534 4040 771 4096 Clinicos.
792 4041 862 4095 lta
898 4043 1133 4110 plerique
1153 4041 1270 4095 libri
1287 4050 1511 4096 veteres.
1537 4039 1590 4094 ln
1607 4044 1823 4113 quibus.

230 4111 356 4166 (lam
397 4113 653 4181 scriptum
685 4123 767 4168 est
818 4115 1216 4167 cltaraCterihus
1263 4114 1454 4183 grtecis
1515 4111 1823 4183 majusculis

229 4195 528 4257 {aestima
541 4193 593 4257 et
610 4183 694 4238 hic
707 4193 761 4238 et
779 4187 934 4253 paulo
953 4195 1088 4253 post.
1111 4185 1464 4257 Hieronymus
1489 4185 1539 4238 in
1554 4187 1823 4256 epitaphio

229 4255 468 4309 Fabiola:
496 4273 509 4307 :
541 4255 698 4322 Quem
729 4258 919 4322 nullum
949 4268 994 4308 et
1021 4257 1257 4309 clinicum
1286 4253 1384 4309 non
1410 4253 1639 4310 Fabiola:
1667 4253 1816 4312 vesti-

228 4336 402 4380 menta
443 4319 710 4380 texerunt?
741 4319 805 4380 Et
844 4328 1003 4396 paulo
1033 4335 1186 4394 post:
1221 4328 1344 4394 Quis
1377 4327 1673 4380 clinicorum
1720 4327 1821 4383 non

227 4399 346 4465 eius
374 4400 698 4467 facultatibus
728 4405 1033 4452 sustentatus
1069 4409 1158 4450 est.
1205 4399 1338 4453 Vide
1385 4399 1645 4454 lleriberti
1677 4399 1810 4454 Raso

230 4470 411 4539 weydi
447 4468 808 4522 Ortosmaticon
839 4472 904 4522 ad
958 4472 1093 4523 vitas
1124 4471 1358 4534 Patrum,
1395 4470 1596 4524 Petavii
1627 4474 1814 4525 obser-

1928 3765 2190 3842 de__tartiis
2216 3767 2564 3826 Passionibus
2594 3790 2606 3825 :
2642 3769 2887 3842 Soranus
2910 3771 3202 3842 plenissime
3226 3778 3532 3823 cunctarum

1929 3839 2240 3909 diligentiam
2293 3841 2504 3896 tradidit
2554 3854 2705 3914 atque
2754 3839 2974 3912 speciale
3020 3860 3208 3911 corpus
3260 3842 3530 3911 scriptura:

1927 3914 2188 3984 (oratorii,
2217 3914 2281 3968 de
2306 3916 2544 3982 passione
2570 3915 2755 3984 capitis
2778 3917 2924 3968 initia
2951 3917 3173 3968 intuens.
3206 3914 3281 3967 De
3304 3914 3530 3984 Soranis

1927 3983 2454 4052 videbibliothecam
2489 3983 2728 4052 Latinam
2755 3986 2841 4052 Σο.
2884 3985 3090 4041 Alberti
3121 3985 3373 4040 Fabricii.
3403 3983 3524 4042 Cir:

1927 4051 2299 4126 eumfermitur
2348 4057 2589 4126 epistola!
2636 4051 2706 4111 Μ.
2759 4059 2974 4112 Antonii
3018 4068 3072 4112 et
3108 4056 3409 4126 Cleopatra:
3456 4057 3524 4112 ad

1929 4124 2191 4179 Soranum
2224 4137 2278 4180 et
2321 4124 2474 4182 istius
2517 4127 2913 4198 responsiones.
2947 4131 3234 4182 AuctOrem
3284 4125 3517 4198 illarum,

1927 4212 2047 4265 quae
2078 4207 2226 4251 certo
2267 4200 2411 4252 falsze
2458 4196 2680 4254 suntet
2722 4200 3052 4268 suppositiaa,
3104 4207 3318 4267 Oportet
3359 4196 3524 4253 fuisse

1929 4267 2198 4322 hominem
2245 4269 2532 4324 admodum
2582 4273 2647 4324 ad
2685 4267 3023 4325 libidinesutn
3055 4280 3109 4324 et
3148 4270 3432 4323 verborum
3458 4284 3523 4324 ac

1925 4354 2105 4392 rerum
2134 4339 2510 4394 obsecuturum
2543 4351 2835 4395 amatorem
2870 4341 3392 4394 libidinosissimum.

1997 4399 2075 4462 Ατι
2101 4407 2395 4496 ﬁrmitatem
2421 4412 2691 4496 caelestem.
2714 4401 2918 4496 .Codex
2947 4409 3242 4496 Fttxensis,
3270 4408 3338 4462 ad
3359 4410 3521 4477 ﬁrmi-

1922 4489 2074 4554 tatem
2103 4481 2293 4536 etefesti
2320 4485 2486 4554 gratia
2517 4484 2806 4554 plenissime
2834 4481 2998 4551 posset
3031 4481 3308 4552 pervenire.

228 4539 568 4627 ‘v‘atiotte‘sgd
596 4541 969 4623 Epiphauitun,
999 4541 1336 4627 Beveregiutn
1364 4542 1710 4627 :lthflIIOJICIII‘l
1739 4560 1813 4598 xu
1844 4555 1892 4627 Π
1992 4539 2450 4608 Scaitdalizrtiitur.
2505 4539 2578 4611 ita
2628 4539 2843 4608 veteres
2883 4539 3150 4610 editiones
3192 4564 3245 4607 et
3289 4557 3524 4622 quatuor

227 4609 455 4682 Concilii
486 4609 952 4682 NBOCtBSﬂl‘lellSlS,
982 4624 1035 4666 ct
1073 4609 1388 4682 glosSarintn
1419 4613 1639 4667 latinum
1666 4614 1810 4668 Can-

228 4683 322 4750 gii.
354 4681 490 4735 Vide
515 4682 674 4736 etiam
708 4681 1000 4737 Martialem
1021 4727 1033 4747 ,
1068 4681 1158 4737 lih.
1193 4700 1236 4747 ι,
1271 4685 1437 4752 epigr.
1468 4683 1558 4738 87.

304 4752 589 4808 Soranum.
647 4753 961 4809 Metltodica:
1019 4755 1295 4810 medicina:
1349 4755 1814 4810 instructissimum

228 4836 538 4888 auctorem,
589 4835 645 4877 ttt
687 4841 808 4878 eum
857 4838 1011 4879 vocat
1057 4825 1420 4879 'l'ertollianus
1463 4827 1513 4879 in
1563 4827 1704 4880 libro
1748 4829 1816 4882 de

228 4897 426 4950 Anima
449 4913 462 4961 ;
483 4895 758 4968 medicina:
789 4899 1062 4968 doctorem
1091 4897 1499 4961 nobilissimum,
1525 4909 1578 4950 ut
1607 4896 1816 4968 Augus-

229 4969 399 5031 tinus,
436 4967 470 5019 Ι.
500 4982 552 5031 v,
580 4967 837 5020 adversus
867 4966 1136 5020 Julinnum
1165 4968 1498 5035 Pelagianutt't
1528 4979 1582 5022 et
1629 4966 1721 5022 lib.
1778 4986 1816 5024 tt

230 5038 476 5093 Retract.
503 5052 623 5107 cap.
670 5038 756 5092 62.
793 5039 932 5092 Duos
962 5039 1116 5092 istius
1155 5039 1386 5092 nominis
1429 5055 1670 5095 summos
1703 5057 1812 5094 mc-

226 5111 380 5163 dicos
423 5119 814 5163 commemorat
845 5110 1056 5173 Suidas,
1089 5120 1368 5178 utrumque
1398 5111 1706 5177 Ephesium.
1741 5113 1815 5167 De

231 5190 354 5235 utro
385 5195 571 5234 eorum
611 5183 677 5234 sit
717 5181 1117 5249 intelligendum
1164 5183 1302 5249 quod
1355 5182 1472 5236 istic
1498 5183 1569 5235 ait
1600 5193 1815 5238 sanctus

230 5252 550 5322 Cyprianus,
600 5268 667 5304 an
714 5268 840 5305 vero
886 5254 950 5304 de
997 5251 1159 5305 Cilice
1189 5263 1544 5319 cognomento
1572 5253 1803 5319 Maliotc,

233 5324 389 5390 cujus
435 5327 595 5376 etiam
637 5323 877 5378 meminit
917 5324 1140 5387 Suidas,
1169 5322 1390 5378 difficile
1429 5326 1575 5378 dictu
1605 5334 1704 5378 est.
1744 5327 1816 5380 De

229 5395 398 5448 Cilice
468 5395 551 5448 hic
613 5393 696 5463 agi
750 5394 989 5448 fortassis
1039 5395 1159 5448 hinc
1210 5395 1384 5463 colligi
1442 5406 1622 5464 posset
1671 5397 1813 5462 quod

234 5465 680 5534 Asclepiodotus,
719 5475 777 5518 ut
817 5467 956 5520 idem
988 5465 1178 5520 Suidas
1213 5466 1315 5530 ait,
1360 5467 1625 5520 nemiuem
1672 5469 1813 5522 anti~

230 5537 480 5606 qniorum
509 5537 976 5608 medicorumpost
1000 5538 1368 5608 Hippocratem
1392 5539 1651 5608 probabat
1678 5554 1814 5608 prte-

233 5604 320 5662 ter
368 5609 507 5659 hunc
529 5604 770 5661 Cilicem.
821 5606 949 5661 Nam
985 5604 1283 5678 Cyprianus
1331 5604 1708 5676 Hippocratem
1761 5620 1815 5665 et

233 5681 499 5732 Soranum
520 5679 790 5748 conjungit
810 5689 1074 5744 tamquam
1095 5680 1444 5746 peritissimos
1464 5681 1809 5736 lliCtllCtlrllil‘l.

233 5749 425 5805 Sorani
459 5751 648 5803 medici
671 5766 830 5818 opera
857 5751 1158 5805 latinizasse
1184 5765 1241 5805 se
1270 5751 1457 5804 SCl'lllll
1483 5751 1676 5805 C:ei:tts
1705 5753 1813 5805 Au-

233 5822 472 5877 relianus
518 5821 802 5888 Siccensis,
856 5821 944 5875 lih.
983 5824 1113 5877 nde
1154 5821 1352 5876 Morbis
1377 5824 1566 5886 acutis,
1629 5835 1744 5892 cap.
1781 5826 1803 5877 i

233 5905 288 5947 et
315 5895 406 5948 “2.8.
446 5894 519 5948 De
547 5893 741 5950 eodem
770 5896 848 5949 sic
885 5893 1071 5950 scribit
1101 5895 1154 5950 iu
1194 5894 1508 5963 praefatione
1553 5893 1808 5950 librorum

1920 4623 2044 4676 libri
2071 4636 2306 4696 veteres.
2356 4627 2618 4681 Manutius
2650 4639 2703 4681 et
2750 4638 2867 4696 post
2898 4643 3018 4679 eum
3052 4626 3138 4680 alii
3185 4625 3524 4696 scripserunt

1917 4695 2408 4750 scandalizat-eatur.
2430 4700 2559 4766 Qua:
2588 4695 2759 4751 lectio
2776 4698 2960 4750 nititur
2987 4699 3305 4751 auctoritate
3329 4695 3520 4750 decem

1919 4777 2159 4820 veterum
2187 4771 2659 4838 etetnplariorutu.
2690 4769 2801 4838 Ego
2855 4767 3080 4837 przrfero
3131 4778 3396 4830 veterctn,
3447 4766 3522 4820 uti

1919 4838 2238 4912 meliorem,
2263 4856 2384 4894 meo
2432 4841 2650 4912 quidem
2692 4841 2916 4911 judicio.
2953 4841 3121 4894 Erunt
3150 4840 3399 4894 fortassis
3431 4841 3522 4909 qui

1918 4909 2076 4963 aliter
2105 4911 2359 4966 sentient.
2450 4909 2463 4912 ’
2528 4977 2530 4980 ν

1994 4980 2404 5054 “Mallorum
2431 4981 2691 5054 deﬂueret.
2720 4981 2902 5038 Codex
2931 4983 3099 5037 sancti
3125 4982 3388 5051 Arnulphi
3423 4981 3518 5033 de-

1921 5052 2135 5120 plueret.
2161 5053 2326 5108 Recte
2354 5052 2611 5124 profecto.
2634 5055 2721 5109 Ps.
2752 5071 2956 5109 Lxxvtt.
2979 5055 3043 5106 Et
3060 5055 3186 5120 pluit
3209 5055 3310 5108 illis
3331 5071 3520 5109 manna

1919 5125 1988 5175 ad
2014 5126 2446 5178 manducandum.
2491 5125 2807 5183 Collutuella
2840 5167 2854 5191 ,
2905 5126 2998 5179 lib.
3030 5142 3100 5180 χε

2044 5215 2198 5280 Inque
2219 5219 2354 5267 sinus
2373 5220 2540 5268 matris
2565 5217 2777 5267 vlolento
2795 5217 2987 5281 depluil.
3012 5213 3186 5268 imbre.

1919 5294 2163 5358 Tibullus
2204 5305 2300 5359 lib.
2337 5321 2390 5371 χ,
2441 5306 2578 5374 eleg.
2613 5305 2664 5359 5.

2046 5395 2226 5446 Multus
2250 5404 2302 5447 ut
2335 5400 2384 5448 in
2421 5407 2577 5448 terras
2600 5397 2962 5461 deplueretque
2988 5398 3124 5462 lapis.

1918 5455 2282 5536 ’l‘crtullianus
2314 5483 2508 5536 inlibro
2533 5483 2598 5538 de
2628 5455 2925 5550 Patientia,
2956 5455 3069 5552 post
3122 5501 3322 5539 manna:
3376 5503 3516 5541 esca-

1919 5555 2072 5607 bilem
2102 5555 2349 5621 pluviam.

1993 5625 2305 5696 Qstenderet.
2332 5625 2566 5691 Quatuor
2597 5628 2715 5682 libri
2750 5637 2965 5682 veteres
3007 5629 3324 5696 exprimeret.

1990 5695 2181 5748 XV.——
2199 5693 2566 5768 Tentabantur.
2591 5699 2782 5768 Viginti
2807 5710 2859 5753 et
2881 5714 3020 5753 unus
3042 5693 3158 5753 libri
3181 5712 3389 5756 veteres
3417 5705 3512 5756 lia-

1916 5764 2043 5822 bettt
2067 5767 2409 5820 tentubantur.
2436 5768 2538 5822 Sed
2567 5764 2739 5822 tanien
2764 5770 2943 5835 iidem,
2967 5786 3144 5838 pauets
3173 5775 3432 5840 exceptis,
3457 5785 3512 5830 et

1957 5840 2154 5908 uinajue
2190 5840 2464 5905 Anglicani
2491 5840 2685 5896 habent
2714 5844 2871 5911 paulo
2895 5853 3017 5895 ante
3045 5842 3391 5908 baptizantur.
3439 5850 3511 5902 At

1967 5911 2207 5964 eeeensis
2233 5919 2286 5964 et
2310 5911 2475 5966 editio
2499 5911 2718 5967 Morellii
2753 5912 2950 5967 habent
2980 5913 3399 5980 baptizabantur.
