3994 6340
451 289 587 350 “Si

1695 286 2060 346 CONCILIUM
2099 286 2479 352 ICONIENSE.

3599 287 3759 344 “32

453 408 652 466 Paulus
677 407 860 466 dicens
887 425 901 463 ε
950 408 1089 465 Nolo
1117 408 1249 465 enim
1290 423 1379 462 vos
1403 407 1659 478 ignorare,
1692 409 1894 479 fratres,
1920 410 2037 475 quia
2067 408 2112 467 Λ
2145 405 2296 461 Rom.
2328 421 2438 473 xlv,
2465 404 2576 477 12).
2606 403 2745 477 Opto
2772 412 2845 472 te,
2887 401 2958 460 fili
2989 402 3328 477 cltarissime,
3363 418 3587 480 semper
3604 404 3760 462 bene

451 513 626 575 patres
638 503 799 558 nostri
816 519 986 558 omnes
1007 501 1096 556 sub
1124 502 1255 556 nube
1285 504 1508 572 fuerunt,
1533 511 1578 554 et
1600 516 1770 553 omnes
1799 514 1887 568 per
1905 514 2044 551 mare

454 597 784 660 transierunt,
808 605 855 649 et
876 611 1049 649 omnes
1073 595 1126 649 in
1163 593 1338 665 Moyse
1367 603 1391 629 κ
1420 592 1664 659 baptizari
1691 601 1807 645 sunt
1834 591 1886 644 in
1917 590 2044 644 nube

454 698 498 744 et
529 690 582 743 in
609 689 738 742 mari
767 689 809 760 (I
833 689 950 743 Cor.
978 705 1037 753 Χ,
1062 690 1111 748 I.
1137 688 1193 747 2.
1228 689 1307 758 Ii).
1339 687 1398 741 Et
1429 685 1630 740 addidit
1656 687 1838 741 dicens
1870 703 1882 738 :
1920 684 2044 739 Haec

451 791 618 836 autem
641 781 811 834 omnia
840 782 1020 853 ﬁgura:
1045 793 1232 835 nostrte
1262 783 1484 845 fuerunt.
1511 777 1662 846 Quod
1693 778 1851 832 bodie
1881 779 2041 833 etiam

452 875 676 948 geritur,
713 885 765 928 ut
803 889 899 945 per
926 875 1225 929 exorcistas
1268 888 1400 927 voce
1432 871 1660 925 humana
1693 884 1740 925 et
1777 881 2044 941 potestate

453 968 630 1024 divina
666 967 964 1039 ﬂ-lgt'licllll‘
992 977 1047 1023 et
1077 979 1261 1022 uratur
1283 977 1334 1020 ct
1362 977 1552 1036 torque
1590 974 1674 1019 tur
1698 965 1961 1029 diabolus,
1991 975 2048 1019 et

453 1077 574 1119 eum
595 1062 746 1118 exire
777 1076 835 1117 se
862 1070 918 1116 et
947 1061 1193 1116 homines
1218 1060 1308 1115 Dei
1337 1059 1606 1116 dimittere
1634 1074 1778 1128 smpe
1799 1059 1960 1131 dicat,
1992 1059 2043 1112 iu

453 1171 520 1211 eo
561 1165 738 1210 tamen
779 1155 924 1228 quod
947 1155 1139 1210 dtxerit
1171 1153 1335 1218 fallat,
1367 1167 1418 1209 et
1449 1153 1499 1208 id
1526 1153 1664 1222 quod
1698 1169 1790 1225 per
1815 1153 2048 1208 Pharao-

455 1263 578 1303 nem
611 1249 757 1319 prius
784 1258 993 1319 gestum
1019 1258 1098 1301 est
1129 1245 1320 1302 eodem
1366 1245 1645 1300 mendacio
1672 1245 2046 1300 obstinationis

455 1352 512 1400 et
544 1342 748 1398 fraudis
777 1352 1041 1399 exerceat.
1083 1343 1215 1398 Ctttu
1241 1353 1416 1398 tamen
1449 1342 1513 1397 ad
1537 1359 1726 1412 aquam
1757 1341 2042 1394 salutarent

454 1446 613 1508 atque
635 1435 700 1490 ad
731 1435 986 1503 Baptismi
1003 1435 1480 1491 Sanctiﬁcatiouent
1504 1436 1736 1500 venitur,
1761 1433 1932 1489 scrire
1952 1433 2046 1488 dc-

456 1529 647 1586 hemus
664 1539 717 1583 et
744 1527 909 1583 ﬁdere
935 1529 1059 1598 quia
1086 1528 1192 1582 illic
1205 1526 1872 1597 diabolusoppriutitur.et
1889 1528 2048 1580 homo

461 1623 576 1680 Deo
599 1623 811 1679 dicatus
830 1623 1006 1678 divina
1037 1624 1362 1693 indulgentia
1393 1623 1665 1676 liberatur.
1689 1620 1819 1676 Nam
1843 1620 1886 1674 si
1912 1620 2067 1675 sicut.

2145 502 2343 556 valere.

2557 613 2924 670 CONCILIUM
2966 612 3329 670 ICONIENSE

2224 748 2432 791 CONTRA
2461 747 2860 799 CATAPIIRYGAS,
2895 749 3244 791 caecantur
3277 748 3415 790 anno
3438 733 3550 792 258
3583 749 3685 789 suo

2679 843 2952 883 STEPHANO
2993 843 3126 884 I’Al‘A
3166 843 3204 885 1ο

2220 965 2508 1021 Concilium
2564 967 2838 1023 lcouiense
2876 967 3115 1023 habitum
3145 979 3230 1024 est
3265 983 3408 1025 anno
3438 969 3576 1028 258.
3627 985 3770 1033 seu,

2149 1061 2346 1125 verius,
2377 1062 2504 1128 9.56,
2552 1060 2715 1115 lcouii
2749 1062 2798 1115 iu
2828 1062 3056 1134 Phrygia
3086 1105 3101 1123 ,
3135 1063 3420 1118 occasione
3449 1060 3774 1134 Catapbry-

2149 1170 2331 1224 garum
2379 1154 2783 1217 hmretimrum,
2839 1164 2894 1208 ut
2962 1155 3031 1209 de
3082 1156 3317 1227 ip~orutu
3386 1157 3768 1225 omniumque

2151 1248 2373 1302 aliorum
2426 1246 2800 1302 b-t-reticttrum
2847 1247 3190 1318 Baptismatis
3230 1249 3427 1306 valere.
3462 1247 3599 1318 quid
3653 1259 3774 1300 sta-

2151 1339 2405 1394 tuendum
2438 1340 2504 1392 sit
2538 1339 2886 1408 inquirerent.
2925 1340 2998 1394 Ex
3029 1337 3386 1410 Cappadocia.
3414 1338 3777 1405 Cilit‘ia.Ga-

2152 1429 2274 1485 latia
2303 1431 2522 1502 aliisque
2542 1431 2800 1500 proximis
2821 1431 3180 1487 Orientalibus
3205 1432 3518 1502 regionibus
3533 1447 3772 1502 episco-

2157 1526 2207 1596 pi
2234 1525 2298 1579 ad
2330 1526 2464 1580 banc
2493 1526 2755 1598 synodum
2799 1537 3140 1582 accesserunt
3172 1545 3185 1579 :
3216 1541 3246 1580 a
3276 1527 3472 1595 quibus
3505 1525 3777 1581 omnibus

2155 1621 2496 1674 COttsliltlltltlt
2528 1636 2591 1675 ac
2614 1619 2889 1676 decretum
2916 1631 3000 1676 est
3031 1620 3160 1675 nihil
3183 1637 3367 1676 eorum
3397 1636 3522 1691 quae
3549 1620 3631 1674 ab
3661 1620 3780 1674 ba-o

458 1717 655 1786 scorpii
687 1725 743 1770 et
771 1730 906 1786 serp-
933 1715 1178 1780 ntes.qui
1207 1715 1258 1769 in
1277 1716 1422 1770 sicco
1443 1714 1754 1784 piat-Valent,
1785 1712 1836 1768 in
1858 1727 2048 1781 aquam
2085 1732 2132 1793 Β
2163 1711 2340 1765 reticis
2369 1711 2502 1766 laeta
2531 1720 2674 1775 sunt,
2703 1711 2772 1766 ab
2809 1713 3046 1767 Ecclesia
3087 1711 3346 1768 catholica
3382 1711 3778 1779 recipiendum

457 1811 771 1881 praecipitati
826 1810 1117 1881 praevalere
1149 1825 1255 1864 non
1289 1818 1510 1879 possunt
1542 1806 1570 1846 ι)
1597 1822 1685 1862 aut
1714 1822 1810 1863 sua
1849 1821 2052 1862 venena

455 1904 691 1959 retinere
721 1904 867 1966 °,sic
891 1904 1183 1974 etspiritus
1205 1917 1434 1973 nequam
1451 1898 1600 1966 d,cui
1628 1900 1822 1970 scorpii
1853 1908 1907 1954 rt
1938 1914 2052 1954 ser-

459 2000 648 2068 pentes
671 1996 1031 2066 appellantur,
1063 2009 1118 2052 et
1145 2007 1320 2050 tamen
1351 2010 1446 2065 per
1486 2009 1584 2048 nos
1613 1993 1737 2048 data
1765 2009 1793 2047 a
1829 1992 2054 2048 Domino

461 2099 731 2160 potestate
755 2091 1053 2153 calcantur,
1089 2105 1405 2159 permanere
1448 2088 1583 2144 ultra
1615 2103 1720 2143 nou
1748 2097 1971 2158 possunt
2001 2087 2054 2142 in

460 2183 696 2240 hominis
726 2199 976 2254 corpore,
1011 2185 1062 2238 in
1100 2199 1209 2256 quo
1233 2183 1504 2254 baptizato
1526 2184 1578 2238 in
1607 2181 1941 2237 sanctiﬁcato
1973 2181 2055 2236 iu-

458 2277 585 2349 cipit
611 2279 843 2348 Spiritus
867 2288 1086 2334 sanctus
1110 2279 1372 2334 habitare.

530 2369 672 2427 XVI.
699 2370 808 2427 Hoc
836 2370 1069 2442 denique
1089 2381 1143 2427 et
1169 2372 1332 2427 rebus
1358 2372 1488 2442 ipsis
1514 2371 1845 2442 experimur,
1876 2381 1932 2425 ttt
1963 2386 2056 2426 uc—

459 2467 714 2522 cessitate
761 2476 987 2535 urgente
1018 2467 1069 2520 itt
1116 2464 1434 2532 {egritudine
1465 2464 1714 2531 baptizati
1748 2472 1797 2518 et
1828 2464 2054 2533 gratiam

460 2558 736 2614 consecnti
750 2571 969 2613 careant
984 2557 1261 2613 immundo
1276 2557 1463 2628 spiritu
1478 2571 1584 2627 quo
1596 2565 1752 2610 antea
1771 2555 2058 2610 mereban-

467 2659 576 2712 tur.
606 2659 660 2705 et
691 2649 986 2706 laudabiles
1023 2665 1087 2705 ac
1126 2650 1429 2718 probabiles
1475 2651 1524 2704 in
1579 2649 1820 2705 Ecclesia
1855 2649 2053 2715 vivant,

461 2745 691 2819 plusque
719 2759 814 2816 per
828 2744 945 2800 dies
971 2745 1209 2817 sing-dos
1241 2745 1292 2801 in
1315 2755 1661 2816 augmentum
1685 2745 1925 2802 caelestis
1942 2759 2060 2816 gra-

465 2839 554 2897 tia:
581 2854 678 2911 per
709 2839 828 2894 ﬁdei
873 2840 1203 2895 incrementa
1246 2839 1551 2910 proﬁciant.
1598 2840 1664 2894 Et
1690 2849 1877 2895 contra
1916 2855 2060 2909 sa-pe

465 2932 710 2987 nonnulli
736 2931 803 2987 de
836 2932 942 2988 illis
967 2933 1057 3004 qui
1089 2933 1205 2987 sani
1247 2933 1604 3004 baptizantur.
1640 2932 2057 3008 Sipustmodum

465 3040 697 3097 peccare
717 3027 1003 3094 emperint,
1020 3026 1210 3096 spiritu
1234 3025 1510 3081 immundo
1529 3026 1788 3082 redeunte
1815 3030 2056 3096 quatiun-

2159 1803 2726 1869 eSse:0t'dittatirittes,
2772 1804 3122 1875 Bap'isutum,
3164 1819 3418 1859 manuum
3453 1804 3780 1874 impositio-

2161 1911 2276 1958 nes,
2300 1896 2508 1952 aliudve
2535 1913 2744 1952 sacrum
2771 1898 2994 1968 quodvis
3021 1897 3088 1950 ab
3115 1897 3383 1951 haereticis
3411 1896 3781 1950 administra-

2162 1999 2271 2044 tum
2314 1990 2602 2044 invalidum
2643 2005 2783 2046 esse.
2829 1989 3155 2059 Stephanus,
3199 1988 3434 2060 pontifex
3477 1987 3779 2044 Romanus

2159 2085 2440 2155 episcopos
2461 2085 2764 2140 Orientales
2789 2085 2902 2140 ba-c
2917 2085 3305 2139 constituentes
3325 2084 3780 2139 excoununnicat

2158 2187 2212 2233 et
2249 2179 2554 2250 apostoliczc
2597 2177 2742 2234 sedis
2769 2167 3146 2233 cummunione
3178 2178 3392 2247 privat:
3429 2178 3607 2247 ipsum
3647 2191 3778 2230 vero

2159 2272 2420 2344 synodum
2449 2272 2753 2338 erraticant,
2786 2282 2970 2326 contra
2998 2265 3380 2340 Apostolorum
3405 2269 3774 2324 traditionem

2160 2383 2443 2423 erroneum
2471 2367 2661 2439 dogma
2693 2365 3123 2427 conﬁrmantem.
3151 2365 3421 2435 reprobat.
3453 2362 3776 2418 Orientales

2161 2461 2226 2515 ad
2257 2461 2569 2516 Pontilicem
2617 2477 2743 2516 suos
2776 2461 2992 2532 quidem
3026 2461 3226 2529 legatos
3248 2501 3264 2527 ,
3295 2459 3383 2530 qui
3415 2457 3484 2514 de
3512 2457 3691 2513 rebus
3722 2457 3772 2509 iu

2163 2555 2371 2627 syuvdo
2411 2556 2576 2625 gestis
2615 2570 2795 2611 coram
2838 2549 3098 2622 pontiﬁce
3131 2554 3392 2609 rationem
3441 2553 3768 2614 redderent,

2163 2649 2508 2719 ablegaruttt;
2544 2663 2726 2703 verum
2758 2649 2982 2702 Romam
3015 2647 3308 2705 venieu'es.
3339 2662 3368 2699 a
3403 2657 3593 2701 sancto
3649 2645 3772 2700 Ste-

2163 2741 2340 2811 phano
2371 2741 2620 2811 pontiﬁce
2648 2757 2819 2810 neque
2847 2740 3067 2810 reci-pti,
3105 2755 3274 2810 neque
3303 2739 3466 2794 auditi
3511 2739 3764 2795 fuerunt.

2165 2835 2245 2891 Ob
2271 2851 2428 2907 quam
2463 2851 2675 2890 causam
2717 2835 3080 2901 F.rutiliauus,
3113 2833 3374 2889 Cmsarem.
3403 2833 3767 2904 Cappadociae

2166 2933 2450 3001 episcoltus
2476 2930 2540 2984 ad
2567 2929 2893 3002 Cyprianum
2921 2943 3039 2984 eam
3071 2944 3189 3000 quze
3217 2939 3332 2984 acta
3363 2928 3520 2998 hujus
3547 2928 3763 2983 concilii

2167 3036 2404 3092 enarrat,
2433 3035 2486 3080 et
2513 3027 2580 3079 de
2607 3024 2792 3094 legatis
2833 3037 2936 3078 nou
2960 3023 3155 3078 auditis
3185 3023 3340 3079 valde
3377 3022 3763 3092 conqueritur;

466 3129 582 3184 tur;
611 3128 664 3173 ut
699 3117 1040 3173 manifestum
1072 3117 1432 3174 ~itdiabolum
1459 3121 1508 3173 in
1536 3120 1808 3190 B'thISIIIO
1833 3119 1935 3174 ﬁde
1956 3135 2064 3174 cre-
2089 3088 2134 3151 Ο
2167 3122 2446 3184 epistolam
2480 3133 2792 3192 sequentem
2825 3119 2960 3174 hanc
2980 3119 3319 3191 conSrripsit.
3368 3118 3595 3181 Banom,
3631 3130 3764 3170 anu.

467 3211 650 3266 dentis
676 3210 912 3278 ctu-ludi,
935 3212 980 3268 si
1013 3210 1144 3266 fides
1175 3213 1515 3282 postmodum
1534 3212 1812 3279 deiecerit,
1831 3214 2061 3284 rt-gredi.

469 3302 583 3359 Nisi
600 3304 642 3358 si
662 3303 864 3373 justum
892 3305 1212 3375 quibusdam
1242 3305 1453 3360 videtur
1475 3321 1528 3360 ut
1559 3307 1632 3360 illi
1663 3307 1752 3378 qui
1785 3318 1932 3361 rxtra
1961 3307 2064 3362 Ec-

471 3395 693 3451 clesiaut
717 3396 857 3466 apud
883 3395 1225 3452 advenat-ins
1240 3407 1294 3452 et
1319 3398 1665 3453 θιιιὶειιηδιος
1689 3399 1906 3469 profana
1929 3415 2065 3470 aqua

473 3489 786 3562 polluuntur
806 3489 1395 3557 baptizatijudicentur,
1421 3490 1472 3546 Iti
1494 3508 1622 3548 vero
1639 3493 1726 3562 qui
1755 3493 1805 3547 in
1828 3492 2068 3548 Ecclesia

473 3585 815 3657 baptizautur
843 3585 1020 3640 minus
1047 3585 1241 3653 indulg-
1264 3587 1389 3640 otia:
1419 3595 1474 3641 et
1504 3589 1689 3656 gratia:
1720 3587 1913 3642 divinat
1942 3603 2071 3639 cou-

474 3682 643 3736 secuti
671 3695 791 3736 esse
817 3681 1118 3746 videantur,
1136 3688 1190 3735 et
1210 3688 1388 3736 tantus
1418 3683 1589 3736 honor
1618 3681 1876 3738 habeatur
1895 3683 2068 3738 hatre-

475 3773 597 3828 ticis
619 3781 675 3827 ttt
709 3771 831 3827 inde
859 3773 1139 3828 venientes
1168 3788 1272 3828 nou
1293 3778 1694 3844 interrogentur
1713 3775 2072 3833 utrumncloti

481 3866 589 3920 sint
616 3882 684 3920 an
715 3865 942 3936 perfusi.
973 3875 1224 3921 utrumne
1261 3867 1438 3923 clinici
1467 3869 1577 3923 sint
1619 3885 1685 3923 au
1716 3870 2070 3940 peripatetici,

478 3960 620 4030 apud
654 3975 751 4014 nos
780 3971 960 4014 autem
990 3961 1057 4014 de
1087 3960 1290 4031 integra
1332 3962 1453 4016 ﬁdei
1484 3963 1707 4018 veritate
1735 3963 2071 4027 detrahatur,

474 4060 532 4106 et
563 4051 835 4122 Baptismo
852 4050 1218 4108 ecclesiastico
1243 4053 1493 4124 tnajestas
1512 4070 1607 4109 sua
1626 4065 1678 4110 et
1699 4057 1956 4112 sanctitas
1977 4057 2076 4114 de-

475 4155 717 4212 rogetur.

548 4233 715 4291 XVII.
772 4236 1068 4306 Rescripsi,
1103 4238 1174 4293 ﬁli
1223 4239 1561 4298 cbarissime.
1609 4240 1675 4295 ad
1728 4241 1931 4297 litteras
1959 4250 2078 4298 tuas

484 4340 744 4402 quantum
776 4346 938 4403 parva
969 4341 1148 4388 nostra
1197 4332 1539 4388 mediocritas
1571 4334 1756 4402 valuit,
1785 4345 1840 4391 et
1867 4337 2078 4391 ostendi

488 4426 616 4497 quid
645 4441 743 4480 nos
773 4436 976 4481 tantum
1008 4428 1060 4481 in
1085 4427 1240 4482 nobis
1268 4437 1350 4484 est
1379 4430 1692 4496 sentiamus,
1715 4432 1909 4486 nemini
1937 4447 2078 4502 pra!-

483 4517 786 4572 scribentes
812 4518 1100 4588 quominus
1129 4529 1326 4573 Statuat
1363 4521 1504 4590 qttod
1539 4531 1683 4591 putat
1715 4524 2079 4594 unu~quisque

483 4611 810 4684 praepositus
836 4623 987 4666 actus
1013 4612 1096 4667 sui
1123 4614 1381 4668 rationem
1409 4613 1634 4669 Domino
1662 4597 2085 4680 redditurus,se:

485 4705 726 4760 cundum
753 4706 893 4773 quod
924 4707 1113 4761 beatus
1137 4710 1414 4776 apostolus
1441 4708 1638 4762 Paulus
1666 4709 1716 4762 in
1741 4710 1963 4779 cpi5tola
1987 4728 2081 4768 sua

482 4802 548 4856 ad
571 4801 841 4856 Romanos
866 4801 1052 4855 scribit
1075 4809 1130 4856 et
1155 4801 1285 4856 dicit
1310 4817 1323 4854 :
1361 4801 1713 4872 Unusquisque
1737 4814 1965 4858 nostrum
1988 4822 2082 4874 pro

483 4910 537 4949 se
589 4894 836 4950 rationem
879 4894 1039 4950 dabit.
1073 4891 1194 4950 Non
1241 4911 1360 4968 ergo
1410 4913 1500 4952 nos
1547 4897 1758 4951 invicem
1791 4898 2083 4966 judicentus

2169 3215 2298 3276 ⁴258.
2333 3217 2420 3279 1-4,
2457 3215 2523 3269 15
2551 3213 2722 3268 et16.

2239 3306 2454 3362 Certum
2493 3318 2595 3370 est,
2627 3307 2797 3377 inquit
2821 3306 3014 3378 Pagius
3041 3305 3106 3360 ad
3133 3319 3258 3360 anu.
3290 3303 3414 3358 Chr.
3445 3303 3577 3365 235,
3605 3318 3665 3356 n.
3703 3301 3769 3357 l5

2172 3414 2225 3460 et
2248 3404 2332 3465 16,
2365 3402 2646 3457 Concilium
2679 3401 2978 3467 Icon'teuse,
3009 3404 3063 3456 in
3103 3416 3208 3467 quo
3252 3399 3602 3468 rebaptizatio
3660 3397 3771 3451 Ine-

2173 3497 2458 3551 reticorutn
2491 3498 2726 3557 decreta,
2753 3503 2878 3547 ante
2911 3492 3168 3563 Stephani
3211 3491 3580 3561 pontiﬁcatum
3627 3494 3772 3546 cele-

2176 3591 2406 3647 bratum.
2462 3588 2514 3644 Id
2573 3589 2715 3642 enim
2785 3587 2984 3644 diserta
3033 3596 3254 3642 testatur
3316 3584 3664 3641 Firmilianus
3720 3584 3770 3638 in

2175 3682 2395 3753 epistola
2436 3682 2500 3736 ad
2540 3681 2887 3753 Cyprianum.
2927 3680 3016 3735 ubi
3055 3679 3123 3735 de
3150 3678 3412 3735 lcouiensi
3455 3675 3670 3749 synodo
3705 3678 3773 3732 ita

2173 3777 2407 3844 loquitur
2437 3794 2449 3829 :
2484 3775 2632 3840 Quod
2682 3784 2839 3828 totum
2879 3789 2970 3828 nos
3017 3773 3320 3840 iant-pridem
3359 3773 3412 3826 in
3449 3770 3656 3830 Iconio.
3686 3772 3771 3842 qui

2182 3869 2425 3940 Phrygia:
2451 3869 2589 3922 locus
2612 3880 2703 3934 est,
2732 3868 2949 3930 collecti,
2977 3869 3029 3920 in
3059 3883 3215 3920 unum
3258 3866 3674 3920 convenientibus
3716 3884 3775 3920 ex

2182 3961 2224 4015 (ἐ
2246 3963 2352 4015 .llta
2379 3975 2424 4015 et
2445 3960 2644 4024 Cilicia,
2677 3971 2723 4013 et
2758 3959 2950 4014 ueteris
2989 3959 3231 4029 proximis
3261 3957 3552 4029 regionibus
3584 3958 3775 4025 confir-

2180 4057 2447 4109 mavimus.
2482 4054 2577 4109 Ubi
2608 4069 2901 4122 pronomen
2929 4069 3018 4108 nos
3050 4069 3153 4107 non
3179 4053 3246 4107 de
3273 4052 3440 4122 ipsius
3470 4051 3772 4108 Firutiliaui

2182 4162 2431 4218 persona,
2447 4145 2540 4201 sed
2557 4147 2731 4217 potius
2752 4146 2820 4200 de
2837 4145 2951 4216 ejus
2963 4139 3345 4200 'decessoribus
3361 4145 3737 4214 accipiendum
3755 4166 3770 4209 ;

2179 4255 2300 4296 cum
2332 4238 2674 4294 Firmiliauus
2703 4254 2820 4294 eam
2851 4237 3111 4309 synodum
3136 4238 3455 4310 jampridem
3482 4238 3772 4293 collectam

2179 4332 2431 4399 afﬁrmet,
2476 4343 2531 4388 et
2581 4333 2631 4386 itt
2669 4331 2773 4385 ﬁuc
2807 4330 3046 4400 ejusdem
3077 4331 3315 4396 epistola:
3367 4330 3558 4402 synodi
3618 4330 3776 4400 hujus

2181 4433 2500 4481 vetustatem
2573 4423 3004 4479 manifestissime
3074 4424 3302 4490 iudicet,
3360 4433 3412 4477 ut
3469 4424 3776 4479 observavit

2187 4522 2426 4577 Valesius
2453 4521 2504 4575 in
2533 4519 2681 4574 Notis
2719 4517 3018 4573 Eusebianis
3046 4518 3110 4573 :td
3138 4519 3235 4573 lib.
3263 4533 3355 4583 vn,
3387 4534 3504 4589 cap.
3535 4519 3569 4572 7
3623 4517 3773 4580 Nam,

2183 4633 2303 4672 cum
2347 4615 2650 4686 Stephanus
2692 4629 2845 4685 papa,
2875 4613 3144 4685 Cypriane
3182 4614 3446 4679 scribens,
3495 4614 3775 4683 antiquam

2188 4712 2445 4768 Ecclesia:
2513 4711 2954 4767 coitsuetudiueut
3016 4714 3066 4764 in
3137 4709 3456 4780 recipiendis
3508 4709 3776 4766 haereticis

2183 4805 2442 4860 adversus
2467 4814 2816 4860 assertatores
2842 4805 2964 4857 uovi
2987 4803 3250 4871 dogmatis
3273 4808 3638 4872 Opposuisset.
3666 4801 3777 4857 Fir-

2187 4900 2434 4955 miliauus
2484 4904 2585 4955 hoc
2621 4910 2992 4970 argumentum
3031 4898 3287 4954 adversus
3331 4895 3490 4953 Afros
3548 4895 3778 4952 fortasse

1700 5010 2080 5072 LECTIONES
2148 5015 2452 5072 VARIAN'I‘
2457 5015 2564 5073 ES.

551 5150 578 5220 ξι
613 5147 670 5220 In
691 5147 891 5220 Moysen
917 5145 1182 5220 Latmia}:
1214 5129 1356 5220 Elter.
1385 5134 1496 5200 NII.
1522 5150 1567 5205 1,
1594 5152 1639 5199 2.

490 5209 700 5324 P:m§ltc
737 5209 868 5274 Lips.
900 5216 945 5260 et
983 5217 1095 5261 vett.
1138 5211 1418 5262 Prtevalcre
1457 5220 1659 5276 possunt
1702 5214 1855 5265 Oxon.
1904 5213 2083 5278 Rigalt.

2247 5156 2269 5183 °
2311 5153 2548 5203 Retinere
2575 5154 2800 5202 nesciunt
2828 5155 2957 5202 Laut.
2991 5151 3129 5203 Elter.
3159 5153 3266 5203 ΝΟ.
3299 5154 3337 5202 l.
3366 5151 3487 5201 Berl.
3513 5151 3561 5201 Ξ.

2253 5215 2279 5254 d
2317 5219 2389 5265 An
2413 5230 2448 5275 s;
2471 5219 2612 5265 iritus
2636 5229 2844 5278 nequam
2873 5217 3002 5278 Lam.
3033 5216 3070 5263 Ε
3091 5215 3306 5278 ρηΝϐ.
3335 5217 3379 5266 1.
3408 5214 3533 5266 Ball.
3574 5217 3623 5267 2.
3660 5214 3777 5267 Pos-

2191 5285 2304 5329 sunt
2329 5289 2380 5329 et
2405 5274 2508 5342 Spir
2531 5288 2607 5329 tus
2633 5274 2790 5330 om.
2827 5274 3019 5328 Pamel.
3046 5275 3222 5342 Rigalt.

1697 5404 1936 5461 S'l‘EPII.
1980 5406 2248 5465 BALUZII
2287 5409 2512 5466 NUTfE.

499 5600 536 5653 Α
568 5523 630 5578 In
648 5523 776 5648 ἶιιῖὺρ
800 5532 845 5577 et
873 5524 925 5577 in
943 5526 1090 5578 mari.
1127 5523 1252 5581 Hmc
1275 5538 1380 5580 non
1403 5532 1618 5581 exstant
1641 5523 1692 5578 in
1715 5523 1902 5580 codice
1919 5525 2089 5580 sancti

547 5612 644 5650 run
672 5613 702 5653 ι)
721 5611 782 5650 tt.

547 5611 782 5658 runtpnt.

566 5667 702 5723 XVI.
738 5697 809 5708 --
835 5665 1018 5721 Clinici
1042 5685 1108 5721 an
1136 5669 1485 5740 peripatetici.
1505 5667 1614 5723 Nisi
1668 5675 1940 5722 constaret
1985 5669 2088 5733 hic,

494 5742 577 5810 agi
603 5745 669 5795 de
696 5740 893 5806 clitnis,
927 5740 976 5811 nl
1002 5751 1085 5793 est
1114 5739 1440 5811 paralyticis,
1466 5739 1620 5795 facile
1647 5750 1887 5806 putarem
1909 5741 2082 5811 lugen-

497 5811 624 5869 dum
651 5827 774 5869 esse
803 5810 979 5881 Cynici
1006 5821 1222 5881 propter
1253 5810 1368 5867 haec
1411 5813 1572 5869 verba
1612 5811 1834 5870 Seneca:
1880 5810 2093 5882 excpi-

2198 5527 2332 5582 stola
2363 5544 2491 5582 xm
2523 5547 2534 5583 :
2567 5529 2674 5583 Sed
2702 5528 2834 5582 idem
2860 5527 2953 5580 hoc
2975 5543 3146 5581 omnes
3170 5543 3234 5581 ea:
3249 5526 3385 5580 omni
3410 5525 3559 5579 domo
3582 5527 3778 5580 concla-

2202 5607 2436 5666 titubant,
2468 5599 2821 5671 Peripatetici.
2857 5599 3175 5664 Academici,
3205 5597 3397 5660 Stoici,
3431 5597 3630 5668 Cynici.

2272 5691 2435 5749 XVII.
2465 5723 2536 5734 —
2580 5691 2683 5748 Fili
2713 5692 3030 5748 clmrissime.
3068 5690 3249 5749 Codex
3306 5689 3478 5746 sancti
3521 5690 3777 5763 Arnulpbi

2202 5763 2361 5824 habet
2402 5765 2579 5835 frater.
