3994 6340
229 267 377 325 1155

642 268 977 332 EPISTOLA
1014 270 1389 334 FIRMILIANI
1427 276 1517 333 AD
1562 274 1978 347 CYPRIANUM,
2009 278 2289 341 CONTRA
2329 280 2722 345 EPISTOLAM
2762 246 3128 347 ST’EPHANI.

3376 286 3516 352 1154

227 382 413 478 valere
439 382 599 452 dicit;
640 397 694 444 et
743 388 1010 460 quomodo
1051 391 1164 447 Afri
1208 391 1260 448 id
1310 392 1542 449 refutare
1591 397 1812 465 possint,
1841 401 1894 461 Α
1990 401 2132 456 illaut
2159 401 2386 457 omisisse
2426 403 2729 460 Munatium.
2782 405 2966 462 Verum
3013 424 3169 478 quam
3216 424 3247 462 a
3295 407 3515 467 Mortalia

225 476 426 533 ibidem
458 477 636 537 docet.
666 482 861 539 Contra
887 484 1183 543 Orientales
1212 487 1406 543 nullam
1433 490 1536 545 vim
1561 490 1686 546 illud
1721 492 1817 548 Ita-

226 567 361 624 hcre
386 569 741 639 demonstrat,
771 576 911 646 apud
941 593 1075 648 quos
1124 595 1336 651 semper
1364 581 1671 649 rebaptizati
1704 586 1819 640 lue-

225 661 339 717 rint
366 662 629 731 haeretici,
650 670 760 735 jam
791 667 915 725 inde
943 672 1012 727 ab
1042 671 1306 730 lconiensi
1333 676 1558 746 synodo,
1593 693 1711 748 qua:
1749 677 1820 733 ob

226 751 576 812 Montanistas
605 757 778 816 fuerat
805 761 1023 819 indicta.
1065 763 1159 821 llis
1184 764 1331 821 addit
1352 766 1592 824 Valesius
1623 768 1820 841 Diony-

226 849 368 907 sium
394 852 814 910 Alexandrinum
855 856 908 913 in
936 859 1094 929 epist.
1140 860 1206 916 ad
1234 860 1597 919 Philemonem
1627 863 1822 920 Roma-

226 959 313 1000 nte
344 946 492 1002 urbis
518 950 930 1022 presbyterum,
959 969 1116 1024 quam
1146 955 1356 1026 scripsit
1386 957 1486 1012 sub
1515 958 1660 1013 initia
1692 976 1823 1029 pott-

227 1037 463 1096 tilicatus
494 1039 644 1111 Xyin
676 1059 845 1116 paptc,
890 1046 977 1102 ubi
1007 1049 1083 1102 ait
1112 1062 1127 1101 :
1177 1046 1323 1102 Illud
1357 1062 1602 1117 praeterea
1642 1051 1821 1123 didici,

227 1146 333 1186 non
360 1130 423 1185 ab
449 1132 591 1202 Afris
628 1136 751 1191 solis
780 1138 915 1192 [tunc
940 1155 1129 1195 morem
1166 1157 1300 1196 nunc
1327 1144 1546 1213 primum
1575 1145 1825 1201 invectum

228 1227 404 1298 fuisse,
434 1229 526 1282 sed
544 1238 592 1283 et
620 1230 781 1286 multo
800 1243 951 1288 antea
976 1235 1296 1304 superiorum
1319 1237 1672 1308 episcoporum
1700 1248 1825 1294 tem-

227 1319 436 1389 poribus
462 1321 513 1376 in
536 1322 761 1378 ecclesiis
782 1324 1209 1397 popularissintis,
1229 1339 1273 1383 et
1296 1329 1348 1386 in
1363 1330 1589 1385 conciliis
1605 1333 1827 1402 fratrum

226 1412 370 1484 apud
395 1411 629 1471 Iconium
654 1428 700 1472 et
723 1418 996 1491 Synnada,
1030 1435 1077 1477 et
1096 1423 1238 1494 apud
1263 1423 1395 1480 alios
1425 1425 1671 1494 plurimos
1693 1426 1828 1481 idem

225 1507 477 1563 sancitum
503 1509 682 1581 fuisse.
719 1512 853 1570 Hinc
872 1557 888 1580 ,
919 1518 1019 1571 sub
1046 1526 1290 1573 extrema
1323 1517 1611 1575 Alexandri
1639 1521 1827 1577 Severi

226 1606 495 1670 tempora,
524 1603 719 1673 quibus
747 1604 1088 1663 Firmilianus
1108 1610 1174 1663 ait
1202 1611 1550 1668 Ctesariensis
1578 1612 1828 1669 ecclesiae

226 1693 589 1750 sacerdotium
622 1711 814 1754 recens
855 1712 1129 1767 promotus
1160 1700 1365 1767 fuerat,
1398 1716 1455 1760 ut
1480 1706 1634 1762 docet
1664 1707 1830 1765 Euse-

224 1784 349 1842 bius
380 1787 431 1842 iit
463 1788 557 1844 lib.
582 1805 657 1857 vi,
689 1793 954 1864 synodum
977 1794 1307 1852 lconiensem
1336 1797 1615 1854 collectam
1656 1800 1828 1855 credit
1855 1806 1903 1867 Β

229 1878 499 1946 Valesius,
560 1884 786 1957 ideoque
834 1897 959 1944 ante
988 1888 1222 1945 Cornelii
1253 1907 1401 1963 papte
1439 1895 1824 1964 pontificatum.

231 1973 505 2032 llactenus
550 1978 760 2049 Pagius.
790 1981 1117 2051 Hartluinus,
1147 1987 1202 2040 in
1246 1984 1428 2042 Indice
1461 1986 1826 2058 Conciliorum,

230 2069 362 2124 mini
384 2086 421 2126 ι.
450 2069 615 2127 Iconii
633 2085 682 2128 et
701 2073 969 2147 Synnadis
988 2077 1212 2133 concilia
1227 2077 1404 2134 habita
1421 2095 1542 2136 esse
1565 2097 1708 2136 anno
1723 2085 1831 2138 cir-

232 2160 366 2217 citer
386 2160 496 2219 255
521 2164 769 2221 afﬁrmat.
801 2168 877 2224 De
904 2168 986 2224 his
1029 2170 1150 2226 vide
1184 2179 1241 2227 et
1268 2172 1620 2243 Augustinum
1647 2173 1740 2230 lib.
1770 2189 1827 2229 ιιι

232 2269 411 2313 contra
439 2257 700 2329 Crucem,
733 2278 852 2335 cap.
888 2265 938 2329 1,
969 2264 1024 2320 5.

864 2373 1195 2440 EPISTULA

236 2506 547 2557 FIRMILIANI.
580 2509 812 2552 EPISCOPI
836 2511 1101 2554 C£SARE£
1123 2513 1486 2561 CAPPAMCIE.
1510 2517 1579 2558 AD
1607 2515 1823 2558 CYPRIA-

542 2606 652 2647 Νυὶί
688 2607 895 2648 CONTRA
924 2607 1217 2649 EPISTHLAI
1243 2609 1523 2651 STEPHANI.

239 2705 557 2763 ιιιιαυιιειιτι
592 2724 800 2777 prorsus
849 2709 1072 2781 ejusdem
1112 2720 1188 2766 est
1227 2727 1342 2766 cum
1382 2711 1704 2781 praeedenti,
1742 2712 1831 2766 sed

311 2800 466 2873 paulo
490 2801 829 2857 vehementius
848 2814 891 2857 et
919 2802 1147 2860 acerbius
1172 2821 1325 2875 quant
1343 2805 1633 2876 episcoptmt
1653 2803 1827 2860 deceat

311 2895 521 2966 scripta,
551 2910 611 2949 ea
635 2895 971 2965 potissimum,
997 2912 1242 2969 quantum
1266 2900 1514 2969 suspicor,
1548 2898 1613 2954 de
1636 2914 1793 2953 causa
1810 2939 1827 2963 ,

310 2990 446 3060 quod
469 2989 538 3044 ad
566 2989 877 3052 Firmiliani,
903 2990 1158 3048 Helenum
1177 3004 1225 3048 et
1249 3006 1459 3049 catleros
1478 2994 1687 3049 illarum
1713 3009 1832 3063 par-

313 3084 436 3139 tittm
483 3085 746 3157 episcopos
789 3086 1082 3157 Stephanus
1120 3087 1279 3142 aliam
1321 3104 1520 3159 quoque
1565 3085 1831 3158 epistolam

309 3178 598 3250 scripserat,
621 3195 676 3234 se
707 3179 810 3234 illis
843 3196 945 3234 non
973 3180 1463 3235 communicaturum
1486 3179 1732 3251 quamdiu
1774 3180 1829 3232 in
1856 3213 1903 3278 Ο

310 3292 370 3331 ea
397 3277 644 3331 sententia
668 3276 732 3331 de
760 3276 1082 3347 baptizandis
1102 3277 1350 3333 Itwreticis
1376 3278 1735 3347 persisterent;
1757 3276 1833 3330 uti

310 3384 372 3423 ea:
398 3368 615 3437 epistola
646 3367 878 3441 Dionysii
896 3369 1239 3425 Alexandrini
1255 3368 1324 3423 ad
1350 3367 1579 3437 Xistum,
1609 3366 1835 3439 Stepha-

311 3463 365 3517 ni
397 3477 756 3527 successorem,
783 3462 926 3517 docet
955 3460 1199 3517 Eusebius
1230 3459 1367 3517 Hist.
1403 3461 1599 3518 Eccles.
1628 3461 1719 3516 lib.
1738 3478 1832 3529 vit,

309 3571 358 3611 c.
389 3557 445 3611 1.
479 3555 639 3627 Atque
659 3554 788 3610 adeo
818 3556 1052 3628 fortassis
1077 3556 1358 3611 consultius
1386 3559 1534 3627 foret,
1557 3571 1837 3628 numquam

240 3660 263 3722 ξ
311 3649 501 3706 editam
544 3652 700 3722 fuisse
724 3649 856 3705 hanc
888 3649 1190 3722 epistolam,
1228 3650 1301 3705 ita
1326 3660 1380 3706 ut
1411 3660 1581 3722 putem
1606 3650 1838 3705 consulto

236 3711 263 3722 ιο

1994 497 2225 568 evulgato
2251 498 2335 556 sit.
2362 500 2742 568 prieterntittere
2768 500 2912 556 nolui
2930 543 2943 560 .
2970 510 3075 557 tum
3097 503 3232 574 quod
3256 520 3336 557 res
3363 521 3519 575 quas-

1994 588 2112 643 dam
2160 592 2514 648 memorandas
2542 595 2797 649 contineat
2818 638 2832 662 ,
2863 607 2968 650 tum
2999 596 3140 667 quod
3161 598 3378 654 antidoti
3407 599 3518 656 loco

1993 699 2102 737 esse
2126 695 2313 754 queant
2355 688 2504 741 verba
2529 688 2758 759 cpistola:
2784 690 2907 747 dicti
2937 688 3172 764 Dionysii
3200 693 3268 747 ad
3295 691 3519 766 Stepha-

1995 790 2136 838 num,
2159 792 2309 841 quam
2332 776 2499 845 liabet,
2525 779 2648 833 dicti
2673 780 2789 835 libr.
2820 797 2868 836 c.
2896 781 2951 845 3,
2984 781 3252 851 Eusebius,
3274 792 3321 838 et
3340 786 3520 854 repetit

1997 866 2147 920 latius
2180 866 2502 938 Nicepltorus
2533 869 2668 926 Hist.
2696 872 2873 928 eccles.
2917 872 3007 929 lib.
3034 889 3106 940 Vl,
3134 891 3180 929 c.
3210 874 3275 936 'l:
3325 892 3386 931 ea:
3407 877 3520 947 qui-

1996 958 2087 1013 bus
2117 960 2430 1028 palinodinnt
2460 962 2639 1031 illum,
2668 964 2804 1033 quod
2841 966 3003 1034 aiunt,
3035 966 3273 1023 cecinisse
3297 978 3517 1023 constat.

2007 1070 2027 1103 t
2050 1051 2212 1119 Scito,
2233 1055 2418 1125 inquit,
2438 1060 2619 1127 frater,
2638 1058 2907 1114 orientales
2928 1070 3076 1131 atque
3090 1060 3240 1114 etiam
3260 1059 3523 1117 ulteriores

1976 1147 2231 1203 ~860lest°as
2255 1165 2367 1219 qua:
2402 1161 2551 1205 antea
2581 1152 2911 1216 dissidebant.
2934 1154 3004 1209 ad
3029 1157 3270 1210 unitatem
3294 1173 3401 1212 esse
3439 1173 3521 1213 re-

1999 1238 2198 1305 dactas,
2222 1258 2490 1315 omnesque
2516 1244 2685 1313 utique
2707 1262 2884 1301 earum
2908 1249 3155 1304 antistites
3172 1250 3438 1304 unanimes
3466 1263 3518 1306 et

2002 1335 2385 1401 consentientes,
2416 1352 2572 1408 supra
2599 1339 2805 1393 modum
2826 1340 2890 1396 de
2901 1357 3025 1410 pace
3052 1350 3098 1396 et
3114 1342 3388 1397 concordia
3405 1357 3521 1409 qncc

1994 1447 2178 1507 pratter
2206 1441 2628 1511 exspectationem
2661 1442 2848 1497 accidit
2878 1443 3085 1510 (talari;
3133 1441 3517 1498 Demetrianum

2003 1531 2059 1586 in
2103 1534 2281 1603 primis
2323 1535 2711 1605 Antiochenam,
2750 1536 3095 1595 Tlteoctistum
3133 1538 3517 1607 Caesariensem,

2005 1625 2336 1683 Mazubenem
2366 1627 2647 1697 Eliensem,
2681 1632 2965 1688 Alexandri
3000 1635 3227 1706 defuncti
3265 1651 3523 1691 successo—

2002 1736 2128 1788 rem,
2169 1719 2428 1776 Mttrinum
2463 1721 2691 1794 Tyrium,
2748 1723 3086 1780 Heliodorum
3129 1724 3519 1794 Laodicensem,

2002 1814 2089 1883 qtti
2131 1813 2184 1867 in
2211 1815 2379 1869 locum
2425 1813 2776 1888 Thelymedris
2804 1820 3107 1890 subrogatus
3131 1831 3226 1885 est,
3272 1818 3524 1875 Helenum

2002 1904 2358 1970 Tltursettsem,
2388 1918 2434 1964 et
2457 1907 2693 1964 ecclesias
2715 1908 2908 1966 Cilicia:
2929 1926 3121 1971 omnes,
3152 1910 3525 1967 Firtnilianum

2004 2010 2051 2055 et
2077 2000 2457 2073 Cappadociam
2469 2018 2687 2058 omnem.
2709 2002 3006 2077 Prtecipuos
3022 2004 3157 2060 enim
3172 2006 3526 2077 episcoporum

2005 2095 2278 2160 nominavi,
2307 2111 2368 2149 ne
2389 2094 2603 2165 epistola
2632 2096 2831 2168 longior
2858 2096 2971 2165 fiat.
3015 2113 3138 2152 neve
3166 2096 3339 2152 multis
3367 2096 3529 2153 verbis

2004 2190 2099 2244 sint
2129 2188 2404 2244 molestior.
2432 2188 2539 2245 Sed
2573 2199 2620 2243 et
2641 2205 2887 2245 universes
2913 2188 3380 2261 SyriaetArabite,
3412 2188 3528 2245 Me-

2004 2282 2290 2351 sopotamia
2310 2283 2441 2352 ipsa.
2463 2280 2680 2339 Pontus.
2704 2280 2964 2354 Bgtltguia
2981 2298 2997 2347 ;
3017 2293 3086 2350 et,
3100 2283 3318 2340 utsemcl
3337 2282 3526 2350 dicant,

2010 2376 2268 2431 exsultant
2297 2376 2479 2447 ubique
2514 2393 2704 2443 omnes,
2734 2375 3005 2431 concordia
3035 2385 3083 2431 et
3112 2378 3340 2450 fraterna
3362 2376 3533 2457 citari~

2008 2481 2111 2526 tate
2132 2471 2477 2550 gloriﬁcantes
2499 2470 2677 2527 Deum.
2705 2487 2725 2522 ι
2756 2467 3017 2525 Hactenus
3037 2467 3335 2542 Dicttgsius,
3358 2470 3444 2526 cui
3457 2471 3533 2526 si-

2004 2565 2146 2621 milia
2166 2566 2335 2621 videre
2356 2576 2428 2622 est
2447 2570 2588 2639 apud
2610 2565 2675 2620 D.
2711 2563 3080 2638 Hieronymum
3119 2576 3299 2621 contra
3332 2564 3535 2638 Lucife-

2006 2662 2197 2726 rianos,
2230 2670 2276 2716 et
2296 2661 2436 2732 apud
2461 2658 2511 2715 D
2564 2663 2697 2733 Aug.
2727 2661 2764 2716 Ι.
2789 2677 2845 2716 ιιι
2871 2659 3062 2717 Contra
3089 2661 3257 2717 Cresc.
3295 2659 3528 2720 Gramm.

2007 2772 2054 2810 c.
2084 2755 2189 2811 1.2
2212 2764 2258 2809 et
2279 2756 2333 2822 5,
2378 2753 2483 2823 ubi,
2511 2771 2574 2810 ea:
2612 2756 2728 2825 ipsa
2763 2755 3083 2827 confessione
3118 2753 3525 2823 Donatistarum,

2006 2854 2162 2923 refert
2204 2848 2475 2904 orientales
2505 2850 2768 2921 episcopos
2795 2850 3061 2906 rescidisse
3088 2866 3177 2905 seu
3216 2851 3384 2922 potius
3420 2866 3534 2906 cor-

2008 2944 2197 2999 rexisse
2219 2958 2364 2999 suum
2371 2942 2650 3015 judicium,
2690 2957 2789 3014 quo
2811 2942 2884 2997 eis
2907 2943 3193 3013 placuerat,
3215 2944 3280 2999 de
3297 2943 3396 3000 ista
3424 2942 3534 2998 Ba-

2006 3039 2179 3111 ptismi
2211 3039 2485 3107 quatstt'ane
2518 3033 2778 3108 Cypriuuo
2817 3046 2864 3092 et
2888 3036 3133 3111 Africano
3164 3035 3380 3093 concilio
3412 3053 3536 3094 con-

2006 3134 2193 3189 sentire
2206 3142 2460 3206 oportere.
2487 3130 2780 3187 ΡΑιιειιυε.

2008 3268 2051 3326 Ι.
2073 3267 2415 3325 Firmiliantts
2440 3266 2706 3339 Cypriano
2724 3264 2876 3321 fratri
2893 3276 2942 3332 α,
2959 3265 3009 3321 in
3027 3264 3253 3322 Domino
3278 3262 3532 3323 salutem.

1937 3362 2257 3433 Accepimus
2314 3376 2408 3432 per
2459 3360 2811 3429 ﬂigatiatiuin
2863 3358 3238 3415 charis~imum
3288 3366 3531 3415 nostrum

1938 3458 2219 3515 diaconum
2251 3474 2279 3511 a
2306 3455 2459 3511 vobis
2479 3457 2700 3512 missum
2725 3454 2930 3510 litteras
2949 3470 3084 3526 quas
3113 3453 3179 3508 ad
3207 3465 3304 3509 nos
3331 3453 3525 3523 fecisti,

1940 3554 2107 3610 frater
2144 3552 2530 3617 dilectissime;
2561 3561 2618 3607 et
2655 3549 2855 3622 gratias
2893 3560 3109 3621 propter
3165 3547 3269 3605 hac
3311 3547 3538 3605 Domino

1940 3661 2201 3704 maximas
2228 3645 2258 3685 ιι
2285 3646 2492 3718 egimus
2518 3643 2660 3717 quod
2703 3644 2986 3718 contigerit
3014 3651 3074 3699 ttt
3097 3643 3188 3715 qui
3216 3657 3444 3714 corpore
3469 3641 3539 3698 ab

1450 3741 1838 3801 LECTIONES
1898 3739 2318 3800 VARIANTES.

300 3841 328 3871 ⁸
362 3839 523 3894 Fratri
545 3847 713 3895 autem
738 3843 848 3894 HR.
875 3839 1027 3893 Mich.
1054 3843 1191 3894 Gaul.

2002 3837 2030 3878 ι)
2064 3837 2175 3888 Deo
2199 3836 2438 3887 maximas
2458 3838 2549 3886 Ar.

1582 3925 1946 3983 VARIORUM
1984 3921 2217 3980 NOTAE.

308 4023 491 4082 Ertsr.
515 4025 837 4083 FIBIILIANI.
868 4056 940 4066 -—-
966 4025 1113 4081 Hanc
1126 4023 1429 4091 epistolam,
1447 4040 1605 4091 quam
1627 4024 1831 4096 primus

235 4098 458 4168 protulit
487 4096 790 4160 More-llius,
822 4097 1090 4154 habebant
1113 4096 1274 4153 etiitn
1304 4097 1335 4149 ii
1363 4097 1453 4166 qui
1477 4097 1663 4152 Retine
1691 4112 1828 4165 prte-

237 4169 707 4241 fueruntieditinni
747 4186 970 4241 operttm
1008 4172 1181 4225 sancti
1214 4168 1470 4241 Cypriani
1516 4170 1566 4241 in
1609 4168 1826 4241 officina

235 4239 385 4297 Pattlt
426 4240 666 4297 Mantttii.
712 4239 798 4297 Illi
828 4253 1040 4306 autem,
1090 4253 1143 4295 ιιι
1176 4239 1499 4295 ait‘Latinus
1546 4239 1820 4306 Latinius,

235 4328 345 4367 non
388 4314 750 4383 probaverunt
789 4315 861 4367 uti
903 4330 933 4368 e
973 4311 1211 4368 tenebris
1241 4310 1603 4382 proferri-tur;
1637 4309 1822 4380 hujus.

234 4398 343 4454 que
385 4383 599 4439 concilii
644 4397 919 4441 auctorem
967 4400 1030 4440 se
1072 4394 1128 4439 ct
1172 4398 1449 4439 sitastirem
1500 4383 1663 4439 fuisse
1710 4385 1824 4449 ipse

236 4463 464 4511 test-itur
494 4459 755 4525 ingenue,
785 4471 908 4513 cum
950 4457 1212 4525 majorum
1252 4456 1498 4524 esentpla
1541 4465 1821 4518 secutum,

239 4535 353 4581 tum
398 4526 662 4593 hominis,
706 4528 758 4584 id
801 4538 885 4583 est
924 4526 1248 4593 Firmiliani,
1293 4541 1447 4596 emus
1489 4542 1551 4581 ea
1595 4528 1822 4597 epistola

235 4607 355 4661 est,
398 4601 744 4665 petulantiam
775 4599 1117 4655 detestatum.
1166 4599 1353 4654 Postea
1396 4599 1699 4665 l’amelius',
1733 4598 1823 4666 qui

238 4668 384 4743 illam
415 4681 692 4735 repere-rat
723 4671 775 4725 in
807 4687 901 4727 sex
933 4672 1169 4743 antiquis
1193 4669 1490 4743 codicnbus,
1523 4686 1645 4725 eam
1673 4686 1827 4743 recu-

238 4740 351 4807 dit,
382 4743 611 4799 innitens
636 4753 849 4800 tamen.
881 4759 988 4812 qun
1014 4740 1122 4796 erat
1153 4742 1208 4796 in
1239 4742 1624 4812 rempublicam
1652 4742 1824 4796 chris-

212 4813 437 4869 tianam
467 4823 525 4870 et
561 4815 981 4870 ecclesiasticam
1028 4813 1254 4877 allecut,
1302 4828 1360 4868 Se
1406 4813 1547 4867 illam
1588 4812 1817 4868 omissa

238 4900 358 4942 rum
410 4885 605 4949 fuisse,
656 4886 797 4956 quod
852 4894 1008 4951 pau‘o
1061 4885 1431 4941 vehementius
1475 4895 1530 4939 et
1577 4886 1824 4956 acerbius

239 4973 398 5026 quam
428 4954 738 5028 episcupmtt
769 4958 956 5013 deceat
984 4960 1180 5024 scripta
1211 4964 1309 5019 sit.
1355 4957 1453 5010 nisi
1489 4957 1599 5024 jam
1642 4975 1668 5007 a
1712 4954 1824 5010 Mo-

238 5029 394 5086 rellio
439 5029 626 5085 fuisset
662 5030 824 5085 edita.
869 5029 1087 5085 Scilicet
1127 5028 1398 5083 Romanos
1440 5038 1493 5082 et
1528 5028 1820 5082 Pamelinut

241 5113 647 5156 commoverunt
689 5101 822 5155 liber
862 5100 1159 5172 Fil‘lltiliotti
1200 5101 1372 5172 stylus
1409 5116 1476 5172 es
1523 5100 1824 5172 excantleta

192 5182 207 5191 ’
240 5175 413 5229 centia
466 5173 723 5228 adversus
773 5189 961 5243 papam
1010 5168 1340 5243 Stephanum
1389 5168 1725 5243 divet'se’ab
1757 5185 1823 5223 eo

238 5246 582 5302 sentientem.
627 5243 689 5300 At
714 5286 731 5310 ,
763 5242 808 5298 Si
846 5252 1051 5299 attente
1088 5242 1521 5298 co-tsitleiassent
1551 5242 1729 5306 quanti
1769 5250 1823 5297 et

279 5333 398 5372 nam
438 5317 783 5372 vehementes
820 5316 1025 5371 soleant
1066 5330 1186 5369 esse
1223 5313 1448 5369 allectus
1489 5330 1609 5369 cum
1650 5326 1825 5384 agitor

279 5333 398 5372 nam
438 5333 783 5372 VBIIOIIIHIIC‘.‘
820 5333 1025 5371 SUleillll
1066 5333 1186 5369 (3558
1223 5333 1448 5369 allectus
1489 5333 1609 5369 Clllll
1650 5333 1821 5384 tlglllll‘

238 5333 310 5444 ile
350 5404 510 5444 cauea
559 5388 829 5458 religionis
872 5396 929 5442 et
979 5385 1134 5448 Iidei,
1180 5385 1615 5458 cnn~itlerassent
1661 5386 1821 5440 etiam

239 5475 400 5531 quam
423 5457 712 5531 vehemens
732 5468 786 5514 et
810 5458 1036 5514 acerbus
1062 5457 1557 5531 [iteratStepbanus
1583 5457 1825 5531 scribens

241 5528 501 5587 adversus
530 5528 905 5603 Cyprianum,
959 5529 1197 5603 proiecto
1245 5528 1381 5584 hinc
1426 5529 1825 5583 excandescim-

240 5603 370 5658 tiaut
400 5600 800 5658 condonaSsent
832 5600 1176 5662 Firmiliano,
1213 5615 1386 5670 neque
1418 5614 1695 5669 propterea
1744 5613 1827 5656 te-

240 5675 425 5731 nebris
456 5672 818 5728 damnandum
860 5688 981 5728 esse
1021 5681 1294 5743 putassent
1322 5672 1526 5726 illuswe
1558 5671 1659 5725 hoc
1687 5673 1828 5726 anti-

240 5747 459 5817 quitatis
477 5746 861 5802 ecclesiastica:
884 5753 1322 5817 monumentum,
1340 5744 1524 5817 inquo
1543 5757 1674 5798 sane
1696 5743 1833 5801 bene

240 5814 410 5875 multa
439 5827 561 5875 sunt
594 5817 772 5889 magni
802 5817 1059 5874 momenti
1086 5817 1280 5889 quibus
1310 5814 1472 5889 hodie
1498 5829 1829 5889 careremus,

244 5903 367 5950 cum
392 5889 585 5964 grandi
616 5885 793 5949 rerum
825 5885 1127 5949 nostrarum
1158 5885 1471 5961 dispendio,
1506 5895 1564 5944 ut
1594 5886 1647 5945 in
1673 5888 1833 5947 simili

1930 4030 2245 4092 argumento
2265 4020 2475 4076 censuit
2497 4017 2819 4092 Sirmondus
2840 4017 3007 4092 edens
3027 4018 3078 4072 in
3100 4016 3276 4073 lucem
3296 4014 3536 4092 libellum

1932 4088 2150 4164 precum
2195 4092 2485 4164 Marcellini
2521 4099 2583 4164 et
2623 4089 2859 4145 Faustini
2902 4090 3161 4164 adversus
3205 4104 3394 4164 papam
3429 4088 3535 4164 Da-

1931 4160 2161 4220 ina~uin.
2192 4163 2375 4231 Neque
2403 4164 2486 4217 illa
2519 4162 2881 4217 Romanorum
2907 4173 2993 4216 aut
3024 4160 3247 4217 Pamelit
3275 4175 3402 4215 cura
3434 4161 3534 4214 imo

1931 4236 2224 4307 pedivis~et
2267 4234 2323 4289 in
2362 4236 2475 4307 hac
2515 4234 2972 4307 Incerlittcrarutn
3015 4234 3142 4305 quin
3184 4231 3409 4307 epistola
3440 4232 3531 4286 illa

1931 4303 2171 4380 prodiret
2200 4308 2251 4361 itt
2285 4306 2580 4380 publicum.
2622 4306 2756 4362 Cum
2787 4306 2929 4380 enim
2947 4303 3164 4380 certum
3192 4309 3262 4380 sit
3293 4303 3440 4380 illam
3466 4317 3535 4358 ex

1929 4374 2096 4435 veteri
2126 4379 2269 4434 libro
2287 4374 2501 4434 editam
2536 4376 2703 4433 fuisse
2733 4393 2763 4431 a
2796 4375 3070 4441 Morellio,
3101 4376 3339 4431 estiterit
3370 4374 3534 4429 etiam

1850 4437 1903 4497 Ῑ)
1930 4451 1982 4507 in
2028 4467 2123 4506 sex
2163 4450 2442 4506 codicibus
2482 4449 2721 4505 Patuelio
2760 4449 2888 4503 visis
2908 4488 2922 4512 ,
2954 4449 3006 4502 iit
3037 4437 3101 4503 iis
3133 4446 3184 4500 itt
3214 4447 3408 4517 quibus
3449 4446 3535 4499 iit-

1928 4536 2084 4579 venta
2113 4534 2194 4577 est
2223 4540 2249 4573 a
2282 4521 2512 4589 Latinio,
2552 4522 2604 4576 in
2650 4530 2857 4590 septem
2888 4521 3082 4590 quibus
3127 4520 3208 4574 usi
3255 4527 3380 4573 sunt
3428 4520 3538 4590 Αιιτ

1927 4595 1996 4670 gli
2025 4594 2078 4649 itt
2106 4610 2198 4649 sua
2226 4587 2505 4670 editiotte.
2531 4594 2581 4670 in
2609 4587 2808 4670 decent
2827 4587 2948 4645 tum
2978 4591 3179 4670 quibus
3201 4604 3301 4661 ego
3329 4587 3532 4644 contuli

1927 4661 2092 4733 opera
2121 4666 2291 4720 sancti
2321 4666 2608 4737 Cypriani,
2639 4661 3095 4737 utanifestnmgest
3125 4661 3271 4717 illaut
3304 4677 3409 4737 non
3439 4675 3535 4729 po-

1930 4731 2095 4792 tuisse
2120 4752 2335 4806 semper
2362 4731 2548 4798 l'atere,
2577 4735 2788 4792 etiamsi
2821 4734 3094 4790 Morellius
3118 4749 3223 4806 non
3252 4731 3529 4787 edidisset.

1927 4807 2156 4866 Codices
2196 4805 2374 4863 autem
2417 4823 2539 4863 cuin
2569 4807 2765 4878 quibus
2795 4806 2940 4861 illam
2966 4805 3175 4878 contuli
3207 4814 3364 4878 sunt,
3399 4818 3536 4857 unus

1927 4880 2292 4946 Retnigianvis,
2314 4878 2385 4934 dtt
2411 4874 2718 4948 oQoinpend
2743 4884 2923 4937 casm,
2947 4875 3055 4931 duo
3078 4874 3364 4948 Victorini,
3393 4888 3530 4929 unus

1931 4953 2279 5016 Pttltmanus,
2324 4946 2467 5004 unus
2506 4946 2815 5005 monaswrii
2856 4949 3063 5004 Beceeu
3098 4947 3141 5002 is
3163 4988 3178 5012 ,
3212 4946 3527 5011 Lantensis,

1926 5023 2237 5099 Bigotianus
2260 5031 2315 5099 et
2337 5038 2475 5077 unus
2501 5037 2669 5099 uicus
2695 5021 2978 5099 Assentior
3001 5027 3181 5099 autent
3206 5017 3445 5099 Patltt'lio
3471 5024 3528 5071 et

1930 5088 2160 5157 liiualtio
2182 5138 2195 5154 .
2228 5094 2664 5150 existuuantibus
2694 5093 2839 5147 illam
2873 5106 3049 5162 grzece
3080 5091 3334 5162 scriptam
3368 5088 3530 5162 fuisse

1926 5184 1955 5220 a
1984 5167 2319 5231 Firmiliaon,
2349 5181 2559 5220 ver~ain
2586 5179 2767 5220 autem
2799 5159 3006 5218 latiuea
3026 5171 3215 5217 sant-to
3239 5159 3530 5232 Cypriano.

1929 5237 2165 5305 Epistula
2194 5254 2321 5309 ergo
2346 5236 2642 5309 Firmiliani
2672 5238 2885 5291 inventa
2912 5246 2994 5291 est
3020 5234 3072 5289 in
3101 5232 3286 5305 viginti
3313 5247 3410 5288 sex
3432 5245 3529 5288 co.

1928 5310 2136 5366 dicibns
2160 5308 2560 5381 manuscripts.
2593 5308 2796 5364 BALUZ.

2001 5382 2039 5437 I.
2060 5412 2130 5423 —
2146 5376 2503 5435 Firmiliantis.
2536 5381 2748 5434 tiatsare
2767 5402 2793 5423 νο
2820 5377 3172 5448 Cappadociae
3198 5376 3485 5448 episcopus
3510 5416 3527 5442 ,

1928 5454 2172 5523 Ot'igt-nis
2204 5456 2413 5508 auditor
2442 5462 2497 5509 et
2522 5451 2834 5515 admirator,
2867 5447 2922 5504 ut
2942 5447 3101 5523 docet
3140 5447 3404 5505 Eusebius
3430 5447 3529 5523 lib.

1933 5544 1982 5581 νι
2001 5520 2158 5596 [ουρ.
2189 5525 2256 5591 2,
2292 5524 2533 5580 Historia:
2555 5523 2938 5596 ecclesiasticaz.
2965 5521 3119 5596 cujus
3144 5534 3197 5596 et
3227 5535 3432 5596 magum.
3458 5520 3522 5574 il-

1934 5599 2036 5653 lius
2064 5590 2219 5653 latine
2246 5590 2298 5652 tu
2329 5596 2563 5652 Ecclesia
2598 5595 2687 5648 Dt-i
2717 5590 3045 5649 mentionem
3070 5593 3216 5657 facit,
3244 5606 3367 5662 cap.
3389 5590 3459 5646 46
3475 5598 3525 5645 et

1932 5672 2021 5727 lib.
2062 5687 2165 5736 vn,
2195 5685 2315 5740 cap.
2343 5671 2398 5726 5.
2428 5677 2484 5740 et
2506 5665 2597 5722 50.
2635 5664 2767 5740 Vide
2792 5667 2954 5740 etiam
2985 5664 3272 5740 epistolam
3306 5662 3528 5740 primam

1936 5743 2116 5799 Basilii
2144 5734 2213 5797 ad
2245 5734 2676 5815 Amphilochium.
2705 5737 2965 5815 Dnesedit
2987 5738 3150 5815 ιιι-ἰοιί
3179 5734 3529 5815 synodtrAn-

1937 5815 2224 5879 tiochente,
2249 5825 2302 5868 ut
2325 5805 2560 5870 ostendit
2579 5809 2843 5866 Henricus
2864 5805 3106 5865 Valesius
3126 5805 3523 5879 adEusebium.

1936 5886 2080 5945 Ohiti
2099 5875 2241 5959 apud
2255 5883 2518 5943 Tharsum
2538 5883 2590 5941 in
2608 5881 2795 5940 Cilicia
2812 5895 2955 5948 anno
2968 5879 3170 5939 Christi
3184 5875 3519 5937 272.8swz.
