3958 6330
131 259 280 320 1157

1166 254 1448 319 comma
1483 258 1868 347 sptsromn
1899 254 2256 341 sreruaut.

3289 252 3429 317 “338

131 389 223 435 tur
247 374 801 457 longiore'terrarum
838 375 1012 450 spatio
1040 388 1161 433 esse
1202 374 1395 463 divisa,
1429 375 1723 432 secundum
1750 380 1799 441 Α
1830 391 1921 432 rus
1951 374 2361 447 Prophetarum,
2412 380 2470 447 ut
2493 371 2773 451 multiplex
2812 379 2866 429 et
2894 369 3074 429 divina
3115 382 3137 412 ε
3167 371 3431 445 sapientia

129 472 278 549 quod
309 480 363 543 et
387 472 514 528 olim
542 470 823 528 intervallo
866 480 1167 544 temporum
1212 480 1489 540 separatos
1531 473 1599 527 ab
1627 469 1731 527 Job

130 576 188 621 et
215 563 348 632 Noe,
378 564 467 636 qui
497 565 549 621 in
589 564 774 639 primis
814 564 1046 632 fuerant,
1078 564 1415 622 Ezechielem
1441 573 1496 620 et
1527 550 1729 620 Danie-

133 657 244 713 lem
270 650 598 731 posteriores
627 664 783 712 actate
813 656 877 712 ad
907 657 1270 712 unanimitatis
1295 655 1570 712 vinculum
1618 656 1733 711 vir-

136 759 227 804 tus
253 749 431 804 divina
459 748 757 819 conjunxit,
790 759 884 818 ,ut,
934 749 1176 817 quamvis
1204 749 1534 822 temporibus
1562 747 1735 821 longis

134 843 358 925 discreti
390 852 592 912 essent,
631 842 817 899 eadem
849 841 1029 899 divina
1063 844 1420 916 inspiratione
1452 843 1731 899 sentirent.

136 935 297 1007 Quod
324 947 379 991 et
423 951 566 991 nunc
612 935 666 991 in
698 936 851 992 vobis
892 935 1387 1004 animadvertimus,
1422 945 1480 991 ut
1503 935 1593 1007 qui
1624 935 1740 990 lon-

136 1029 377 1103 gissimis
423 1027 734 1099 regionibus
770 1043 800 1083 a
843 1028 999 1083 nobis
1025 1029 1256 1099 separati
1289 1028 1437 1094 estis,
1468 1044 1627 1085 sensu
1659 1038 1737 1083 ω-

140 1136 269 1178 men
298 1129 352 1177 et
371 1120 561 1195 spiritu
579 1119 862 1197 eopulatos
892 1136 988 1175 vos
1018 1136 1140 1177 esse
1172 1120 1451 1176 nobiscum
1480 1119 1736 1189 probare-

139 1212 233 1269 tis.
286 1212 440 1282 Quod
479 1221 649 1269 totum
698 1210 800 1269 hoc
837 1212 896 1267 lit
939 1212 1120 1269 divina
1153 1213 1377 1268 unitate.
1435 1209 1591 1279 Nam,
1620 1227 1743 1267 cum

142 1306 408 1362 Dominus
437 1322 571 1361 unus
607 1315 769 1377 atque
801 1304 941 1361 idem
993 1305 1065 1362 sit
1102 1306 1193 1379 qui
1242 1305 1447 1361 habitat
1476 1304 1531 1360 in
1563 1303 1742 1373 nobis,

144 1396 428 1469 coniungit
468 1397 665 1469 ubique
700 1407 754 1454 et
795 1397 1012 1469 copulat
1066 1412 1194 1453 suos
1245 1397 1462 1453 vinculo
1503 1396 1743 1452 unitatis.

141 1490 302 1549 Unde
332 1492 384 1547 in
416 1492 717 1548 universam
764 1502 961 1547 terram
993 1491 1161 1548 exivit
1187 1506 1353 1547 sonus
1383 1506 1569 1546 eorum
1598 1490 1688 1562 qui
1715 1505 1746 1545 a

138 1583 373 1641 Domino
401 1584 549 1641 missi
590 1596 715 1641 sunt
743 1585 963 1640 unitatis
1011 1572 1205 1658 spiritu
1227 1585 1484 1640 velociter
1513 1600 1748 1641 curren-

143 1684 266 1743 tes;
311 1677 449 1733 sicut
469 1693 500 1734 e
529 1678 802 1734 contrario
823 1676 956 1733 nihil
992 1677 1211 1748 prodest
1234 1676 1441 1750 aliquos
1471 1676 1749 1748 proximos

1836 486 1931 542 per
1965 469 2160 525 multos
2200 466 2571 527 distribuatur.
2615 464 2768 527 Unde
2818 474 2873 522 et
2915 476 3092 535 tacere
3124 464 3432 536 praecipitur

1836 563 2008 633 primo
2038 562 2090 618 itt
2128 560 2406 633 prophetia
2452 558 2710 635 loquenti,
2751 559 2798 633 si
2824 557 3064 615 secundo
3093 557 3250 615 fuerit
3274 572 3435 614 reve-

1838 654 2002 711 latum
2027 654 2076 728 (ι
2109 651 2229 709 Cor.
2250 668 2366 721 xtv,
2392 653 2506 726 50).
2531 653 2646 731 Qtta
2677 668 2742 709 ex
2769 668 2930 708 causa
2958 651 3268 725 necessario
3292 647 3435 723 apud

1838 764 1939 804 nos
1969 747 2030 823 lit
2068 756 2127 829 ut
2157 763 2254 818 per
2280 746 2521 820 singulos
2567 761 2738 837 anpns
2786 746 3027 825 seniores
3072 755 3128 802 et
3164 743 3440 816 praepositi

1840 840 1893 896 in
1945 856 2106 895 unum
2150 839 2533 895 conveniamus
2573 838 2642 894 ad
2686 837 3023 913 disponenda
3049 853 3110 897 ea
3149 852 3269 910 qua:
3296 851 3441 901 cura:

1842 942 2041 1007 nostra:
2056 933 2342 989 commissa
2370 941 2514 999 sunt,
2538 941 2613 999 ut,
2639 931 2683 986 si
2711 947 2814 1003 qua
2839 932 3089 1005 graviora
3112 940 3256 997 sunt,
3284 945 3442 1001 com-

1844 1025 1994 1105 muni
2023 1024 2253 1081 consilio
2282 1024 2584 1095 dirigantur
2602 1064 2617 1091 ,
2658 1023 2823 1095 lapsis
2849 1039 3064 1096 quoque
3108 1024 3363 1095 fratribus
3390 1031 3449 1081 et

1845 1128 1967 1192 post
1991 1118 2260 1197 lavacrum
2303 1118 2539 1195 salutare
2568 1132 2598 1173 a
2632 1117 2848 1175 diabolo
2881 1118 3176 1175 vulneratis
3205 1133 3301 1190 per
3327 1132 3446 1189 pm-

1847 1213 2125 1268 nitentiam
2173 1211 2381 1268 medela
2409 1220 2718 1287 quaeratur;
2775 1228 2881 1270 non
2913 1211 3067 1285 quasi
3095 1227 3127 1268 a
3154 1210 3312 1268 nobis
3351 1227 3443 1269 re-

1848 1307 2163 1363 missionem
2185 1316 2522 1379 peccatorum
2545 1304 3063 1378 consequantur,sed
3080 1314 3137 1361 ut
3154 1320 3250 1376 per
3262 1319 3362 1362 nos
3382 1303 3452 1361 ad

1851 1398 2260 1479 intelligentiam
2313 1399 2634 1457 delictorum
2705 1414 2924 1479 suorum
2977 1406 3360 1469 convertantur
3396 1405 3454 1454 et

1853 1494 2084 1567 Domino
2126 1495 2335 1567 plenius
2372 1493 2683 1575 satisfacere
2708 1503 2987 1569 cogantur.

1929 1588 1989 1644 V.
2036 1587 2296 1663 Quoniam
2328 1602 2456 1642 vero
2485 1588 2690 1671 legatus
2730 1588 2831 1665 iste
2873 1601 2906 1661 a
2946 1586 3099 1665 vobis
3128 1586 3327 1659 missus
3352 1600 3449 1647 re-

1852 1679 2000 1752 gredi
2024 1678 2091 1734 ad
2119 1695 2212 1735 vos
2238 1678 2540 1748 festinabat,
2563 1688 2619 1735 et
2636 1679 2917 1757 hibernum
2947 1688 3160 1757 tempus
3190 1679 3453 1755 urgebat,

144 1778 204 1827 et
236 1770 455 1841 junctos
498 1770 598 1826 sibi
638 1756 763 1827 esse.
786 1770 1127 1840 corporibus,
1170 1769 1217 1824 si
1270 1771 1451 1824 animo
1483 1777 1538 1824 et
1563 1777 1744 1824 mente
1849 1782 2107 1844 quantum
2152 1758 2421 1845 potuimus
2450 1771 2535 1863 ad
2583 1756 2784 1842 scripta
2830 1781 3006 1829 vestra
3053 1771 3456 1849 rescripsimus.

147 1860 465 1927 dissideant,
511 1861 724 1932 quando
751 1861 975 1916 adunari
1002 1861 1195 1916 animae
1222 1860 1444 1917 omnino
1474 1875 1581 1915 non
1613 1875 1743 1932 pos-

145 1956 253 2011 sint
291 1971 414 2027 qua:
449 1970 508 2010 se
538 1970 567 2009 a
598 1953 690 2010 Dei
721 1940 923 2010 unitate
950 1952 1231 2009 diviserint
1262 1971 1275 2007 :
1310 1950 1444 2008 Ecce
1471 1954 1625 2021 enim,
1660 1953 1744 2007 in-

146 2046 279 2119 quit,
328 2048 415 2117 qui
442 2048 775 2120 longinquant
819 2064 872 2101 se
896 2048 985 2101 ab:
1011 2056 1059 2101 te
1103 2046 1336 2117 peribunt
1380 2045 1552 2118 (Psal.
1578 2060 1743 2110 Lxxtt,

146 2139 264 2212 S7).
309 2140 414 2198 Sed
450 2141 582 2198 tales
613 2136 873 2212 judicium
898 2140 1107 2197 Domini
1136 2156 1234 2213 pro
1262 2140 1453 2197 merito
1480 2156 1578 2196 suo
1598 2138 1747 2195 subi—

148 2232 287 2289 bunt
324 2275 340 2302 ,
400 2234 715 2290 recedentes
757 2249 786 2288 a
840 2234 1019 2290 verbis
1064 2232 1180 2304 ejus
1231 2233 1320 2305 qui
1381 2232 1593 2289 Patrem
1650 2247 1750 2303 pro

151 2328 356 2384 unitate
395 2327 717 2399 deprecatur
758 2339 814 2383 et
852 2326 985 2383 dicit
1016 2344 1029 2382 :
1060 2324 1240 2396 Pater,
1274 2327 1343 2380 da
1380 2329 1475 2394 ut,‘
1497 2326 1750 2399 quomodo

153 2436 243 2492 ego
273 2429 324 2475 et
353 2430 407 2475 tu
436 2437 597 2475 unum
626 2436 834 2488 sumus,
888 2421 962 2475 sic
992 2429 1038 2476 et
1089 2419 1143 2474 hi
1187 2420 1241 2475 in
1282 2419 1423 2475 nobis
1465 2436 1623 2474 unum
1650 2420 1752 2473 sint

158 2512 343 2584 (Joan.
368 2530 499 2579 xvn,
529 2514 645 2586 21).

184 2604 190 2615 ’
224 2607 318 2665 IV.
368 2608 480 2664 Nos
505 2624 637 2666 vero
660 2625 745 2678 ea,
796 2625 916 2680 quae
945 2624 975 2664 a
1008 2609 1160 2666 vobis
1198 2609 1398 2680 scripta
1426 2617 1571 2672 sunt,
1596 2606 1753 2677 quasi

156 2712 343 2760 nostra
371 2702 585 2775 propria
634 2704 973 2774 suscepimus
1002 2711 1050 2770 α,
1081 2717 1181 2759 nec
1223 2703 1275 2758 in
1295 2713 1603 2758 transcursu
1626 2696 1756 2770 legi-

157 2812 311 2863 mus,
358 2796 455 2854 sed
510 2812 655 2869 sarpe
698 2799 925 2868 repetita
972 2798 1250 2877 memoria;
1300 2795 1673 2853 mandavimus
1700 2791 1755 2850 ι’.

157 2888 344 2963 Neque
371 2888 527 2949 obest
552 2889 765 2949 utilitati
795 2889 1045 2958 salutari,
1076 2876 1173 2946 aut
1192 2888 1383 2947 eadem
1412 2898 1661 2945 retexere
1686 2885 1756 2969 ad

157 2983 581 3040 conﬁrmandam
610 2984 912 3063 veritatem,
955 2992 1049 3038 aut
1091 2991 1148 3039 et
1194 2983 1435 3061 quaedam
1466 2981 1667 3057 addere
1688 2964 1758 3035 ad

160 3075 542 3133 cumulandam
570 3076 963 3148 probationem.
1016 3076 1072 3133 Si
1128 3062 1253 3147 quid
1294 3086 1473 3132 autem
1526 3092 1557 3130 a
1605 3073 1761 3130 nobis

1851 1862 1918 1919 Et
1939 1864 2177 1934 quidem,
2211 1848 2581 1936 quantumiad
2613 1860 2663 1919 id
2695 1862 2962 1939 pertineat
2978 1863 3122 1937 quod
3149 1862 3456 1937 Stephanus

1850 1957 2005 2026 dixit,
2034 1959 2184 2029 quasi
2207 1956 2448 2027 Apostoli
2479 1972 2573 2011 eos
2602 1956 2693 2035 qui
2714 1955 2782 2011 ab
2812 1955 3008 2011 haeresi
3034 1957 3251 2029 veniunt
3275 1955 3459 2029 bapti-

1852 2055 1964 2109 zari
1995 2047 2370 2121 prohibuerint
2396 2059 2448 2105 et
2494 2049 2598 2104 huc
2643 2047 3051 2104 custodiendum
3082 2051 3312 2125 posteris
3344 2059 3457 2106 tra-

1851 2145 2107 2212 diderint,
2160 2142 2469 2214 plenissime
2500 2157 2597 2197 vos
2644 2143 2998 2214 respondistis
3044 2144 3315 2219 neminem
3348 2153 3457 2200 tam

1852 2238 2074 2295 stultum
2131 2251 2251 2291 esse
2300 2235 2390 2307 qui
2415 2236 2515 2291 hoc
2560 2233 2748 2291 credat
2791 2236 3084 2307 Apostolos
3131 2235 3457 2306 tradidisse,

1854 2330 2069 2404 quando
2100 2332 2262 2385 etiam
2309 2329 2456 2400 ipsas
2506 2328 2745 2384 haereses
2782 2338 2995 2385 constet
3034 2328 3371 2385 execrabiles
3398 2344 3463 2385 ac

1854 2421 2197 2480 detestandas
2236 2431 2423 2492 postea
2472 2420 2767 2490 exstitisse,
2810 2435 2932 2475 cum
2961 2430 3016 2475 et
3041 2419 3299 2488 Marcion,
3326 2418 3463 2477 Cer-

1856 2516 2015 2572 donis
2045 2513 2363 2586 discipulus,
2413 2513 2717 2593 inveniatur
2756 2529 2880 2570 sero
2928 2500 3052 2593 post
3089 2513 3380 2584 Apostolos
3412 2521 3468 2570 et

1858 2618 1983 2681 post
2006 2602 2162 2680 longa
2191 2606 2259 2667 ab
2283 2596 2359 2663 eis
2394 2617 2632 2678 tempora
2661 2590 2977 2680 sacrilegam
3009 2590 3273 2665 adversus
3296 2607 3467 2664 Deum

1860 2696 2203 2760 traditionem
2234 2694 2508 2758 induxisse
2534 2719 2550 2769 ;
2589 2702 2812 2774 Apelles
2838 2719 3074 2775 quoque,
3108 2704 3462 2775 blasphemia

1860 2799 1976 2870 ejus
1998 2798 2365 2863 consentiens,
2401 2799 2563 2875 multa
2588 2798 2692 2873 alia
2718 2813 2853 2869 nova
2886 2808 2941 2869 et
2967 2799 3216 2871 graviora
3243 2797 3373 2859 ﬁdei
3402 2814 3467 2856 ac

1860 2894 2075 2950 veritati
2107 2892 2320 2948 inimica
2349 2892 2638 2948 addiderit.
2686 2894 2791 2963 Sed
2824 2904 2877 2949 et
2904 2893 3174 2951 Valentini
3204 2904 3258 2952 et
3281 2894 3474 2954 Basili-

1864 2984 1947 3042 dis
1970 2995 2183 3056 tempus
2199 2983 2542 3041 manil‘estum
2565 2964 2669 3052 est,
2692 2972 2835 3058 quod
2859 2966 2914 3042 et
2935 2984 3056 3058 ipsi,
3088 2997 3210 3058 post
3228 2988 3469 3067 aposto-

1864 3078 1948 3134 los
1976 3086 2031 3134 et
2065 3085 2186 3147 post
2225 3077 2437 3146 longam
2467 3086 2705 3145 aetatem,
2745 3078 3006 3134 adversus
3038 3078 3339 3136 Ecclesiam
3374 3076 3471 3137 Dei

157 3169 400 3226 additum
425 3169 605 3235 fuerit,
633 3185 737 3226 non
777 3170 856 3226 sic
884 3169 1099 3226 additur
1124 3168 1276 3240 quasi
1301 3184 1331 3223 a
1373 3167 1528 3222 vobis
1552 3164 1762 3249 aliquid
1790 3177 1837 3251 ς)
1869 3171 2150 3249 sceleratis
2206 3170 2503 3227 mendaciis
2576 3172 2687 3227 suis
2760 3171 3157 3230 rebellaverint.
3234 3171 3475 3231 Ceteros

160 3265 341 3320 minus
362 3263 562 3321 dietnm
582 3266 671 3332 sit,
704 3263 801 3321 sed
830 3264 1082 3336 quoniam
1114 3278 1295 3320 sermo
1322 3261 1534 3318 divinus
1565 3260 1760 3315 huma-

161 3373 291 3414 nam
316 3369 563 3415 naturam
586 3357 1010 3430 supergreditur,
1036 3371 1135 3413 nec
1155 3365 1333 3429 potest
1357 3364 1525 3411 totum
1559 3362 1612 3409 et
1638 3370 1769 3423 pcr-

162 3457 363 3537 lectum
393 3454 572 3512 anima
608 3454 917 3529 concipere,
947 3453 1150 3533 idcirco
1174 3460 1231 3510 et
1258 3460 1436 3508 tantus
1460 3459 1545 3507 est
1571 3465 1767 3507 nume-

1879 3280 2097 3338 quoque
2148 3264 2434 3320 haereticos
2482 3272 2694 3320 constat
2720 3279 2913 3334 pravas
2937 3281 3063 3322 suas
3104 3277 3281 3324 sectas
3308 3276 3364 3324 et
3388 3268 3475 3324 in-

1881 3352 2486 3447 ventlones‘perversas,
2520 3365 2679 3435 prout
2702 3346 2929 3445 quisque
2954 3346 3147 3417 errore
3164 3359 3357 3443 ductus
3371 3368 3476 3433 est,

1415 3544 1800 3604 LECTIONES
1823 3541 2244 3601 VARIANTES.

231 3647 261 3708 f
296 3645 382 3698 Sic
408 3644 539 3695 Lam.
570 3642 1025 3708 Ebor._Ar._Miclt.
1056 3642 1184 3708 Vict.
1211 3643 1515 3708 Suscipimus
1540 3642 1699 3692 Oxon.

230 3705 264 3753 1»
297 3703 754 3760 Iandamns'llich.
790 3704 918 3758 Vict.
947 3702 1085 3757 Gaul.

1877 3630 2084 3753 minus“
2126 3634 2279 3689 mm
2325 3634 2450 3690 vi“
2494 3641 2586 3689 Μ’
2628 3638 2761 3723 Iram
2801 3638 2946 3691 “’0'-
2990 3638 3098 3694 Νσ·
3140 3641 3186 3713 1.
3223 3639 3287 3693 Et
3322 3633 3480 3693 omni,

1524 3785 1887 3847 VARIORUM
1925 3784 2160 3843 NOTAE.

169 3873 361 3942 nysius
388 3870 719 3942 Stephanum
761 3865 1343 3942 certioremfaciebat,
1369 3862 1583 3919 sedatos
1634 3876 1756 3942 esse

169 3934 371 4003 motus.
402 3934 537 4012 quos
564 3940 863 4016 in‘Oriente
886 3937 1165 3994 Novatiani
1195 3940 1628 4016 concitaverunt,
1653 3934 1758 3987 ita-

170 4030 278 4089 que
303 4009 495 4089 omnes
526 4012 782 4067 ecclesias
810 4011 865 4066 in
895 4025 960 4066 eo
994 4010 1305 4089 consentire
1315 4052 1335 4089 ..
1364 4009 1619 4089 utiapsis
1648 4019 1760 4087 pm-

173 4076 399 4142 tiitentia
428 4083 680 4147 daretur;
729 4098 914 4137 verum
960 4081 1230 4150 adiecerat
1259 4076 1460 4150 aliquid
1489 4076 1553 4150 de
1585 4078 1758 4150 poeni:

173 4098 399 4142 mtenua
428 4098 680 4147 daretur;
729 4098 914 4137 verum
960 4098 1022 4135 au
1052 4098 1230 4136 ecerat
1259 4098 1460 4150 attqntu
1489 4098 1553 4131 ue
1585 4098 1758 4148 puem-

173 4158 435 4222 tentibus,
458 4157 546 4225 qui
575 4155 641 4211 ab
663 4155 928 4208 h.ereticis
950 4098 1208 4217 redirent,
1224 4148 1592 4225 baptizandis,
1618 4146 1761 4225 quod

176 4219 523 4301 praetermisit
547 4226 842 4301 Eusebius;
880 4225 1018 4280 unde
1041 4224 1303 4301 Baronius
1345 4221 1460 4301 (hic
1485 4219 1764 4301 addendus

177 4289 262 4358 est
294 4298 564 4355 Pamelius
593 4298 876 4352 Baronium
909 4298 1126 4352 secutus
1164 4294 1217 4349 in
1264 4289 1402 4348 notis
1434 4291 1499 4345 ad
1539 4289 1763 4362 Cypria-

176 4372 365 4443 num),
422 4371 757 4445 oceasionetn
801 4368 1027 4445 sumpsit
1072 4364 1379 4445 affirmandi
1425 4378 1525 4445 pro
1578 4372 1764 4445 certo,

179 4445 258 4499 sic
285 4436 476 4496 omnes
499 4442 616 4496 illas
643 4441 899 4496 ecclesias
926 4436 1263 4509 acquievisse
1282 4436 1565 4509 Stephano
1586 4476 1600 4498 ,
1628 4436 1689 4509 u_t'
1714 4436 1768 4509 _i_n

179 4516 299 4588 ejus
321 4514 629 4588 decretum,
671 4511 738 4566 de
767 4526 870 4588 non
912 4505 1247 4588 baptizandis
1279 4505 1590 4588 hatretieis,
1623 4505 1775 4560 abdi-

181 4578 301 4643 e'ata
330 4585 582 4658 Cypriani
612 4578 901 4658 sententia,
931 4578 1316 4658 convenirent;
1341 4578 1483 4650 quod
1508 4578 1641 4632 adeo
1668 4591 1773 4658 non

180 4671 264 4713 est
296 4648 392 4710 ab'
414 4648 667 4725 Dionysio
699 4648 950 4709 traditum
971 4697 985 4719 ,
1038 4648 1392 4725 utdefuneto
1432 4648 1776 4725 postmodum

183 4728 466 4796 Stephano
494 4721 634 4782 idem
657 4725 757 4803 ille
787 4726 1071 4803 Diony_sius
1101 4724 1329 4803 Xystum
1360 4721 1619 4803 Stephani
1656 4736 1778 4803 suc-

184 4792 464 4855 cesserem
493 4813 590 4870 per
624 4799 845 4870 alteram
878 4792 1170 4870 epistolatn‘
1199 4794 1510 4870 diligenten
1534 4807 1597 4847 ac
1636 4792 1780 4870 serio

185 4862 513 4934 monuerit;
537 4862 1189 4923 consideraretattentins
1229 4862 1545 4937 qna'sdonis
1570 4862 1780 4937 pondus

186 4953 243 4999 et
268 4955 448 4995 causa:
477 4938 848 4995 difﬁcultatem
876 4957 888 4992 :
921 4934 1261 5007 Stephanum
1302 4936 1539 5008 quidenr
1570 4934 1776 5008 Heleno

188 5022 248 5071 et
276 5012 593 5069 Firmiliano
616 5053 631 5078 ,
662 5011 979 5081 ueterisque
1019 5003 1113 5081 per
1134 5003 1375 5081 Ciliciam
1406 5016 1461 5060 et
1501 5003 1785 5081 Cappado-

189 5085 333 5141 ciam
363 5096 418 5140 et
458 5083 712 5138 linitimas
760 5078 1031 5137 ecclesias
1048 5079 1313 5151 episcopis
1358 5078 1646 5151 nunciasse
1689 5092 1786 5148 per

189 5157 440 5219 litteras,
490 5154 709 5208 minime
761 5149 1280 5207 communicaturum
1312 5165 1370 5204 se
1409 5158 1530 5204 cum
1580 5149 1678 5215 iis,
1721 5164 1788 5204 eo

191 5227 340 5299 quod
392 5226 673 5299 ltzereticos
732 5225 1146 5299 rebaptizarent.
1216 5221 1599 5299 verumtamen
1637 5234 1788 5299 esse

193 5291 373 5369 ἥκιεηί
403 5297 658 5350 momenti
687 5291 978 5366 negotium,
1012 5292 1168 5357 ὅντως
1190 5295 1290 5370 γὰρ
1320 5291 1555 5367 δόγματα
1590 5295 1788 5417 νὲξονεν

193 5372 245 5417 ἓν
266 5377 383 5417 mei:
410 5371 671 5417 nervia-rule
697 5376 796 5417 τῶν
841 5368 1131 5417 immortua
1174 5363 1423 5417 συνοδοις.
1451 5367 1520 5417 ὡς
1548 5386 1649 5417 πυν
1681 5365 1788 5417 ἀνο-

192 5372 245 5427 ἒν
266 5363 383 5431 rvat;
407 5371 671 5443 μενέει-ταῖς
697 5363 796 5443 τώ
841 5368 1146 5443 immersae
1174 5363 1423 5443 ᾀυῦοδοιέζ
1451 5367 1520 5426 ὡς
1548 5363 1791 5443 ﬂowers}:-

194 5465 291 5515 μαι
321 5436 455 5497 mare
480 5436 601 5500 ἒοὺς
628 5441 938 5515 προσίοντας
964 5438 1335 5563 ἁπόμῖϐέσεως
1372 5436 1791 5513 προκατηχηθέν-

194 5536 313 5563 τας.
345 5511 442 5563 εἴτε
470 5511 808 5563 ἀπολούεσθαι
838 5515 925 5563 καὶ
975 5512 1144 5563 ἀποκα
1177 5510 1410 5563 αίβεσθαι
1447 5510 1532 5563 τὸν
1567 5517 1659 5563 τῆς
1698 5529 1791 5562 πα-

193 5510 313 5575 ίτας,
345 5511 442 5567 εἴτε
470 5510 808 5587 ἁπολοςᾶῥσθαι
838 5515 925 5587 arati
975 5510 1423 5587 ἀπρκαῦαίρξσθαζ
1447 5510 1540 5587 rei
1567 5517 1659 5568 τῆς
1688 5529 1793 5587 ⁵πα-

193 5587 348 5644 λοιίἀς
390 5588 478 5659 atati
517 5583 807 5659 ἀκαθὸξρτρυ
844 5585 1010 5659 ζύμης
1047 5579 1789 5659 ρὗτονξΡεΓεΙι-Ὦρὶοηχξὶυξ,

196 5659 383 5726 aitque
415 5656 515 5708 hoc
543 5668 609 5726 _s_e
638 5648 706 5709 ab
733 5648 1062 5721 Antioehizn,
1093 5648 1790 5726 Caesareae,__Eli:e_,’Tyri,

195 5719 513 5791 Laodiceae,
540 5723 692 5779 'l‘arsi
716 5726 987 5797 episcopis
1016 5719 1260 5795 rogatum
1296 5719 1787 5797 _scribe_r_e__Xysto_:

198 5801 332 5877 quin
374 5810 431 5856 et
469 5791 922 5872 compresb'yteris
947 5797 1059 5854 suis
1083 5791 1347 5867 Diuttysio
1377 5800 1432 5849 et
1458 5791 1793 5861 Philemoni,

1867 4074 2099 4147 ducimus
2126 4088 2196 4129 ex
2231 4076 2470 4145 quinque
2502 4075 2660 4132 codd.
2692 4074 2941 4147 scriptis,
2976 4094 3005 4133 e

1868 4144 2001 4223 edit.
2027 4145 2201 4223 Oxon.
2222 4144 2624 4223 memorantur,
2649 4144 2872 4219 quartus
2888 4144 3238 4223 Bodleianus,
3263 4150 3487 4223 quintus

1870 4218 1994 4271 novi
2038 4216 2256 4274 collegii
2300 4226 2404 4272 est.
2447 4216 2679 4274 Rournﬁ
2902 4218 2909 4231 '

1798 4470 1850 4531 D

1862 3858 1952 3936 qui
1984 3857 2197 3936 fuerant
2222 3859 2481 3936 ejusdem
2495 3877 2617 3936 eum
2642 3862 2917 3936 Stephano
2942 3865 3235 3936 sententiae
3257 3905 3273 3931 ,
3306 3862 3480 3936 scrip-

1865 3931 2001 3986 sisse
2034 3931 2135 3987 hac
2161 3930 2227 3986 de
2253 3930 2311 3986 re

2346 3932 2551 4002 plenius
2579 3932 2634 3989 e‘t
2660 3932 2902 3990 uberius.
2947 3934 3270 3992 RIGALTIUS.

1932 4000 2027 4079 I_V.
2046 4033 2115 4043 —
2138 4000 2468 4079 Mandonius.
2495 4004 2885 4079 Sicﬁouthius
2912 4022 3007 4077 pro
3035 4005 3313 4079 praeterito
3337 4024 3487 4079 man-

3040 4078 3237 4161 Quibus
3281 4087 3395 4161 tres
3410 4160 3413 4161 ν
3426 4078 3479 4133 in

1948 4288 2012 4344 V.
2035 4317 2110 4330 —-
2132 4287 2379 4361 Hiberum
2403 4299 2620 4361 tempus.
2647 4289 2784 4348 Hinc
2807 4291 3030 4361 collegit
3050 4292 3317 4351 Baronius
3347 4292 3488 4357 hanc

1874 4361 2159 4432 epistolam
2191 4360 2358 4416 fuisse
2390 4360 2643 4432 scriptam
2675 4378 2817 4418 anno
2856 4360 2986 4431 257',
3031 4362 3307 4432 aliquanto
3352 4374 3489 4421 tent-

1877 4449 2006 4509 porc
2030 4443 2155 4487 ante
2180 4437 2451 4509 hyemetn.
2475 4441 2543 4488 At
2564 4434 2940 4509 lfearsoniusin
2965 4434 3249 4509 Annalibus
3271 4437 3490 4509 Cypria-

1881 4500 2009 4580 in‘cis
2039 4500 2447 4580 contenditista
2475 4500 2741 4580 accidisse
2772 4522 2916 4562 anno
2944 4502 3249 4580 superiore.
3280 4500 3482 4564 B'a'wz.

1957 4576 2144 4630 Postea
2171 4576 2439 4631 exstitisse.
2475 4575 2671 4645 Verum
2711 4578 2815 4635 hoc
2846 4590 2961 4645 est,
3012 4575 3060 4635 si
3112 4581 3275 4635 modo
3304 4594 3490 4636 sermo

1882 4649 1952 4703 sit
1983 4647 2049 4702 de
2092 4647 2362 4701 haereticis
2393 4638 2537 4715 illis,
2582 4665 2812 4720 quorum
2852 4638 3015 4709 causa
3062 4663 3187 4708 tunc
3230 4650 3490 4717 temporis

1883 4720 2162 4790 agebatur,
2189 4734 2435 4790 quosque
2465 4720 2554 4779 hic
2576 4725 2813 4777 nominat
2846 4720 3193 4781 Firntilianus
3214 4764 3230 4789 ,
3256 4723 3490 4778 maxime

1883 4792 2099 4865 quidem
2128 4801 2372 4865 tempore
2408 4791 2526 4865 ejus
2556 4793 2896 4863 vigentibus;
2951 4796 3047 4850 sed
3092 4809 3248 4865 teque
3296 4809 3489 4865 verum

1885 4873 2001 4927 est,
2050 4863 2287 4937 haereses
2337 4862 2477 4937 haud
2533 4862 2711 4919 minus
2756 4865 3042 4935 pestiferas
3084 4862 3490 4937 in'apostolico

1886 4935 2319 5009 aevoexstitisse.
2363 4936 2563 5009 Dignus
2607 4934 2787 4992 autem
2840 4942 2957 5003 est,
3008 4938 3099 5009 qui
3155 4934 3245 5009 de:
3273 4934 3377 4994 hac
3430 4951 3490 4991 re

1886 5005 2196 5081 conferatur
2236 5004 2600 5081 '[ertttllianns
2622 5050 2637 5074 ,
2670 5024 2831 5078 supra
2851 5051 2868 5076 ,
2900 5011 2953 5065 in
2980 5004 3077 5067 lib.
3110 5011 3174 5081 de
3207 5006 3485 5079 Prwcrt'pt.

1890 5077 2088 5133 Harret.
2118 5092 2238 5148 cap.
2263 5078 2333 5132 55
2353 5086 2408 5132 et
2434 5078 2523 5133 54.
2566 5076 2779 5135 Rourti.
2940 5082 2947 5087 ’
3128 5076 3135 5087 ’

1961 5148 2203 5204 Basilidis
2248 5160 2465 5219 tempus.
2512 5150 2685 5205 Variae
2734 5158 2863 5206 sunt
2908 5152 3198 5221 opiniones
3248 5152 3489 5209 virorum

1889 5220 2172 5297 doctorum
2196 5221 2275 5297 de
2293 5229 2533 5297 tempore
2558 5237 2666 5294 quo
2695 5220 2958 5297 Basilides
2979 5222 3175 5297 degma
3199 5240 3351 5297 suum
3382 5222 3494 5280 dis-

1891 5292 2197 5365 seminavit.
2232 5291 2350 5365 Qua
2394 5292 2462 5347 de
2501 5291 2866 5352 controversia
2911 5295 3037 5354 vide
3054 5291 3197 5365 'qua‘.
3236 5295 3397 5352 docte
3440 5304 3496 5365 et

1892 5313 2197 5348 selnlltavtt.
2240 5313 2350 5360 qua
2394 5313 2462 5347 ue
2501 5313 2866 5352 COIIII'OVL‘I‘SM
2911 5313 3037 5354 vtue
3117 5313 3197 5353 UT.
3236 5313 3397 5352 noete
3440 5313 3496 5351 ει

1892 5356 2100 5437 erudite
2139 5363 2356 5437 scripsit
2394 5366 2600 5437 amicus
2631 5368 2758 5422 olim
2794 5380 2978 5424 noster
3188 5356 3499 5422 Cotelerius

1894 5434 2260 5509 inepistolant
2295 5434 2480 5509 lgnatii
2511 5439 2577 5491 ad
2604 5438 2936 5505 Trallianus,
2974 5440 3063 5495 ubi
3097 5434 3309 5509 tempus
3340 5438 3499 5494 Basié'

1895 5506 2017 5561 lidis
2041 5517 2253 5561 revocat
2281 5507 2345 5561 ad
2370 5509 2437 5561 iut
2449 5510 2652 5573 perium
2674 5509 2914 5565 Adriani.
2944 5510 3072 5567 Vide
3093 5506 3255 5567 etiam
3282 5511 3380 5565 viri
3404 5510 3494 5565 do-

1895 5576 2119 5651 ctissimi
2160 5578 2353 5651 [tentati
2392 5577 2647 5651 Massueti
2688 5581 3095 5639 observationes
3125 5581 3193 5641 ad
3226 5581 3494 5651 Irenaeum

1896 5664 2019 5720 pag.
2055 5648 2154 5715 59,
2187 5647 2215 5721 ᾗ
2246 5649 2367 5704 HS.
2386 5648 2619 5725 Alueptos
2648 5651 2895 5725 Basilidis
2923 5670 3139 5712 errores
3160 5696 3173 5717 ,
3206 5668 3344 5725 quos
3372 5646 3494 5725 ρρτέ.

1898 5730 2033 5797 tenta
2056 5731 2228 5797 vocat,
2249 5720 2486 5797 graviter
2506 5726 2743 5797 exagitat
2764 5722 3123 5797 Hieronymus
3147 5728 3198 5779 in
3220 5720 3495 5797 epitaphii)

1899 5791 2105 5849 hncittii
2133 5790 2313 5847 Baetici
2344 5802 2397 5847 et
2422 5791 2475 5848 in
2506 5790 2647 5851 libro
2672 5794 2910 5853 adversus
2947 5790 3308 5871 Vigilantiam.
3330 5790 3503 5877 ἸῘΙιιιξίξ
