3994 6340
217 277 356 337 1161

1212 283 1518 345 EPISCOPI
1553 284 1894 345 CESAREAS
1931 283 2406 347 CAPPADOCL/E.

3370 293 3512 355 “62

218 400 537 473 praedicent,
563 401 964 475 respondebunt
986 416 1111 461 eum
1141 415 1202 461 se
1223 405 1518 477 praedicare
1544 405 1636 476 qui
1654 405 1813 462 mise-
1840 409 1893 469 Α
1916 416 2060 464 ctum
2099 423 2205 464 non
2237 424 2380 478 esse,
2413 407 2759 466 considerent
2784 420 2842 468 et
2870 411 3171 484 intelligant
3207 412 3506 484 spiritalem

219 493 292 549 rit
322 492 577 564 Spiritum
623 509 718 565 per
767 495 1075 552 Montanum
1107 506 1161 552 et
1204 496 1440 554 Priscam
1466 498 1724 552 locutum.
1752 496 1810 553 In

219 584 414 656 quibus
462 600 585 642 cum
608 588 1096 646 animadvertamus
1128 603 1234 646 non
1279 590 1520 647 veritatis
1553 590 1808 662 Spiritum

219 677 317 732 sed
339 678 540 735 erroris
556 679 740 748 fuisse,
764 683 1137 755 cognoscimus
1156 697 1251 739 eos
1276 683 1366 755 qui
1387 682 1577 738 falsam
1599 682 1810 738 illorum

221 769 566 840 prophetiam
597 782 783 828 contra
811 773 1014 836 Christi
1037 775 1197 831 ﬁdem
1228 774 1502 831 vindicant
1539 773 1812 831 Christum

221 862 424 920 habere
447 881 554 920 non
588 880 766 935 posse.
809 866 915 924 Sed
951 879 1007 924 et
1033 869 1215 924 caeteri
1254 869 1451 940 quique
1481 867 1744 934 haeretici,
1767 868 1810 924 si

223 971 284 1013 se
310 955 380 1011 ab
426 956 668 1013 Ecclesia
707 959 803 1016 Dei
832 960 1114 1027 sciderint,
1156 961 1291 1016 nihil
1336 962 1536 1019 habere
1581 970 1815 1032 potesta-

224 1049 294 1104 tis
337 1058 431 1105 aut
467 1051 654 1122 gratiae
699 1061 957 1122 possunt,
1007 1053 1223 1124 quando
1269 1054 1443 1110 omnis
1490 1064 1726 1126 potestas
1762 1063 1817 1111 et

224 1142 396 1213 gratia
427 1143 480 1197 in
508 1143 748 1200 Ecclesia
779 1147 1070 1202 constituta
1091 1147 1182 1214 sit,
1212 1147 1304 1202 ubi
1331 1147 1619 1218 praesident
1642 1147 1816 1218 majo-

225 1253 315 1293 res
342 1247 488 1304 natu,
521 1238 611 1310 qui
637 1249 691 1295 et
732 1239 1033 1312 baptizandi
1061 1251 1114 1298 et
1151 1258 1367 1298 manum
1417 1244 1733 1315 imponendi
1762 1253 1818 1300 et

225 1330 511 1387 ordinandi
555 1332 831 1403 possident
859 1343 1200 1406 potestatem.
1258 1336 1524 1393 Haeretico
1551 1339 1719 1405 enim,
1747 1339 1820 1392 si—

227 1435 319 1483 cut
363 1425 615 1482 ordinare
644 1441 750 1482 non
791 1427 920 1484 licet
965 1444 1065 1484 nec
1126 1446 1343 1486 manum
1398 1432 1696 1502 imponere,
1750 1433 1823 1488 ita

227 1533 328 1576 nec
387 1518 658 1589 baptizare
701 1535 802 1576 nec
853 1522 1139 1594 quicquam
1195 1535 1377 1581 sancte
1418 1542 1518 1582 nec
1570 1526 1824 1597 spiritali-

225 1620 308 1667 ter
327 1628 535 1684 gerere,
563 1613 780 1685 quando
819 1616 1030 1672 alienus
1073 1618 1146 1672 sit
1192 1634 1225 1673 a
1273 1619 1503 1689 spiritali
1551 1629 1608 1675 et
1634 1620 1822 1676 deiﬁca

229 1708 531 1764 sanctitate.
589 1709 744 1778 Quod
782 1719 950 1767 totum
1002 1729 1100 1768 nos
1141 1713 1468 1785 jampridem
1514 1714 1568 1770 in
1619 1716 1820 1784 Iconio,

1911 500 2242 557 nativitatem
2290 500 2406 556 sine
2436 501 2638 571 Spiritu
2669 517 2791 559 esse
2841 519 2948 560 non
2997 521 3182 575 posse,
3212 506 3510 562 secundum

1911 593 2052 666 quod
2079 604 2134 650 et
2181 596 2368 651 beatus
2405 596 2680 666 apostolus
2724 598 2922 655 Paulus
2945 613 3041 654 eos
3066 600 3155 668 qui
3183 599 3251 654 ab
3295 599 3508 655 Joanne

1913 689 2167 760 baptizati
2211 688 2444 752 fuerant.
2492 690 2805 760 priusquam
2859 692 3055 748 missus
3092 702 3237 748 esset
3283 693 3516 763 Spiritus

1914 791 2132 838 sanctus
2159 797 2189 837 a
2245 783 2501 850 Domino,
2555 784 2844 855 baptizavit
2893 785 3072 842 denuo
3103 784 3330 856 spiritali
3375 785 3516 857 Bap-

1917 877 2103 943 tismo,
2134 885 2188 932 et
2211 876 2288 932 sic
2317 879 2397 933 eis
2438 892 2654 933 manum
2683 878 2944 950 imposuit.
2971 888 3027 933 ut
3053 877 3362 948 acciperent
3391 878 3517 946 Spi-

1917 969 2078 1024 ritum
2126 978 2368 1024 sanctum
2393 969 2532 1040 (Act.
2563 972 2699 1041 XIX).
2753 972 2923 1040 Quale
2971 979 3053 1027 est
3104 980 3282 1026 autem
3315 979 3371 1024 ut
3395 985 3518 1024 cum

1917 1060 2142 1117 Paulum
2162 1071 2284 1133 post
2311 1061 2534 1117 Joannis
2557 1063 2818 1133 baptisma
2849 1063 3043 1119 iterato
3071 1063 3362 1133 discipulos
3389 1075 3520 1117 suos

1918 1156 2223 1227 baptizasse
2252 1155 2551 1225 videamus,
2600 1172 2700 1213 nec
2727 1172 2823 1214 eos
2849 1158 2940 1229 qui
2985 1158 3052 1213 ab
3095 1157 3289 1213 haeresi
3321 1157 3387 1212 ad
3418 1157 3524 1212 Ec-

1920 1249 2147 1306 clesiam
2195 1249 2420 1306 veniunt
2464 1261 2584 1320 post
2626 1250 2864 1306 illicitum
2911 1262 2964 1306 et
3016 1250 3293 1321 profanam
3325 1266 3512 1306 eorum

1924 1341 2238 1397 tinctionetn
2285 1342 2557 1412 baptizare
2589 1341 2932 1398 dubitemus?
2985 1341 3097 1396 Nisi
3127 1343 3171 1397 si
3201 1343 3284 1396 bis
3309 1344 3519 1413 episco-

1925 1433 2006 1504 pis
2031 1443 2061 1474 ⁸
2085 1433 2275 1504 quibus
2305 1431 2509 1507 [nunc]
2539 1433 2562 1472 ι’
2588 1433 2764 1489 minor
2782 1435 2876 1489 luit
2905 1435 3123 1502 Paulus,
3145 1445 3200 1490 ut
3229 1434 3282 1489 hi
3310 1436 3529 1506 quidem

1927 1525 2133 1596 possint
2174 1541 2268 1597 per
2312 1527 2482 1581 solam
2523 1542 2712 1582 manus
2764 1527 3160 1597 impositionem
3189 1527 3531 1583 venientibus

1927 1620 2198 1676 haereticis
2234 1620 2366 1675 dare
2391 1620 2648 1690 Spiritum
2679 1630 2948 1687 sanctum,
2989 1621 3184 1677 Paulus
3209 1631 3388 1676 autem
3417 1619 3537 1675 ido-

1925 1729 2062 1770 ncus
2108 1729 2216 1768 non
2244 1712 2404 1768 fuerit
2433 1713 2520 1782 qni
2566 1713 2634 1768 ab
2683 1712 2891 1769 Joanne
2940 1713 3221 1783 baptizatis
3267 1714 3529 1785 Spiritum

232 1800 320 1871 qui
347 1801 596 1873 Phrygia:
616 1804 765 1859 locus
793 1813 897 1872 est,
929 1805 1143 1862 collecti
1172 1807 1225 1862 in
1258 1823 1424 1862 unum
1451 1807 1820 1864 convenienti-
1855 1817 1900 1876 Β
1927 1817 2170 1865 sanctum
2196 1823 2292 1878 per
2307 1823 2497 1863 manus
2520 1807 2920 1878 impositionem
2947 1807 3122 1877 daret,
3144 1808 3245 1864 nisi
3267 1823 3362 1864 eos
3390 1810 3538 1878 prius

225 1895 332 1953 "bus
352 1911 420 1952 ex
445 1895 654 1952 Galatia
677 1908 732 1954 et
769 1897 957 1955 Cilicia
982 1909 1038 1956 et
1064 1900 1276 1956 caeteris
1314 1901 1574 1972 proximis
1594 1902 1828 1973 regioni-

233 1988 352 2055 bus,
385 1989 819 2047 conﬁrmavimus
837 1992 1125 2048 tenendum
1153 2001 1340 2050 contra
1363 1993 1644 2050 haereticos
1662 1994 1826 2050 ﬁrmi-

234 2089 316 2138 ter
343 2091 397 2137 et
428 2082 825 2152 vindicandum,
853 2099 975 2140 cum
1003 2099 1033 2140 a
1062 2085 1384 2156 quibusdam
1413 2086 1482 2143 de
1512 2088 1613 2144 ista
1639 2103 1700 2144 re
1728 2086 1828 2143 du-

236 2174 522 2234 bitaretur.

309 2268 450 2325 Vlll.
481 2270 550 2326 Et
569 2273 820 2344 quoniam
848 2273 1156 2345 Stephanus
1187 2283 1242 2330 et
1267 2275 1357 2344 qui
1391 2273 1465 2328 illi
1488 2275 1834 2330 consentiunt

242 2363 578 2420 contendunt
625 2366 996 2422 dimissionem
1050 2377 1392 2439 peccatorum
1436 2377 1492 2422 et
1543 2367 1834 2423 secundam

243 2457 576 2515 nativitatem
604 2460 656 2514 in
688 2460 1063 2518 haereticorum
1093 2461 1364 2532 Baptisma
1391 2477 1548 2532 posse
1577 2463 1840 2534 procede.

245 2566 327 2622 re,
372 2552 516 2624 apud
557 2568 694 2624 quos
713 2553 878 2611 etiam
926 2555 1031 2627 ipsi
1069 2554 1394 2613 conﬁtentur
1431 2555 1688 2627 Spiritum
1715 2571 1842 2611 san-

1932 1903 2098 1958 etiam
2129 1901 2386 1957 Ecclesiae
2409 1901 2684 1973 Baptisnto
2709 1902 3050 1973 baptizasset.

2001 2039 2091 2095 1x.
2136 2039 2266 2094 lllud
2297 2055 2510 2110 quoque
2538 2040 2833 2094 absurdum
2866 2040 3009 2111 quod
3043 2056 3149 2096 non
3173 2050 3360 2109 putant
3389 2057 3540 2113 quaa-

1929 2132 2156 2188 rendum
2199 2147 2320 2187 esse
2349 2133 2469 2202 quis
2514 2133 2581 2186 sit
2623 2132 2712 2187 ille
2739 2132 2828 2202 qni
2880 2133 3254 2203 baptizaverit,
3301 2150 3366 2190 eo
3396 2133 3538 2206 quod

1931 2228 2023 2299 qui
2063 2227 2364 2296 baptizatus
2394 2227 2465 2281 sit
2509 2227 2735 2297 gratiam
2769 2228 3027 2297 consequi
3060 2229 3258 2298 poterit
3288 2230 3539 2286 invocata

1938 2321 2179 2376 trinitate
2219 2320 2495 2374 nominum
2528 2320 2699 2375 Patris
2725 2330 2779 2376 et
2811 2321 2931 2375 Filii
2972 2331 3026 2376 et
3061 2322 3295 2392 Spiritus
3347 2326 3539 2380 sancti.

1947 2413 2152 2470 Deinde
2185 2413 2300 2468 haec
2328 2414 2432 2469 erit
2457 2413 2717 2483 sapientia
2767 2431 2925 2485 quam
2966 2417 3153 2472 scribit
3197 2416 3397 2472 Paulus
3425 2434 3549 2474 esse

1949 2505 2004 2563 iu
2031 2505 2116 2561 his
2143 2507 2233 2576 qui
2273 2504 2496 2576 perfecti
2523 2515 2666 2562 sunt.
2714 2505 2786 2563 At
2812 2508 2934 2577 quis
2960 2518 3044 2564 est
3066 2508 3118 2563 in
3155 2508 3392 2565 Ecclesia
3419 2525 3544 2578 per-

1443 2737 1828 2796 LECTIONES
1869 2735 2287 2796 VARIANTES.

309 2879 336 2908 ⁸
369 2872 454 2928 Sic
475 2878 568 2928 Ar.
595 2875 729 2927 Ltun.
755 2875 902 2928 Ebor.
926 2879 974 2930 Ν
981 2875 1036 2926 C.
1068 2877 1108 2927 1.
1135 2878 1198 2928 Δι
1219 2878 1375 2930 Oxon.
1402 2874 1480 2927 De
1503 2876 1702 2940 quibus.

2017 2872 2050 2914 δ
2075 2875 2166 2936 Qui
2190 2881 2304 2926 sunt
2322 2886 2450 2925 nunc
2468 2871 2640 2936 conjic.
2661 2872 2832 2926 Reum.

1584 3015 1946 3074 VARIORUM
1985 3014 2216 3072 NOTAE.

326 3151 426 3211 Ubi
447 3153 1489 3232 presidentruajoresnatu.Grieceénou
1506 3155 1914 3232 «Meamne
1946 3169 2218 3232 pro__u_ec,
2277 3151 2618 3232 ﬁrmantibus
2667 3149 2798 3206 illud
2846 3167 2945 3206 ms.
3025 3150 3162 3232 l_\’ovi
3195 3154 3437 3232 __collegii
3490 3175 3553 3216 ac

253 3229 301 3282 οἱ
318 3225 680 3303 apscedam}.
701 3226 792 3282 Sic
803 3235 856 3280 et
870 3226 977 3303 jam
996 3242 1157 3303 supra
1185 3225 1558 3303 Firmilianus,'
1575 3225 1688 3303 Illos
1702 3227 1840 3296 apud

253 3315 346 3352 nos
361 3298 484 3369 'futt,
509 3298 699 3366 inquit,
727 3305 783 3351 ut
808 3314 897 3365 per
913 3298 1142 3369 singulos
1161 3315 1323 3353 annos
1337 3299 1575 3354 seniores
1592 3298 1660 3426 Ἣὶ
1673 3320 1839 3376 πρεσ-

256 3370 483 3426 εὐτεροιὶ
521 3380 570 3422 et
622 3370 882 3426 τὶν-ωνοεὶιί
929 3370 982 3422 in
1020 3371 1572 3424 unumconveuiamus.
1655 3383 1839 3426 trouue

256 3370 483 3446 ςύτεροι)
503 3380 570 3446 ,ει
621 3370 882 3446 prtepositi
927 3370 1178 3446 inﬁrmum
1197 3371 1587 3446 conueniantus.
1604 3370 1844 3446 Utroque

255 3437 774 3510 loco'desiguantur,
829 3441 880 3494 ni
923 3437 1111 3506 fallor,
1152 3443 1447 3510 superioris
1472 3441 1713 3508 ordinis,
1746 3437 1840 3496 Seu

255 3514 345 3584 qui
403 3511 726 3584 pratsident,
769 3511 1104 3584 presbyteri.
1174 3512 1542 3584 Prasidentem
1603 3513 1845 3568 nominat

256 3582 568 3654 episcopum
597 3582 962 3638 Tertullianus
989 3585 1039 3637 in
1072 3585 1165 3639 lib.
1197 3585 1260 3638 de
1288 3583 1572 3646 Pudicitia.
1604 3599 1723 3654 cap.
1752 3585 1840 3649 M,

258 3663 314 3709 et
338 3654 430 3709 illo
455 3653 670 3725 quidem
717 3657 1124 3725 presbyterorum
1167 3656 1385 3710 nomine
1425 3653 1720 3724 episc0pi’a
1749 3671 1842 3710 ve-

259 3725 462 3780 teribus
493 3724 756 3780 interdum
787 3724 1158 3794 appellantur:
1201 3741 1323 3780 raro
1364 3726 1598 3780 vicissim
1621 3766 1636 3788 .
1686 3726 1844 3796 idque

257 3796 754 3852 accommodatione
779 3805 983 3850 tantum
1027 3797 1094 3851 ad
1120 3797 1242 3851 Vet.
1271 3797 1420 3852 Test.
1465 3798 1672 3860 locum,
1705 3797 1840 3865 epis-

259 3884 502 3939 c0porum
529 3867 686 3922 titulo
705 3867 971 3939 donantur
988 3869 1306 3939 presbyteri.
1328 3868 1546 3939 Confer.
1567 3873 1841 3922 Annotatt.

259 3937 330 3994 ad
377 3938 584 3995 Concil.
635 3948 821 3994 contra
857 3937 1085 3994 Noetum
1130 3937 1238 3995 vol.
1275 3940 1337 4001 ll.
1371 3938 1652 4009 Reliquiar.
1688 3939 1842 3995 Sacr.

259 4027 318 4082 p.
348 4012 476 4074 577,
506 4011 590 4082 ubi
625 4022 802 4065 tamen
836 4011 1012 4065 minus
1041 4022 1189 4066 recte
1218 4011 1491 4066 dubitasse
1523 4026 1610 4065 me
1648 4010 1842 4076 fateor,

261 4081 440 4137 utrum
472 4081 655 4152 plures
681 4081 920 4152 episcopi
948 4082 1000 4136 in
1033 4097 1194 4137 unum
1216 4124 1232 4148 ,
1277 4084 1395 4137 sive
1428 4085 1480 4136 in
1527 4082 1845 4151 provinciali

262 4153 526 4216 concilio,
570 4154 811 4219 collecti,
845 4153 1124 4224 presbyteri
1153 4154 1310 4208 tertio
1355 4153 1556 4208 sacculo
1586 4153 1844 4208 Ecclesiae

260 4226 694 4281 nominarentur.
723 4225 890 4280 Porro
915 4223 1055 4295 apud
1080 4225 1388 4295 episcopum
1419 4223 1574 4279 sitam
1597 4239 1716 4279 esse
1750 4239 1847 4294 po-

261 4305 512 4354 teStatem
544 4295 678 4352 ritus
707 4310 896 4352 omnes
917 4294 1364 4359 administrandi,
1395 4296 1730 4365 baptizandi,
1759 4295 1844 4348 of-

262 4367 511 4430 ferendi,
543 4382 759 4423 manum
795 4366 1140 4436 imponendi,
1183 4367 1496 4432 ordinandi,
1554 4367 1847 4422 credebant

265 4438 506 4509 antiqui;
537 4438 630 4493 sed
659 4450 711 4494 et
734 4439 1062 4510 presbyteris
1089 4438 1282 4504 licere,
1327 4439 1619 4510 utrmuniti
1663 4449 1850 4510 aucto-

265 4511 429 4592 ritate
472 4511 709 4592 episcopi
738 4509 1103 4592 ’bap‘tizarent
1129 4519 1288 4580 atque
1334 4509 1638 4592 ollerrent._
1669 4509 1847 4590 Daudi

1947 3223 2268 3288 Bodleiano;
2299 3225 2424 3294 quin
2453 3233 2508 3278 et
2531 3223 2759 3277 fortasse
2782 3223 3160 3278 revocandum.
3195 3223 3405 3282 liou'rii.

2016 3297 2086 3351 In
2116 3295 2316 3350 Iconio.
2362 3295 2648 3366 Dionysius
2692 3294 3087 3349 Alexandrinus
3135 3296 3237 3351 hoc
3272 3297 3552 3359 lconi‘ense

1945 3369 2109 3440 idque
2129 3371 2179 3423 in
2204 3368 2457 3440 Synnada
2476 3366 3029 3440 conciliumqsaoxisse
3047 3383 3242 3440 rursus
3270 3371 3554 3439 tiugendos

1945 3437 2067 3496 esSe
2094 3437 2399 3504 ltmreiicos,
2427 3438 2479 3491 in
2512 3437 2665 3492 tertia
2698 3438 2922 3506 epistola
2951 3437 3016 3491 ad
3046 3437 3412 3495 Philemonem
3445 3443 3553 3499 Ro-

1944 3527 2163 3583 manum
2213 3518 2623 3583 commemorat.
2669 3508 2843 3562 Verba
2887 3509 3005 3583 ejus
3051 3511 3188 3577 apud
3237 3511 3545 3583 Eusebium,

1948 3580 2315 3659 HistrEccles.
2335 3596 2430 3645 vn,
2453 3581 2503 3659 7,
2527 3579 2642 3634 haec
2667 3590 2820 3659 sunt:
2840 3581 3370 3659 Μεμὰβηκακαὶςιςοῦξτο
3392 3583 3467 3642 ὅτι
3481 3579 3551 3659 μὴ

1945 3654 2107 3734 νῦνιοὶ
2143 3656 2192 3708 ἐν
2217 3653 2415 3734 Ἀφρικῇ
2437 3653 2586 3734 μόνον
2600 3657 2752 3734 τοῦτο
2773 3655 3176 3734 παρειςγήγαγον,
3203 3654 3424 3710 ἀλλὰκαὶ
3446 3653 3552 3734 τέρό

1945 3726 2132 3780 πολλοῦ
2158 3724 2564 3798 κατῶτούς-πρρ
2590 3725 2728 3794 ἡμῶν
2766 3724 3082 3798 ἐπιδ-κόπους
3109 3726 3158 3798 ἐξ
3196 3733 3308 3784 ταῖς
3328 3724 3555 3784 πολυάν-

1946 3797 2317 3871 θρωποτᾲταιςγ
2353 3793 2802 3871 ἐκκληξῖίαιςξ-κατά
2839 3802 2953 3871 ταῖς
2998 3793 3236 3871 comoedos;
3276 3804 3374 3851 τῶν
3404 3798 3551 3871 ἀδελ-

1947 3864 2070 3974 ἓῖῶν.
2102 3869 2152 3922 ἐν
2181 3867 2363 3938 Ἰκονίῳ
2383 3870 2470 3920 καὶ
2489 3864 2749 3924 Συννάδοις
2772 3868 2856 3918 καὶ
2876 3867 3016 3940 παρά
3037 3865 3236 3927 πολλοῖς
3261 3873 3413 3923 τοῦτο
3435 3869 3552 3926 ἕδο-

1980 3961 2026 3974 eu
2065 3936 2130 3974 ,πυ
2168 3948 2251 3974 om
2297 3937 2440 3974 Annal
2463 3936 2886 3974 Innninnlnnlntn
2907 3936 3141 3974 nuntith
3168 3938 3236 3974 nh
3267 3937 3552 3974 Μαικία-ἀει

1946 3936 2150 4005 ξεν,ὧν,
2168 3948 2272 3992 etc.
2293 3936 2442 4006 Λήριιά
2463 3936 2886 3990 lconinmantetn
2907 3936 3141 3990 ttiaxinte
3168 3938 3236 3990 ob
3265 3937 3557 3997 Montanis-

1951 4017 2124 4063 tarum
2176 4009 2505 4073 Baptismum
2549 4016 2746 4079 motam
2795 4020 2915 4079 esse
2965 4007 3314 4075 quzestionem
3374 4011 3549 4079 istam,

1949 4090 2160 4135 conSIat
2181 4096 2244 4134 ex
2274 4079 2570 4133 Firmiliani
2591 4078 2770 4131 verbis
2800 4078 2932 4130 infra
2952 4118 2967 4142 ,
3003 4079 3052 4130 in
3073 4093 3190 4146 cap.
3226 4080 3310 4134 15.
3337 4078 3550 4141 Reum,

1949 4153 2040 4205 Ait
2069 4150 2389 4206 Prudentius
2419 4149 2668 4220 Maranus
2697 4149 2749 4201 in
2780 4147 2898 4201 Vita
2937 4149 2993 4203 S.
3024 4149 3278 4220 Cypriani
3329 4154 3551 4212 editioni

1950 4223 2254 4277 Baluzianaa
2296 4221 2594 4288 praemissa,
2632 4219 2660 4291 §
2692 4235 2843 4291 nam,
2876 4233 2929 4288 p.
2972 4219 3178 4274 cxvtn:
3221 4220 3341 4275 Nisi
3389 4227 3434 4278 si
3473 4229 3552 4282 Itis

1950 4295 2204 4366 episcopis
2229 4293 2410 4366 quibus
2438 4308 2571 4366 nunc
2613 4289 2710 4362 fuit
2765 4289 2995 4366 Paulus;
3028 4291 3310 4366 legendum
3343 4299 3552 4366 putavit

1951 4361 2318 4421 Pamelius—de
2359 4365 2542 4434 quibus
2572 4361 2727 4419 nunc.
2761 4361 2855 4416 sed
2898 4362 3214 4418 manifestus
3241 4375 3323 4418 est
3345 4361 3551 4424 'Helle-

1951 4437 2178 4499 nismus,
2201 4439 2404 4509 τούτοις
2427 4435 2872 4509 τοίς-ἐπίσκοπος
2911 4441 3016 4494 τοῖς
3044 4440 3153 4509 νῦν,
3180 4435 3262 4509 his
3283 4439 3552 4509 episcopis

1955 4522 2097 4579 nunc
2140 4507 2513 4579 existentibus.
2542 4504 2667 4560 Haec
2707 4505 2978 4579 ille,_qnte
3005 4507 3217 4579 quidem
3252 4507 3390 4563 haud
3425 4504 3549 4579 pro-

266 4583 473 4652 quidem
497 4577 872 4652 (Baptismum)
900 4581 1047 4635 habet
1084 4583 1164 4648 ius
1202 4577 1433 4635 summus
1459 4581 1726 4648 sacerdos,
1767 4582 1849 4651 qui
1875 4587 1929 4647 D
1955 4577 2172 4652 bibent,
2207 4595 2274 4633 ne
2300 4578 2526 4652 sentiam
2569 4577 2935 4652 reponendum
2963 4590 3084 4630 esse
3112 4577 3548 4652 quisuntuunc,

268 4663 344 4708 est
371 4653 656 4724 episcopus.
682 4652 881 4707 Dehinc
908 4652 1184 4723 presbyteri
1212 4663 1258 4707 et
1294 4653 1527 4724 diaconi,
1557 4669 1659 4708 non
1684 4663 1852 4708 tamen

269 4722 404 4779 sine
431 4722 655 4795 episcOpi
705 4724 1006 4779 auctoritate
1060 4722 1265 4795 propter
1297 4722 1537 4779 Ecclesia:
1587 4724 1848 4778 honorem.

275 4796 390 4864 Quo
410 4797 584 4858 soluo.
616 4796 760 4850 salua
808 4812 911 4865 pax
958 4805 1048 4850 est.
1101 4795 1340 4866 Alioquin
1389 4797 1540 4850 etiam
1584 4795 1728 4850 laicis
1761 4796 1854 4865 jus

271 4877 376 4938 est,
417 4876 522 4923 etc.
551 4867 678 4922 Haec
697 4867 1056 4922 Tertullianus
1079 4870 1132 4921 in
1163 4865 1253 4924 lib.
1285 4866 1348 4920 de
1369 4865 1650 4938 Baptisma,
1687 4882 1736 4922 e.
1763 4868 1852 4935 l7,

273 4936 418 4993 haud
441 4938 591 4994 ﬁnito
618 4939 820 4994 saeculo
847 4939 1106 4994 Ecclesim
1135 4938 1372 4994 secundo
1392 4936 1592 4993 decuit.
1615 4938 1694 4994 Ad
1712 4939 1858 4992 solos

276 5025 410 5064 vero
449 5011 734 5080 episeopos
776 5009 1055 5064 ordinandi
1104 5012 1192 5079 jus
1237 5010 1540 5080 pertinere,
1589 5012 1857 5080 consentit

275 5096 398 5154 cum
456 5079 1076 5154 Hieronymohuniversa
1124 5079 1444 5154 antiquitas.
1507 5080 1658 5136 Adde
1696 5079 1858 5154 quod

277 5151 420 5208 idem
481 5152 568 5208 hic
615 5151 988 5212 Firmilianus.
1046 5152 1136 5220 qtti
1192 5152 1566 5221 episcoporum
1612 5152 1857 5207 ordinem

278 5224 688 5295 presbyterorum
716 5224 933 5279 nomine
967 5223 1052 5278 his
1086 5223 1228 5295 locis
1254 5223 1573 5295 appellavit.
1621 5223 1862 5292 singulos

279 5293 566 5365 episcopos
580 5335 595 5360 ,
644 5295 991 5366 presbyteros
1005 5335 1021 5360 ,
1034 5365 1048 5366 γ
1067 5293 1324 5349 diaconos
1343 5336 1359 5361 ,
1399 5294 1523 5366 alibi
1536 5295 1607 5366 Ain
1628 5295 1862 5366 epistola

277 5381 376 5421 sua
402 5364 710 5438 titulissuis
736 5364 1197 5438 dis’tinxit.7Porro
1234 5368 1310 5420 ait
1338 5365 1499 5438 infra,
1528 5364 1556 5438 §
1586 5364 1682 5438 ’12,
1716 5366 1862 5435 epis-

282 5453 448 5509 copos
495 5437 830 5494 ordinatione
859 5437 1055 5494 vicaria
1085 5437 1752 5562 successisseRApostolis.

1462 5523 1624 5562 OU’I'H.

1462 5523 1624 5564 ουτ-ιι.

356 5579 690 5638 Potestatem.
715 5579 900 5637 Codex
927 5581 1224 5644 Laetiensis,
1252 5580 1564 5651 facultatem.
1591 5581 1680 5637 Sic
1708 5580 1868 5635 etiam

283 5668 345 5714 se
373 5653 568 5726 legisse
594 5653 650 5708 in
679 5652 867 5708 codice
896 5651 1292 5710 Marcbianensi
1327 5660 1569 5778 testatui-3
1586 5651 1869 5708 Pamelius.

1571 5740 1724 5778 ALUZ.

1571 5740 1702 5780 ALUZ
1711 5764 1724 5778 .

284 5848 296 5858 .
362 5795 475 5854 Nec
503 5797 800 5870 spiritaliter
829 5811 1020 5869 gerere.
1054 5797 1195 5854 Edit.
1228 5797 1478 5869 princeps
1522 5805 1744 5868 praestat
1787 5805 1878 5851 aut

729 5893 1004 5956 Panos.
1052 5891 1163 5956 Ill.

1958 4665 2056 4720 pro
2099 4651 2203 4704 isto
2231 4650 2411 4718 quibus
2454 4664 2592 4720 nunc
2615 4688 2628 4712 ,
2662 4647 2958 4720 cumabsit
2995 4650 3306 4720 praepositio
3335 4651 3398 4705 de
3426 4665 3552 4710 ante

1955 4718 2136 4790 quibus
2157 4737 2187 4774 a
2208 4721 2366 4776 codd.
2397 4718 2634 4788 scriptis,
2668 4718 2808 4787 quod
2839 4719 3005 4773 sciam
3031 4719 3301 4790 nantibus.
3336 4723 3548 4782 Rourn.

2032 4792 2166 4847 Vlll.
2193 4823 2263 4833 —
2295 4791 2490 4859 Quibus
2517 4805 2672 4844 nunc.
2709 4790 3006 4858 Praeposito
3035 4789 3187 4844 deest
3219 4793 3272 4845 in
3301 4797 3550 4852 omnibus

1957 4864 2356 4930 exemplaribus
2385 4863 2618 4932 antiquis
2648 4871 2702 4914 et
2732 4862 2783 4915 in
2827 4861 3061 4914 editione
3101 4861 3431 4920 Morelliana.
3473 4868 3547 4923 ιι-

1959 4936 2064 4990 lam
2109 4935 2376 4990 Pamelius
2404 4933 2600 5004 adjecit
2625 4948 2688 4988 ex
2721 4933 2994 4998 conietura
3014 4975 3029 4998 ,
3060 4933 3181 5004 quia
3212 4935 3554 4994 existimabat

1957 5021 2181 5062 sensum
2204 5008 2406 5077 absque
2433 5020 2496 5059 ea
2528 5021 2635 5058 non
2663 5018 2838 5077 posse_
2845 5011 3110 5077 constare.
3135 5003 3333 5061 Banuz.

2035 5077 2126 5133 IX.
2172 5109 2240 5118 —
2291 5072 2356 5149 sit
2410 5077 2521 5149 quis
2565 5072 2734 5149 estin
2790 5072 3021 5149 Ecclesiu
3073 5079 3342 5149 perfectus.
3400 5079 3548 5149 Opti—

1962 5165 2049 5204 me
2098 5149 2231 5204 Novi
2290 5145 2513 5218 Collegii
2556 5145 2760 5208 codex,
2804 5155 2878 5218 nt
2927 5146 3015 5218 qui
3071 5157 3150 5200 est
3210 5149 3263 5201 in
3315 5145 3552 5208 Ecclesia

2001 5221 2217 5289 erfectus
2240 5230 2285 5274 et
2306 5217 2510 5291 sapiens
2541 5222 2636 5291 hoc
2660 5227 2746 5291 aut
2777 5217 3020 5291 defendat
3046 5227 3132 5291 out
3155 5219 3350 5276 credat.
3381 5222 3436 5277 ln
3459 5227 3554 5278 tri-

2005 5287 2067 5347 us
2097 5307 2308 5362 quoque
2333 5287 2490 5346 codd.
2521 5289 2733 5362 scriptis
2775 5290 2825 5342 itt
2872 5287 3000 5362 edit.
3051 5289 3226 5343 Oxon.
3267 5297 3553 5350 nominatis

1967 5365 2052 5431 qui
2072 5360 2166 5432 pro
2189 5360 2299 5429 quis
2329 5363 2542 5435 legitur,
2563 5371 2624 5435 et
2644 5361 2732 5435 qui
2758 5368 2882 5414 ante
2908 5360 3012 5435 hoc
3031 5362 3198 5416 abest.
3218 5363 3556 5435 Quapropter

1970 5430 2274 5504 posthabita
2310 5430 2527 5489 Painelii
2561 5433 2813 5504 lectione,
2843 5430 3214 5504 qnznit‘ortasse
3244 5451 3309 5489 ex
3334 5430 3557 5492 Cau'chii

1972 5501 2279 5574 conjectura
2304 5513 2508 5560 tantum
2534 5516 2648 5558 orta
2672 5515 2774 5574 est,
2796 5501 3158 5574 Morellianam
3204 5505 3358 5559 istam
3404 5525 3560 5562 revo-

1973 5572 2128 5642 cavi;
2155 5580 2329 5647 posito
2357 5587 2534 5630 tamen
2576 5589 2640 5629 ex
2671 5573 2780 5647 ﬁde
2812 5572 3013 5647 codicis
3041 5573 3175 5629 Novi
3206 5575 3423 5647 Collegii
3471 5590 3560 5633 aut

1972 5663 2073 5719 pro
2096 5643 2264 5704 autem
2292 5657 2417 5702 ante
2444 5647 2663 5719 verbum
2691 5643 3233 5719 defendat._C:eterum
3257 5643 3414 5718 paulo
3436 5661 3562 5705 ante

1979 5717 2078 5791 pro
2124 5721 2306 5788 poterit
2339 5720 2571 5791 priorem
2601 5718 2727 5772 lect.
2766 5717 3292 5791 potuerit_revocavi.
3348 5720 3563 5775 Rourn.

1979 5787 2052 5834 ἰ-
2091 5787 2154 5848 At
2202 5787 2455 5863 quis'est.
2510 5789 2584 5844 lta
2637 5787 2944 5846 emendavit
2995 5789 3265 5846 Pamelius
3316 5799 3383 5846 ex
3435 5793 3572 5850 libro

2984 5881 3062 5949 37
