3994 6340
448 273 589 332 1167

1656 264 1987 330 EPISTOLA
2029 266 2401 330 FIRMILlANI

3582 267 3730 327 1168

437 396 544 452 hoc
584 409 720 466 aqua
763 406 866 465 qua
910 391 1183 462 tinguntur
1225 389 1496 446 lavacrum
1543 398 1627 448 est
1667 391 1772 446 illis
1817 392 2031 447 carnale
2058 397 2108 453 Α
2135 393 2513 464 fonssignatus,
2541 389 2811 463 paradisus
2830 401 2944 442 cum
2964 391 3134 458 fructu
3163 401 3427 457 pomorum
3445 384 3616 458 (Cant.
3651 404 3728 454 iv,

445 498 678 554 tantum,
704 502 808 542 non
836 484 1092 550 Baptismi
1111 494 1531 539 sacramentum.

517 579 658 635 XIV.
685 577 839 646 Quod
866 575 910 631 si
934 575 1202 645 Baptisma
1234 574 1612 630 hmreticorum
1637 573 1837 630 habere
1860 582 2038 645 potest

442 672 908 745 regenerationem
957 669 1211 726 secunda:
1264 669 1592 735 nativitatis,
1637 686 1742 722 non
1796 668 2034 722 haeretici

445 767 540 825 sed
575 767 667 821 ﬁlii
703 766 795 822 Dei
832 775 859 803 ³
889 764 1231 835 computandi
1267 774 1389 819 sunt
1416 764 1508 835 qui
1541 763 1680 833 apud
1711 763 1832 818 illos
1864 763 2036 832 bapti-

442 871 633 917 zantur
659 877 674 920 ;
703 859 935 916 secunda
963 859 1106 914 enim
1132 859 1381 914 nativitas
1405 874 1526 930 qua:
1553 867 1637 914 est
1677 859 1730 912 in
1760 858 2036 928 Baptismo

441 955 583 1009 ﬁlios
614 953 704 1008 Dei
751 961 990 1022 generat.
1042 950 1098 1008 Si
1137 962 1317 1008 autem
1345 967 1541 1021 sponsa
1568 951 1763 1006 Christi
1796 966 1902 1006 una
1929 959 2035 1015 est,

440 1063 562 1119 quae
595 1056 677 1102 est
705 1045 950 1101 Ecclesia
975 1044 1260 1109 catholica,
1293 1045 1407 1114 ipsa
1429 1055 1510 1100 est
1537 1059 1657 1115 quae
1682 1044 1794 1098 sola
1818 1054 2039 1114 generat

436 1141 534 1196 Dei
561 1139 722 1193 ﬁlios.
764 1137 951 1209 Neque
976 1137 1118 1193 enim
1151 1137 1335 1191 multa:
1361 1136 1386 1174 δ
1418 1151 1632 1206 sponsae
1659 1134 1883 1200 Christi,
1914 1150 2036 1189 cum

441 1234 589 1290 dicat
614 1233 904 1303 Apostolus
938 1251 951 1285 :
986 1230 1253 1301 Despondi
1289 1247 1376 1285 vos
1411 1232 1499 1283 uni
1528 1231 1635 1283 viro
1657 1229 1901 1299 virginem
1927 1245 2039 1283 cas-

439 1338 547 1383 tam
571 1329 834 1398 assignare
859 1325 1061 1380 Christo
1078 1324 1270 1397 (llCor.
1289 1324 1453 1395 v.2);
1478 1326 1679 1379 etAudi
1702 1325 1812 1393 ﬁlia
1835 1336 1882 1378 et
1904 1326 2036 1390 vide,

439 1433 490 1479 et
525 1407 722 1476 [inclina
747 1437 923 1475 aurem
955 1429 1115 1485 tuam,
1145 1428 1192 1472 et
1221 1419 1512 1473 obliviscere
1543 1418 1721 1488 pepuli
1747 1417 1821 1470 tui
1845 1431 1890 1480 ε,
1921 1418 2041 1488 quia

440 1514 746 1570 desideravit
769 1529 858 1567 rex
882 1513 1098 1582 speciem
1127 1519 1265 1563 tuam
1295 1507 1469 1580 (Psal.
1498 1524 1642 1575 xuv,
1671 1507 1787 1578 2|);
1834 1518 1910 1572 et,
1949 1508 2040 1563 Ve-

438 1611 514 1677 ni,
559 1625 767 1679 sponsa,
799 1607 864 1661 de
892 1603 1110 1667 Libano,
1143 1603 1377 1658 advenies
1404 1611 1450 1656 et
1479 1602 1808 1672 pertransibis
1835 1619 1865 1654 a
1893 1602 2038 1672 prin-

441 1706 576 1775 cipio
607 1703 726 1774 ﬁdei
758 1700 944 1772 (Cant.
975 1715 1048 1766 tv,
1074 1697 1182 1768 8);
1211 1707 1266 1751 et
1304 1695 1574 1767 Ingressus
1603 1713 1713 1750 sum
1750 1697 1802 1748 in
1841 1697 2041 1749 hortum

446 1813 636 1862 meum,
661 1809 806 1850 soror
837 1809 968 1858 mea,
1000 1807 1190 1860 sponsa
1226 1788 1406 1860 (Cant.
1429 1805 1482 1857 v,
1501 1789 1575 1859 1).
1599 1788 1850 1842 Videmus
1880 1803 2038 1842 unam

443 1904 733 1961 personam
754 1887 949 1958 ubique
972 1883 1218 1955 proponi,
1242 1885 1362 1954 quia
1382 1892 1437 1938 et
1460 1897 1656 1952 sponsa
1679 1893 1760 1950 est
1786 1897 1909 1936 una.
1927 1882 2041 1937 Non

443 1992 528 2038 est
552 1992 731 2036 autem
759 1994 860 2033 una
895 1977 1174 2032 nobiscum
1208 1976 1580 2030 haereticorum
1609 1989 1898 2047 synagoga,
1918 1975 2043 2046 quia

445 2089 550 2130 nec
576 2087 770 2142 sponsa
793 2080 876 2127 est
899 2069 1140 2125 adultera
1164 2079 1219 2123 et
1245 2067 1552 2134 fornicaria;
1571 2067 1712 2122 unde
1743 2083 1841 2124 nec
1868 2078 2045 2138 petest

443 2169 586 2224 ﬁlios
615 2167 708 2222 Dei
738 2181 926 2237 parere
947 2183 960 2218 :
980 2163 1084 2219 nisi
1101 2163 1167 2230 si,
1191 2161 1484 2218 secundum
1506 2164 1644 2232 quod
1667 2161 1940 2232 Stephano
1961 2162 2044 2216 vi-

450 2260 628 2322 detur,
654 2259 878 2314 hzeresis
899 2256 1109 2326 quidem
1138 2255 1273 2324 parit
1301 2263 1355 2310 et
1383 2255 1624 2324 exponit,
1655 2257 1927 2324 expositos
1955 2270 2043 2309 au-

443 2363 552 2410 tem
583 2352 819 2408 Ecclesia
851 2350 1092 2421 suscipit,
1119 2358 1175 2404 et
1202 2363 1338 2420 quos
1373 2364 1478 2403 non
1511 2349 1620 2418 ipsa
1649 2349 1918 2418 pepererit
1946 2363 2040 2418 pro

442 2451 558 2505 suis
580 2449 766 2514 nutrit,
781 2462 902 2502 cum
920 2446 1147 2500 ﬁliorum
1162 2444 1458 2499 alienorum
1480 2456 1648 2498 mater
1659 2459 1779 2500 esse
1797 2459 1900 2498 non
1919 2460 2041 2514 pos-

440 2545 534 2597 sit.
556 2541 623 2598 Et
638 2541 756 2596 ideo
779 2539 1027 2594 Christus
1049 2537 1306 2593 Dominus
1323 2547 1526 2604 noster,
1556 2553 1713 2592 unam
1731 2553 1851 2592 esse
1868 2539 2008 2592 mani
2023 2566 2040 2577 -

442 2639 648 2694 festaus
693 2647 946 2706 Sponsam
995 2647 1142 2688 suam
1191 2643 1244 2687 et
1277 2633 1494 2687 unitatis
1512 2631 2040 2702 ejussacramentum

447 2731 729 2789 declarans
745 2730 820 2783 ait
840 2747 853 2783 :
874 2728 976 2796 Qui
1001 2744 1102 2782 non
1131 2735 1202 2781 est
1230 2742 1443 2789 mecum,
1471 2725 1712 2779 adversus
1732 2742 1809 2778 me
1833 2735 1904 2778 est
1926 2722 1978 2789 d;
1999 2733 2046 2778 et

445 2826 532 2896 qui
555 2841 654 2879 non
674 2838 870 2877 mecum
891 2819 1108 2891 colligit,
1141 2819 1337 2889 spargit
1363 2817 1514 2891 (Luc.
1558 2832 1632 2880 χι,
1663 2817 1780 2890 25).
1816 2817 1871 2874 Si
1897 2818 2040 2871 enim

445 2919 724 2975 nobiscum
755 2924 839 2971 est
875 2913 1144 2977 Christus,
1176 2911 1415 2967 haeretici
1451 2920 1630 2967 autem
1660 2926 1765 2966 non
1799 2918 1924 2965 sunt
1948 2925 2043 2965 no-

444 3011 676 3074 biscum,
719 3023 816 3080 pro
860 3013 1010 3062 certo
1046 3003 1302 3060 adversus
1328 3001 1598 3057 Christum
1627 3011 1750 3057 sunt
1780 3003 2036 3058 haeretici.

2141 485 2374 554 12,15).
2420 485 2519 554 Qui
2570 496 2746 540 autem
2796 499 3083 553 numquam
3138 483 3190 536 in
3240 483 3383 538 hunc
3413 482 3626 537 hortum
3649 484 3734 536 iu-

2140 579 2424 642 troierunt,
2453 592 2624 648 neque
2648 576 2946 646 paradisum
2971 593 2998 629 a
3029 576 3138 631 Deo
3165 586 3409 630 creatore
3431 577 3730 644 plantatnm

2138 673 2406 738 viderunt,
2451 673 2719 742 quomodo
2755 672 2822 726 de
2852 671 3002 727 fonte
3030 672 3119 742 qui
3153 673 3296 727 intus
3337 671 3574 726 inclusus
3602 682 3624 707 ε
3647 679 3736 726 est

2140 775 2193 820 ct
2206 766 2386 820 divino
2403 766 2578 836 sigillo
2596 766 2833 836 signatus
2850 774 2954 832 est,
2973 779 3162 835 aquam
3184 766 3353 819 vivam
3371 765 3565 818 lavacri
3589 764 3737 817 salu-

2141 861 2268 913 taris
2297 859 2541 930 pra-bere
2563 858 2723 913 alicui
2747 859 3035 931 poterunt?
3075 857 3208 913 Cum
3238 872 3364 912 vero
3384 866 3440 912 et
3466 872 3590 911 arca
3619 856 3740 912 Noe

2139 953 2269 1007 nihil
2289 953 2432 1008 aliud
2459 953 2618 1008 luerit
2638 969 2794 1024 quam
2819 963 3209 1008 sacramentum
3233 953 3487 1007 Ecclesiae
3505 952 3738 1017 Christi,

2139 1061 2257 1115 quae
2288 1057 2435 1114 tunc,
2465 1046 2715 1101 omnibus
2745 1046 2872 1100 loris
2904 1045 3273 1115 pereuntibus,
3306 1059 3402 1100 eos
3437 1043 3584 1098 solos
3614 1058 3736 1098 ser-

2139 1138 2282 1193 vavit
2310 1140 2398 1210 qui
2430 1141 2567 1194 intra
2596 1154 2776 1193 arcam
2827 1138 3062 1202 luerunt,
3093 1137 3375 1192 manifeste
3418 1138 3742 1192 instruimur

2139 1231 2206 1286 ad
2224 1232 2477 1287 Ecclesia:
2516 1232 2769 1286 unitatem
2802 1231 3248 1302 perspiciendam,
3279 1228 3743 1298 quemadmodum

2141 1337 2195 1382 et
2215 1327 2490 1396 apostolus
2507 1326 2698 1381 Petrus
2710 1327 2886 1396 posuit
2906 1326 3124 1381 dicens:
3149 1325 3242 1381 Sic
3269 1336 3316 1380 et
3347 1342 3431 1380 vos
3456 1324 3474 1362 ί
3500 1325 3746 1379 similiter

2140 1419 2307 1473 salvos
2333 1420 2479 1489 faciet
2503 1417 2769 1490 Baptisma
2800 1418 2844 1491 (l
2876 1417 2990 1474 Pet.
3023 1435 3102 1483 ιιι,
3133 1418 3247 1489 21),
3280 1418 3572 1473 ostendens
3597 1433 3742 1487 quo-

2144 1512 2320 1575 niam,
2371 1514 2641 1582 quomodo
2675 1521 2699 1558 Β
2728 1511 2819 1582 qui
2866 1527 2988 1568 cum
3026 1511 3141 1567 Noe
3192 1512 3246 1566 in
3303 1527 3427 1565 arca
3471 1527 3576 1565 non
3636 1511 3749 1565 fue-

2144 1613 2288 1668 runt,
2321 1620 2426 1659 nou
2461 1615 2662 1659 tantum
2686 1606 2892 1675 purgati
2921 1617 2975 1659 et
3005 1604 3196 1659 salvati
3223 1601 3250 1639 ιι
3281 1619 3376 1674 per
3403 1620 3600 1673 aquam
3636 1620 3746 1659 non

2143 1708 2290 1765 sunt,
2320 1698 2414 1754 sed
2464 1699 2644 1754 statim
2700 1699 2904 1754 diluvio
2947 1698 3041 1752 illo
3073 1698 3368 1768 perierunt,
3401 1698 3477 1754 sic
3507 1708 3563 1753 et
3596 1714 3750 1753 nunc

2145 1792 2465 1864 quicumque
2495 1793 2546 1847 in
2592 1792 2832 1847 Ecclesia
2881 1807 3001 1847 cum
3033 1792 3248 1848 Christo
3276 1807 3380 1846 non
3409 1801 3553 1855 sunt,
3610 1793 3750 1847 loris

2146 1885 2423 1953 peribunt,
2453 1885 2552 1939 nisi
2581 1885 2647 1939 ad
2681 1885 2893 1939 unicum
2926 1893 2980 1940 et
3029 1883 3263 1938 salutare
3293 1884 3550 1940 Ecclesia:
3590 1884 3750 1939 lava-

2146 1991 2296 2031 crum
2342 1991 2437 2046 per
2485 1977 2854 2046 pmnitentiam
2875 1984 3258 2031 convertantur
3289 1973 3330 2029 ί.

2218 2072 2357 2127 XVI.
2399 2071 2582 2141 Qualis
2627 2088 2756 2127 vero
2794 2087 2949 2127 error
2973 2071 3117 2126 sitet
3165 2079 3362 2141 quanta
3411 2070 3480 2125 sit
3523 2070 3752 2124 caecitas

2148 2166 2264 2236 ejus
2289 2166 2379 2237 qui
2409 2167 2783 2222 remissionem
2815 2176 3158 2236 peccatorum
3186 2165 3316 2220 dicit
3334 2164 3473 2234 apud
3500 2180 3752 2236 synago-

2145 2273 2240 2330 gas
2279 2258 2653 2314 haereticorum
2697 2258 2812 2313 dari
2855 2273 3032 2328 posse,
3067 2273 3165 2314 nec
3187 2267 3462 2329 permanet
3512 2258 3565 2311 in
3628 2258 3758 2312 fun-

2144 2354 2397 2409 damento
2423 2353 2579 2407 unius
2603 2352 2879 2418 Ecclesia,
2907 2368 3028 2424 qua:
3072 2353 3238 2407 semel
3266 2368 3294 2404 a
3320 2351 3539 2407 Christo
3575 2367 3751 2421 supra

2145 2459 2350 2519 petram
2394 2448 2619 2500 solidata
2650 2456 2752 2510 est,
2808 2445 2936 2502 hinc
2965 2445 3185 2516 intelligi
3230 2454 3408 2516 potest
3447 2444 3591 2514 quod
3645 2444 3754 2498 soli

2146 2539 2307 2594 Petro
2351 2538 2600 2594 Christus
2644 2538 2884 2593 dixerit:
2923 2537 3262 2608 Quaecumque
3301 2539 3538 2608 ligaveris
3589 2554 3756 2607 super

2147 2641 2352 2692 terram,
2387 2642 2532 2684 erunt
2561 2631 2719 2700 ligata
2745 2641 2792 2684 et
2811 2633 2865 2684 in
2889 2631 3028 2684 caelis
3052 2645 3072 2694 ;
3101 2643 3146 2684 et
3173 2646 3498 2701 quietumque
3524 2631 3756 2685 solveris

2143 2738 2295 2790 super
2315 2732 2520 2788 terram,
2555 2731 2702 2776 erunt
2723 2721 2888 2776 soluta
2914 2732 2959 2775 et
2981 2724 3034 2775 in
3053 2722 3191 2777 caelis
3217 2722 3431 2795 (Matth.
3463 2738 3579 2789 xw,
3619 2722 3751 2790 l9);

2152 2829 2208 2873 et
2234 2818 2428 2874 iterum
2457 2819 2511 2872 in
2529 2818 2816 2888 Evangelio
2844 2817 3122 2888 quandoiu
3145 2818 3321 2872 solost
3362 2817 3654 2885 Apostolos
3673 2818 3754 2871 in-

2145 2910 2375 2965 sufllavit
2402 2910 2652 2966 Christus
2677 2910 2864 2965 dicens
2896 2928 2909 2964 :
2950 2911 3177 2981 Accipite
3199 2909 3452 2980 Spiritum
3481 2920 3746 2965 sanctum.

2146 3003 2210 3060 Si
2239 3003 2264 3042 πί
2298 3005 2443 3076 cujus
2483 3005 2772 3060 remiseritis
2817 3014 3056 3075 peccata,
3112 3004 3424 3059 remittemur
3450 3004 3572 3070 illi;
3619 3014 3674 3058 et
3711 3005 3758 3058 si

445 3101 537 3170 Et,
563 3103 608 3156 si
634 3115 732 3156 nos
751 3099 1054 3170 colligimus
1073 3112 1193 3152 cum
1211 3095 1449 3163 Christo,
1473 3111 1576 3151 non
1594 3095 2041 3167 colliguntautem
2070 3093 2115 3156 C
2148 3100 2294 3170 cujus
2331 3099 2611 3164 tenueritis,
2656 3097 2954 3153 tenebuntur
2991 3097 3168 3168 (Joan.
3217 3113 3312 3165 xx,
3352 3096 3444 3162 22,
3474 3097 3591 3168 23).
3649 3097 3756 3152 Po-

447 3196 729 3253 nobiscum
753 3193 1011 3252 lueretici.
1037 3191 1153 3246 sine
1174 3189 1338 3244 dubio
1368 3200 1645 3260 spargunt.

520 3287 638 3343 XV.
683 3286 789 3342 Sed
812 3299 912 3340 nec
937 3283 1064 3339 illud
1096 3281 1521 3352 praetereundum
1551 3291 1634 3337 est
1654 3298 1683 3336 a
1712 3283 1866 3339 nobis
1895 3284 2037 3354 quod

446 3399 476 3437 a
504 3381 657 3436 vobis
685 3377 992 3435 necessario
1019 3376 1220 3432 dictum
1248 3383 1350 3440 est,
1381 3373 1523 3446 quod
1552 3374 1816 3439 Ecclesia,
1849 3390 2041 3431 secun-

2145 3200 2314 3246 testas
2335 3207 2463 3262 ergo
2489 3201 2829 3261 peccatorum
2857 3191 3299 3246 reniitteudorum
3325 3190 3600 3260 Apostolis
3623 3190 3755 3244 data

2144 3291 2227 3338 est
2256 3290 2308 3336 et
2336 3281 2590 3336 Eeclesiis
2607 3296 2737 3351 quas
2769 3281 2844 3335 illi
2871 3296 2900 3335 a
2917 3279 3131 3336 Christo
3159 3280 3303 3336 missi
3325 3281 3756 3349 constituerunt,

2143 3386 2197 3431 et
2223 3374 2492 3446 epiSCOpis
2521 3375 2609 3446 qui
2638 3375 2718 3430 eis
2739 3375 3078 3431 ordinatione
3115 3376 3312 3430 vicaria
3349 3386 3755 3432 successerunt.

445 3472 577 3532 dum
620 3470 899 3528 Canticum
946 3469 1303 3535 canticorum,
1358 3467 1535 3522 hortus
1576 3467 1646 3522 sit
1691 3468 1963 3524 conclusus
1988 3479 2043 3526 et
2143 3471 2340 3527 Hostes
2365 3479 2544 3526 autem
2571 3471 2728 3525 unius
2743 3471 3022 3528 catholicae
3040 3471 3391 3538 Ecclesiae,in
3405 3487 3507 3543 qua
3530 3487 3634 3529 nos
3662 3489 3760 3529 su-

1656 3601 2048 3664 LECTIONES
2094 3606 2178 3664 VA
2188 3605 2510 3664 RIANTES.

513 3750 548 3819 ξ
575 3745 972 3819 Non__l1_zereticis,
996 3743 1086 3795 sed
1117 3741 1232 3794 ﬁdei
1255 3739 1563 3805 computandi
1586 3747 1701 3792 sunt
1727 3741 1860 3793 Lam.
1898 3742 2043 3794 Ebor.

454 3817 504 3867 Ν
512 3813 567 3863 C.
595 3813 641 3864 1.
670 3809 820 3862 Mich.

515 3874 543 3914 ιο
575 3875 741 3926 Multae
764 3881 880 3935 sunt
912 3881 1105 3935 sponsa:
1151 3866 1298 3920 Mich.
1346 3871 1434 3917 Ar.
1475 3867 1609 3918 Lam.
1659 3867 1801 3920 Ebor.
1847 3868 1953 3919 ΝΟ.
2000 3870 2044 3919 1.

451 3938 579 3990 Bod.
601 3940 650 3988 2.
670 3933 844 3988 Routh.
941 3933 955 3935 “

516 4004 541 4033 ε
579 3999 815 4061 Pepulum
839 4004 976 4052 tuum
997 3997 1089 4061 4r.
1116 3995 1251 4044 Lam.
1287 3993 1435 4044 Ebor.
1460 3992 1571 4044 ΝΟ.
1598 3992 1724 4044 Bod.
1752 3997 1797 4044 2.

449 4062 451 4064 ’
517 4064 548 4103 <1
579 4060 758 4114 Contra
782 4074 861 4110 me
887 4069 966 4109 est
989 4060 1079 4108 Ar.

520 4130 546 4158 ⁸
580 4125 719 4175 Intus
741 4125 935 4175 clausus
955 4123 1046 4172 Ar.
1071 4121 1202 4172 Lam.
1230 4116 1376 4169 Ebor.
1403 4120 1451 4170 Ν
1459 4117 1512 4168 C.
1540 4120 1588 4168 1.

2215 3740 2236 3780 ί
2274 3744 2356 3794 Sic
2381 3749 2434 3794 et
2457 3756 2548 3794 nos
2569 3744 2794 3795 similiter
2817 3748 2909 3796 Ar.
2937 3748 3072 3798 Lam.
3099 3747 3246 3800 Ebor.
3273 3751 3382 3803 NG.
3410 3752 3457 3803 1.
3485 3751 3612 3804 Bod.
3641 3758 3694 3805 2.

2215 3808 2243 3847 Ι
2277 3807 2514 3865 Quoniam
2538 3809 2650 3865 quia
2675 3809 2809 3858 Lam.
2837 3810 2981 3859 Ebor.
3009 3810 3120 3861 ΝΟ.
3147 3813 3193 3863 1.

2210 3867 2243 3940 1}
2275 3869 2358 3940 ,εἰς
2383 3872 2472 3919 Ar.
2500 3867 2644 3940 _Ebor.
2669 3873 2805 3920 Lam.
2831 3875 2878 3925 Ν
2887 3872 2943 3922 C.
2970 3875 3014 3923 1.
3040 3873 3103 3925 Et
3122 3874 3293 3926 salvati
3315 3875 3468 3929 omitt.
3497 3881 3658 3931 Oxon.

2217 3931 2237 3970 ἱ
2277 3931 2510 3981 Conversi
2538 3939 2630 3983 Ar.

2221 3993 2236 4058 ᾇ
2275 3993 2547 4058 Evangelio
2572 3995 2621 4043 in
2647 3994 2752 4045 solo
2774 3999 2865 4046 Ar.
2897 3997 3031 4050 Lam.

2218 4057 2249 4095 ι
2283 4057 2550 4108 Sanctum:
2577 4058 2716 4120 cujus
2739 4061 2831 4110 Ar.

1805 4225 2167 4286 VARIORUM
2203 4226 2436 4286 NOT/E.

457 4380 460 4384 ί
532 4371 673 4430 XIV.
692 4401 759 4410 -
779 4366 947 4423 Filius
970 4364 1087 4419 Dei.
1113 4361 1226 4434 Ego
1248 4377 1355 4417 non
1377 4362 1563 4417 dubito
1586 4362 1712 4432 quin
1741 4361 1860 4419 hzec
1887 4364 2050 4420 lectio

443 4445 599 4504 bona
625 4443 713 4498 sit.
745 4440 813 4496 Et
839 4446 1015 4493 tamen
1044 4437 1096 4490 in
1123 4436 1358 4508 quinque
1387 4434 1534 4489 libris
1560 4434 1829 4489 veteribus
1859 4436 2053 4508 legitur

463 4517 618 4586 ﬁdei;
645 4515 698 4567 in
726 4508 986 4586 meosed
1018 4505 1214 4586 ﬁdeles:
1248 4505 1450 4586 Bapuz.

533 4576 736 4644 Christo
788 4576 1037 4650 Spiritum
1065 4578 1252 4650 induit.
1301 4576 1668 4650 Ha:e_scripsit
1696 4577 1750 4632 in
1787 4579 1905 4631 loco
1935 4577 2055 4650 plus

463 4658 632 4718 semel
661 4646 958 4711 memorato
987 4651 1058 4705 cl.
1089 4649 1339 4705 Maranus
1366 4667 1380 4703 :
1409 4646 1543 4702 Cum
1573 4649 1906 4703 existimaret
1933 4649 2055 4705 Fir-

465 4731 715 4788 milianus
737 4723 1078 4780 adversarios
1108 4735 1234 4775 suos
1257 4721 1309 4773 in
1332 4719 1608 4788 Baptismo
1630 4719 1758 4775 foris
1781 4722 1847 4776 ab
1861 4721 2057 4776 adultis

464 4811 719 4869 suscepto
750 4795 964 4852 Christo
992 4794 1218 4869 gratiam
1250 4805 1565 4869 agnoscere,
1595 4792 1673 4846 sic
1712 4791 2053 4869 eos__t_'ef_clli_t,_

466 4875 608 4930 Nam
633 4862 695 4926 ἐἰ
743 4885 842 4924 non
870 4862 1131 4920 mentitur.
1164 4894 1234 4903 ——
1271 4863 1497 4933 Spiritus
1524 4862 1765 4916 Sanctus.
1799 4864 1929 4918 Illud
1961 4865 2060 4918 nisi

463 4947 508 5002 si
538 4964 570 5000 a
601 4941 803 4999 Christo
835 4938 1087 5009 Spiritum
1115 4936 1303 5002 induit,
1325 4935 1463 4988 idem
1487 4935 1628 5009 valet
1651 4950 1713 5009 ac
1737 4946 1853 5004 post
1875 4934 2058 5009 Chris-

464 5025 613 5081 tum;
648 5028 748 5068 nec
771 5004 1063 5082 probabilis
1091 5018 1172 5062 est
1200 5009 1511 5082 etnijeetura
1541 5004 1762 5082 Cauchii
1793 5016 1846 5082 et
1875 5007 2060 5082 Paule-

466 5087 559 5153 lii,
600 5075 690 5156 qui
739 5075 1042 5156 legendum_
1069 5087 1254 5156 putant
1284 5075 1443 5156 {Nisi
1489 5094 1541 5156 a_
1565 5075 1766 5156 Christo
1796 5078 2059 5156 _Spiritu_m

467 5146 570 5213 non
597 5146 817 5210 induit:
839 5156 969 5221 Qua:
997 5146 1199 5205 Marani
1223 5149 1393 5221 inihi
1417 5146 1647 5221 quidem?
1667 5147 1807 5202 haud
1852 5146 2064 5205 Satisfa-

470 5229 638 5284 ciunt.
671 5226 808 5294 Quid
839 5219 881 5280 si
912 5239 1012 5278 non
1041 5221 1179 5294 ducit
1221 5220 1348 5294 latet
1383 5219 1608 5294 iuvoce
1631 5220 1824 5294 induit?
1854 5221 2062 5277 Reum.

552 5289 810 5368 Virginem
829 5305 1039 5368 castam.
1069 5291 1344 5368 Morellius
1369 5289 1537 5343 edidit
1561 5290 1804 5360 virginem
1830 5305 2061 5368 sanctam

469 5364 687 5426 castam.
714 5367 981 5422 Pamelius
1003 5364 1263 5435 expunxit
1289 5376 1474 5435 vocem
1502 5371 1730 5435 sanctam
1749 5405 1763 5427 ,
1790 5364 1911 5433 quia
1943 5381 2061 5420 eam

469 5459 579 5498 non
608 5438 915 5495 inveniebat
941 5439 992 5490 in
1018 5430 1416 5505 inanuscriptis.
1442 5443 1490 5487 el
1517 5430 1638 5501 quia
1664 5449 1769 5505 non
1798 5430 2062 5505 reperitur

473 5511 613 5582 apud
645 5509 977 5582 Apostolum.
1008 5507 1329 5582 Ego_tam_e_u
1363 5504 1504 5558 illam
1537 5505 1712 5582 invepi
1744 5504 1797 5559 in
1826 5504 1918 5562 sex
1949 5525 2058 5562 ma-

471 5576 784 5652 nuscriptis.
813 5579 921 5634 Sed
947 5579 1100 5633 deest
1130 5579 1183 5632 in
1214 5577 1335 5630 aliis
1364 5587 1614 5652 quatuor.
1651 5576 1784 5631 Tres
1812 5595 1940 5652 vero
1968 5582 2058 5650 qui

467 5647 677 5710 habent
714 5665 902 5706 vocem
944 5658 1174 5704 sanctam
1216 5664 1322 5703 non
1371 5647 1571 5703 habent
1599 5659 1811 5703 castam.
1845 5647 2057 5707 Alteru—

466 5731 609 5780 tram
629 5731 808 5779 autem
837 5729 1050 5794 oportet
1074 5719 1293 5774 auferri.
1317 5717 1659 5776 Retinuimus
1685 5736 1804 5778 eam
1829 5738 1948 5794 qua:
1975 5733 2060 5783 est

468 5796 608 5857 θυυὰ
636 5791 974 5867 Apostolum.
1008 5789 1205 5846 Βλιυι.

2224 4366 2340 4448 ΧΥ.
2361 4396 2431 4406 —
2448 4365 2598 4448 Fons_
2615 4369 2869 4448 signatus.
2901 4369 3006 4426 Ista
3039 4370 3306 4448 habentur
3331 4374 3493 4431 etiam
3520 4375 3577 4432 in
3605 4379 3760 4448 epis-

2076 4474 2130 4534 D
2155 4437 2478 4534 tolgtxx‘tv,
2504 4449 2558 4493 et
2578 4440 2637 4534 in
2655 4437 2893 4534 epistola
2924 4459 3102 4534 Lsxvn.
3126 4445 3320 4502 Bawz.

2230 4510 2320 4593 §ic
2359 4521 2405 4564 et
2435 4527 2525 4592 nos
2550 4512 2802 4593 similiter.
2837 4513 3064 4593 Te_xtum
3107 4533 3353 4593 sacrum,
3395 4517 3764 4593 Cyprianique

2156 4582 2370 4637 codices
2403 4582 2639 4652 quinque
2688 4584 2739 4637 in
2772 4601 2885 4639 var.
2913 4585 3062 4641 lectt.
3108 4589 3236 4644 edit.
3287 4582 3489 4656 Oxon,
3513 4582 3764 4650 comme—

2159 4663 2427 4778 goratos,
2461 4663 2678 4710 secutus
2717 4672 2808 4710 nos
2838 4672 2937 4728 pro
2970 4675 3056 4713 vos
3097 4659 3511 4731 imprimendum
3543 4671 3760 4722 curavi.

2206 4739 2370 4778 ooru.

2206 4739 2370 4780 OUTll.

2229 4796 2615 4872 Convertuntur.
2651 4797 2726 4852 De
2754 4800 2956 4855 celebri
2990 4803 3286 4872 quaestione
3314 4803 3417 4861 hoc
3445 4823 3613 4862 unum
3646 4825 3766 4864 mo-

2159 4869 2298 4946 _n_e_bo
2319 4870 2594 4946 ;_existei'e
2621 4884 2930 4946 arg_luncu_t_a
2953 4869 3022 4946 ali
3049 4874 3220 4930 altera
3251 4885 3396 4942 parte
3424 4881 3766 4946 temporibus

2159 4940 2264 5015 illis
2286 4941 2466 5002 allata,
2490 4939 2994 5015 qu_ihus_Firmiliaui
3013 4939 3342 5015 suorumque
3367 4939 3610 5006 rationes
3631 4967 3765 5006 con-

2161 5012 2452 5090 velluntur,
2470 5021 2518 5065 et
2544 5012 3092 5090 Daptisunusnomine
3121 5017 3178 5071 S.
3206 5012 3486 5074 Trinitatis
3516 5036 3545 5074 a
3567 5024 3766 5090 quovis

2161 5083 2477 5136 administro
2505 5083 2806 5137 celebratus
2838 5085 3097 5153 ﬁrmatur,
3129 5104 3247 5142 cum
3271 5090 3396 5143 alibi
3432 5104 3542 5146 tum
3572 5083 3630 5148 in
3658 5111 3764 5150 an-

2163 5153 2539 5230 notationibus
2581 5153 2639 5209 S.
2671 5154 2956 5230 Augustini
3001 5160 3067 5212 ad
3107 5159 3550 5230 Carthaginiense
3594 5168 3766 5230 septi-

2166 5242 2308 5302 mum
2357 5226 2660 5302 concilium.
2699 5227 2873 5302 llae_in
2906 5229 3056 5284 libris
3093 5226 3336 5302 ejusdem
3359 5234 3533 5290 Patris
3558 5237 3626 5290 de
3651 5226 3761 5290 Ba—

2166 5297 2350 5366 ptismo
2383 5295 2484 5361 legi
2519 5307 2761 5365 possunt.
2788 5299 3000 5356 Roum.

2219 5367 2336 5422 XVI
2345 5367 2712 5446 .—-_l_€cc_lesia..
2725 5409 2740 5423 .
2758 5388 2917 5446 suprg
2935 5382 3147 5440 petram.
3166 5373 3330 5430 Paulo
3346 5387 3463 5446 post
3483 5376 3631 5433 dicet
3651 5378 3764 5434 lun-

2164 5438 2410 5511 damenta
2433 5438 2691 5511 Ecclesiae
2706 5457 2868 5511 super
2887 5438 3104 5499 Petrum
3123 5438 3382 5503 collocma
3412 5448 3598 5504 fuisse.
3628 5450 3759 5506 Vide

2163 5509 2362 5588 librum
2379 5513 2439 5564 de
2461 5510 2664 5588 nitate
2677 5509 2940 5588 Ecclesiaer,
2965 5517 3053 5570 ubi
3075 5519 3170 5571 ista
3186 5535 3251 5574 ex
3260 5519 3756 5588 plicantur.BAt.uz.

2238 5582 2569 5663 Ordinatione
2599 5586 2808 5663 vicaria.
2842 5585 2976 5663 Vide
3006 5598 3160 5663 nota_s
3191 5582 3402 5647 nostras
3440 5593 3506 5648 ad
3545 5595 3750 5663 episto-

2161 5653 2264 5709 lam
2293 5669 2516 5721 Lxxxw,
2545 5653 2681 5725 Lupi
2711 5655 3090 5714 Ferrariensis.
3118 5660 3312 5717 Bawz.

2235 5725 2359 5808 Rari
2397 5743 2513 5808 cum
2551 5728 2632 5808 eis
2657 5737 2840 5808 morte.
2879 5729 2956 5784 Ita
2988 5733 3322 5808 restitui_mus
3352 5751 3422 5791 ex
3453 5735 3558 5791 ﬁde
3591 5737 3753 5790 unius

2162 5798 2363 5855 codicis
2386 5798 2593 5868 antiqui
2619 5798 2959 5858 bibliotheca:
2983 5803 3166 5874 regiae.
3186 5802 3338 5865 Hanc
3359 5821 3523 5878 porro
3542 5808 3757 5866 restitu-
