3958 6330
541 277 680 333 “75

1789 283 2125 342 EPISTOLA
2167 285 2541 348 FIRMILIANI

3633 305 3736 364 M76

536 410 843 453 sermonem
899 397 1088 451 saltem
1139 396 1392 469 colloquii
1431 399 1732 456 communis
1785 402 2111 472 admitteret,
2144 409 2196 468 Α
2219 423 2376 462 unum
2406 392 2696 480 baptisma,
2725 426 2856 466 unus
2885 411 3028 467 Deus
3073 413 3289 488 (Ephes.
3321 431 3391 484 tv,
3432 419 3505 492 ti).
3540 419 3590 476 Si
3613 438 3740 483 unum

542 488 720 545 adhuc
752 491 988 559 insuper,
1022 487 1328 545 dilectionis
1348 499 1404 545 et
1423 491 1706 547 charitatis
1731 509 1960 563 memor,
1989 511 2124 567 pra:-

540 582 748 653 ciperet
791 581 1112 636 fraternitati
1143 582 1406 637 universae
1447 599 1516 639 ne
1555 585 1674 655 quis
1703 601 1797 641 eos
1826 587 1878 642 in
1907 588 2122 644 domum

550 690 700 731 suam
740 677 1028 746 reciperet,
1058 685 1118 732 ut
1163 678 1528 746 venientibus,
1562 695 1669 735 non
1723 683 1895 738 solum
1947 700 2046 756 pax
2073 695 2129 741 et

545 768 873 832 communio,
923 767 1017 824 sed
1059 777 1114 824 et
1145 778 1342 824 tectum
1374 780 1429 825 et
1475 771 1765 843 hospitium
1817 789 2123 846 negaretur.

540 859 657 915 Hoc
705 870 786 916 est
829 875 1074 916 servasse
1107 861 1365 917 unitatem
1406 864 1626 934 spiritus
1667 868 1720 920 in
1745 869 2128 939 conjunctione

540 953 708 1023 pacis,
736 953 1054 1010 abscindere
1095 971 1152 1010 se
1179 971 1208 1010 a
1253 956 1531 1014 charitatis
1562 960 1784 1029 unitate,
1816 971 1872 1018 et
1898 963 2129 1020 alienum

538 1060 600 1102 se
624 1063 720 1118 per
747 1048 928 1104 omnia
980 1050 1230 1106 fratribus
1279 1051 1478 1118 facere,
1509 1061 1564 1108 et
1607 1064 1793 1110 contra
1826 1071 2128 1115 sacramen-

541 1149 655 1194 tum
684 1151 738 1195 et
767 1141 927 1196 fidem
959 1143 1295 1198 contumacis
1317 1144 1502 1200 furore
1531 1145 1816 1203 discordiae
1834 1150 2123 1208 rebellare.

540 1233 698 1302 Apud
732 1233 892 1288 talem
937 1243 1111 1304 potest
1141 1251 1264 1290 esse
1287 1252 1448 1290 unum
1490 1253 1688 1309 corpus
1713 1252 1768 1295 et
1793 1257 1929 1298 unus
1968 1246 2129 1316 spiri-

535 1335 644 1391 tus,
678 1328 816 1397 apud
849 1345 1009 1398 quem
1037 1328 1266 1386 fortasse
1321 1332 1434 1400 ipsa
1454 1333 1633 1387 anima
1661 1350 1765 1388 una
1805 1352 1912 1390 non
1942 1348 2027 1393 est
2052 1339 2130 1394 sic

537 1420 744 1476 lubrica
773 1433 826 1478 et
853 1423 1069 1479 mobilis
1092 1432 1146 1479 et
1176 1425 1381 1479 incerta
1409 1425 1432 1478 ?
1463 1425 1570 1480 Sed
1596 1438 1854 1498 quantum
1882 1430 1947 1485 ad
1980 1431 2129 1487 illum

537 1515 796 1584 pertinet,
837 1516 1224 1585 relinquamus.
1259 1517 1608 1573 Excutiamus
1640 1522 1815 1590 potius
1845 1521 1895 1576 id
1927 1521 1996 1579 de
2025 1539 2132 1593 quo

542 1607 775 1661 maxima
831 1609 1058 1678 qumslio
1103 1619 1206 1664 est.
1260 1609 1359 1677 Qui
1392 1612 1726 1668 contendunt
1767 1615 1834 1669 ab
1865 1615 2132 1671 haereticis

542 1697 848 1770 baptizatos
891 1702 970 1756 sic
1024 1703 1190 1774 recipi
1251 1713 1506 1773 oportere
1557 1713 1825 1778 tamquam
1905 1709 2130 1780 legitimi

536 1793 792 1864 baptismi
821 1797 1047 1864 gratiam
1069 1808 1414 1862 consecutos,
1443 1814 1610 1854 unum
1655 1800 1814 1856 nobis
1839 1810 2000 1872 atque
2024 1803 2130 1859 illis

541 1887 807 1959 baptisma
834 1888 1021 1944 dicunt
1044 1905 1166 1946 esse
1192 1902 1246 1948 et
1266 1892 1318 1947 in
1344 1891 1494 1947 nullo
1516 1891 1849 1962 discrepare.
1870 1892 1977 1950 Sed
2004 1895 2133 1965 quid

537 1981 616 2036 ait
660 1982 932 2053 apostolus
988 1983 1235 2040 Paulus?
1285 1983 1434 2040 Unus
1483 1984 1765 2051 Dominus,
1823 2003 1929 2041 una
1979 1987 2131 2056 ﬁdes,

2223 509 2385 571 atque
2413 501 2552 558 idem
2583 513 2666 560 est
2714 520 2834 560 cum
2877 516 3064 564 nostro
3107 507 3368 579 baptisma
3408 509 3736 584 haereticorum,

2224 593 2340 648 sine
2366 593 2527 649 dubio
2553 604 2608 650 et
2637 595 2767 652 fides
2797 613 2900 652 una
2934 606 3036 654 est.
3073 598 3129 654 Si
3161 609 3337 656 autem
3381 601 3505 660 fides
3545 621 3630 662 una
3660 617 3736 677 est,

2227 685 2410 754 utique
2439 696 2495 741 et
2539 687 2795 745 Dominus
2839 707 2979 748 unus
3025 701 3127 748 est.
3159 692 3215 748 Si
3248 693 3495 752 Dominus
3520 714 3636 755 unus
3664 713 3740 771 est,

2231 792 2572 849 consequens
2616 791 2699 836 est
2737 782 2919 839 dicere
2968 786 3090 854 quia
3119 801 3256 842 unus
3283 797 3382 843 est.
3405 788 3460 845 Si
3484 800 3640 847 autem
3661 793 3745 850 hac

2234 871 2433 941 unitas,
2468 889 2590 945 quae
2628 879 2868 947 separari
2913 879 3133 935 omnino
3161 890 3216 936 et
3250 880 3411 937 dividi
3463 899 3560 940 non
3598 896 3744 957 potest,

2232 967 2393 1023 etiam
2422 971 2563 1040 apud
2593 971 2877 1028 barreticos
2925 975 3038 1045 ipsa
3067 984 3172 1042 est,
3199 977 3326 1047 quid
3358 977 3486 1033 ultra
3529 982 3747 1037 contendi-

2233 1077 2374 1128 mus,
2402 1064 2607 1134 utquid
2630 1063 2750 1119 illos
2773 1064 3059 1122 haereticos
3085 1079 3141 1122 et
3171 1083 3274 1123 non
3302 1069 3603 1126 christianos
3631 1087 3747 1130 vocs-

2231 1167 2352 1207 mus
2379 1155 2401 1208 ?
2433 1155 2625 1223 Porro,
2657 1172 2778 1212 cum
2827 1157 2983 1212 nobis
3008 1169 3064 1214 et
3089 1159 3356 1216 haereticis
3381 1177 3477 1218 nec
3503 1163 3627 1219 Deus
3649 1181 3746 1220 unus

2232 1250 2324 1315 sit,
2358 1265 2459 1304 nec
2509 1250 2770 1306 Dominus
2815 1269 2972 1321 unus,
3004 1269 3105 1311 nec
3136 1271 3237 1310 una
3265 1255 3520 1327 Ecclesia,
3552 1273 3635 1315 nec
3656 1258 3748 1316 ﬁdes

2202 1357 2365 1404 .una,
2398 1343 2493 1397 sed
2527 1359 2627 1400 nec
2657 1361 2794 1401 unus
2841 1348 3111 1418 spriritus,
3143 1360 3234 1405 aut
3260 1365 3453 1422 corpus
3480 1367 3644 1421 unum,
3665 1369 3744 1408 ma-

2243 1435 2498 1490 nifestum
2545 1447 2628 1492 est
2671 1454 2770 1495 nec
2803 1441 3063 1512 baptisma
3093 1443 3248 1500 nobis
3295 1453 3350 1500 et
3378 1444 3619 1503 haereticis
3643 1463 3747 1505 com-

2235 1545 2395 1584 mune
2419 1545 2538 1586 esse
2568 1546 2750 1602 posse,
2780 1533 2972 1605 quibus
3001 1535 3133 1590 nihil
3162 1549 3246 1591 est
3265 1537 3484 1593 omnino
3500 1554 3743 1595 commune.

2234 1621 2304 1677 Et
2327 1630 2506 1677 tamen
2535 1639 2641 1679 non
2663 1623 2830 1696 pudet
2856 1624 3191 1696 Stephanum
3223 1629 3419 1684 talibus
3437 1629 3663 1685 adversus
3677 1631 3750 1687 Ec-

2233 1714 2453 1768 clesiam
2503 1716 2856 1784 patrocinium
2889 1728 3148 1788 prrestare
3195 1729 3251 1774 et
3289 1731 3504 1792 propter
3529 1721 3752 1779 haereticos

2237 1806 2564 1862 asserendos
2587 1806 2978 1865 fraternitatem
3009 1811 3279 1877 scindere,
3299 1814 3515 1884 insuper
3527 1824 3575 1869 et
3589 1814 3752 1886 Cypria-

2236 1915 2360 1954 num
2385 1899 2874 1970 pseudo-christum
2903 1910 2959 1958 et
2975 1903 3503 1976 pseudo-apostolum
3517 1917 3564 1962 et
3574 1907 3753 1962 dolosam

2235 1995 2540 2063 operarium
2593 1994 2793 2052 dicere.
2821 1995 2924 2063 Qui
2975 1996 3156 2052 omnia
3211 1999 3267 2055 in
3300 2013 3364 2056 se
3411 2013 3528 2056 esse
3575 2000 3755 2057 conscius

1851 2103 2215 2160 VARIORUM
2249 2105 2484 2163 ΝΟΤΛΕ.

538 2218 917 2290 Alexanderin
950 2217 1090 2273 Hist.
1115 2219 1292 2290 ecetes.
1322 2217 1430 2274 Sed
1448 2217 1559 2290 hoc
1588 2218 1642 2272 in
1668 2217 1831 2274 Afros
1855 2227 2067 2290 gestum
2095 2236 2126 2275 a

535 2289 810 2362 Stephano
837 2289 1020 2362 fuisse,
1054 2301 1172 2359 post
1201 2289 1551 2362 Pearsonium
1574 2289 1878 2362 retulerunt
1907 2291 2122 2362 Pagius,

536 2360 934 2427 Tillemontius,
964 2361 1280 2432 Basnagius.
1307 2360 1474 2429 «Quid
1505 2375 1571 2415 ex
1599 2361 1813 2415 illorum
1835 2360 2125 2418 verborum

532 2433 703 2505 seriei
729 2432 955 2505 lucidius
1027 2432 1223 2502 (inquit
1261 2432 1584 2505 Pearsoﬁnius
1632 2432 1684 2486 in
1716 2432 2001 2488 Annalibus
2026 2432 2127 2505 Cy-

573 2504 798 2568 rt‘anicis,
851 2503 917 2557 ad
965 2520 1092 2559 ann.
1123 2505 1230 2573 Lvt)
1263 2519 1424 2574 quam
1458 2504 1664 2571 legatos
1690 2518 1786 2559 eos
1831 2503 2125 2575 episcopali

577 2590 742 2629 onore
757 2576 1100 2645 conspicuos,
1119 2591 1227 2630 non
1241 2576 1310 2630 ab
1330 2575 1714 2645 Orientalibus,
1740 2575 1832 2630 sed
1859 2576 1927 2630 ab
1946 2577 2011 2632 iis
2035 2577 2126 2645 qui

536 2647 592 2699 in
622 2645 837 2700 Meridie
883 2644 1069 2711 erant,
1101 2647 1200 2702 hoc
1247 2658 1330 2701 est
1355 2644 1519 2712 Afris,
1553 2647 1746 2700 missos
1777 2646 1984 2702 fuisse?
2011 2644 2120 2702 Ne-

575 2732 640 2769 ue
668 2717 824 2772 aliter
856 2717 970 2772 lucc
1012 2717 1309 2773 Firmiliani
1354 2716 1530 2788 verba
1559 2716 1701 2786 (quae
1729 2718 1888 2773 citata
1917 2733 2119 2788 praece-

575 2732 640 2769 ne
668 2732 824 2772 auter
857 2732 970 2772 tunc
1014 2732 1309 2773 r'trmntam
1354 2732 1515 2771 verba
1559 2732 1701 2786 (quae
1729 2732 1888 2773 citata
1917 2733 2119 2788 praece-

532 2732 710 2859 3unt),
737 2789 1077 2858 intelligenda
1107 2805 1229 2844 esse
1255 2789 1448 2843 sentio.
1477 2786 1597 2840 Nisi
1619 2789 1755 2856 quod
1782 2806 1882 2842 non
1899 2792 2121 2856 gratiam

530 2861 723 2929 referre
762 2859 1027 2930 Stephano
1053 2863 1106 2914 in
1134 2862 1232 2914 isto
1259 2876 1548 2930 possumus,
1576 2861 1712 2926 quod
1737 2877 1826 2930 per
1852 2861 1995 2916 illius
2033 2863 2120 2916 in-

532 2932 900 2985 humanitatem
930 2947 1072 2986 nunc
1113 2931 1362 2987 effectum
1405 2931 1496 2991 sit,
1531 2940 1586 2985 ut
1613 2931 1736 2986 fidei
1764 2943 1816 2986 et
1843 2932 2122 3000 sapientiae

533 3012 732 3056 vestra:
762 3003 1186 3071 experimentum
1214 3015 1531 3071 caperemus
1555 3001 1749 3073 (Supra
1781 3020 1831 3073 p.
1853 3003 2008 3072 2‘22).
2033 3005 2123 3059 Illa

531 3075 676 3127 enim
724 3073 1084 3129 inhumanitas
1116 3074 1248 3129 nihil
1295 3073 1436 3144 aliud
1471 3085 1586 3127 erat
1614 3089 1774 3144 quam
1823 3077 2119 3144 legatorum

532 3144 779 3212 rejectio,
815 3159 909 3213 per
936 3161 1096 3215 quam
1141 3162 1232 3200 nec
1261 3143 1606 3215 confabulatio
1637 3143 1643 3144 “
1649 3147 1766 3214 jam
1803 3143 1970 3215 posset
1991 3164 2115 3212 esse,

534 3223 621 3289 aut
672 3232 837 3289 sermo
871 3218 1173 3289 communis.
1208 3216 1285 3289 Illi
1316 3215 1472 3289 legati
1519 3216 1570 3267 in
1599 3216 1807 3287 synodo
1835 3217 2120 3289 Carthagi-

532 3286 706 3358 niensi
740 3286 971 3341 secunda
1004 3288 1208 3342 missi.)
1245 3286 1388 3358 §vn.
1415 3287 1626 3358 liouru.

607 3355 718 3411 Nec
746 3358 824 3432 ad
843 3374 1119 3412 sermonem
1149 3355 1451 3432 admitteret.
1487 3357 1541 3432 l_d
1571 3367 1683 3422 est,
1715 3373 1782 3432 tu:
1814 3357 1866 3432 in
1895 3372 2123 3432 conspe-

528 3437 673 3482 ctum
701 3428 914 3498 quidem
943 3445 1097 3483 suum
1128 3430 1313 3484 venire
1340 3429 1696 3497 permitteret.
1728 3428 1929 3483 Eodem
1961 3428 2122 3487 modo

529 3498 876 3554 humanitatis
916 3510 970 3554 et
1008 3501 1322 3556 urbanitatis
1360 3514 1485 3554 usus
1524 3509 1606 3554 est
1644 3515 1826 3555 comes
1855 3500 2121 3559 Flaudria:

529 3585 652 3644 erga
673 3569 1187 3644 legatoqulemeutis
1210 3587 1361 3641 papae
1383 3569 1505 3644 Vll,
1522 3571 1615 3644 qui
1646 3580 1843 3625 tantum
1871 3572 2035 3644 abfuit
2062 3585 2117 3628 ut

530 3643 849 3706 audirentur,
880 3643 1051 3714 inquit
1081 3643 1392 3711 Radulpltus
1421 3641 1490 3714 de
1522 3641 1655 3696 liivo
1680 3683 1694 3708 ,
1733 3654 1787 3696 ut
1815 3661 1878 3699 ne
1905 3641 2115 3700 admissi

531 3713 732 3784 quidem
764 3713 984 3784 fuerint,
1015 3715 1104 3768 sed
1133 3716 1307 3784 rejecti
1334 3730 1393 3768 ac
1423 3713 1672 3784 facessere
1702 3715 1856 3783 jussi,
1879 3717 1978 3770 nisi
2021 3718 2117 3771 sibi

527 3786 726 3838 vincula
749 3785 954 3839 mallent
980 3797 1285 3854 exspectare.
1307 3784 1617 3839 Emendabo
1642 3797 1820 3840 autem
1837 3828 1853 3852 ,
1878 3786 1999 3840 data
2024 3803 2116 3842 oc-

529 3856 768 3928 qasinne,
793 3857 968 3910 locum
999 3873 1065 3912 ex
1098 3857 1418 3928 panegyrico
1438 3871 1594 3928 quem
1613 3855 1865 3912 Nazarius
1885 3857 2020 3913 dixit
2048 3859 2117 3914 ad

527 3924 941 3998 Constaulinum
984 3924 1108 3998 post
1140 3924 1409 3983 devictum
1452 3926 1806 3990 Maxentium,
1850 3944 1971 3984 cum
2003 3946 2118 3985 mo-

528 3998 697 4070 destia
726 3996 954 4054 Czesaris
982 3996 1106 4070 erga
1138 3999 1286 4054 illum
1320 3998 1584 4053 laudatur.
1628 3998 1699 4052 lbi
1741 3999 1818 4054 sic
1850 4001 1988 4055 inter
2014 4003 2115 4056 alia

529 4067 725 4140 legitur
756 4067 1087 4126 inéomnibu's
1117 4072 1347 4140 antiquis
1377 4070 1649 4124 codicibus
1676 4080 1730 4124 et
1756 4071 2115 4128 editionibus:

541 4139 701 4212 Vocas
731 4141 798 4194 ad
826 4143 1130 4196 societatem.
1165 4139 1456 4211 Appetitum
1485 4151 1627 4195 tuum
1659 4142 1878 4212 refugit,
1911 4158 2118 4199 aversa-

529 4220 633 4284 tur,
667 4211 928 4266 horrescit.
963 4213 1078 4268 Vox
1109 4214 1419 4283 appetitum,
1456 4211 1575 4266 heic
1605 4213 1724 4267 loco
1757 4211 1862 4266 non
1895 4231 1993 4269 suo
2025 4231 2121 4284 po-

531 4282 668 4347 sita,
709 4285 948 4339 exercuit
990 4282 1304 4338 industriam
1345 4285 1684 4347 criticorum;
1714 4300 1939 4354 quorum
1981 4282 2118 4341 non-

533 4353 660 4406 nulli
684 4365 1007 4409 censueruut
1057 4354 1422 4425 reponendum
1443 4369 1562 4408 csse
1582 4353 1821 4419 a/fectum
1839 4397 1852 4418 ,
1875 4356 1965 4410 alii
1988 4359 2118 4410 ami-

531 4440 668 4477 cum.
717 4426 877 4480 Miror
915 4438 1094 4480 autem
1137 4441 1315 4481 veram
1361 4426 1675 4491 lectionem,
1715 4443 1834 4494 qua!
1865 4425 2033 4481 facilis
2062 4437 2118 4483 et

530 4495 684 4567 obvia
726 4505 838 4562 est,
872 4497 1069 4551 nemini
1101 4513 1285 4551 corttm
1318 4497 1369 4551 in
1402 4506 1639 4552 mentem
1671 4493 1902 4551 venisse.
1938 4498 2115 4567 liepo-
2144 4493 2198 4553 Ι)

531 4566 764 4639 nendum
798 4579 879 4622 est
909 4569 1087 4638 itaque
1117 4577 1405 4639 aspectum,
1442 4579 1498 4622 ut
1526 4569 1596 4623 sit
1622 4583 1842 4622 sensus:
1881 4567 2120 4624 Vocabas

528 4637 855 4692 Maxentium
878 4639 944 4692 ad
968 4637 1274 4694 societatem
1306 4640 1533 4708 imperii.
1566 4641 1636 4693 At
1663 4639 1778 4702 ille,
1809 4649 1867 4692 ut
1895 4651 2010 4693 erat
2035 4656 2120 4696 na-

530 4719 648 4762 tura
678 4712 824 4764 fcrox
853 4722 907 4766 et
931 4713 1222 4779 superbus,
1254 4710 1448 4764 nedum
1477 4712 1525 4764 id
1555 4710 1693 4779 quod
1722 4709 1983 4764 offerebas
2009 4728 2121 4766 am-

529 4779 688 4850 plecti
719 4781 882 4835 voluit
902 4823 918 4845 ,
947 4782 1036 4835 sed
1061 4782 1217 4834 etiam
1247 4790 1517 4850 aspectum
1543 4791 1691 4835 tuum
1715 4779 1937 4850 refugit,
1965 4797 2121 4838 aver-

529 4862 679 4924 satus
721 4861 838 4924 est,
881 4852 1115 4917 horruit,
1143 4853 1251 4924 sed
1291 4853 1450 4908 etiam
1491 4853 1627 4907 ultro
1667 4851 1933 4924 lacessivit
1958 4869 2116 4924 quem

531 4921 735 4994 ambire
762 4922 1036 4988 debuerat,
1055 4932 1113 4977 ut
1141 4923 1333 4994 legitur
1359 4924 1514 4993 paulo
1543 4933 1678 4992 post.
1701 4923 1900 4978 Bawz.

605 4991 846 5049 Fortasse
887 4997 998 5064 ipsa
1033 4991 1224 5048 animal
1258 4991 1554 5049 Rec'cntior
1576 4995 1947 5066 Remigianus,
1979 4997 2121 5066 apud

528 5079 672 5136 quem
699 5062 915 5136 fortasse
941 5083 1040 5119 una
1066 5066 1236 5118 anima
1260 5075 1332 5119 est
1356 5067 1428 5119 sic
1457 5067 1670 5119 lubrica.
1702 5062 1774 5119 ns.

605 5133 773 5189 Unum
793 5136 1059 5199 baptisma.
1090 5135 1282 5191 Nescio
1303 5152 1407 5206 quo
1428 5136 1585 5190 modo
1605 5136 1886 5192 factumest
1914 5147 1972 5192 ut
1995 5138 2114 5204 ista,

527 5220 646 5274 qua:
671 5217 880 5260 exstant
901 5209 951 5261 in
977 5207 1212 5275 Epistola
1235 5207 1380 5261 Pauli
1403 5211 1466 5259 ad
1493 5208 1982 5276 Ephesios,omissa
2012 5211 2120 5266 sint

531 5276 650 5348 istic
681 5278 738 5348 in
757 5287 878 5332 octo
906 5279 1297 5347 exemplaribus
1327 5279 1578 5348 antiquis.
1603 5278 1679 5333 ln.

603 5345 666 5402 Si
703 5345 951 5404 Dominus
990 5345 1119 5402 unus
1147 5360 1241 5405 est.
1277 5349 1385 5404 Hoc
1417 5345 1715 5403 tuetnlmtm
1747 5350 2003 5405 omissum
2033 5363 2118 5409 est

527 5418 583 5474 in
629 5418 862 5475 editione
909 5421 1149 5490 Rigaltii,
1202 5422 1504 5477 restitutum
1554 5421 1606 5474 in
1646 5421 1958 5490 Anglicana.
1998 5421 2107 5479 Sed

526 5491 710 5562 nescio
733 5505 969 5562 quonam
1001 5495 1158 5547 modo
1187 5493 1381 5547 factum
1413 5502 1492 5548 est
1521 5501 1577 5546 ut
1609 5492 1760 5561 Angli
1792 5494 1992 5562 absque
2022 5495 2107 5549 ul-

529 5561 638 5616 lius
691 5560 810 5615 libri
853 5563 1045 5616 veteris
1071 5565 1623 5625 auctoritate,contra
1663 5560 1822 5618 fidem
1863 5560 2104 5622 veterum

524 5632 909 5700 exemplarium
939 5643 992 5688 et
1016 5633 1264 5688 editionis
1295 5633 1616 5689 Morellianm
1645 5635 1953 5705 scripserint
1982 5653 2105 5692 con-

518 5720 727 5774 sequens
755 5715 829 5758 est
856 5721 957 5776 quia
988 5705 1154 5776 unitas
1184 5716 1291 5770 est;
1321 5705 1422 5760 nisi
1450 5705 1495 5759 si
1526 5707 1825 5761 maluerunt
1850 5707 2103 5776 amplecti

514 5777 875 5847 conjecturam
907 5774 1162 5843 Pamelii,
1192 5776 1283 5845 qui
1311 5789 1594 5835 monuerat
1639 5777 1693 5833 in
1721 5774 1962 5849 margine
1987 5794 2100 5837 suae

2227 2222 2480 2297 editionis
2500 2225 2783 2297 legendum
2805 2240 2927 2284 esse
2946 2229 3118 2284 unitas
3132 2270 3148 2295 ,
3171 2230 3257 2286 vel
3277 2231 3640 2289 auctoritatem
3657 2231 3756 2289 Gon-

2231 2294 2396 2361 lartii,
2413 2297 2505 2367 qui
2520 2294 2637 2352 eam
2654 2314 2841 2354 vocem
2864 2300 3043 2368 posuit
3073 2294 3421 2368 incontextu,
3440 2303 3576 2358 nulla
3602 2303 3756 2358 Pamelii

2231 2369 2527 2443 meqtione.
2540 2367 2874 2443 Reinhartus
2883 2370 2934 2443 in
2953 2385 3047 2443 sua
3066 2372 3301 2428 editione
3327 2367 3556 2443 reposuit
3577 2375 3755 2429 unuan.

2230 2467 2301 2516 ῖ-
2325 2439 2514 2516 Ιξχβωξ
2537 2441 2591 2494 in
2618 2441 2750 2516 δονὶ
2775 2440 2916 2516 Coll.
2946 2442 3134 2516 codice
3157 2445 3280 2514 quia
3297 2439 3440 2500 unus
3455 2456 3541 2507 est,
3555 2446 3673 2516 quod
3685 2445 3756 2499 edi-

2224 2509 2305 2564 dit
2333 2510 2601 2589 Balu‘zius.
2633 2511 2906 2589 Legerim,
2932 2509 3228 2589 quia_Deus
3275 2533 3413 2572 unus
3460 2509 3633 2574 εει.ἶά
3659 2517 3755 2589 quod

2225 2581 2504 2660 sequentia
2545 2581 2734 2660 verba
2757 2581 3006 2660 suadent.
3044 2585 3180 2652 Quia
3229 2602 3330 2658 pro
3359 2591 3494 2657 quod
3527 2588 3650 2660 apud
3672 2581 3755 2644 'hos

2226 2653 2518 2722 scriptores
2546 2655 2669 2724 poni
2699 2653 2856 2711 solet.
2901 2655 3108 2712 Rourn.

2296 2742 2792 2800 Pseudo-christum.
2817 2745 3082 2803 Imitatum
3102 2759 3184 2804 est
3207 2750 3353 2806 istud
3375 2767 3444 2808 ex
3461 2753 3622 2808 capite
3633 2750 3754 2807 unde-

2221 2815 2388 2896 cimo
2419 2816 2675 2896 Epistula:
2728 2834 2764 2872 ιι
2808 2819 2971 2896 _Pauli
3006 2821 3086 2896 _ad
3121 2819 3458 2896 Corinthios.
3501 2815 3624 2879 Hinc
3644 2833 3753 2896 patet.

2223 2887 2399 2966 inquit
2420 2886 2712 2966 Pamelius,
2741 2890 3105 2946 vehementiam
3127 2894 3363 2960 epistotre
3401 2886 3753 2966 Stephani'pm

2223 2959 2275 3011 in
2304 2975 2459 3013 causa
2495 2960 2652 3030 fuisse
2701 2976 2792 3013 cur
2835 2971 2939 3016 tam
2985 2959 3297 3020 vehementer
3327 2959 3662 3022 etiam-contra
3681 2959 3753 3019 citat

2224 3028 2504 3085 scriberent
2527 3028 2816 3102 Cyprianus
2853 3045 2898 3088 et
2930 3032 3289 3091 Firmitianus.
3325 3039 3495 3095 Recte
3521 3054 3653 3095 sane.
3676 3037 3754 3093 Non

2147 3111 2192 3174 ρ
2226 3103 2370 3157 enim
2416 3102 2560 3178 aliud
2613 3117 2791 3157 causa:
2835 3105 3065 3168 exstitit,
3096 3123 3193 3163 cur
3222 3106 3587 3178 Firmilianns,
3614 3111 3686 3178 qui
3721 3109 3755 3163 in

2227 3183 2339 3228 tcta
2367 3173 2595 3246 epistola
2619 3189 2886 3246 summum
2933 3192 3172 3233 amorem
3202 3181 3426 3237 unitatis
3455 3173 3684 3246 declarat,
3705 3181 3756 3234 sic

2228 3244 2486 3323 tamen-in
2514 3244 2848 3323 Stephanum
2878 3248 3266 3323 invehatur_._ut
3288 3267 3416 3308 eum
3447 3244 3757 3323 disputatibnis

2225 3325 2361 3395 gestu
2389 3316 2668 3395 abreptum
2699 3316 2866 3395 fuisse
2903 3329 3125 3395 pateat._
3149 3321 3294 3395 Nihil
3352 3316 3598 3380 lenius'ac
3624 3325 3753 3395 placa-

2224 3385 2388 3460 bilius
2433 3385 2725 3460 Cypriano,
2773 3385 2996 3460 ejusque
3043 3393 3209 3448 animi
3245 3396 3544 3452 moderatio
3589 3385 3686 3452 cum
3720 3394 3754 3447 in

2224 3458 2624 3537 omnibus‘aliis
2644 3458 2825 3537 rebus,
2856 3458 2967 3516 tum
2999 3465 3230 3537 maxime
3258 3466 3310 3522 in
3343 3468 3441 3523 hac
3460 3467 3525 3525 de
3557 3468 3757 3537 baptismo

2225 3531 2593 3586 controversia
2648 3533 2870 3595 enituit;
2921 3535 3014 3588 sed
3063 3545 3242 3591 tamen
3298 3554 3424 3594 eum
3472 3531 3754 3594 interduma

2224 3617 2436 3657 summa
2459 3602 2546 3655 illa
2578 3603 2794 3658 leuitate
2824 3603 2891 3658 ad
2926 3607 3390 3664 vehementiorem
3421 3627 3587 3667 causae
3618 3608 3755 3665 defen-

2221 3672 2430 3752 sionem
2471 3674 2762 3752 transiisse
2808 3675 3231 3752 perspiciturex
3275 3684 3504 3752 epistola
3549 3681 3606 3737 ad
3640 3681 3754 3736 Potn-

2223 3745 2422 3826 peium.
2471 3743 2694 3826 Videtur
2747 3743 2948 3826 autem
2982 3743 3400 3826 Cyprianum-et
3439 3753 3752 3810 Firmilianum

2223 3815 2359 3895 illud
2401 3817 2452 3870 in
2483 3817 2674 3895 primis
2715 3815 3203 3895 offendissefjluod
3261 3824 3564 3888 Stephanus
3601 3829 3755 3895 putaret

2222 3886 2572 3943 abstinendus
2602 3888 3016 3964 rcbaptizaptes.
3039 3886 3264 3964 PrOpter
3288 3886 3405 3952 haec
3426 3886 3752 3954 autem'verba.

2225 3973 2343 4028 quae
2373 3966 2526 4032 putat
2557 3973 2823 4032 nonqesse
2855 3961 3417 4032 Stephani,'dubitare
3439 3986 3496 4024 se
3519 3969 3588 4023 ait
3624 3965 3756 4022 Chris-

2225 4033 2404 4084 tianus
2435 4030 2616 4098 Lupus
2671 4031 2722 4085 in
2755 4030 2975 4088 scholiis
3005 4030 3130 4089 suis
3159 4036 3224 4092 ad
3253 4038 3453 4095 librum
3497 4035 3753 4096 Tertulliani

2223 4101 2287 4178 de
2317 4099 2800 4178 Pra’scriptionibus
2829 4106 3070 4178 adversus
3129 4110 3414 4175 Itwreticos,
3471 4127 3534 4165 an
3582 4107 3753 4178 epistola

2221 4171 2519 4227 Firmiltani
2546 4174 2617 4227 sit
2661 4190 2810 4230 vera.
2843 4175 3044 4233 Tamen
3075 4195 3234 4234 nemo
3265 4171 3527 4238 hactenus
3550 4171 3657 4237 ante
3679 4179 3753 4234 LII-

2220 4258 2348 4313 pum
2380 4244 2430 4298 id
2453 4244 2552 4316 sibi
2583 4247 2833 4316 sumpsit,
2859 4255 2918 4301 ut
2965 4249 3148 4305 dicere
3173 4251 3403 4310 auderet
3422 4269 3534 4309 eam
3561 4268 3664 4308 esse
3685 4249 3753 4303 lal-

2220 4327 2334 4386 sam
2372 4325 2464 4369 aut
2486 4315 2554 4371 de
2596 4315 2717 4386 ejus
2740 4319 3059 4375 auctoritate
3087 4321 3376 4381 dubitaret.
3411 4325 3478 4381 Et
3510 4334 3642 4382 certe
3684 4322 3751 4375 ista

2220 4385 2474 4463 facilitas_
2500 4385 2785 4442 accusandi
2834 4389 3082 4463 falsitatis
3121 4394 3319 4463 scripta
3366 4409 3598 4452 veterum
3641 4391 3752 4446 valde

2224 4459 2509 4540 temeraria
2537 4471 2620 4542 est
2651 4470 2706 4516 et
2733 4461 3020 4542 periculos.
3045 4463 3188 4542 Nam
3221 4459 3267 4520 si
3289 4469 3485 4542 cuique
3511 4469 3649 4542 liceat
3669 4465 3752 4542 ina;

2225 4543 2326 4606 nes
2349 4530 2614 4606 ejusmodi
2662 4530 3003 4602 conjecturas
3039 4537 3228 4606 sequi;
3276 4530 3478 4594 nullum
3519 4539 3614 4595 erit
3651 4532 3753 4589 sntio

2223 4601 2444 4682 quitatis
2495 4601 2922 4682 monumentum,
2981 4601 3131 4682 quod:
3193 4601 3406 4682 iniquas
3478 4610 3752 4682 suspiciones

2223 4671 2461 4742 effugiat.
2517 4674 2718 4730 BALUZ.
2777 4705 2847 4714 —
2898 4671 3310 4736 Ita—Baluzius'.
3390 4671 3751 4737 Haud'interea

2223 4741 2353 4796 mihi
2402 4746 2548 4799 visus
2600 4757 2684 4800 est
2741 4746 2977 4803 voluisse
3018 4747 3120 4805 hoc
3182 4753 3420 4808 scribere
3477 4750 3751 4808 Christianus

2221 4811 2405 4893 luupr
2444 4857 2459 4880 ,
2530 4815 2868 4893 Firmiliani__
2891 4822 3115 4893 cpistola
3147 4837 3213 4876 an
3267 4839 3517 4893 germana
3568 4823 3750 4893 sit,_Se

2222 4882 2505 4965 dubitare;
2538 4888 2633 4965 _de
2669 4882 3151 4965 appellationibus
3198 4882 3376 4950 autem
3409 4882 3658 4965 probrosis
3675 4887 3750 4958 Cl"

2223 4955 2410 5023 priano
2450 4973 2480 5011 a
2521 4955 2828 5038 Stephano
2860 4962 3130 5038 attributis
3157 5006 3172 5028 ,
3215 4982 3290 5038 an
3347 4955 3432 5022 hae
3481 4968 3546 5038 ab
3592 4955 3748 5038 §0_

2224 5040 2353 5108 vera
2415 5029 2654 5109 prolatae
2699 5032 2939 5109 fuerint,
2983 5035 3365 5109 se_b:_esitare.
3423 5037 3541 5093 Vid.
3586 5031 3748 5109 Scholia

2223 5096 2341 5180 ejus
2365 5096 2434 5180 ad
2455 5099 2788 5180 Tertulliani,
2807 5119 2858 5158 c.
2889 5096 2940 5169 4,
2973 5120 3029 5180 p.
3058 5105 3182 5161 121.
3209 5111 3277 5180 A__t
3300 5109 3644 5180 cogitandum,
3662 5100 3746 5180 (ιυὲ-

2221 5168 2588 5251 ὺυειόὶειετίἰε
2639 5175 2832 5251 ipsum,
2862 5168 3175 5251 ttt’videtttr,
3219 5168 3535 5251 Cyprianum
3578 5168 3748 5251 lacessi-

2219 5242 2359 5316 yerit
2408 5251 2560 5298 vetus
2605 5242 2819 5312 quidam
2873 5242 3365 5316 Stephania'nm'de
3429 5248 3743 5306 haereticorum

2218 5311 2488 5395 baptismo
2513 5311 2824 5395 septennia
2836 5311 3036 5395 stator,
3069 5321 3158 5395 qui
3191 5332 3273 5395 est
3297 5332 3482 5395 auctor
3505 5322 3563 5375 de
3584 5317 3744 5395 ῌεὸξρ-

2216 5384 2437 5464 tismate,
2467 5386 2533 5464 ad
2557 5387 2649 5464 ﬁn.
2673 5405 2761 5460 op.
2793 5391 2848 5448 S.
2876 5384 3149 5463 Cypriani.
3179 5392 3436 5462 conferas
3455 5409 3566 5464 qua:
3588 5389 3646 5445 de
3659 5384 3744 5441 Fir-

2212 5455 2418 5512 miliani
2449 5460 2673 5528 epistola
2705 5455 2864 5532 supra
2888 5455 3236 5522 aitnotantur.
3262 5455 3475 5522 Reum.

2285 5549 2386 5616 Qui
2412 5553 2622 5628 omnia._
2639 5554 2768 5628 Qua:
2794 5557 2966 5609 omnia
2983 5559 3266 5628 legendum
3289 5560 3417 5615 olim
3445 5558 3580 5621 duxi,
3606 5552 3740 5628 priuso

2207 5633 2377 5698 quam
2398 5623 2478 5678 sic
2525 5637 2582 5678 se
2609 5623 2808 5698 habere
2849 5623 3118 5686 novissem
3149 5631 3442 5687 editionem
3471 5627 3734 5698 principem,

2204 5690 2704 5774 siquidetn__postea
2750 5696 3021 5774 Parnelius
3069 5703 3156 5770 qui
3194 5718 3290 5773 pro
3320 5719 3432 5774 qua,-
3457 5690 3735 5774 éx‘tnsistto

2202 5762 2390 5830 edidit,
2439 5765 2582 5834 aliis,
2638 5767 2834 5834 fateor,
2866 5769 3020 5827 libris
3068 5762 3283 5844 scriptis
3309 5762 3733 5832 consentientibus.
