3994 6340
259 291 398 348 H77

756 287 1265 348 PROLEGOMENA
1309 287 1398 343 DE
1439 284 1762 344 AUCTORE
1802 285 2139 346 ANONYMO
2175 288 2356 346 LIBRI
2393 288 2484 347 DE
2523 289 3070 351 REBAPTlSMATE.
3135 290 3143 299 ’

3401 289 3544 348 H78

257 404 540 478 praevenit,
574 412 634 460 ut
666 403 817 460 alteri
842 420 906 461 ea
933 403 1029 474 per
1054 403 1392 461 mendacium
1422 403 1682 473 obiiceret
1713 418 1833 474 quae
1864 411 1914 470 Α
1940 416 1994 461 et
2018 407 2224 463 cunctis
2250 407 2458 463 clericis
2485 417 2540 464 et
2567 408 2717 464 omni
2751 407 3086 466 fraternitate
3111 408 3354 467 universi
3391 418 3547 482 opta-

255 499 372 570 ipse
402 512 468 554 ex
495 497 688 554 merito
717 496 902 554 audire
928 497 1166 554 deberet.
1203 497 1347 552 Bene
1375 506 1426 552 te
1458 497 1636 552 valere
1660 497 1838 551 omni-

257 591 359 648 bus
385 591 538 646 nobis
568 605 691 647 cum
714 591 977 648 universis
1001 592 1092 662 qui
1122 592 1175 646 in
1205 589 1384 666 Africa
1417 599 1544 646 sunt
1568 589 1836 661 episcopis

1947 514 2086 567 mus,
2135 509 2192 555 ut
2219 509 2480 572 perpetuo
2523 501 2802 557 unanimes
2845 511 2902 557 et
2922 517 3087 557 unum
3117 503 3413 560 sentientes
3439 500 3542 559 ha-

1939 590 2162 648 beamus
2181 593 2462 649 nobiscum
2491 594 2652 650 etiam
2673 593 2741 651 de
2760 595 3054 667 longinquo
3083 594 3369 653 adunatos.

1496 729 1511 768 '.
1572 706 1931 764 VARIORUM
1969 708 2200 764 ΝΟΤιΕ.

255 805 361 862 Sed
377 807 604 861 fortasse
620 805 807 861 Graece
824 805 1113 876 scripserat
1135 803 1478 860 Firmilianus
1501 803 1534 860 ἃ
1553 803 1614 864 δή
1639 805 1829 869 πάντα,

254 879 342 934 vel
368 877 488 935 τάδε
512 877 566 934 δὲ
585 879 774 934 πάντα.
800 877 878 933 ID.

329 949 459 1017 Qua:
484 950 612 1018 ipse.
660 949 716 1003 lu
767 949 1067 1004 recentiore
1106 948 1293 1003 codice
1340 947 1657 1017 Remigiano
1700 945 1834 1001 etin

254 1021 554 1091 Anglicano
594 1020 815 1075 Paulelii
860 1020 1074 1090 legitur,
1123 1035 1235 1087 quo:
1285 1021 1330 1091 ei
1383 1018 1842 1091 immeritohobjici

254 1089 512 1147 deberent.
542 1092 631 1147 Sic
660 1091 820 1162 etiam
867 1089 1178 1162 inquatuor
1220 1089 1455 1160 antiquis
1499 1091 1555 1144 in
1603 1089 1841 1146 editione

253 1164 546 1232 Anglicana
566 1161 815 1218 laudatis.

331 1233 580 1288 Omnibus
627 1233 792 1288 nobis.
843 1233 968 1289 Hac
1010 1232 1139 1289 mihi
1172 1232 1421 1288 videntur
1467 1247 1588 1289 esse
1631 1232 1835 1287 luxata.

252 1306 391 1374 Quid
419 1306 464 1360 si
501 1305 709 1376 legatur
732 1306 1026 1360 charissima
1065 1306 1244 1373 frater,
1271 1319 1457 1360 errore
1477 1305 1747 1376 irrepente
1771 1317 1842 1358 ex

253 1375 573 1448 ignorantia
602 1385 872 1442 notarum,
901 1385 958 1431 ut
982 1377 1144 1432 etiam
1171 1376 1444 1432 annotavit
1485 1375 1843 1447 Hieronymus

1939 803 2269 876 inﬂepistola
2317 805 2386 859 ad
2412 805 2615 859 Avitum
2641 804 2708 862 de
2729 805 3007 861 erroribus
3034 804 3284 876 Origenis
3309 847 3321 868 ,
3353 806 3440 862 ubi
3470 807 3546 864 ait

1940 873 2159 948 difﬁcile
2184 889 2329 948 _esse
2386 887 2632 930 notarum
2701 892 2859 946 posse
2926 873 3154 932 servare
3201 877 3542 948 compendia.

1941 946 2128 1020 Simon
2170 946 2736 1020 Goulartiusmonuit
2761 949 2814 1003 in
2860 948 3048 1004 codice
3075 946 3338 1020 episcopi;
3373 950 3546 1004 Acco-

1945 1019 2129 1072 nensis
2177 1021 2432 1086 scriptum
2481 1018 2841 1074 fuissezBene
2872 1030 2920 1074 te
2965 1020 3131 1074 valere
3157 1018 3277 1074 cuni
3299 1020 3545 1076 universis

1944 1091 2030 1160 qui
2057 1089 2108 1142 in
2137 1089 2312 1159 Africa
2332 1100 2450 1142 sunt
2483 1091 2735 1160 episcopis
2766 1102 2812 1146 et
2841 1093 3035 1146 cunctis
3074 1091 3272 1146 clericis
3312 1101 3360 1144 et
3405 1092 3544 1147 omni

1947 1161 2279 1231 fraternitate
2295 1171 2548 1231 optamus.
2579 1161 2751 1229 Quam
2777 1164 3086 1226 lectionem,
3120 1172 3179 1216 ut
3235 1161 3542 1229 meliorem,

1946 1232 2119 1315 Posuit
2149 1231 2585 1315 Reinhartusxlflnt
2608 1234 2959 1315 nihilominus
3004 1248 3104 1301 ego
3154 1235 3383 1303 praefero
3407 1247 3546 1288 con-

1943 1303 2208 1373 jecturam
2259 1320 2456 1357 meam.
2502 1303 2642 1358 Nihil
2702 1315 2878 1359 tamen
2924 1320 3088 1359 ausus
3140 1319 3259 1359 sum
3308 1315 3543 1374 mutare,

1947 1374 2235 1430 destitutus
2264 1375 2582 1430 auctoritate
2604 1385 2843 1431 veterum
2872 1377 3288 1446 exemplarium.

808 1508 3415 1517 mm

877 1588 879 1590 ί
1129 1683 2658 1841 PROLEGOMENA

463 1981 612 2057 DE
669 1981 1192 2058 AUCTORE
1251 1979 1804 2057 ΑΝΟΝΥΜΟ
1860 1977 2156 2054 LIBRI
2206 1976 2350 2049 DE
2408 1974 3319 2055 REBAPTISMATE.

1396 2193 2351 2248 -ο--ιοθοοαοᾶσμ

862 2401 1158 2445 Αιιτιουωε
1194 2402 1233 2445 1.

419 2527 550 2595 Quis
575 2533 754 2581 auctor
772 2526 972 2597 operis,
1005 2535 1171 2595 etquo
1195 2526 1384 2579 saeculo
1411 2522 1642 2594 ﬂoruerit
1659 2522 1685 2576 ?

317 2664 479 2722 Liber
499 2667 562 2720 de
591 2664 985 2732 Rebaptismate,
1012 2666 1187 2738 inquit
1210 2665 1289 2719 vir
1309 2663 1499 2719 doctus
1522 2661 1622 2737 (l),
1651 2677 1682 2717 a
1704 2677 1840 2719 non-

243 2757 400 2815 nullis
448 2759 700 2814 tribuitur
726 2759 922 2817 Ursino
970 2759 1236 2815 monacho
1261 2801 1277 2827 ,
1323 2773 1484 2828 quem
1527 2755 1840 2814 Gennadius

253 2854 512 2910 adversus
539 2869 654 2922 eos,
685 2858 775 2925 qui
803 2852 1210 2925 rebaptizabant
1239 2851 1441 2908 szeculo
1460 2866 1534 2914 tv,
1556 2849 1841 2920 scripsisse

243 2955 474 3004 testatur
503 2946 605 3020 (2).
642 2947 772 3017 Quae
789 2945 969 3004 Ursini
998 2946 1247 3002 monachi
1296 2945 1436 3000 lihro
1464 2943 1727 2999 contineri
1764 2942 1843 2998 ait

247 3041 579 3107 Gennadius,
607 3057 670 3097 ea
701 3042 754 3096 in
783 3042 881 3096 hac
907 3042 974 3097 de
995 3040 1400 3111 Rebaptismate
1427 3038 1840 3110 pertractatione

245 3150 352 3191 non
379 3134 601 3192 difﬁcile
621 3145 704 3192 est
724 3135 1179 3192 animadvertere.
1211 3134 1351 3190 Nihil
1383 3135 1524 3190 enim
1556 3133 1698 3190 aliud
1728 3133 1840 3206 agit

241 3239 449 3295 auctor,
476 3229 799 3300 quicumque
831 3228 1047 3284 tandem
1075 3228 1165 3283 ille
1192 3227 1284 3295 sit,
1318 3227 1418 3282 nisi
1449 3236 1505 3281 ut
1531 3241 1628 3282 eos
1662 3226 1753 3297 qui
1782 3226 1836 3281 in

241 3324 440 3380 hmresi
491 3323 746 3394 baptizati
798 3333 925 3378 sunt
969 3339 1075 3380 non
1126 3320 1574 3393 rebaptizaudos,
1623 3320 1718 3376 sed
1767 3321 1838 3376 ad

240 3418 512 3474 saniorem
559 3417 721 3474 fidem
761 3419 1038 3474 conversis
1085 3431 1275 3472 manus
1323 3415 1677 3486 imponendas
1717 3430 1838 3472 esse

240 3511 438 3567 vincat.
471 3509 577 3567 Sed
617 3509 844 3568 Ursinus
890 3510 1057 3567 libelli
1086 3509 1247 3580 hujus
1284 3519 1472 3565 auctor
1520 3509 1688 3566 videri
1730 3524 1836 3566 non

238 3613 454 3675 potest,
501 3604 604 3660 nisi
647 3605 935 3675 episcopus
969 3603 1138 3659 fuisse
1172 3602 1334 3659 tertio
1376 3602 1576 3658 szeculo
1604 3602 1836 3659 dicatur.

239 3693 574 3767 Episcopum
614 3709 673 3750 se
701 3709 823 3750 esse
865 3701 1050 3749 noster
1091 3693 1181 3748 ille
1221 3692 1470 3763 Scriptor
1508 3691 1712 3748 diserte
1742 3691 1837 3747 de-

1867 2382 1917 2440 B
1945 2377 2098 2434 simre
2128 2377 2315 2434 matris
2342 2376 2598 2432 Ecclesiae
2632 2377 2895 2433 adversus
2924 2377 3101 2448 prisca
3129 2375 3379 2434 consulta
3420 2383 3545 2448 post

1945 2479 2025 2526 tot
2053 2471 2376 2526 szeculorum
2408 2479 2608 2526 tantam
2650 2470 2847 2526 seriem
2885 2485 3027 2526 nunc
3061 2471 3292 2540 primum
3319 2480 3545 2542 repente

1942 2579 2004 2619 ac
2029 2567 2146 2620 sine
2172 2565 2386 2620 ratione
2412 2564 2713 2640 insurgere.
2747 2583 2767 2615 ι
2801 2563 2994 2635 Colligi
3023 2579 3090 2619 ex
3119 2563 3204 2619 his
3229 2563 3408 2620 verbis
3434 2579 3544 2620 non

1941 2656 2100 2713 debet
2128 2665 2402 2713 auctorem
2433 2657 2634 2712 saeculo
2673 2665 2868 2728 quarto
2903 2657 3129 2720 vixisse,
3169 2654 3266 2712 sed
3309 2665 3544 2712 tantum-

1945 2749 2108 2806 modo
2138 2765 2258 2804 eum
2283 2749 2336 2804 in
2359 2748 2736 2821 exaggerando
2765 2763 2872 2804 non
2899 2749 3055 2804 valde
3084 2747 3327 2805 timidum
3354 2747 3542 2807 fuisse.

1941 2843 2073 2899 Nam
2099 2851 2456 2915 praeterquam
2486 2843 2626 2913 quod
2649 2859 2716 2899 ne
2742 2852 2936 2916 quarto
2963 2844 3178 2916 quidem
3202 2845 3403 2900 saeculo
3424 2845 3543 2901 sine

1941 2938 2172 2994 absurda
2209 2937 2627 3009 cxaggeratione
2670 2937 2908 3008 objicere
2933 2938 3105 3008 potuit
3133 2947 3204 2991 tot
3235 2937 3540 2992 saeculorum

1940 3040 2136 3085 tantum
2176 3031 2378 3095 seriem,
2419 3039 2569 3087 certe
2613 3031 2890 3102 conceptis
2934 3031 3115 3085 verbis
3142 3029 3384 3086 declarat
3415 3039 3541 3086 tunc

1942 3123 2174 3196 primum
2224 3123 2656 3179 controversiam
2711 3123 2779 3180 de
2831 3122 3106 3194 Baptismo
3163 3123 3540 3180 bmreticorum

1939 3216 2239 3281 exarsisse;
2263 3215 2406 3287 quod
2433 3214 2633 3271 saeculo
2665 3214 2824 3270 tertio
2851 3216 3068 3285 proprie
3093 3215 3360 3286 congruit.
3397 3214 3539 3284 Quin

1939 3311 2100 3366 etiam
2145 3309 2471 3382 Cyprianum
2516 3311 2722 3381 ipsum,
2775 3310 2937 3366 tacito
2987 3311 3234 3376 nomine,
3278 3319 3336 3364 ut
3361 3308 3539 3364 adhuc

1939 3405 2211 3460 viventem
2241 3412 2294 3458 et
2322 3403 2566 3460 diversas
2595 3413 2776 3474 partes
2805 3403 3127 3459 auctoritate
3163 3416 3256 3457 sua
3297 3409 3537 3458 tuentem

1937 3506 2230 3570 oppugnat.
2279 3495 2481 3551 Statuit
2528 3497 2672 3552 enim
2705 3494 2786 3568 (6)
2833 3495 3101 3567 ejusmodi
3147 3513 3168 3547 ‹
3203 3493 3536 3551 Controver-

1937 3592 2136 3648 siarum
2164 3591 2371 3647 nullum
2395 3605 2516 3647 esse
2544 3589 2796 3658 fructum,
2829 3591 2928 3647 nisi
2956 3599 3014 3646 ut
3040 3604 3178 3646 unus
3205 3589 3390 3657 homo,
3419 3591 3536 3662 qui-

1937 3698 2168 3756 cumque
2195 3683 2285 3737 ille
2307 3693 2412 3748 est,
2435 3699 2642 3754 magnae
2666 3682 2969 3756 prudentiae
2994 3691 3049 3738 et
3070 3683 3387 3738 constantia:
3413 3697 3535 3738 esse

236 3787 432 3843 clarat.
467 3806 485 3840 ‹
515 3785 788 3858 Siquidem
836 3802 931 3857 per
961 3801 1062 3841 nos
1097 3784 1358 3856 baptisma
1401 3783 1659 3850 tradetur,
1701 3805 1720 3837 ι
1753 3783 1836 3839 ἰη-
1860 3775 1906 3838 C
1938 3776 2079 3846 apud
2108 3775 2372 3848 quosdam
2404 3777 2552 3831 leves
2597 3776 2846 3832 homines
2897 3775 3042 3830 inani
3071 3774 3238 3846 gloria
3273 3773 3535 3845 praedice-

234 3881 352 3953 quit
377 3881 458 3954 (5)
495 3900 515 3933 ι
558 3881 766 3952 integre
800 3888 854 3934 et
884 3878 1218 3945 solemniter,
1259 3889 1315 3934 et
1362 3894 1457 3950 per
1495 3878 1673 3934 omnia
1711 3894 1831 3950 quae

236 3974 435 4044 scripta
485 3983 610 4029 sunt
657 3973 989 4044 adsignetur,
1037 3983 1198 4043 atque
1244 3973 1364 4029 sine
1395 3971 1501 4026 ulla
1541 3971 1704 4027 ullius
1750 3971 1830 4028 rei

238 4067 582 4140 separatione
614 4067 886 4133 tradatur;
920 4075 1009 4121 aut
1038 4067 1082 4121 si
1114 4082 1142 4120 a
1173 4067 1383 4121 minore
1427 4065 1577 4121 clero
1615 4081 1710 4136 per
1737 4079 1833 4121 ne-

238 4161 549 4216 cessitalem
582 4160 836 4214 traditum
871 4158 1314 4225 fuerit,eventum
1345 4167 1739 4228 exspectemus,
1775 4165 1830 4211 ut

243 4265 338 4309 aut
377 4255 688 4326 suppleatur
713 4272 744 4309 a
783 4255 970 4319 nobis,
1002 4263 1093 4308 aut
1126 4269 1157 4308 a
1197 4253 1423 4308 Domino
1470 4252 1828 4324 supplendum

238 4358 566 4404 reservetur.
604 4368 621 4402 ι
655 4347 956 4404 Occurrunt
1002 4347 1056 4402 in
1101 4346 1291 4402 eodem
1336 4345 1609 4417 Scriptore
1646 4346 1830 4401 sarculi

235 4442 379 4496 tertii
411 4443 704 4512 perspicuze
735 4451 893 4496 notae.
936 4441 1026 4496 Sic
1056 4441 1200 4496 enim
1239 4439 1307 4496 de
1339 4449 1448 4494 tota
1481 4441 1567 4495 illa
1607 4451 1829 4496 contro-

242 4537 416 4591 versia
439 4537 694 4608 loquitur,
719 4547 777 4591 ut
797 4551 915 4592 eam
942 4550 1132 4590 recens
1151 4544 1391 4591 exortam
1414 4549 1557 4600 esse,
1581 4542 1635 4590 et
1654 4533 1830 4590 adhuc

237 4629 418 4699 vigere
448 4629 667 4685 indicet.
692 4629 782 4685 Ait
807 4629 951 4684 enim
984 4627 1086 4700 (ί),
1118 4627 1338 4683 Monstri
1368 4627 1536 4682 simile
1565 4643 1672 4682 esse
1715 4627 1828 4696 epi-

236 4739 415 4794 scopos
456 4724 579 4778 talia
625 4724 868 4779 scandala
908 4724 1132 4794 cogitare
1158 4740 1177 4778 :
1209 4723 1543 4794 propositum
1574 4721 1676 4778 sibi
1706 4737 1830 4778 esse

241 4818 543 4874 turbulentis
571 4819 857 4872 hominibus
883 4826 938 4872 ut
965 4817 1040 4872 vel
1069 4833 1205 4872 nunc
1234 4833 1381 4870 suum
1404 4817 1658 4888 negotium
1682 4832 1832 4888 agere

235 4909 485 4981 incipiant
525 4911 852 4981 persuadere.
885 4911 940 4965 In
976 4911 1094 4982 ipso
1133 4910 1252 4966 loco
1278 4909 1405 4975 illo,
1433 4909 1522 4980 qui
1549 4925 1580 4964 a
1614 4909 1832 4964 Baluzio

234 5003 506 5074 objicitur,
539 5005 667 5059 utile
704 5019 824 5058 esse
856 5003 1047 5058 statuit
1081 5000 1161 5075 (5)
1194 5022 1206 5057 :
1245 5020 1264 5054 ι
1305 5011 1382 5057 tot
1419 5016 1682 5056 annorum
1728 5009 1832 5056 tot-

235 5111 338 5167 que
369 5096 759 5163 Ecclesiarum,
790 5096 1024 5166 itemque
1047 5093 1430 5166 Apostolorum
1458 5103 1513 5150 et
1540 5097 1827 5165 episcopo-

1933 3879 2040 3935 tur,
2085 3879 2140 3924 et
2182 3869 2560 3924 haereticorum
2605 3878 2824 3940 stupore
2875 3867 3155 3938 prmditus,
3193 3867 3389 3938 quibus
3430 3867 3533 3922 hoc

1933 3976 2097 4015 unum
2128 3961 2375 4015 solatium
2421 3969 2524 4027 est,
2563 3960 2608 4014 si
2651 3975 2755 4015 non
2797 3959 2900 4014 soli
2949 3974 3174 4030 peccare
3219 3958 3528 4029 videantur,

1933 4070 2148 4111 errores
2183 4063 2237 4110 et
2267 4055 2394 4108 vitia
2432 4055 2804 4108 universarum
2849 4054 3200 4110 ecclesiarum
3229 4053 3535 4109 correxisse

1932 4149 2072 4220 apud
2113 4149 2416 4204 simillimos
2442 4149 2524 4202 sui
2555 4158 2609 4202 et
2649 4161 2932 4218 compares
2979 4148 3303 4204 celebretur.
3342 4165 3361 4200 ι
3397 4145 3529 4216 Quis

1933 4244 2206 4317 Cypriano
2266 4255 2370 4300 tam
2428 4243 2660 4314 indignis
2711 4243 2886 4298 modis
2935 4243 3254 4298 convitiatus
3310 4241 3531 4312 fuisset,

1935 4348 2218 4410 postquam
2271 4337 2536 4393 maculam
2565 4338 2796 4402 erroris,
2832 4352 2991 4408 quem
3040 4353 3145 4392 non
3179 4337 3297 4390 sine
3323 4350 3533 4392 summa

1932 4431 2099 4486 animi
2130 4430 2502 4486 moderatione
2533 4431 2586 4485 in
2619 4445 2678 4486 re
2706 4429 2943 4485 nondum
2974 4430 3152 4484 decisa
3195 4428 3529 4496 defenderat,

1932 4524 2192 4596 martyrio
2216 4523 2493 4588 abstersit,
2522 4523 2748 4594 ejusque
2775 4523 3032 4590 nominis,
3056 4521 3373 4592 refrigerato
3403 4536 3534 4577 con-

1933 4617 2186 4672 tentionis
2215 4626 2371 4683 aestu,
2414 4632 2628 4672 summa
2657 4615 2862 4673 exSIitit
2900 4617 2952 4670 in
2991 4616 3239 4672 omnibus
3275 4615 3531 4671 Ecclesiis

1932 4710 2130 4767 celebri
2139 4711 2254 4766 tas?

2006 4802 2136 4869 Quae
2165 4803 2232 4858 de
2266 4803 2424 4874 hujus
2465 4804 2717 4874 anonymi
2765 4801 3044 4872 scriptoris
3072 4810 3228 4856 (etate
3270 4800 3532 4858 hactenus

1933 4895 2222 4952 edisseruit
2251 4896 2334 4951 vir
2358 4897 2694 4951 clarissimus
2719 4895 2989 4962 Maranus,
3014 4895 3135 4951 aliis
3161 4911 3377 4966 quoque
3402 4895 3532 4952 doc-

1932 4991 2070 5046 trina
2099 4999 2152 5045 et
2177 4989 2481 5046 eruditione
2511 4991 2887 5062 praestantibus
2916 4990 3027 5059 jam
3062 4989 3268 5060 pridem
3302 4990 3530 5060 probata

1933 5091 2249 5143 noscuntur.
2276 5083 2561 5154 Rigaltius,
2586 5085 2674 5154 qui
2700 5085 2904 5156 primus
2927 5084 3071 5138 inter
3093 5093 3250 5139 notas
3275 5083 3340 5138 ad
3363 5099 3528 5154 opera

233 5205 351 5244 rum
388 5191 687 5246 auctoritati
723 5205 844 5244 cum
875 5191 1014 5246 bona
1041 5190 1249 5244 ratione
1297 5189 1660 5259 acquiescere,
1711 5204 1831 5244 cum

1941 5174 1997 5230 S.
2027 5177 2276 5248 Cypriani
2310 5177 2452 5231 hunc
2498 5185 2778 5231 tractatum
2823 5174 3011 5237 edidit,
3059 5189 3190 5229 usus
3217 5176 3528 5246 apographo

233 5281 304 5338 sit
322 5283 610 5339 maximum
635 5281 1036 5338 incommodum
1059 5291 1217 5351 atque
1238 5279 1579 5351 diSpcndium
1603 5281 1831 5336 sanctis-

305 5440 388 5513 (l)
441 5441 697 5496 Prudent.
760 5441 986 5507 Marum,
1045 5440 1096 5494 in
1153 5437 1592 5513 VitaACypriuni,
1648 5439 1676 5512 §
1732 5439 1825 5510 55,

232 5511 354 5584 pag.
385 5527 565 5578 cxxvt,
593 5514 723 5568 edit.
756 5513 946 5576 Paris,
977 5521 1182 5584 ethag.
1208 5511 1330 5575 H7,
1366 5511 1495 5584 edit.
1523 5511 1713 5567 Venet.

340 5554 354 5568 .
385 5529 565 5578 cxxvt,
593 5529 723 5568 etut.
756 5529 946 5576 rarts,
977 5529 1032 5566 et
1063 5529 1182 5581 pag.
1208 5529 1266 5565 ιι
1288 5529 1330 5575 ι,
1366 5529 1495 5565 emt.

301 5529 360 5654 is
415 5584 685 5648 Gennad.,
712 5583 774 5638 de
799 5584 990 5655 Script.
1026 5583 1247 5647 Eccles.,
1273 5599 1394 5654 cap,
1416 5582 1508 5637 27.

301 5585 382 5768 gi
406 5662 697 5768 ll‘tduogyzm"
727 5657 790 5710 de
813 5655 1150 5726 Rebaptism.,
1182 5654 1210 5727 §
1246 5657 1334 5712 10.

326 5658 382 5768 5)
406 5662 697 5728 Anonym.,
727 5658 784 5710 de

301 5658 382 5873 ig;
412 5726 784 5870 ait...

1936 5265 2315 5323 Sirmondiano
2343 5285 2408 5324 ex
2439 5270 2606 5325 veteri
2647 5268 2832 5324 codice
2866 5269 3178 5323 monasterii
3208 5267 3264 5324 S.
3300 5269 3526 5340 Remigii

1933 5360 2205 5432 descripto
2229 5403 2245 5430 ,
2273 5363 2482 5418 censuit
2512 5363 2591 5435 (7)
2619 5364 2857 5418 auctoris
2879 5377 3000 5416 esse
3026 5362 3094 5416 ab
3129 5378 3246 5418 aevo
3274 5365 3526 5436 Cypriani

1931 5467 2118 5525 parum
2153 5454 2420 5511 distantis.
2461 5455 2751 5526 Rigaltium
2793 5463 3011 5510 secutus
3044 5464 3128 5510 est
3168 5455 3522 5527 (lyprianico-

2013 5653 2091 5727 (6)
2120 5654 2219 5724 ld.,
2253 5657 2408 5724 ibid.,
2437 5657 2465 5730 §
2495 5659 2548 5712 1.

2002 5730 2081 5806 (“_7)
2135 5728 2357 5806 Rigalt”
2404 5737 2471 5787 au
2522 5730 2664 5802 Opp.
2705 5729 2987 5804 Cyprian.,
3036 5749 3159 5806 pag.
3213 5733 3338 5802 153,
3385 5731 3517 5790 edit.

1928 5799 2125 5869 Paris,
2149 5799 2312 5858 1666.
