1997 3170
256 0 432 11 -ι--νν--ν-η--ν
452 0 545 9 -------ι
569 0 718 12 -v--—~--.—v

256 32 310 51 non
326 24 419 59 potuit,
442 29 471 51 ut
489 24 566 54 alteri
588 23 730 53 sententiae
753 23 885 51 calculum
909 23 1049 58 adjiceret.

258 70 311 98 Sed
327 71 431 98 caeteris
456 71 540 98 multo
562 71 651 98 acritts
674 78 730 97 rem
748 70 922 105 investigasse
946 69 1051 98 videtur

258 116 445 146 Tillemontius
459 116 517 152 (5);
534 117 580 153 qui
594 124 626 144 eo
641 123 727 151 usqtte
742 115 849 143 demum
866 116 1004 150 processit,
1024 120 1052 142 ιιι

258 172 311 193 non
324 164 410 194 solum
427 165 534 193 vivente
546 165 634 192 adhuc
645 164 790 200 Cypriano,
806 163 852 191 sed
865 164 943 192 etiam
958 167 1051 191 contra

257 212 401 249 ipsummet
412 212 568 246 episcopum
586 211 834 246 Carthaginiensem
847 211 974 245 scriptum
984 217 1052 244 opus

258 258 391 286 definiret.
406 258 469 287 Htec
484 262 525 286 est
536 265 642 295 quoque
653 258 785 286 sententia
800 258 840 285 Cl.
857 257 987 284 Gallandii
1000 256 1050 292 (4),

257 306 300 333 cui
312 306 367 340 jam
387 306 535 342 prmluxere
550 305 697 335 doctissimi
712 305 844 334 duumviri
866 303 1052 333 Tilletnoutius

257 356 286 380 et
300 351 440 381 Ccillierus
456 353 508 389 (5).

557 418 704 441 Διιτιουιυε
719 419 748 439 ll.

476 471 595 507 Attaluu‘s
610 472 686 507 hujus
701 471 829 507 opusculi.

296 530 337 557 Ab
361 530 437 557 initio
465 530 581 557 dilucide
604 530 732 564 proponit
754 534 851 557 statum
880 528 1053 564 qurcstiouis;

259 575 355 603 deinde
370 577 495 604 observat
508 575 565 611 (6):
580 585 588 601 ‹
604 575 737 603 Nonnulla
749 584 829 610 super
841 575 889 606 hac
903 583 969 603 nova
983 582 1055 610 quaa-

1260 0 1274 4 -
1289 0 1416 5 —-—..——...
1429 0 1577 7 v-['——-—--'v-
1593 0 1625 5 --.
1638 0 1812 7 --υ---ριννν-..ηι

1102 0 1274 12 ...Ὺηηη-..ν
1289 0 1416 5 _.-..__...
1429 0 1577 12 ..ν--.-ων
1593 0 1625 5 _-
1638 0 1833 7 _-...-.-.._-...-
1848 0 1861 7 ,γ

1101 23 1182 52 ritum
1202 28 1324 50 sanctum
1340 22 1460 51 instituta
1476 27 1617 57 separatus
1635 23 1679 52 sit.
1702 33 1711 50 ι
1729 23 1788 51 Nam
1805 0 1862 53 dubi-

1103 71 1153 99 tari
1175 79 1227 99 non
1247 75 1352 106 potest,
1373 81 1382 96 ι
1400 71 1485 106 inquit
1505 78 1656 107 an0nymus
1670 71 1709 108 (8)
1726 82 1735 98 ι
1752 73 1812 106 quod
1830 74 1863 101 ho-

1102 118 1195 146 dierno
1207 126 1313 153 quoque
1325 117 1367 145 die
1379 125 1427 146 usu
1435 117 1518 149 venit.
1529 122 1556 144 ut
1567 118 1687 154 plerique
1694 123 1751 152 past
1760 119 1863 153 baptisma

1102 164 1159 191 sine
1171 164 1342 198 impositione
1356 171 1482 190 manuum
1497 164 1616 199 episcopi
1630 163 1664 191 de
1677 165 1773 192 smeulo
1782 171 1863 200 exeant,

1102 215 1129 238 et
1142 216 1229 239 tamen
1246 218 1295 246 pro
1312 210 1439 246 perfectis
1450 211 1573 239 fidelibus
1589 211 1789 239 babeantur.....
1802 213 1843 240 Aut
1850 214 1864 240 si

1103 257 1186 291 dicas,
1200 267 1209 283 ι
1225 257 1309 293 pergit
1323 260 1491 293 Anonymus,
1503 266 1513 283 ι
1529 257 1683 293 huiusmodi
1694 258 1816 286 hominem
1827 260 1865 286 tal-

1103 313 1165 332 vum
1176 312 1228 332 non
1241 312 1320 340 posse
1332 305 1398 338 fieri,
1407 305 1531 332 omnibus
1539 305 1674 341 episcopis
1685 306 1791 338 salutem
1800 306 1866 334 adimi-

1103 359 1174 383 mus,
1182 359 1248 386 quos
1257 352 1293 379 ita
1306 352 1429 386 periculis
1439 359 1518 386 quam
1530 352 1689 382 certissimis
1701 352 1839 387 adstringis,
1847 359 1866 380 ut

1103 397 1229 424 omnibtts
1239 397 1399 430 hominibus,
1410 399 1456 432 qui
1470 398 1519 425 sub
1531 405 1594 425 cura
1605 405 1698 425 eorum
1710 398 1868 433 agunt,etlnc

1104 449 1184 479 atque
1199 444 1259 471 illac
1269 444 1398 479 dispersis
1412 445 1566 480 regionibus
1579 445 1699 479 ipsorttm
1712 444 1867 478 infirmantur;

1104 498 1152 525 per
1165 491 1324 526 semetipsos
1336 491 1481 518 subvenire
1491 490 1623 522 debeant;
1635 490 1697 525 quia
1712 490 1798 517 ceteri
1806 491 1867 517 homi-

1104 544 1152 564 nes
1161 537 1277 563 minores
1286 536 1400 568 clericis,
1415 536 1460 572 qui
1472 536 1663 571 periclitantur,
1682 537 1732 563 hoc
1742 536 1805 563 idetn
1818 544 1866 572 pra-

1105 586 1177 610 Itare
1192 589 1244 613 non
1260 584 1383 619 possint:
1407 590 1442 615 ne
1465 583 1574 618 sanguis
1588 590 1695 616 eorum,
1712 583 1756 618 qui
1771 583 1834 610 vacui
1845 582 1868 609 de

259 622 348 649 stione
361 622 462 657 scripta
478 627 524 649 aut
536 622 666 656 rescripta
678 629 749 654 esse,
759 622 856 656 quibus
869 626 981 656 utraque
994 627 1055 655 pars

1107 629 1206 656 stacqu
1216 630 1306 659 exisse
1318 630 1491 662 videbuntur,
1512 630 1545 657 de
1561 637 1641 656 manu
1653 629 1830 664 episcoporum
1838 637 1869 656 ne-

259 669 293 696 ad
309 669 472 696 destruenda
483 669 570 696 aliena
583 676 689 695 summo
702 668 792 695 stttdio
805 668 948 695 nitebatur.
963 677 973 693 »
989 668 1055 695 llinc

260 715 434 744 doctissimus
453 715 605 746 Gcitlierius
616 715 713 745 merito
724 715 825 752 colligit
836 720 973 747 auctorem
985 715 1056 743 hune

261 768 294 788 eo
310 765 432 796 tempore
447 761 604 796 scripsisse,
619 769 671 796 quo
686 761 760 796 plura
780 761 834 795 jam
851 761 950 795 scripta
967 769 1015 795 pro
1029 765 1056 788 et

260 813 353 836 contra
367 808 527 843 baptismum
543 808 728 836 haereticorum
744 813 852 835 exarata
868 807 982 835 fuerant.
1004 817 1012 832 ι
1027 807 1054 834 In

260 862 314 890 quo
337 863 454 890 genere,
477 865 486 881 ι
510 856 597 890 pergit
617 863 786 890 anonymus,
807 864 816 880 ‹
836 855 1010 889 ψιῑιξειίοιιὶε,
1027 859 1056 881 ut

262 901 328 929 mihi
343 901 461 935 videtur,
476 902 547 929 nulla
561 902 652 929 omnio
667 903 797 938 potuisset
810 902 994 929 controversia
1010 905 1057 928 aut

261 947 420 984 disceptatio
435 955 590 983 emergere,
606 948 628 975 si
647 948 830 987 unusquisque
853 951 973 974 nostrum
990 955 1056 974 con—

259 997 349 1020 tentus
362 994 509 1021 venerabili
526 993 706 1022 Ecclesiarum
724 994 844 1021 omnium
860 994 1018 1021 auctoritate
1029 998 1056 1020 et

261 1040 412 1067 necessaria
435 1040 586 1068 humilitate
607 1041 675 1067 nihil
698 1041 827 1068 innovare
845 1040 970 1075 gestiret,
993 1048 1054 1068 cum

262 1086 350 1115 locum
366 1087 570 1116 contradictioni
586 1095 639 1114 non
654 1088 801 1123 quemlibet
818 1087 1054 1115 animadverteret.

259 1133 381 1168 Namque
404 1142 498 1166 omne,
515 1134 586 1170 quod
608 1138 635 1162 et
656 1142 756 1169 anceps
776 1139 803 1161 et
823 1134 974 1170 ambiguum
989 1135 1054 1166 etin

261 1180 375 1207 diversis
391 1180 533 1208 sententiis
550 1181 720 1217 prudentium
746 1185 773 1209 et
793 1171 912 1208 fidelium
936 1181 1054 1209 virorum

260 1229 435 1256 constitutum
455 1234 512 1262 est,
527 1229 548 1256 si
565 1235 657 1257 contra
674 1229 788 1267 priscam
810 1233 837 1255 et
853 1228 1054 1256 memorabilem

261 1278 419 1302 cunctorum
435 1275 609 1304 emeritorum
623 1280 775 1303 sanctorum
790 1279 814 1301 et
828 1275 944 1302 fidelium
957 1274 1055 1302 solem-

1107 684 1182 703 cesse
1207 676 1304 703 habeat
1328 676 1439 712 requiri.
1464 686 1474 702 ι
1502 676 1608 704 Exinde
1635 676 1791 709 concludit,
1820 675 1870 709 quod

1106 723 1213 758 quando
1236 724 1385 759 baptismus
1398 723 1425 750 in
1441 724 1548 757 nomine
1561 723 1625 756 Iesu
1640 723 1819 763 praecesserit.
1838 730 1870 758 per

1106 771 1191 798 solam
1204 779 1300 798 manus
1316 771 1516 805 intpositionem
1533 770 1654 805 episcopi
1669 771 1755 806 possit
1767 770 1870 804 ejusmodi

1107 817 1208 848 homini
1224 817 1365 853 ptenitenti
1380 824 1411 844 ac
1426 817 1547 844 credenti
1560 817 1642 844 etiam
1656 817 1772 851 Spiritus
1790 820 1872 843 sanctus

1107 862 1204 896 tribui,
1234 863 1297 898 quin
1314 870 1426 890 necesse
1436 863 1565 897 sitqureri
1587 863 1669 898 quale
1684 862 1750 890 illud
1770 862 1872 897 baptism

1106 911 1195 942 fuerit,
1205 910 1275 945 quod
1285 911 1310 937 in
1323 910 1432 937 nomine
1443 909 1507 937 Jesu
1517 909 1618 937 Christi
1629 913 1791 937 consecutus
1799 908 1872 943 est(9).

1106 958 1224 986 Ascribit
1235 957 1358 985 eamdem
1373 955 1520 983 efficaciam
1535 956 1670 991 baptismo
1683 956 1795 991 Spiritus
1811 954 1873 982 sancti

1107 1004 1166 1031 sine
1176 1003 1223 1030 illo
1236 991 1331 1038 aqiue,
1348 1003 1400 1030 hoc
1415 1003 1494 1029 nixus
1515 1002 1707 1035 fundamento,
1734 1002 1792 1037 quia
1811 1001 1872 1027 virtus

1106 1049 1297 1078 nominisJesu
1309 1049 1408 1077 Christi
1423 1053 1496 1076 tanta
1511 1054 1562 1082 est,
1580 1058 1589 1074 ι
1606 1054 1634 1076 ut
1650 1056 1734 1085 super
1747 1055 1873 1083 quemcum-

1106 1105 1159 1132 que
1173 1097 1310 1124 hominum
1324 1096 1483 1132 baptismate
1498 1097 1638 1129 invocata,
1658 1105 1668 1122 ι
1687 1095 1720 1122 ad
1732 1095 1833 1122 salutem
1844 1100 1872 1121 as-

1106 1143 1270 1178 sequendaut
1294 1150 1347 1169 non
1370 1142 1502 1171 modicatn
1520 1151 1529 1168 ι
1549 1142 1758 1177 praerogativam
1774 1145 1874 1178 praestare

1107 1191 1236 1226 possit....
1255 1199 1264 1216 ι
1282 1191 1314 1217 Et
1324 1190 1379 1223 ille,
1397 1190 1422 1217 in
1432 1197 1501 1226 _quo,
1514 1197 1574 1218 cttm
1589 1189 1781 1225 baptizaretur,
1798 1187 1874 1214 (iuro-

1106 1242 1195 1268 catum
1209 1242 1283 1265 esset
1299 1237 1323 1263 in
1336 1224 1446 1264 nomine
1460 1236 1524 1265 Jesu
1535 1257 1541 1268 .
1559 1236 1623 1265 licet
1639 1237 1666 1263 in
1681 1236 1769 1271 aliquo
1781 1242 1872 1263 errore:

1107 1289 1153 1313 aut
1168 1289 1279 1319 peccato
1290 1283 1468 1315 detineretur,
1487 1293 1496 1309 ι
1516 1283 1537 1310 si
1549 1290 1673 1313 errorem
1686 1290 1762 1310 suum
1775 1281 1874 1316 corrigat,

262 1322 401 1350 nissitnam
417 1322 634 1349 observationem
655 1322 792 1360 judicatur
802 1342 809 1356 ,
827 1321 948 1348 damnari
963 1321 1054 1359 utique
1067 1332 1089 1363 ρ
1107 1331 1168 1364 [ξάρὲ
1181 1331 1323 1358 vernalem
1337 1335 1466 1367 agnoscat
1476 1351 1484 1363 ν
1494 1333 1521 1357 ει
1531 1337 1640 1358 omnem
1659 1328 1747 1356 labem
1762 1327 1875 1363 “mmini

261 1367 353 1395 debet.
375 1377 383 1393 ι

298 1414 404 1448 Postea,
413 1415 461 1450 §2,
474 1414 621 1442 discutiens
635 1414 822 1450 qua‘stionem,
834 1413 886 1441 duo
897 1414 1056 1449 baptismata

263 1461 418 1496 distinguit,
435 1470 516 1488 unum
539 1469 632 1498 aqum,
648 1465 675 1489 et
694 1460 806 1489 alterum
829 1460 944 1494 Spiritus
966 1459 1056 1487 Sancti

263 1507 410 1535 secundum
424 1508 505 1535 verba
518 1508 546 1536 S.
561 1507 673 1536 Joannis
687 1507 813 1543 Baptista:
829 1506 936 1542 (Matth.
952 1515 989 1539 tn,
1005 1507 1033 1533 11
1047 1515 1055 1538 ;

265 1553 349 1581 Marci
370 1562 388 1588 ι,
413 1554 445 1586 7;
471 1554 534 1581 Luc.
552 1562 594 1587 ιιι,
612 1553 662 1587 ‘16;
676 1553 737 1580 Joa.
754 1562 772 1586 I,
791 1552 856 1589 27),
879 1553 922 1587 qui
944 1559 999 1589 post
1020 1561 1058 1580 me

263 1601 341 1635 venit,
354 1600 446 1637 fortior
461 1609 500 1627 me
519 1606 565 1634 est,
581 1602 655 1637 cujus
670 1609 715 1636 ego
731 1609 781 1627 non
795 1608 851 1627 sum
867 1600 957 1635 dignus
976 1600 1057 1626 corri-

264 1648 331 1684 giam
345 1648 511 1675 calceumenti
521 1649 626 1680 solvere,
640 1648 696 1681 ipse
710 1656 753 1675 vos
766 1647 903 1682 baptizabit
918 1647 942 1674 in
960 1647 1059 1680 Spiritu

263 1698 350 1720 sancto
365 1699 386 1720 et
402 1694 465 1729 igni.
487 1694 517 1720 Et
528 1694 605 1721 Jesus
619 1692 741 1721 Christus
756 1693 869 1727 ipsemet
883 1693 950 1720 dixit
961 1703 967 1721 :
977 1693 1057 1720 Joan-

264 1748 307 1766 nes
325 1740 426 1775 quidem
450 1740 585 1774 baptizavit
604 1748 686 1775 aqua,
702 1747 744 1766 vos
766 1745 851 1767 autent
869 1739 1059 1775 baptizabimini

265 1787 364 1822 Spiritu
376 1791 462 1814 sumta
475 1795 525 1815 non
537 1792 591 1822 post
604 1788 696 1814 multos
706 1788 751 1813 Iros
759 1787 821 1814 dies.
838 1786 980 1814 Cornelius
988 1795 1059 1814 rece-

262 1834 301 1869 pit
323 1835 484 1869 baptismum
505 1835 621 1870 Spiritus
635 1835 735 1868 sancti,
750 1839 892 1868 antequam
911 1834 1060 1869 recepisset

263 1880 338 1908 illum
360 1889 437 1917 aqua:
453 1881 521 1915 (Act.
533 1890 551 1914 ι,
567 1883 594 1914 4,
610 1880 666 1918 5.);
686 1886 712 1909 ct
731 1885 839 1908 econtra
863 1880 985 1915 Apostoli
1000 1880 1060 1915 bap-

264 1927 337 1956 tizati
359 1928 386 1956 in
406 1936 474 1963 aqua
496 1929 569 1955 fuere
585 1928 665 1962 longo
681 1933 812 1963 tempore,
829 1931 971 1963 antequam
986 1935 1061 1954 rece—

264 1974 368 2009 pissent
393 1975 521 2010 Spiritum
553 1980 673 2001 sanctnm
708 1974 759 2012 (7).
783 1973 872 2002 Utitur
901 1973 943 2001 hic
968 1978 1061 2000 auctor

1107 1377 1319 1406 conversationis
1332 1376 1481 1410 abscindat,
1497 1381 1524 1404 et
1535 1376 1568 1403 ad
1580 1375 1734 1403 Ecclesiam
1743 1395 1750 1407 ,
1765 1378 1790 1402 et
1801 1373 1828 1401 ad
1836 1372 1874 1407 epi-

1108 1432 1219 1464 scopum
1228 1424 1328 1456 veniat,
1337 1424 1536 1457 intpositionem
1543 1429 1672 1450 manuum
1681 1422 1766 1457 ipsius
1779 1420 1874 1455 recipiat,

1108 1471 1223 1506 accipiat
1237 1470 1365 1507 Spiritutn
1384 1474 1519 1503 sanctum,
1533 1469 1597 1505 quin
1611 1468 1790 1502 invocationis
1805 1465 1874 1493 iillius

1109 1517 1288 1553 prmcedenlis
1312 1516 1429 1546 nominis
1449 1516 1512 1546 Jesu
1532 1516 1651 1553 legitime
1667 1515 1809 1543 celebrata:
1819 1520 1873 1541 cere-

1109 1564 1207 1591 monia:
1223 1563 1337 1591 frttctum
1350 1563 1472 1596 amittat,
1489 1570 1548 1598 qua:
1565 1569 1652 1589 tamen
1670 1562 1729 1589 sola
1741 1568 1790 1588 non
1803 1558 1876 1590 sufﬁcit

1110 1611 1143 1638 ad
1158 1611 1271 1638 salutem
1283 1631 1290 1644 ,
1311 1618 1371 1646 qua:
1385 1615 1474 1638 autern
1491 1610 1583 1644 incipit
1597 1609 1699 1637 habere
1711 1606 1848 1637 efficaciam
1858 1609 1875 1634 et

1109 1659 1236 1686 virtutem
1257 1669 1265 1685 ι
1283 1659 1451 1686 correctione
1466 1659 1566 1686 erroris
1578 1663 1604 1685 et
1617 1657 1756 1692 agnitione
1774 1654 1874 1686 veritatis,

1110 1711 1136 1733 et
1151 1706 1270 1734 abscissa
1293 1706 1366 1733 omni
1383 1705 1444 1732 labe
1460 1704 1604 1740 prieteritar
1626 1702 1844 1731 conversationis,
1858 1704 1876 1725 et

1110 1751 1268 1785 accedente,
1281 1751 1353 1787 quod
1366 1751 1475 1783 deerat,
1499 1750 1688 1788 supplemento
1705 1759 1714 1776 ι
1732 1757 1778 1784 per
1793 1745 1875 1782 imposi-

1111 1799 1213 1827 ti0nem
1243 1806 1381 1826 manuum.
1418 1798 1516 1826 Probat
1543 1801 1677 1825 assertum
1706 1796 1756 1824 hoc
1779 1792 1876 1827 exemplo

1110 1846 1293 1881 apostolorum
1309 1844 1380 1881 (10),
1397 1844 1441 1881 qui
1469 1849 1609 1879 postquam
1630 1842 1766 1872 Christum
1779 1842 1876 1869 deserue-

1111 1896 1193 1925 runt,
1210 1895 1290 1928 atque
1306 1891 1384 1918 fidem
1399 1890 1583 1925 abnegarunt,
1599 1897 1651 1916 non
1664 1890 1803 1918 cessabant
1814 1885 1875 1921 bapti-

1112 1946 1191 1971 zare;
1213 1938 1250 1964 ait
1271 1937 1344 1970 dein,
1362 1937 1376 1975 §
1391 1937 1432 1969 f0,
1446 1936 1517 1972 quod
1535 1946 1544 1963 (
1563 1937 1714 1971 baptismus
1729 1936 1761 1963 ab
1774 1932 1876 1970 episcopis

1113 1986 1238 2021 pessima:
1252 1984 1478 2016 conversationis,
1494 1987 1539 2010 aut
1554 1990 1637 2018 prave
1661 1982 1830 2010 sentientibus
1846 1982 1875 2004 till

265 2029 418 2058 anonymus
434 2021 516 2049 .ltiscc
540 2023 670 2058 exemplis
694 2022 726 2049 ad
752 2021 965 2055 ostendendum,
989 2021 1056 2058 quod

1114 2032 1325 2068 imperitioribus
1339 2041 1348 2057 ι
1367 2031 1492 2064 collatus,
1507 2031 1542 2058 sit
1556 2030 1643 2059 bonus
1663 2034 1692 2057 et
1717 2030 1827 2064 integer;
1840 2029 1875 2052 tam

264 2069 314 2096 etsi
336 2077 417 2095 unum
434 2072 480 2094 aut
494 2068 607 2096 altertnn
624 2068 718 2095 horum
738 2067 850 2095 duorum
870 2068 1058 2103 baptismatum

265 2116 403 2143 ordinarie
417 2115 543 2151 conjungi
560 2116 674 2147 soleant.
692 2115 865 2143 nihilominus
885 2119 973 2142 tamen
994 2114 1059 2148 bap-

300 2183 341 2220 (1)
355 2184 436 2216 Fcll.,
454 2189 521 2220 pert.
538 2191 576 2220 In.
591 2183 659 2217 Opp.
674 2182 888 2220 Cyprian.,_p_ag.

301 2217 342 2253 ('2')
357 2220 439 2253 Cave,
455 2217 525 2247 Hist.
542 2219 661 2250 litterar.,
679 2219 710 2245 ait
725 2225 788 2245 ann.
803 2217 856 2245 255
871 2223 897 2253 et
908 2217 970 2245 440.

302 2255 344 2319 (δὲ
356 2252 511 2296 Tillen‘mnt,
524 2254 654 2287 ἶιΙέινιοὶν.1
665 2258 729 2281 tom.
745 2261 780 2286 tv,
796 2261 855 2288 pag.
869 2252 931 2286 629,
948 2256 1004 2279 not.
1015 2259 1058 2278 ιιι.

303 2300 316 2318 r
348 2290 492 2319 .Cvorten.

264 2290 316 2319 Sur
326 2290 354 2319 S.
366 2290 492 2327 Cyprien.

303 2326 343 2362 (ὦ)
357 2327 480 2355 Galland.
500 2325 567 2353 Bibl.
582 2325 643 2362 Yet.
661 2325 778 2352 Patrum.
795 2324 871 2352 Tom.
889 2332 934 2357 tu,
950 2324 975 2351 in
991 2323 1060 2351 Pro-

266 2361 382 2406 ιείξίξιηιλ
469 2363 571 2406 Has-
584 2361 632 2406 ἐξ·
648 2396 656 2406 ,

303 2394 343 2434 (5)
363 2394 566 2434 Ccillicrfllist.
583 2396 681 2425 Géuér.
700 2396 776 2423 Tom.
792 2404 829 2430 tn,
845 2396 923 2430 chap.
942 2403 960 2429 ι,
983 2394 997 2432 §
1020 2403 1060 2427 in,

266 2438 371 2473 ιιιιιζινζ
384 2442 443 2469 pag.
460 2433 527 2473 156ζ
558 2470 565 2473 _
661 2468 710 2473 -η
734 2469 739 2473 Ι

301 2470 343 2510 μὶ)
359 2466 566 2513 An_ony_m.,§_.1
585 2466 1061 2513 ραι-ἷξε,ιη-ς-ξιιιιιιιᾱἜέιἯιιεγο

268 2502 548 2568 Εξξιιὸοεᾱίιξνθυᾶι.
569 2502 631 2541 pag:
647 2505 699 2532 756
714 2509 740 2532 et
755 2505 817 2536 757,
834 2508 861 2531 et
881 2502 946 2530 edit.
960 2502 1060 2535 Oxon.,

268 2548 507 2612 pnf'iflxnonqu
529 2577 599 2607 inter
621 2576 746 2612 Cyprian.
763 2583 837 2611 opp.,
854 2582 914 2612 pagf
931 2574 984 2612 A22,
997 2573 1062 2612 edit.

383 2617 412 2676 ἓι
427 2609 535 2644 Venet.;
549 2619 608 2647 pag.
622 2609 673 2641 738
686 2618 714 2641 et
726 2609 789 2647 759,
801 2609 832 2640 et
844 2611 915 2646 apud
925 2609 1063 2643 Galland.,

343 2656 357 2676 e
404 2669 409 2675 .

343 2656 370 2676 εει
383 2656 409 2676 D.

1111 2087 1207 2119 magna
1216 2080 1311 2112 virtus,
1318 2088 1327 2105 ι
1339 2078 1541 2114 operationibus
1550 2077 1647 2105 divinis
1656 2081 1699 2104 est
1710 2075 1808 2112 propria
1816 2074 1833 2107 (Ι
1840 2072 1873 2107 li»!

1112 2127 1241 2162 Adjungit
1253 2126 1326 2159 dein,
1339 2125 1353 2163 ς
1368 2125 1480 2153 eodem:
1501 2135 1509 2152 t
1524 2123 1590 2152 Cum
1606 2124 1680 2152 salus
1694 2129 1782 2151 nostra
1797 2123 1820 2149 in
1832 2120 1875 2154 bap-

1112 2173 1218 2201 tismate
1230 2172 1358 2207 Spiritus,
1373 2171 1445 2207 quod
1459 2176 1485 2199 et
1498 2171 1656 2207 plerumque
1670 2179 1732 2198 cum
1747 2169 1875 2207 baptismate

1112 2226 1188 2254 aqua:
1204 2218 1380 2254 c0njunctum
1392 2222 1450 2250 est,
1462 2218 1497 2247 sit
1511 2218 1657 2246 constituta
1670 2239 1677 2251 ,
1704 2215 1828 2253 siquidem
1845 2217 1875 2247 ρετ

1112 2273 1162 2292 nos
1182 2265 1311 2301 baptisma
1337 2265 1458 2292 tradetur
1481 2264 1585 2300 integre
1595 2269 1622 2291 et
1635 2264 1801 2294 solemniter,
1814 2264 1836 2288 et
1845 2264 1875 2293 per

1112 2311 1213 2346 omnia,
1229 2319 1288 2346 qua:
1304 2312 1402 2348 scripta
1415 2315 1492 2345 sunt,
1507 2310 1670 2346 assignetur,
1680 2316 1759 2346 atque
1769 2308 1819 2336 sine
1826 2304 1875 2333 illius

1149 2390 1188 2426 (8)
1203 2389 1350 2426 Anonym..
1364 2397 1425 2425 pag.
1439 2389 1485 2422 24,
1499 2389 1563 2417 edit.
1579 2389 1682 2422 Brem.,
1692 2384 1874 2415 etedit.Venel-i

1112 2434 1172 2463 pag.
1189 2427 1240 2454 710
1254 2430 1280 2453 et
1292 2434 1368 2459 seqq.

1150 2462 1189 2498 (9)
1209 2462 1260 2494 ld.,
1278 2462 1304 2488 in
1317 2461 1381 2490 edit.
1406 2461 1508 2494 Brem.,
1539 2468 1599 2496 pag.
1625 2461 1670 2494 25,
1687 2460 1740 2493 24;
1761 2459 1784 2486 in
1802 2455 1872 2483 Venet

1114 2499 1310 2568 pnFlOzAidem,
1324 2534 1337 2569 §
1351 2533 1379 2565 9,
1396 2541 1455 2569 pag.
1471 2532 1534 2565 366,
1558 2532 1626 2569 apud
1637 2531 1759 2569 Callani}.
1770 2551 1776 2563 ,
1793 2529 1816 2556 in
1826 2524 1872 2553 edit.

1115 2570 1216 2600 Brem.,
1232 2569 1278 2602 ‘26,
1294 2567 1445 2602 in‘VenetC,
1460 2576 1519 2603 pag.
1535 2569 1597 2601 7η,
1614 2568 1677 2599 785,
1694 2567 1755 2594 ιιι.

1116 2594 1607 2669 frtggl—embag:itipediﬁrBrcui.
1617 2594 1646 2632 et
1653 2594 1757 2636 Venet”
1768 2607 1818 2637 pag.
1829 2594 1871 2625 7‘5:

1564 2882 1928 3170 I
