3958 6330
2981 226 3050 238 ονε.

165 266 292 327 1185
1100 285 1104 290 ι
1140 251 1446 317 ΛΝΟΝΥΜΙ
1483 247 1686 313 LIBER

1871 239 2414 307 REBAPTISMATE.
2981 231 2998 238 ⁷
3012 231 3050 236 ﬂ
3296 231 3324 291 1
3338 235 3434 292 186

164 400 311 443 omne
331 381 473 456 quod
499 393 552 438 et
595 393 788 452 anceps
815 386 870 435 et
890 377 1195 450 ambiguum
1217 388 1271 434 et
1299 379 1352 432 in
1372 375 1599 432 diversis
1625 388 1742 429 sen-
1771 375 1823 434 Α
1850 367 2073 423 tandem
2122 363 2389 419 voluerint
2417 356 2784 430 adquiescere.
2823 353 2892 411 Et
2940 353 3062 410 ideo
3084 367 3440 426 quaecumque

166 479 339 535 tentiis
371 476 708 548 prudentium
753 490 814 530 ac
843 474 1078 530 ﬁdelium
1113 475 1350 528 virorum
1392 471 1737 527 constitutum
1841 470 2145 516 sanctarum
2175 457 2568 524 Scripturarum
2599 448 2666 504 ad
2699 448 2836 503 hanc
2869 455 3075 517 partem
3119 446 3440 516 pertinentia

165 583 244 628 est
271 613 285 636 ,
310 571 354 625 si
384 579 571 625 contra
613 569 842 638 priscam
872 576 928 622 et
979 565 1382 620 memorabilem
1426 569 1741 617 cunctorum
1844 562 1970 608 sunt
1995 551 2224 621 capitula
2249 545 2552 604 necessario
2574 545 2625 599 in
2653 557 2815 598 unum
2836 554 3210 610 congeremus,
3242 549 3296 594 et
3321 553 3442 609 qua:

164 667 504 723 emeritorum
551 673 859 718 sanctorum
915 670 969 716 et
1017 659 1252 715 ﬁdelium
1299 656 1742 713 solemnissimatn
1848 651 2096 707 videntur
2140 664 2261 704 esse
2309 646 2523 702 diversa
2563 652 2655 697 aut
2682 640 2860 708 varia,
2909 647 3166 710 quantum
3209 637 3443 708 poterit,

165 759 586 815 observationem
609 755 880 827 judicatur
901 796 916 820 ,
946 753 1186 807 damnari
1212 752 1394 821 utique
1420 749 1600 813 debet,
1625 762 1746 802 cum
1850 752 2129 810 manifeste
2155 753 2294 806 inter
2320 764 2380 804 se
2415 743 2910 818 conglutinabimus
2932 783 2948 809 ,
2982 751 3036 796 et
3073 738 3357 796 utilitatem
3389 754 3453 793 ac

165 854 217 909 in
246 868 301 906 re
323 852 450 907 olim
477 849 771 918 composita
799 858 852 903 et
879 848 1122 903 ordinata
1167 846 1539 916 quodcumque
1577 853 1659 897 est
1689 842 1751 896 il-
1854 847 2195 904 commodum
2222 843 2552 916 singulorum
2581 854 2678 911 pro
2723 836 3095 893 mediocritate
3125 843 3308 890 nostra
3331 849 3456 888 exa-

164 945 250 1001 lud
281 943 423 1016 quod
470 952 657 998 contra
690 941 1054 996 Ecclesiarnm
1103 939 1336 1009 quietem
1368 946 1527 1008 atque
1566 950 1750 1007 pacem
1855 941 2201 1005 minabimus,
2232 947 2291 994 ιιι
2341 935 2563 992 accendi
2611 935 2663 988 in
2707 931 2944 987 Ecclesia
2987 930 3213 986 formam
3251 937 3306 984 et
3329 942 3464 984 con.

165 1041 216 1095 in
242 1038 473 1094 medium
507 1037 830 1108 producatur
872 1035 1003 1090 nihil
1036 1035 1053 1107 (
1081 1033 1322 1105 praeter)
1368 1032 1668 1088 discordias
1697 1039 1757 1085 et
1858 1033 2193 1090 suetudinem
2241 1027 2651 1086 saluberrimam
2677 1035 2842 1095 atque
2883 1022 3158 1094 paciﬁcam
3191 1020 3459 1076 universis

165 1131 468 1187 simultates
508 1141 562 1185 et
591 1131 880 1185 schismata
922 1130 1239 1186 allaturum:
1276 1127 1366 1181 ubi
1397 1126 1577 1181 nullus
1621 1124 1756 1178 alius
1862 1127 2112 1182 fratribus
2141 1125 2492 1179 insinuemus.

163 1229 368 1282 fructus
390 1225 694 1296 reperiatur
715 1225 814 1280 nisi
840 1224 926 1279 hic
947 1224 1092 1278 solus
1121 1266 1136 1290 ,
1165 1232 1223 1277 ut
1251 1237 1386 1276 unus
1418 1223 1577 1276 homo
1602 1263 1617 1287 ,
1645 1219 1759 1290 qui-
1936 1221 1997 1275 ll.
2031 1219 2194 1290 Igitur
2213 1214 2643 1288 aggredientibus
2659 1219 2942 1268 tractatum
2959 1209 3208 1265 salutaris
3234 1217 3290 1265 et
3309 1207 3462 1274 novi,

163 1336 398 1392 cumque
421 1316 510 1374 ille
538 1327 640 1382 est,
673 1333 881 1389 magna:
915 1317 1212 1386 prudentia:
1239 1326 1292 1370 et
1318 1314 1637 1370 constantia:
1675 1328 1762 1367 es-
1875 1313 1977 1368 hoc
2007 1323 2088 1368 est
2113 1311 2366 1382 spiritalis
2395 1319 2448 1364 et
2478 1306 2770 1376 evangelici
2800 1304 3174 1376 Baptismatis,
3202 1303 3255 1356 in
3281 1301 3468 1372 primis

165 1430 225 1470 se
250 1413 394 1483 apud
426 1411 685 1484 quosdam
714 1412 859 1466 leves
880 1408 1292 1465 homineSinani
1313 1409 1478 1478 gloria
1509 1405 1765 1477 prmdice-
1870 1409 2105 1466 occurrit
2173 1405 2449 1461 notissima
2519 1400 2769 1457 omnibus
2826 1397 3135 1470 praedicatio
3190 1396 3464 1452 celebrata

165 1515 270 1570 tur,
325 1514 381 1560 et.
433 1503 808 1559 haereticorum
856 1511 1076 1572 stupore
1133 1499 1410 1570 praeditus,
1440 1499 1634 1569 quibus
1665 1496 1728 1550 ho

1906 1513 2028 1575 tque
2053 1511 2228 1571 coepta
2258 1499 2326 1553 ab
2355 1497 2563 1553 Joanne
2582 1493 2841 1564 Baptista,
2868 1491 2958 1563 qui
3003 1490 3331 1560 aliquantum
3363 1487 3463 1544 de-

163 1599 384 1654 unicum
435 1597 749 1667 perditionis
780 1596 1030 1650 solatium
1059 1605 1138 1648 est
1166 1593 1215 1648 si
1253 1608 1359 1647 non
1399 1592 1500 1646 soli
1546 1603 1771 1660 peccare
1875 1598 2111 1652 miscens
2163 1608 2192 1648 a
2245 1593 2381 1662 lege,
2440 1590 2491 1645 id
2538 1598 2620 1643 est
2668 1586 2866 1659 Moysis
2899 1583 3271 1655 antiquissimo
3305 1580 3478 1652 bapti-

166 1689 450 1745 videantur
477 1731 492 1755 ,
526 1703 740 1744 errores
767 1696 822 1742 et
853 1687 978 1742 vitia
1008 1686 1380 1740 universarum
1410 1682 1772 1738 Ecclesiarum
1877 1701 2068 1757 διιιειθ,
2099 1699 2152 1745 ει
2187 1687 2324 1742 viam
2355 1700 2506 1740 novae
2532 1693 2586 1738 et
2612 1697 2754 1738 verae
2793 1680 2979 1752 grati-.e
3009 1687 3390 1749 prmsternens,
3419 1682 3476 1730 et

166 1783 467 1838 correxisse
496 1781 638 1851 apud
670 1781 971 1834 simillimos
1010 1780 1089 1834 sui
1135 1789 1188 1834 et
1215 1793 1498 1848 compares
1523 1776 1772 1832 celebre-
1803 1781 1849 1842 Β
1876 1786 2197 1856 baptismate
2242 1779 2386 1852 quod
2430 1778 2646 1834 inierim
2691 1775 2976 1830 exercebar
3014 1789 3165 1844 aqua;
3196 1780 3250 1827 ει
3295 1767 3473 1841 paeni-

170 1887 276 1932 tur.
311 1876 696 1931 lrlmreticorum
743 1873 885 1928 enim
931 1874 1172 1927 omnium
1201 1871 1304 1927 hoc
1329 1871 1564 1927 studium
1612 1877 1733 1938 atqu

1914 1881 2066 1936 entiae
2095 1877 2295 1934 sensim
2319 1888 2477 1930 aures
2507 1871 2812 1928 Judzeorum
2843 1867 3206 1940 praeveniebat
3225 1875 3280 1922 et
3317 1879 3477 1921 occu-

169 1971 505 2043 propositum
533 1979 653 2035 est.
683 1968 1036 2024 sanctissimae
1062 1966 1249 2022 matris
1289 1976 1485 2021 nostrae
1518 1964 1774 2019 Ecclesiae
1879 1973 2041 2043 pabat
2087 1967 2346 2039 spiritalis
2396 1963 2742 2036 Baptismatis
2819 1960 2984 2017 futuri
3031 1959 3476 2022 annuntiatione,

171 2060 502 2134 cjuscemodi
538 2070 593 2117 et
634 2061 892 2131 plurimas
923 2070 1151 2130 quantas
1185 2057 1482 2114 calumnias
1510 2067 1729 2112 nectere
1757 2097 1773 2123 ,
1880 2064 2173 2120 adhortans
2217 2075 2310 2117 eos
2355 2069 2412 2115 ει
2463 2057 2649 2113 dicens
2690 2075 2703 2110 ε
2765 2055 2866 2121 Qui
2918 2062 3030 2125 ροει
3081 2068 3161 2106 τηε
3205 2052 3336 2106 veni;
3380 2055 3489 2122 ιον..

174 2165 232 2212 et
264 2153 538 2210 invenisse
569 2154 768 2224 aliquid
797 2152 940 2224 quod
972 2154 1020 2208 ei
1048 2153 1255 2208 crimini
1281 2150 1365 2206 vel
1388 2151 1548 2205 etiam
1590 2149 1779 2205 leviter
1884 2159 1982 2213 uo,-
2031 2173 2110 2212 τηε
2152 2165 2263 2220 εει,
2315 2152 2463 2223 cujus
2509 2167 2602 2222 ego
2644 2166 2746 2205 non
2801 2165 2913 2204 sum
2971 2147 3157 2218 dignus
3217 2144 3488 2216 corrigiam

174 2245 292 2301 dari
321 2257 502 2317 posset
529 2260 793 2300 summam
821 2244 1046 2313 gloriam
1074 2244 1293 2299 ducere.
1323 2241 1476 2308 Quod
1516 2257 1636 2296 cum
1663 2256 1733 2294 nu

1927 2249 2212 2306 alceamenti
2277 2245 2488 2301 solvere.
2549 2243 2670 2314 Ipse
2720 2259 2807 2298 vos
2854 2242 3128 2313 baptizabit
3185 2241 3239 2295 in
3289 2239 3490 2310 Spiritu

177 2341 288 2394 lum
319 2355 463 2394 sanze
486 2338 679 2394 mentis
707 2336 945 2392 fidelium
970 2347 1176 2398 tenere,
1206 2336 1291 2391 vel
1315 2334 1547 2389 maxime
1577 2334 1781 2388 nullon]
1886 2355 2060 2401 “nam
2108 2353 2156 2398 ει
2209 2343 2316 2414 igni
2363 2339 2583 2413 (Matth.
2641 2354 2729 2405 ιιι,
2780 2338 2878 2404 ﬂ;
2934 2335 3101 2393 Marc.
3159 2351 3199 2399 ι,
3233 2335 3298 2400 7;
3360 2331 3488 2387 Luc.

178 2433 406 2488 omnino
450 2432 502 2486 in
549 2446 886 2501 quocumque
933 2429 1081 2485 clero
1109 2429 1458 2484 constitutum
1487 2470 1504 2496 ,
1533 2442 1597 2482 ac
1643 2426 1741 2480 tnul

1930 2455 1977 2505 ι,
2026 2438 2124 2503 16;
2175 2412 2331 2490 Joan.
2377 2412 2416 2501 t,
2468 2429 2584 2505 27).
2643 2412 3074 2502 Propter'quod
3139 2427 3296 2482 nobis
3357 2440 3491 2497 quo—

172 2534 238 2582 ‘0
259 2525 430 2596 magis
457 2524 854 2595 episcoporum.
882 2521 1081 2578 audere
1102 2521 1332 2588 ἀερθεὶς
1364 2519 1788 2576 ῐῐιοηειΐίδίῐηίιθ
1895 2548 2000 2604 que
2037 2531 2198 2601 hujus
2237 2529 2520 2585 'sermonis
2573 2541 2731 2582 orsus
2781 2525 2906 2581 hinc
2957 2524 3197 2595 incipere
3250 2521 3493 2579 debebit.

181 2629 266 2674 εει
293 2618 440 2687 ipsos
478 2618 760 2687 ερῑεοορυε
789 2616 916 2670 iam
962 2613 1214 2670 scandala
1248 2614 1484 2684 cogitare
1517 2621 1574 2667 ει
1616 2612 1788 2682 turpi-
1889 2625 2027 2681 Nam
2067 2632 2122 2680 et
2158 2622 2417 2678 Dominus
2446 2620 2584 2676 hanc
2619 2619 2865 2674 eamdem
2887 2632 3077 2673 vocem
3129 2615 3352 2672 Joannis
3377 2622 3502 2686 post.

183 2713 428 2769 tudinem
451 2713 637 2767 malris
669 2711 926 2767 Ecclesia!
957 2751 972 2775 .
1001 2711 1045 2764 Si
1070 2725 1228 2780 quam
1257 2716 1442 2778 Dum“
1469 2709 1521 2762 ίη
1567 2707 1669 2763 hoc
1699 2723 1788 2763 ηθ·
1893 2735 2046 2776 suam
2093 2719 2546 2774 resurrectionem
2598 2716 2651 2770 in
2681 2715 2831 2769 Actis
2880 2711 3265 2784 Apostolorum
3293 2711 3498 2768 conﬁr-

184 2808 335 2878 gOtio
363 2822 502 2871 esse,
530 2817 717 2861 contra
748 2812 1074 2875 princeptum
1106 2803 1237 2874 legis
1263 2811 1317 2858 et
1353 2803 1590 2856 omnium
1620 2800 1747 2870 Scrii

1938 2829 2073 2879 tans,
2106 2811 2344 2882 praecepit
2370 2811 2441 2865 eis
2467 2809 2528 2863 ab
2560 2807 2930 2878 Hierosolymis
2965 2822 3066 2861 non
3104 2805 3378 2871 discedere,
3413 2804 3501 2859 sed

186 2910 433 2956 ῑυΓίηΊιῐη
477 2901 637 2954 “imis
665 2901 1024 2954 ίιτθνεῐθηῑθτ
1045 2913 1166 2952 cum
1196 2897 1309 2965 ipsa
1353 2897 1589 2966 ipsorum
1623 2895 1794 2965 lurPi"
1900 2917 2165 2978 expectare
2211 2905 2357 2958 illam
2409 2902 2794 2974 promissionem
2823 2898 3000 2954 Patris
3039 2915 3194 2970 quam
3232 2898 3447 2953 audistis
3473 2915 3506 2952 a

190 2995 378 3049 tudine
409 3003 463 3049 et
491 2992 730 3063 periculo
773 3008 880 3048 non
929 2993 1104 3048 vereri
1151 2991 1405 3063 detegere
1430 3035 1446 3058 ,
1475 3005 1796 3062 quamquam
1901 3015 1981 3053 me
2010 3014 2029 3052 :
2055 2998 2175 3068 quia
2210 2995 2437 3050 Joannes
2471 2994 2675 3062 quidem
2723 2992 2998 3062 baptizavit
3024 3008 3192 3062 aqua,
3220 3007 3307 3046 vos
3333 3001 3505 3045 autem

191 3088 343 3142 nulla
377 3087 446 3142 sit
473 3088 526 3142 in
552 3088 652 3144 hoc
681 3087 782 3142 nisi
811 3088 864 3142 in
891 3101 1075 3142 errore
1119 3087 1358 3156 ipsorum
1388 3086 1598 3140 illorum
1629 3083 1796 3154 turpi-
1903 3079 2516 3160 baptizabimini'Spiritu
2539 3096 2738 3154 sancto,
2770 3101 2872 3140 non
2903 3093 3014 3155 post
3055 3084 3242 3138 multos
3267 3083 3360 3138 hos
3399 3082 3508 3138 dies

197 3180 335 3235 tudo
363 3180 633 3235 Ecclesiae.
666 3180 849 3250 Itaque
895 3179 1130 3235 deterius
1169 3178 1496 3262 delinquitur
1529 3177 1597 3232 ab
1632 3176 1805 3230 Itomi—
1831 3182 1876 3244 ί]
1909 3185 2048 3257 (Act.
2076 3200 2113 3250 ι,
2145 3183 2201 3248 4,
2235 3182 2314 3253 5).
2349 3182 2587 3251 Itemque
2627 3179 2820 3235 Petrus
2867 3177 3056 3234 eadem
3099 3177 3263 3233 verba
3301 3176 3514 3234 Dantini

191 3272 360 3328 nibus
386 3273 647 3343 ejusmodi
674 3314 691 3340 ,
713 3273 756 3328 si
787 3272 838 3326 id
887 3271 1030 3342 quod
1059 3272 1111 3326 in
1137 3271 1513 3326 observatione
1548 3269 1807 3338 antiquis-
1909 3279 2239 3350 percensuit,
2273 3277 2541 3332 rationem
2583 3291 2682 3345 pro
2713 3289 2773 3330 se
2801 3273 2942 3344 apud
2964 3272 3254 3343 Apostolos
3275 3272 3512 3328 reddens

195 3366 340 3420 Sim“
383 3367 452 3422 ab
501 3367 566 3422 iis
613 3376 884 3438 ιίιηιίιυειιιι
915 3383 1019 3422 ¹¹⁰η
1048 3374 1192 3421 "eae
1234 3367 1327 3421 ﬁat
1371 3364 1806 3436 reprehendam,
1911 3372 2139 3428 dicendo
2169 3389 2180 3425 :
2214 3370 2344 3425 Cum
2369 3379 2540 3426 autem
2562 3370 2841 3438 inciperem
2869 3366 3008 3437 loqui
3029 3383 3140 3437 ego,
3168 3367 3321 3420 irruit
3345 3365 3517 3437 Spiri-

195 3467 258 3514 et
288 3458 462 3514 abhis
492 3459 582 3530 qui
623 3469 747 3516 ante
793 3475 891 3515 nos
945 3458 1196 3526 fuerunt,
1253 3469 1363 3515 tum
1393 3460 1552 3515 etiam
1595 3474 1626 3514 a
1655 3459 1811 3513 nobis
1915 3477 1994 3520 ms
2010 3476 2215 3520 sanctus
2242 3481 2395 3534 super
2416 3481 2522 3528 eos,
2546 3464 2678 3519 sicut
2705 3472 2751 3516 et
2775 3477 3042 3530 supernos
3064 3461 3120 3516 in
3147 3460 3400 3531 principio
3418 3475 3438 3524 ;
3468 3467 3517 3514 et

195 3559 356 3607 recte
382 3550 728 3606 observatum
758 3567 879 3608 esse
917 3561 971 3606 et
995 3551 1268 3608 observari
1294 3549 1578 3606 manifeste
1617 3565 1680 3605 ac
1705 3549 1758 3604 fu

2002 3558 2210 3612 ordatus
2237 3574 2352 3612 sum
2375 3572 2658 3612 sermonem
2687 3553 2898 3610 Domini
2919 3553 3050 3608 sicut
3073 3552 3274 3608 dicebat
3301 3568 3319 3607 :
3347 3553 3518 3606 Joau-
3563 3561 3565 3564 ‘

199 3645 337 3699 siter
365 3643 709 3710 ostendatur;
740 3645 810 3698 ita
845 3653 902 3699 ut
951 3646 1052 3700 etsi
1099 3644 1319 3714 paribus
1365 3643 1696 3713 argumentis
1747 3657 1762 3695 ε

1959 3671 2004 3709 es
2047 3652 2252 3726 quidem
2285 3652 2560 3721 baptizavit
2590 3666 2747 3720 aqua,
2795 3665 2882 3703 vos
2923 3657 3094 3702 autem
3141 3645 3522 3718 baptizabimini

201 3745 434 3806 utraque
462 3744 611 3807 parte
636 3735 1089 3806 congrederemur
1118 3777 1134 3803 ,
1168 3746 1349 3790 tamen
1378 3735 1502 3806 quia
1537 3749 1642 3788 non
1667 3743 1764 3803 poti

1958 3747 2122 3816 lpiritu
2151 3755 2346 3800 sancto.
2374 3745 2434 3800 Si
2473 3760 2592 3815 ergo
2617 3742 2814 3813 aequale
2841 3740 3034 3795 donum
3059 3739 3197 3794 dedit
3221 3741 3292 3794 eis
3321 3739 3449 3793 sicut
3475 3747 3521 3793 et

201 3839 296 3886 rat
426 3829 570 3900 quod
605 3829 958 3884 innovabatur
989 3829 1107 3885 sine
1143 3830 1481 3886 dissensione
1507 3827 1734 3883 fratrum
1762 3835 1819 3883 et
1921 3839 2063 3894 nobis
2092 3835 2410 3892 credentibus
2437 3834 2712 3889 Dominum
2748 3835 2929 3890 Jegum
2958 3833 3246 3901 Christum,
3272 3847 3363 3903 ego
3409 3832 3524 3904 qui;

204 3923 416 3979 damno
456 3923 825 3980 ecclesiastico
873 3924 1168 3978 consistere
1193 3964 1209 3990 ,
1262 3923 1448 3993 utique
1489 3939 1596 3976 non
1628 3922 1821 3977 delicat
1922 3947 2083 3996 eram,
2112 3931 2200 4001 qui
2237 3945 2436 4000 possem
2475 3927 2743 3998 prohibere
2769 3925 2990 3981 Domino
3022 3925 3158 3994 (Act.
3189 3941 3261 3990 xi,
3294 3921 3522 3994 15-17)?

205 4025 406 4072 contra
431 4015 507 4071 ras
531 4056 547 4083 ,
580 4015 724 4086 quod
755 4017 924 4082 aiunt,
952 4016 1187 4082 etnefas,
1215 4015 1268 4071 id
1297 4024 1380 4070 est
1407 4024 1593 4070 contra
1624 4015 1764 4069 honu

1967 4034 1996 4078 ,t
2021 4025 2215 4078 iterum
2249 4040 2263 4076 :
2304 4018 2415 4074 Viri
2453 4019 2657 4086 fratres,
2693 4018 2833 4072 scitis
2870 4019 2989 4089 quia
3032 4034 3064 4070 a
3091 4017 3268 4071 diebus
3306 4016 3530 4088 antiquis

207 4119 269 4165 et
294 4125 508 4180 aequum
533 4151 549 4177 ,
574 4109 832 4166 Ecclesiae
862 4111 1020 4164 matri
1062 4109 1214 4180 quasi
1250 4109 1463 4165 macula
1514 4119 1716 4164 temere
1744 4109 1770 4162 ii

1966 4137 1983 4173 ι
2011 4119 2154 4174 nobis
2179 4116 2318 4172 Deus
2339 4117 2487 4188 elegit
2511 4133 2601 4187 per
2625 4132 2681 4170 os
2715 4131 2881 4170 meum
2908 4112 3089 4168 audire
3115 4111 3300 4168 Gentes
3324 4112 3529 4167 verbum

209 4203 332 4274 ﬂigi
355 4244 369 4270 ,
402 4203 588 4272 eisque
613 4202 702 4272 qui
731 4201 830 4257 hoc
857 4209 1183 4258 attentarent
1211 4201 1449 4256 audacia:
1488 4200 1646 4271 hujus
1667 4209 1772 4270 atqt

1973 4210 2225 4282 Tuangelii,
2251 4219 2298 4264 et
2341 4210 2544 4264 credere
2572 4224 2591 4262 :
2619 4217 2665 4262 et
2686 4207 2775 4277 qui
2801 4205 2959 4261 corda
2982 4205 3119 4260 novit
3143 4204 3283 4259 Deus
3311 4205 3536 4260 testimo-

210 4300 518 4370 impletalis
570 4298 864 4371 ignominia
908 4296 1102 4352 ηιθΐίίο
1148 4294 1371 4350 deberet
1414 4294 1667 4349 δάδοτίῧί-
1722 4294 1828 4349 sed
1933 4307 2073 4360 nium
2103 4306 2379 4375 perhibuit,
2399 4305 2528 4358 dans
2550 4303 2620 4357 eis
2646 4301 2900 4374 Spiritum
2921 4311 3153 4355 sanctum
3170 4300 3301 4353 sicut
3321 4307 3369 4353 et
3394 4297 3536 4352 nobis

213 4394 482 4466 quoniam
517 4410 624 4450 non
673 4401 759 4448 est
785 4392 837 4444 in
890 4399 1072 4444 nostra
1127 4395 1389 4458 potestate
1433 4396 1492 4442 ut
1536 4386 1830 4442 secundum
1937 4398 2189 4470 (Acan,
2221 4397 2274 4464 7,
2307 4397 2384 4465 8).
2430 4402 2508 4452 Ac
2552 4403 2839 4466 propterea
2884 4392 3047 4464 hujus
3088 4390 3369 4446 sententia:
3415 4405 3536 4460 quae

213 4499 557 4560 praeceptum
593 4486 834 4558 Apostoli
882 4485 925 4556 (Ι
953 4485 1071 4540 Cor.
1106 4499 1154 4547 1,
1189 4482 1278 4555 10)
1313 4482 1542 4552 idipsum
1592 4480 1834 4537 dicamus
1936 4491 2010 4545 sit
2039 4490 2119 4544 vis
2159 4498 2214 4543 et
2257 4496 2515 4558 potestas,
2557 4485 2904 4542 considerare
2943 4483 3224 4539 debemus.
3271 4481 3361 4537 Ait
3387 4483 3532 4536 enim

222 4597 443 4650 omnes,
477 4599 612 4638 neve
639 4582 746 4636 sint
777 4579 827 4633 in
855 4578 1008 4632 nobis
1032 4576 1352 4641 schismata;
1385 4586 1559 4630 tamen
1583 4573 1633 4629 in
1664 4590 1785 4645 quat

1972 4586 2193 4639 Dominus
2223 4584 2302 4639 eis
2328 4584 2417 4653 qui
2446 4581 2789 4653 postmodum
2819 4580 3080 4651 baptizari
3097 4569 3390 4645 haberent,
3411 4577 3535 4647 quia

223 4687 346 4732 tum
381 4674 1016 4748 possumusconnitiinur
1057 4670 1213 4741 hujus
1243 4679 1500 4725 tractatus
1521 4678 1716 4725 statum
1739 4670 1838 4725 de-
1945 4676 2228 4732 crederent
2268 4675 2618 4746 baptizandos
2666 4690 2809 4742 esse,
2864 4689 2970 4730 non
3017 4672 3476 4744 quemadmodum
3509 4686 3542 4726 a

226 4779 564 4836 monstrare,
589 4782 641 4825 et
659 4765 979 4824 turbulentis
1001 4763 1306 4818 hominibus
1336 4772 1392 4816 ut
1413 4763 1493 4818 vel
1517 4779 1657 4818 nunc
1683 4780 1838 4819 suum
1943 4784 2003 4824 se
2031 4769 2084 4822 in
2107 4783 2240 4838 aqua
2271 4767 2322 4821 in
2351 4767 2746 4839 paenitentiam,
2779 4767 2874 4821 sed
2902 4767 2957 4821 in
2983 4766 3186 4836 Spiritu
3227 4774 3436 4820 sancto.
3463 4765 3539 4820 De

228 4865 513 4933 rtegmium
542 4878 703 4933 agere
753 4861 1012 4930 incipiant
1059 4857 1383 4928 persuadere
1408 4898 1423 4923 ,
1469 4860 1840 4914 consecuturis
1944 4879 2045 4934 qua
2077 4862 2454 4933 praedicatione
2495 4877 2616 4918 cum
2648 4862 2830 4933 utique
2867 4876 3028 4917 nemo
3080 4868 3324 4915 nostrum
3373 4858 3548 4929 possit

231 4959 535 5032 plurimum
565 4958 726 5014 etiam
759 4956 912 5013 nobis
940 4998 956 5023 ,
983 4955 1028 5010 si
1057 4953 1159 5010 hoc
1197 4969 1409 5025 quoque
1439 4953 1664 5008 consilio
1708 4969 1840 5011 sano
1946 4958 2242 5029 ambigere,
2275 4957 2617 5026 manifestum
2671 4967 2756 5014 est
2801 4972 2904 5028 qua
2957 4955 3168 5012 ratione
3215 4955 3465 5011 homines
3493 4954 3550 5010 in

1564 5086 1924 5148 VARIORUM
1952 5091 2184 5150 NOTAE.

325 5235 565 5303 Stupore.
618 5229 935 5303 Arrogantia
969 5271 983 5292 ,
1016 5225 1265 5295 superbia
1293 5266 1306 5290 ,
1354 5233 1413 5278 ut
1453 5235 1598 5280 recte
1631 5225 1849 5303 "monuit
2025 5232 2262 5286 Accendi.
2295 5231 2558 5300 Rigaltius
2583 5231 2815 5303 conjecit
2839 5231 3123 5302 legendum
3155 5239 3277 5291 esse
3335 5235 3555 5292 tacendi.

241 5297 528 5389 Rigaltqu
565 5303 678 5389 vox
700 5297 787 5384 illa
815 5302 972 5389 in'eo
991 5305 1550 5389 sensu‘usujrp‘alt‘aﬁst
1567 5297 1848 5389 a‘.(;ypria-
1955 5303 2110 5389 Angli
2155 5319 2250 5372 pro
2279 5297 2486 5358 accendi
2517 5297 2812 5389 posuerunt
2853 5297 3130 5361 accedenti.
3165 5306 3278 5377 Ego
3305 5316 3435 5378 puto
3461 5325 3558 5380 po-

243 5367 400 5435 novet
425 5394 454 5430 a
484 5374 676 5430 Pontio
714 5375 830 5440 ejus
861 5372 1107 5426 diacono.
1134 5368 1289 5438 Apud
1334 5367 1556 5440 Marium
1587 5367 1848 5422 Mercatn-
1955 5367 2190 5429 neﬁdm'u
2232 5390 2351 5430 esse
2381 5367 2592 5430 αηεηξιί,

243 5465 392 5507 rem.
418 5465 472 5518 p.
501 5446 570 5528 ’ζὸ
596 5446 692 5528 ,ιῑη
723 5437 960 5528 editione
977 5452 1165 5528 nostra
1190 5437 1390 5528 legitur
1415 5456 1428 5493 :
1463 5437 1524 5491 1η
1541 5449 1747 5508 stupore
1772 5456 1852 5494 re—
2029 5445 2968 5528 ll.jdioysisnantiquissimonAntea
2997 5449 3196 5505 editum
3212 5460 3329 5505 erat
3356 5449 3560 5524 Moyse,

247 5513 459 5594 "teneat
491 5519 714 5572 dentiant
746 5514 942 5594 Paulus
961 5513 1416 5594 Samosqteuumm
1474 5590 1484 5594 Δ
1614 5581 1645 5594 μ
1959 5513 2334 5594 antiquissimo.
2362 5513 2574 5594 certam
2604 5533 2724 5573 esse
2775 5519 2911 5574 hanc
2942 5531 3179 5576 nostram
3223 5513 3564 5580 emendatio;

333 5591 398 5644 In
430 5604 742 5672 quocumque
770 5586 924 5641 clero.
961 5585 1016 5639 ιιι
1039 5585 1223 5672 est,‘in
1253 5581 1492 5653 quolibet
1529 5581 1720 5637 ordine
1763 5595 1853 5637 eo-
1963 5581 2092 5670 ueni
2115 5590 2351 5672 ostendit,
2393 5590 2545 5672 logi-is
2574 5605 2640 5671 εξ
2669 5591 2920 5672 θρίὲςιριδ.
2953 5607 3124 5672 um!
3157 5591 3412 5666 Cypriani
3439 5613 3452 5648 ε
3485 5592 3566 5649 mi

249 5663 494 5736 rumqui
526 5661 578 5736 in
611 5659 759 5715 clero
779 5665 1254 5736 connumerantur.
1723 5725 1737 5736 _

2008 5661 2085 5714 uia
2102 5662 2217 5736 jam
2232 5661 2356 5732 legis
2376 5670 2424 5715 et
2455 5659 2626 5730 Moysi
2653 5661 3060 5732 antiquissimum
3088 5659 3341 5736 baptisma
3361 5668 3571 5736 fuerant

337 5733 411 5787 Ab
426 5725 621 5857 iisiulta
647 5730 826 5803 putavi
848 5727 1194 5787 scribendum
1225 5741 1366 5796 esse,
1397 5741 1518 5783 cum
1544 5733 1701 5783 antea
1723 5725 1868 5798 lege
1972 5725 2204 5788 assecuti.
2271 5789 2277 5804 ,

339 5815 427 5857 ιιιιο
456 5822 486 5857 α
510 5820 590 5857 ηδ.

261 5815 427 5870 retur
456 5815 590 5860 atus.
