3958 6330
563 277 698 336 H91

1543 262 1850 326 ANONYMI
1886 259 2089 322 LIBER
2130 259 2221 320 DE
2259 256 2810 318 REBAPTISMATE.

3646 254 3744 318 H9!

561 407 686 471 post
741 403 822 452 tot
867 392 1184 452 saeculorum
1229 396 1433 446 tantam
1479 389 1676 446 seriem
1730 402 1872 443 nunc
1928 385 2156 456 primum
2185 383 2237 444 Α
2263 381 2378 437 haec
2418 379 2650 437 nominis
2697 379 2826 435 Jesu
2856 375 3011 448 quasi
3052 374 3264 431 initium
3284 369 3533 445 quoddam
3563 379 3744 446 mysterii

559 499 783 562 repente
851 505 912 545 ac
983 489 1100 542 sine
1164 486 1372 542 ratione
1451 482 1752 552 insurgere.
1825 479 1935 536 Nec
2003 478 2147 533 enim

558 595 780 656 propter
833 581 976 638 aliud
1035 580 1226 636 Petrus
1281 578 1372 649 qui
1433 577 1541 648 jam
1593 575 1765 631 fuerat
1813 572 2146 644 baptizatus,

559 693 616 740 et
645 680 771 753 quid
800 681 1026 736 sentiret
1053 678 1123 734 de
1163 674 1391 733 Domino
1416 675 1483 732 ab
1509 676 1626 746 ipso
1665 674 1892 728 Domino
1919 680 2033 727 erat
2064 671 2144 724 in-

557 782 876 841 terrogatus,
913 781 968 829 ct
995 771 1218 828 veritate
1256 767 1598 825 revelationis
1639 767 1810 822 Patris
1834 763 2069 820 caelestis
2097 764 2147 816 in

557 881 682 924 cum
711 863 1146 933 collocata,quod
1181 862 1438 917 Dominus
1465 870 1649 916 noster
1669 874 1775 914 non
1800 856 1972 913 solum
2003 853 2150 910 Chri-

555 969 693 1026 stus,
744 973 931 1015 verum
974 957 1136 1012 etiam
1190 954 1356 1010 Filius
1405 953 1499 1009 Dei
1551 953 1656 1007 vivi
1686 959 1831 1007 esset
1872 947 2150 1004 confessus

560 1052 775 1123 (Matth.
805 1068 918 1118 xvr,
950 1049 1063 1122 16),
1092 1048 1431 1120 postmodum
1475 1047 1650 1102 eidem
1692 1044 1909 1100 Christo
1961 1041 2152 1112 praedi-

555 1147 696 1201 canti
725 1145 794 1201 de
815 1161 910 1200 sua
941 1142 1190 1214 passione
1214 1140 1516 1211 refragatus
1546 1154 1664 1194 esse
1694 1144 2021 1193 monstratus
2047 1143 2148 1202 est,

555 1251 610 1296 et
649 1251 931 1311 propterea
983 1238 1208 1294 Satanas
1237 1234 1343 1290 dici
1395 1241 1643 1288 ostensus
1671 1242 1755 1287 est
1786 1230 1945 1302 (Ibid.
1973 1245 2022 1284 υ.
2053 1227 2147 1299 5);

553 1333 659 1390 nisi
683 1335 804 1404 quia
851 1332 1086 1387 futurum
1119 1339 1234 1385 erat
1275 1338 1332 1382 ut
1357 1325 1598 1398 quidam,
1633 1325 1843 1378 tametsi
1882 1322 2152 1376 variantes

555 1429 610 1484 in
635 1431 903 1484 sententia
931 1424 1146 1497 propria
1173 1431 1227 1478 et
1256 1421 1622 1478 claudicantes
1649 1417 1937 1488 aliquando
1967 1416 2018 1470 in
2049 1413 2154 1470 ﬁde

552 1533 715 1594 atque
741 1522 1010 1589 doctrina,
1051 1536 1174 1576 cum
1223 1519 1277 1574 in
1326 1517 1543 1572 nomine
1573 1514 1702 1570 Jesu
1729 1514 2150 1583 baptizarentur,

555 1625 733 1672 tamen
760 1615 806 1671 si
836 1612 1119 1670 intervallo
1158 1609 1389 1682 quodam
1441 1607 1700 1676 temporis
1735 1606 2072 1675 recorrigere
2099 1600 2152 1656 id

554 1708 882 1780 potuissent,
937 1722 1046 1762 non
1094 1714 1376 1776 propterea
1424 1701 1653 1758 asalute
1703 1697 2031 1760 exciderent,
2057 1693 2153 1750 sed

2253 477 2518 533 Dominici
2556 489 2844 532 commune
2872 473 3030 529 nobis
3054 480 3110 529 et
3134 469 3346 528 caeteris
3373 469 3592 524 omnibus
3610 471 3748 541 accipi,

2252 570 2392 640 quod
2449 569 2619 641 possit
2695 565 3039 638 postmodum
3085 564 3317 621 residuis
3362 562 3510 619 rebus
3566 563 3746 632 impleri;

2251 665 2387 719 alias
2418 679 2524 720 non
2553 661 2829 733 profutura
2858 661 2977 716 talis
3008 658 3275 716 invocatio
3298 671 3414 712 cum
3435 656 3534 711 sola
3561 671 3749 727 perman-

2254 755 2405 821 serit,
2462 755 2584 826 quia
2623 762 2744 822 post
2773 762 3000 807 mortem
3041 750 3304 823 ejusmodi
3346 748 3558 802 hominis
3587 764 3750 818 nonpo-

2253 854 2362 902 test
2384 849 2433 902 ei
2464 845 2753 916 quidquam
2802 844 3024 901 omnino
3077 843 3260 915 adjici,
3310 842 3392 895 vel
3451 841 3654 912 suppleri
3695 850 3753 895 aut

2254 938 2308 994 in
2365 939 2546 1010 aliquo
2604 939 2862 1008 prodesse
2913 936 3000 991 die
3043 934 3257 1007 judicii,
3287 949 3406 989 cum
3452 933 3754 988 illiaDomiuo

2255 1042 2442 1089 nostro
2473 1047 2592 1102 quae
2619 1047 2780 1104 supra
2807 1029 3231 1086 memoravimus
3253 1024 3508 1097 coeperint
3521 1025 3754 1094 exprobrari

2254 1130 2343 1200 qui
2373 1138 2550 1184 tamen
2603 1127 2838 1184 universi
2861 1125 3023 1181 hodie
3048 1134 3107 1181 ut
3157 1123 3260 1179 sibi
3304 1121 3388 1177 his
3435 1120 3590 1175 modis
3623 1120 3756 1175 subve-

2256 1227 2409 1277 niant
2444 1221 2636 1292 quibus
2669 1235 2845 1302 supra
2875 1218 3234 1285 ostendimus,
3263 1231 3371 1271 non
3398 1222 3598 1285 possunt
3617 1213 3670 1267 ab
3687 1213 3756 1268 ullo

2258 1315 2541 1371 hominum
2573 1324 2680 1370 tam
2727 1315 2861 1370 dure
2923 1323 3141 1382 tamque
3183 1308 3470 1366 crudeliter
3508 1306 3734 1378 prohiberi.

2329 1410 2466 1466 Vill.
2517 1410 2625 1466 Sed
2669 1409 2734 1464 ad
2792 1409 2941 1472 haec,
2994 1414 3053 1462 ut
3097 1405 3264 1472 soles,
3291 1399 3618 1464 contradices,
3644 1413 3758 1470 oppo-

2258 1506 2438 1563 nendo
2491 1506 2646 1562 nobis
2720 1515 2846 1559 tunc
2889 1517 3012 1558 cum
3079 1500 3478 1570 baptizarentur
3534 1496 3760 1565 integreac

2257 1610 2406 1657 recte
2433 1599 2724 1669 discipulos
2753 1613 2817 1654 ac
2843 1613 2948 1653 non
2976 1604 3036 1651 ut
3064 1595 3165 1651 hos
3205 1593 3485 1650 haereticos
3510 1605 3616 1645 esse
3648 1589 3761 1658 bapti-

2258 1706 2406 1750 zatos
2439 1713 2452 1748 :
2485 1693 2630 1765 quod
2671 1708 2740 1750 ex
2782 1706 3012 1763 persona
3040 1690 3282 1762 ipsorum
3334 1697 3388 1744 et
3441 1686 3550 1755 ejus
3579 1683 3655 1756 qui
3681 1683 3761 1754 inp

553 1801 877 1872 quandoque
910 1772 1284 1870 resipuissent,
1319 1795 1578 1863 integram
1623 1805 1775 1861 spem
1821 1787 2008 1842 salutis
2039 1801 2154 1855 ρων
2187 1785 2236 1846 Β
2265 1787 2447 1842 tizavit
2508 1787 2649 1853 illos,
2697 1799 2881 1841 sumas
2925 1797 3150 1840 necesse
3177 1789 3283 1837 est.
3337 1779 3404 1834 Et
3443 1777 3556 1833 ideo
3612 1790 3688 1829 nos
3721 1772 3762 1827 ad

555 1894 778 1950 nitendo
802 1893 1139 1957 obtinerent;
1161 1887 1458 1960 praesertim
1481 1900 1602 1940 cum
1623 1882 1882 1954 Spiritum
1904 1885 2148 1934 sanctum

558 2005 666 2059 quo
693 1985 953 2057 baptizari
992 1981 1357 2052 unusquisque
1395 1977 1672 2033 hominum
1713 1974 1910 2038 debet,
1941 1971 2151 2041 accipe-

566 2091 708 2146 rent,
739 2077 938 2150 aliquid
968 2077 1073 2132 tale
1099 2075 1506 2145 designassent;
1537 2068 1691 2125 sicuti
1719 2081 1825 2122 non
1852 2065 2023 2122 solum
2052 2064 2152 2120 Pe-

562 2183 704 2230 trum
735 2173 839 2229 hoc
886 2186 1099 2243 passum
1128 2184 1248 2225 esse
1270 2169 1321 2222 in
1347 2165 1636 2236 Evangelio
1673 2161 2148 2232 deprehendimus,

555 2282 744 2322 verum
779 2266 1064 2322 universos
1099 2277 1312 2333 quoque
1349 2259 1663 2329 discipulos,
1692 2255 1886 2324 quibus
1909 2253 2018 2324 jam
2051 2252 2150 2306 Ba-

556 2357 769 2432 ptizatis
792 2367 975 2430 postea
1009 2356 1267 2411 Dominus
1293 2353 1386 2420 ait,
1419 2352 1542 2422 quia
1565 2366 1652 2403 vos
1693 2364 1865 2403 omnes
1896 2343 2154 2401 scandali—

556 2453 794 2510 sabimini
818 2453 872 2505 in
906 2466 985 2505 me
1018 2448 1213 2520 (Marc.
1256 2461 1371 2510 xtv,
1402 2444 1530 2515 27);
1558 2443 1648 2514 qui
1699 2456 1908 2505 omnes,
1939 2448 1998 2493 ut
2037 2437 2152 2492 ani-

556 2546 962 2609 madvertimus,
994 2550 1234 2599 correcta
1265 2539 1372 2595 ﬁde
1411 2553 1506 2592 sua
1544 2545 1668 2607 post
1702 2533 2152 2590 resurrectionem

557 2638 773 2698 Domini
804 2639 857 2694 in
879 2636 1082 2708 Spiritu
1111 2641 1297 2688 sancto
1323 2639 1451 2686 sunt
1475 2627 1728 2699 baptizati
1765 2645 1779 2682 :
1810 2635 1869 2680 ut
1915 2638 2020 2679 non
2051 2622 2151 2678 im-

565 2736 760 2793 merito
783 2731 943 2789 hodie
982 2743 1197 2802 quoque
1229 2725 1513 2782 credamus
1549 2722 1796 2778 homines
1821 2726 2093 2774 correctos
2123 2732 2153 2770 a

564 2828 794 2901 pristino
831 2839 1035 2888 errore,
1065 2821 1119 2875 in
1146 2818 1348 2890 Spiritu
1378 2825 1562 2872 sancto
1585 2829 1741 2886 posse
1761 2809 2037 2882 baptizari,
2065 2807 2152 2879 qui

561 2938 681 2978 cum
706 2936 841 2992 aqua
880 2917 1279 2989 baptizarentur
1325 2912 1378 2967 in
1417 2910 1636 2966 nomine
1692 2907 1902 2963 Domini
1939 2903 2155 2976 aliquod

561 3015 806 3072 scabram
830 3010 1141 3067 habuissent
1170 3006 1361 3072 ﬁdem;
1391 3004 1640 3075 quoniam
1673 3001 1895 3056 multum
1927 2999 2154 3054 interest

562 3120 742 3162 utrum
782 3105 836 3159 in
861 3113 1029 3158 totum
1056 3101 1177 3173 quis
1221 3115 1326 3153 non
1371 3098 1443 3153 sit
1485 3095 1782 3165 baptizatus
1824 3093 1879 3147 in
1939 3091 2157 3146 nomine

2256 1882 2680 1953 propositionem
2733 1877 2877 1934 hanc
2919 1876 3064 1932 tuam
3093 1889 3200 1931 non
3232 1883 3290 1929 ut
3320 1879 3636 1928 accusatores
3667 1867 3763 1922 disci-

2257 1974 2504 2045 pulorum
2537 1970 2750 2028 Domini
2782 1968 3192 2042 respondemus,
3241 1964 3340 2022 sed
3378 1963 3526 2020 sicuti
3564 1958 3762 2030 compelli-

2255 2084 2419 2133 mur;
2471 2068 2594 2140 quia
2647 2081 2870 2123 necesse
2896 2073 2980 2121 est
3025 2063 3116 2119 ubi
3159 2070 3215 2117 et
3255 2058 3471 2133 quando
3497 2067 3546 2114 et
3567 2053 3756 2128 quemad-

2254 2161 2472 2219 modum
2505 2160 2791 2231 unicuique
2817 2167 3062 2214 nostrum
3091 2157 3236 2212 salus
3265 2155 3340 2211 sit
3386 2153 3624 2224 praestita,
3657 2149 3761 2205 ratio-
3864 2145 3865 2182 ³

2255 2255 2412 2311 nibus
2457 2254 2862 2324 investigemus.
2913 2244 3163 2322 Namque
3203 2258 3389 2304 natum
3420 2261 3536 2303 esse
3559 2242 3763 2300 Dominum

2255 2355 2502 2402 nostrum
2539 2353 2594 2401 et
2635 2345 2905 2401 Christum
2957 2358 3082 2400 esse
3125 2357 3247 2398 eum
3279 2340 3465 2396 multis
3502 2336 3764 2394 rationibus:

2254 2439 2532 2511 discipulis
2567 2439 2684 2508 ejus
2725 2453 2832 2494 non
2877 2435 3150 2492 immerito
3189 2434 3341 2490 credi
3373 2432 3650 2497 videbatur,
3676 2426 3764 2499 quod

2255 2549 2321 2590 ex
2355 2535 2498 2589 tribu
2538 2531 2697 2600 Juda,
2727 2531 2872 2603 quod
2927 2548 2993 2588 ex
3037 2545 3233 2602 genere
3261 2529 3451 2595 David,
3497 2526 3704 2599 quodque
3737 2522 3766 2575 it

2256 2629 2472 2685 civitate
2517 2628 2796 2684 Bethleem
2838 2626 3031 2683 fuisset
3059 2635 3250 2689 natus;
3299 2623 3522 2695 etquod
3547 2619 3768 2694 pastoribus

2255 2722 2326 2778 ab
2371 2723 2610 2794 Angelis,
2648 2721 2904 2792 quoniam
2945 2720 3195 2778 Salvator
3226 2719 3334 2774 illis
3378 2727 3532 2773 natus
3563 2724 3680 2772 esset
3711 2725 3770 2765 eo-

2257 2813 2380 2871 dem
2423 2823 2702 2870 momento
2730 2813 2918 2869 fuisset
2943 2813 3334 2878 annuntiatus;
3367 2809 3508 2882 quod
3543 2810 3591 2864 in
3630 2804 3771 2861 oriente

2255 2909 2372 2966 visa
2389 2911 2508 2980 ejus
2531 2909 2686 2966 stella
2707 2908 3099 2965 sollicitissime
3123 2907 3313 2964 fuisset
3327 2921 3360 2962 a
3376 2904 3544 2976 magis
3561 2899 3771 2972 requisitas

2242 3015 2316 3063 -et
2380 3005 2671 3071 adoratus,
2737 3013 2793 3060 et
2866 3002 3164 3059 illustribus
3233 3000 3497 3070 donis-,et
3557 2992 3772 3066 insignibus

2259 3099 2575 3156 muneribus
2597 3097 2893 3154 honoratus
2921 3113 2938 3161 ;
2986 3095 3129 3166 quod
3156 3109 3291 3166 puer
3331 3091 3608 3150 admodum
3627 3089 3670 3144 in
3691 3096 3772 3141 terr

562 3198 775 3257 Domini
802 3197 968 3252 nostri
999 3193 1128 3250 Jesu
1150 3191 1371 3255 Christi,
1402 3206 1466 3243 an
1497 3203 1628 3244 vero
1659 3188 1709 3241 in
1737 3186 1911 3256 aliquo
1957 3182 2160 3239 claudi-
2184 3183 2230 3245 C
2264 3195 2354 3266 p10
2382 3192 2576 3250 sedens
2604 3208 2726 3249 cum
2755 3191 2891 3262 legis
2943 3188 3276 3256 doctoribus,
3325 3187 3606 3258 prudenter
3623 3192 3668 3240 ει
3699 3193 3774 3236 cum

565 3299 653 3347 cet
699 3305 823 3346 cum
868 3287 1168 3357 baptizatur
1215 3281 1544 3351 Baptismate
1594 3293 1768 3347 aquae,
1797 3274 1938 3346 quod
1983 3274 2160 3330 minus

568 3392 670 3449 est,
705 3378 997 3437 dummodo
1029 3385 1213 3448 postea
1241 3380 1452 3430 constet
1480 3372 1532 3426 in
1553 3369 1773 3426 veritate
1799 3367 2008 3422 sincera
2028 3365 2161 3421 fides

566 3475 620 3532 in
654 3474 980 3545 Baptismate
1035 3469 1275 3540 spiritus,
1327 3466 1470 3538 quod
1508 3481 1613 3520 non
1663 3462 1826 3518 dubie
1855 3454 2027 3531 majus
2054 3469 2158 3516 est.

638 3565 750 3621 VII.
781 3563 891 3620 Nec
945 3562 1182 3618 aestimes
1228 3557 1354 3614 huic
1396 3555 1647 3612 tractatui
1687 3555 2017 3610 contrarium
2041 3568 2162 3609 esse

567 3660 711 3734 quod
734 3659 869 3715 dixit
898 3655 1190 3712 Dominus:
1240 3651 1339 3719 Ite,
1394 3653 1567 3705 docete
1588 3647 1797 3715 Gentes,
1838 3647 2048 3717 tinguite
2076 3661 2160 3699 eos

569 3754 624 3809 in
673 3751 879 3807 nomine
904 3748 1083 3804 Patris
1111 3757 1156 3801 et
1184 3743 1317 3798 Filii
1361 3754 1407 3797 et
1451 3741 1679 3811 Spiritus
1727 3739 1912 3793 sancti.
1967 3736 2158 3808 (Matt.

569 3860 757 3911 xxvnl,
791 3840 907 3913 19).
936 3840 1071 3909 Quia
1097 3853 1220 3894 cum
1245 3837 1347 3891 hoc
1383 3849 1570 3890 verum
1593 3842 1647 3888 et
1670 3843 1876 3887 rectum
1904 3838 1957 3884 et
1983 3830 2161 3884 omni-

569 3937 670 3994 bus
715 3935 891 3993 modis
931 3937 984 3988 in
1034 3931 1274 3988 Ecclesia
1303 3926 1700 3985 observandum
1753 3926 1842 3994 sit,
1873 3933 1929 3980 et
1978 3923 2162 3979 obser-

569 4031 683 4086 vari
734 4041 948 4100 quoque
973 4023 1187 4081 solitum
1230 4022 1335 4088 sit,
1372 4031 1551 4076 tamen
1580 4018 1923 4074 considerare
1950 4023 2164 4086 oportet

569 4122 714 4194 quod
770 4116 1036 4174 invocatio
1087 4113 1318 4170 nominis
1373 4111 1504 4167 Jesu
1554 4125 1660 4165 non
1708 4108 1869 4165 debet
1913 4123 1944 4162 a
2003 4106 2160 4162 nobis

571 4211 741 4268 futilis
769 4208 940 4266 videri
971 4215 1186 4279 propter
1216 4204 1616 4261 venerationem
1643 4211 1698 4257 et
1717 4201 1972 4256 virtutem
1996 4199 2165 4269 ipsius

572 4304 866 4363 nominis:
936 4302 991 4356 in
1038 4315 1145 4371 quo
1197 4295 1415 4354 nomine
1467 4295 1693 4350 virtutes
1747 4306 1936 4348 omnes
1989 4291 2166 4346 solent

574 4400 714 4465 ﬁeri,
767 4407 823 4454 et
870 4407 1270 4464 nonnumquam
1296 4390 1489 4461 aliqua:
1533 4389 1695 4445 etiam
1744 4387 1813 4442 ab
1860 4385 2166 4442 hominibus

573 4492 862 4552 extraneis.
921 4487 1187 4544 Cmterum
1215 4501 1322 4556 quo
1348 4483 1616 4555 pertinent
1641 4481 1729 4536 illa
1751 4479 1915 4536 verba
1939 4477 2162 4543 Christi,

2265 3287 2620 3343 admiratione
2640 3286 2880 3342 omnium
2903 3284 3235 3356 disputasset
3262 3300 3278 3350 ;
3311 3282 3456 3354 quod
3473 3296 3586 3338 cum
3613 3278 3775 3346 baptiuo

2264 3391 2434 3448 retur,
2491 3381 2560 3436 ita
2627 3389 2684 3436 ut
2735 3379 2867 3435 nulli
2924 3378 3016 3434 alii
3071 3379 3412 3449 contigerat,
3462 3374 3604 3432 caelis
3643 3366 3778 3442 apertis

2265 3471 2621 3530 descensione
2641 3471 2876 3540 Spiritus
2903 3471 3075 3526 sancti
3114 3478 3170 3526 et
3202 3484 3369 3538 super
3395 3483 3514 3523 eum
3553 3463 3775 3521 mansione.

2266 3565 2576 3621 testimonio
2591 3564 2752 3620 etiam
2781 3563 2956 3620 Patris
2976 3562 3060 3618 sui
3090 3563 3328 3632 itemque
3358 3559 3573 3616 Joannis
3597 3553 3776 3624 Baptista

2267 3656 2462 3713 fuisset
2507 3655 2852 3722 clarificatus;
2915 3655 3058 3727 quod
3104 3670 3267 3726 supra
3325 3653 3604 3708 humanam
3644 3643 3778 3702 medio-

2266 3750 2516 3806 critatem
2547 3749 2708 3805 corda
2759 3758 2814 3804 et
2861 3747 3223 3820 cogitationes
3248 3746 3613 3802 universorum
3641 3733 3777 3795 intelli-

2264 3849 2438 3914 geret,
2465 3840 2611 3912 quod
2660 3840 2951 3912 languores
2992 3849 3048 3895 et
3100 3839 3229 3894 vitia
3258 3847 3315 3895 et
3344 3836 3661 3894 valetudines
3703 3841 3778 3884 eum

2266 3940 2536 4004 potestate
2567 3932 2798 3986 maxima
2821 3941 3035 3987 curaret
3061 3941 3221 4002 atque
3241 3940 3481 3996 sanaret,
3507 3924 3635 4000 quod
3651 3919 3778 3979 remis

2264 4025 2445 4082 siones
2492 4032 2834 4097 peccatorum
2873 4039 2994 4079 cum
3024 4023 3252 4079 evidenti
3285 4024 3594 4091 probatione
3617 4025 3773 4089 prasta

2267 4125 2368 4184 ret,
2403 4116 2546 4188 quod
2572 4116 2836 4172 daemonia
2862 4116 3015 4186 jussu
3075 4115 3394 4186 expelleret,
3441 4113 3576 4187 quod
3607 4111 3780 4180 leprosos

2273 4211 2440 4266 verbo
2471 4209 2775 4276 mundaret,
2810 4207 2954 4280 quod
2980 4224 3173 4279 aquam
3201 4209 3254 4264 in
3284 4207 3471 4265 vinum
3499 4196 3783 4264 convertendo

2268 4301 2573 4356 convivium
2621 4300 2860 4371 nuptiale
2887 4299 3188 4357 admirabili
3230 4301 3418 4357 laetitia
3487 4295 3782 4368 amplificaret.

2269 4392 2412 4464 quod
2441 4391 2602 4449 caecis
2623 4393 2883 4449 visionem
2916 4395 3227 4449 restitueret
3250 4403 3344 4449 aut
3371 4379 3785 4466 indulgeret,qt10ti

2269 4484 2571 4542 doctrinam
2615 4486 2791 4542 Patris
2816 4499 2939 4542 cum
2981 4486 3128 4541 omni
3156 4485 3352 4542 fiducia
3407 4491 3671 4545 assereret,
3691 4471 3784 4548 quod

577 4588 670 4660 qui
717 4593 1034 4656 negaturum
1088 4595 1149 4636 se
1193 4592 1315 4634 esse
1378 4576 1534 4642 dixit,
1582 4589 1683 4630 nec
1725 4587 1887 4628 nosse
1935 4586 2029 4626 eos
2075 4570 2324 4641 quiDin
2403 4578 2526 4635 loco
2595 4577 2812 4633 deserto
2879 4577 2948 4632 de
3027 4577 3265 4648 quinque
3336 4578 3562 4649 panibus
3619 4572 3786 4645 quinque

574 4682 676 4739 sibi
722 4681 776 4736 in
821 4677 910 4734 die
961 4673 1151 4748 judicii
1175 4671 1369 4729 dicturi
1395 4678 1579 4726 essent
1611 4687 1624 4722 :
1656 4667 1895 4732 Domine,
1924 4665 2162 4730 Domine,

575 4790 745 4832 nonne
788 4772 844 4826 in
897 4780 982 4825 tuo
1040 4767 1244 4822 nomine
1293 4763 1726 4835 propltetavimua,
1768 4771 1815 4815 et
1870 4760 1924 4814 in
1966 4758 2168 4813 nomine

575 4880 664 4925 tuo
713 4864 966 4922 daemonia
999 4861 1257 4933 ejecimus,
1289 4868 1337 4913 et
1365 4857 1420 4911 in
1449 4856 1652 4912 nomine
1709 4864 1794 4908 tuo
1824 4853 2032 4907 virtutes
2055 4869 2168 4906 ma-

575 4980 703 5036 gnas
733 4960 966 5034 fecimus,
989 4951 1367 5026 respondendo
1394 4951 1472 5005 eis
1495 4949 1655 5005 etiam
1676 4963 1796 5002 cum
1816 4944 2172 5016 jurejurando

576 5058 695 5127 quia
726 5067 1004 5124 numquam
1029 5047 1244 5119 cognoui
1271 5061 1390 5112 uos;
1420 5042 1663 5098 discedite
1697 5057 1729 5094 a
1779 5055 1858 5093 me
1877 5038 1963 5110 qui
1984 5053 2169 5109 apera-

576 5150 706 5205 ntini
734 5148 1050 5217 iniquitatem
1101 5140 1296 5215 (Marc.
1345 5153 1458 5205 xiv,
1492 5137 1621 5207 27);
1649 5135 1752 5190 nisi
1797 5133 2173 5190 ostenderetur

580 5241 736 5298 nobis
791 5249 1194 5307 nonnumquam
1217 5232 1376 5288 etiam
1432 5230 1500 5284 ab
1549 5228 1635 5282 his
1685 5227 1773 5298 qui
1819 5235 2175 5297 Operarentur

579 5333 938 5403 iniquitatem,
991 5344 1152 5402 posse
1196 5342 1292 5399 per
1363 5323 1584 5379 nimiam
1635 5320 1891 5376 virtutem
1937 5319 2174 5374 nominis

582 5425 711 5483 Jesu
755 5424 920 5482 etiam
982 5423 1099 5478 haec
1148 5418 1312 5476 ﬁeri?
1359 5415 1670 5485 idcircoque
1702 5411 1866 5469 debet
1907 5411 2174 5468 invocatio

2271 4672 2441 4728 millia
2486 4671 2763 4727 hominum
2794 4681 3083 4738 saturaret,
3106 4671 3250 4744 quod
3275 4673 3522 4743 reliquiae
3543 4679 3682 4729 atuue
3701 4663 3786 4717 buc-

2273 4765 2424 4820 cellae
2463 4765 2744 4835 plusquam
2769 4763 3052 4820 duodecim
3097 4765 3362 4835 cophinos
3413 4763 3661 4832 impleret,
3693 4746 3784 4824 quod

2273 4865 2514 4912 mortuos
2579 4871 2679 4928 pro
2728 4871 2823 4912 sua
2881 4857 3082 4927 pietate
3122 4857 3321 4926 passim
3371 4855 3660 4914 suscitaret,
3694 4838 3784 4914 quod

2273 4950 2450 5006 ventis
2501 4958 2558 5004 et
2619 4949 2753 5004 mari
2823 4958 2883 5005 ut
2946 4950 3286 5021 quiescerent
3343 4950 3656 5020 imperaret,
3696 4931 3784 5008 (Ιηθδ

2276 5057 2438 5113 super
2470 5057 2618 5102 mare
2645 5042 2871 5113 pedibus
2894 5042 3215 5108 ambularet,
3248 5041 3391 5114 quod
3424 5042 3635 5096 virtutes
3659 5037 3784 5088 omnes

2278 5135 2505 5192 omnino
2533 5134 2835 5207 perliceret.

2347 5226 2441 5282 IX.
2513 5227 2721 5296 Quibus
2798 5228 2960 5284 rebus
3021 5238 3076 5285 et
3139 5226 3446 5299 hujusmodi
3501 5213 3786 5291 complurilms

2278 5319 2437 5376 factis
2475 5319 2545 5374 ad
2573 5320 2869 5377 claritatem
2924 5321 3043 5392 ejus
3083 5321 3476 5392 pertinentibus
3528 5317 3787 5378 conseque!15

2280 5427 2404 5470 esse
2449 5413 2734 5472 videbatur
2761 5423 2818 5471 ut
2842 5414 3294 5487 quemadmodum
3338 5413 3508 5471 Judmi
3545 5411 3606 5467 de
3639 5400 3787 5461 Christo

1917 5529 2283 5588 VARIORUM
2323 5531 2554 5590 NOTAE.

659 5660 881 5733 Aliquod
907 5657 1418 5733 scabrant.‘_Fortean
1449 5651 1983 5733 scripseritAuctor,
1999 5650 2171 5722 aliquo

587 5722 818 5790 scabra'm
839 5749 855 5787 :
880 5733 982 5788 hoc
1007 5739 1110 5791 est.
1134 5728 1486 5798 aliquatenus.
1517 5722 1584 5798 Ut
1605 5723 1746 5798 apud
1765 5722 2173 5798 Tertullianum,

589 5808 760 5881 aliqua
786 5804 1062 5862 Numidas.
1088 5793 1275 5870 Quo-si
1303 5800 1422 5871 quis
1471 5793 1877 5866 Inalitfaliquod
1925 5793 2172 5862 scabram,

524 6063 591 6074 «ια

2270 5649 2381 5725 feri,
2420 5661 2568 5709 certe
2608 5651 2845 5725 poterit:
2892 5652 3340 5725 quemadmodum
3367 5650 3506 5725 apud
3553 5641 3784 5718 Virgilium,

2275 5741 2332 5779 oe
2361 5722 2691 5794 numerosque
2716 5722 2827 5779 Deo
2850 5724 3051 5781 similis.
3088 5725 3290 5783 manu
3308 5765 3322 5780 .
