3958 6330
243 305 379 364 “95

1594 309 1906 371 ANONYMI
1943 313 2167 372 LIBER.

3388 319 3526 376 ΗΜ

237 422 500 487 sentiunt,
530 421 671 490 quod
695 428 870 478 tamen
897 421 966 479 de
1003 423 1132 480 Jesu
1173 421 1386 480 Christo
1419 425 1645 481 Domino
1694 443 1824 482 uos~
1851 432 1901 491 Α
1927 438 2109 485 etnon
2138 428 2327 494 semel,
2355 427 2450 482 sed
2477 428 2674 498 smpius
2700 441 2822 482 eum
2851 436 3135 498 negasset:
3164 428 3308 499 quod
3336 431 3521 485 c0nsi-

236 524 324 570 tro
390 530 493 570 non
539 514 784 580 credunt,
838 525 896 570 ut
947 516 1111 572 etiam
1168 517 1267 587 ipsi
1317 517 1727 586 existimarent,
1776 528 1834 574 ut

237 606 362 663 talis
418 617 475 662 et
525 617 704 663 tantus
741 608 885 663 nulla
935 609 1081 664 obita
1119 619 1294 665 morte
1330 611 1382 664 in
1425 621 1684 666 aeternum
1713 627 1834 683 per-

238 708 472 768 severet,
515 710 571 757 et
610 716 832 772 regnum
887 699 1051 758 Israel
1108 711 1165 758 et
1215 703 1377 758 totius
1417 703 1564 759 orbis
1619 703 1668 760 in
1712 719 1834 774 per-

239 806 460 866 petuum
525 796 667 868 quod
724 811 831 853 non
886 799 1250 867 corriperetur
1298 797 1618 868 possideret.
1682 797 1835 854 Unde

237 890 400 944 etiam
445 888 614 944 Judaei
656 889 772 944 ausi
813 889 1026 946 fuerunt
1068 905 1192 945 eum
1224 905 1415 959 rapere
1449 891 1586 946 etin
1614 905 1833 962 regnum

239 981 695 1054 unguere:quod
750 981 966 1053 quidem
1016 997 1240 1038 necesse
1291 983 1477 1038 habuit
1505 983 1594 1038 ille
1648 997 1834 1054 super-

239 1076 469 1148 fugere:
518 1091 582 1133 ac
637 1088 922 1148 pr0pterea
963 1077 1214 1149 discipuli
1264 1079 1383 1148 ejus
1436 1078 1837 1134 arbitrabantur

240 1173 386 1242 quod
432 1172 577 1228 nulla
613 1173 714 1228 alia
763 1173 971 1228 ratione
1008 1174 1173 1229 vitam
1212 1181 1469 1230 aeternam
1505 1173 1588 1227 his
1615 1183 1837 1245 praesta-

239 1273 396 1320 turus
445 1274 608 1332 esset,
661 1264 764 1320 nisi
809 1268 1040 1334 primum
1098 1266 1213 1336 ipse
1266 1266 1429 1320 vitam
1461 1267 1599 1321 hanc
1630 1275 1838 1334 tempo-

239 1357 409 1413 ralem
451 1371 573 1413 cum
607 1357 694 1414 illa
735 1366 935 1414 aeterna
967 1359 1021 1414 in
1043 1373 1104 1415 se
1149 1359 1268 1430 ipso
1289 1359 1680 1415 continuasset.
1735 1359 1838 1415 De-

248 1451 414 1522 nique
458 1466 580 1508 cum
641 1464 1093 1509 conversarentur
1158 1453 1212 1508 in
1269 1452 1510 1517 Galiltea,
1567 1451 1702 1508 dixit
1758 1452 1838 1506 eis

249 1541 408 1598 Jesus
453 1561 466 1597 :
519 1541 714 1609 Incipit
766 1543 936 1600 Filius
976 1545 1197 1599 hominis
1240 1544 1376 1598 tradi
1416 1545 1468 1599 in
1522 1561 1704 1600 manus
1747 1543 1843 1598 Ito-

238 1639 454 1702 ntinum,
485 1647 532 1691 et
558 1636 863 1707 interﬁcient
910 1653 1045 1702 eum,
1076 1647 1124 1692 et
1179 1647 1292 1708 post
1331 1638 1560 1692 triduum
1611 1646 1840 1709 resurget

239 1727 440 1799 (Marc.
471 1745 547 1794 ιι,
576 1729 691 1801 50).
724 1729 792 1784 Ει
819 1730 1127 1785 contristati
1180 1739 1308 1785 sunt
1356 1729 1537 1796 nimis,
1569 1731 1716 1802 quia,
1768 1729 1840 1784 si-

1934 518 2062 572 lium
2092 518 2140 572 ei
2169 517 2419 587 quoniam
2453 525 2619 587 usque
2649 517 2713 571 ad
2745 518 3049 588 passionem
3085 519 3292 574 Domini
3328 536 3521 591 perse-

1936 619 2242 666 veraturum
2270 619 2405 674 erat,
2440 609 2608 665 multo
2640 611 2786 681 prius
2813 626 2841 664 a
2873 611 3099 667 Domino
3120 612 3294 682 palam
3328 613 3526 668 factum

1937 715 2038 772 est,
2074 715 2128 759 ut
2159 721 2258 760 nos
2282 720 2496 776 quoque
2539 705 2590 760 id
2624 722 2728 760 non
2764 707 3090 776 ignoremus.
3138 706 3374 777 Denique
3406 713 3525 776 post

1938 798 2388 854 resurrectionem
2421 797 2629 854 Domini
2667 814 2804 853 unus
2859 815 2890 854 e
2913 797 3192 868 discipulis
3220 799 3336 869 ejus
3364 798 3525 854 Cleo-

1939 903 2052 959 pas,
2083 905 2204 944 cum
2228 899 2373 945 esset
2402 899 2627 947 moestus
2659 889 2954 946 secundum
2998 905 3239 944 errorem
3289 890 3532 945 omnium

1937 982 2422 1053 condiscipulorum
2500 997 2755 1044 suorum,
2815 981 2917 1051 ipsi
2986 981 3213 1036 Domino
3265 990 3534 1052 tamquam

1938 1075 2095 1130 alicui
2130 1077 2312 1146 ignoto
2360 1075 2604 1131 referens
2629 1073 2772 1144 quod
2823 1073 3148 1141 contigerat,
3195 1073 3272 1129 sic
3321 1074 3540 1129 locutus

1938 1178 2024 1224 est
2069 1170 2256 1224 dicens
2285 1169 2354 1225 de
2400 1168 2527 1225 Jesu
2555 1169 2852 1231 Nazareno,
2882 1169 2970 1240 qui
3001 1171 3098 1241 fuit
3148 1169 3398 1239 propheta
3445 1187 3540 1241 po-

1941 1271 2052 1319 tens
2098 1264 2154 1317 in
2204 1263 2354 1334 factis
2401 1271 2449 1316 et
2495 1262 2644 1316 dictis
2684 1262 2737 1315 in
2786 1269 3058 1329 conspectu
3103 1259 3203 1314 Dei
3240 1271 3287 1314 et
3319 1261 3544 1316 universi

1941 1357 2156 1427 populi,
2211 1356 2463 1427 quomodo
2538 1357 2675 1409 hunc
2741 1354 3065 1409 tradiderunt
3133 1355 3422 1410 sacerdotes
3491 1362 3542 1408 et

1940 1449 2196 1519 principes
2264 1449 2424 1504 nostri
2475 1449 2529 1502 in
2592 1447 2977 1502 damnationem
3034 1448 3211 1501 mortis
3281 1458 3328 1501 et
3396 1447 3543 1502 cruci

1941 1557 2054 1596 eum
2105 1541 2325 1609 ﬁxerunt
2375 1556 2394 1594 :
2449 1556 2542 1594 nos
2607 1549 2778 1593 autem
2839 1539 3170 1609 sperabamus
3219 1538 3358 1609 quod
3433 1538 3543 1610 ipse

1942 1645 2051 1691 erat
2105 1635 2460 1706 redempturus
2510 1633 2681 1688 Israel
2738 1631 2890 1705 (Luc.
2943 1633 3115 1704 xxtv).
3165 1633 3326 1688 Juxta
3381 1648 3539 1704 quae,

1941 1745 2132 1786 omnes
2157 1745 2371 1801 quoque
2395 1727 2645 1799 discipuli
2675 1727 3132 1782 asseverationem
3169 1742 3384 1796 quoque
3427 1743 3548 1782 mu-

238 1824 350 1878 cuti
379 1822 634 1888 diximus,
677 1823 836 1894 longe
865 1823 1136 1880 diversum
1177 1824 1325 1893 prius
1350 1824 1546 1878 animis
1567 1837 1631 1878 ae
1658 1831 1838 1878 mente
1866 1831 1915 1892 Β
1944 1823 2132 1879 lierum
2173 1839 2294 1894 quae
2323 1833 2444 1893 post
2484 1821 2934 1878 resurrectionem
2965 1820 3211 1876 viderant
3236 1820 3545 1890 Dominum,

239 1925 625 1987 conceperant.
644 1917 884 1988 Denique
907 1917 993 1974 hic
1017 1916 1299 1972 fuitetiam
1328 1916 1638 1973 Judteorttm
1658 1931 1841 1972 sermo
1938 1917 2321 1988 judicaverunt
2345 1916 2698 1971 deliramenta
2729 1933 2747 1980 ;
2775 1925 2830 1970 et
2883 1915 3099 1986 quidam
3158 1916 3398 1986 ipsorum
3429 1915 3549 1971 viso

241 2010 687 2066 contradictionis
715 2009 973 2066 adVersus
999 2026 1142 2076 eum,
1197 2025 1318 2066 eum
1363 2027 1426 2067 se
1467 2013 1582 2082 ipso
1623 2011 1840 2082 quidem

243 2099 468 2157 doceret
499 2115 594 2156 eos
620 2110 675 2157 et
691 2101 864 2157 futura
891 2103 1256 2169 annuntiaret;
1277 2103 1355 2157 illi
1377 2114 1555 2158 autem
1579 2103 1842 2158 dicerent:

246 2190 364 2247 Nos
398 2193 686 2248 audiuimus
705 2210 737 2246 a
755 2193 865 2265 lege
888 2195 1010 2264 quia
1031 2193 1262 2249 Christus
1285 2206 1452 2248 manet
1477 2195 1530 2249 in
1557 2204 1803 2248 wternum
1827 2209 1846 2249 :

244 2295 295 2340 et
323 2285 575 2356 quamodo
605 2293 658 2339 tu
680 2285 809 2340 dicis
837 2286 956 2356 quia
982 2285 1200 2340 exaltari
1239 2296 1432 2356 oportet
1467 2287 1632 2356 ﬁlium
1678 2287 1846 2341 homi-

246 2381 330 2434 nis
367 2379 547 2452 (Joan.
579 2396 673 2446 xu,
705 2379 800 2452 54)
823 2381 846 2435 ?
872 2381 1057 2452 Itaque
1088 2380 1187 2437 fuit
1223 2381 1612 2451 discipulorum
1658 2382 1848 2438 eadem

250 2475 373 2531 haec
402 2476 753 2546 praesumptio
786 2475 853 2532 de
882 2476 1119 2541 Christo,
1153 2487 1536 2546 prorumpente
1590 2477 1644 2532 in
1689 2477 1850 2532 istum

247 2582 557 2640 sermonem
604 2568 997 2624 incredulitatis
1050 2583 1164 2624 sua:
1218 2567 1382 2624 Petro
1428 2568 1548 2641 ipso
1591 2569 1730 2624 duce
1787 2585 1851 2624 ac

250 2662 498 2733 principe
535 2663 940 2732 Apostolorum.
982 2663 1116 2719 Cum
1165 2664 1310 2719 enim
1357 2680 1387 2718 a
1434 2664 1661 2719 Domino
1692 2662 1853 2720 simul

251 2773 380 2813 cum
407 2757 621 2812 caeteris
674 2757 868 2814 fuisset
908 2759 1274 2830 interrogatus
1326 2756 1581 2828 quidnam
1625 2757 1855 2813 sentiret

253 2851 326 2908 de
354 2852 492 2922 ipso.
521 2851 574 2905 id
597 2861 678 2906 est
703 2866 863 2921 quem
891 2865 1014 2907 esse
1040 2866 1164 2906 eum
1195 2849 1562 2914 existimaret;
1596 2857 1652 2904 et
1679 2848 1854 2920 primo

254 2950 538 3002 veritatem
567 2943 849 3001 confessus
888 2943 1100 3008 fuisset,
1131 2943 1320 2998 dicens
1346 2957 1469 2999 esse
1518 2957 1641 2998 eum
1669 2941 1856 2997 Chris-

255 3048 370 3095 tum
406 3038 596 3094 Filium
626 3038 721 3094 Dei
753 3039 856 3093 vivi
886 3037 1099 3111 (Matth.
1135 3053 1243 3103 xvr,
1270 3035 1339 3092 16
1365 3046 1421 3093 et
1445 3035 1628 3108 seq.);
1657 3045 1710 3091 et
1732 3051 1857 3106 pro-

258 3143 446 3206 pterea
501 3133 690 3190 beatus
719 3131 910 3188 abillo
946 3131 1214 3201 judicatus
1236 3140 1380 3186 esset
1427 3129 1570 3202 quod
1603 3128 1706 3184 hoc
1746 3143 1854 3184 non

1945 2027 2012 2067 eo
2040 2025 2146 2066 non
2173 2009 2536 2074 crediderunt,
2592 2009 2686 2065 sed
2716 2009 3136 2076 dubitaverunt;
3184 2010 3383 2081 quique
3416 2019 3547 2066 tunc

1947 2122 2055 2160 non
2095 2103 2451 2161 interfuerunt
2482 2104 2703 2158 omnino
2739 2120 2845 2157 non
2867 2103 3246 2167 crediderunt,
3277 2101 3381 2157 nisi
3405 2111 3549 2174 post-

1950 2198 2169 2253 modum
2199 2198 2267 2252 ab
2293 2198 2412 2267 ipso
2447 2197 2678 2251 Domino
2717 2197 2969 2251 onmibus
2993 2197 3168 2252 modis
3200 2196 3549 2252 fuissentob-

1946 2293 2145 2364 jurgati
2164 2303 2324 2360 atque
2364 2291 2623 2360 increpati
2647 2311 2660 2345 ε
2685 2291 2937 2362 quoniam
2971 2306 3117 2346 mors
3147 2306 3242 2347 eos
3272 2291 3343 2346 ita
3370 2290 3549 2347 offen-

1951 2387 2138 2450 derat,
2186 2393 2244 2438 ut
2291 2391 2538 2454 putarent
2586 2399 2707 2438 eum
2778 2399 2884 2438 non
2944 2382 3337 2447 resurrexisse,
3389 2399 3552 2454 quem

1953 2477 2300 2534 crediderant
2339 2477 2476 2532 mori
2525 2490 2632 2530 non
2681 2475 2932 2530 debuisse
2971 2493 2987 2540 ;
3035 2475 3161 2545 quia
3209 2484 3396 2530 contra
3437 2475 3557 2547 opi-

1955 2571 2172 2626 nioiiem
2203 2571 2440 2640 ipsorum
2469 2568 2637 2624 semel
2668 2576 2910 2623 mortuus
2955 2567 3166 2623 fuisset.
3195 2568 3378 2638 Itaque
3409 2568 3555 2638 quod

1955 2663 2020 2718 ad
2050 2664 2195 2732 ipsos
2244 2661 2537 2732 discipulos
2567 2662 2816 2730 pertinet,
2846 2677 3019 2732 neque
3069 2661 3334 2731 integram
3381 2677 3560 2732 neque

1957 2755 2250 2827 perfectam
2281 2755 2440 2809 ﬁdem
2485 2753 2740 2810 habuisse
2775 2753 2856 2808 his
2908 2753 3082 2809 modis
3129 2754 3324 2826 quibus
3368 2754 3559 2810 retuli-

1957 2866 2078 2905 mus
2109 2849 2494 2915 inveniuntur;
2527 2857 2582 2904 et
2627 2849 2771 2920 quod
2815 2849 2984 2904 multo
3033 2849 3252 2920 gravius
3277 2859 3382 2914 est,
3416 2849 3561 2905 sicut

1957 2944 2010 3000 in
2041 2943 2336 3015 Evangelio
2355 2954 2475 2998 cata
2502 2941 2766 2998 Joannem
2795 2946 3054 3013 scriptum
3081 2951 3183 3010 est,
3229 2944 3390 2997 etiam
3419 2941 3560 2999 alios

1955 3039 2303 3112 baptizabant
2323 3038 2531 3112 (Joan.,
2557 3054 2632 3105 ιιι,
2657 3037 2778 3106 22).

2031 3132 2100 3188 Χ.
2134 3133 2399 3189 Ρτιειενθει
2431 3130 2559 3202 quid
2585 3131 2829 3188 dicturus
2880 3147 2940 3187 es
2985 3131 3052 3188 de
3082 3131 3164 3188 his
3189 3132 3278 3204 qui
3313 3133 3560 3203 plerum-

256 3226 550 3282 carnaliter
572 3266 589 3292 ,
641 3223 736 3281 sed
795 3239 889 3295 per
943 3223 1117 3278 Patris
1183 3221 1418 3278 caelestis
1470 3220 1857 3277 revelationem
1883 3238 1929 3302 α
1961 3243 2066 3298 que
2079 3229 2147 3284 ab
2168 3226 2438 3298 episcopis
2466 3226 2717 3296 pessima:
2743 3227 3175 3283 conversationis
3198 3228 3556 3298 baptizantur:

257 3330 545 3374 assecutus
563 3324 739 3373 esset:
771 3316 912 3372 idem
945 3324 1147 3380 tamen,
1166 3314 1282 3370 ubit
1301 3313 1466 3385 erepit
1491 3313 1649 3370 .Iesus
1673 3321 1856 3370 osten-

257 3411 395 3468 dere
432 3409 712 3482 discipulis
753 3409 868 3465 suis
904 3409 1027 3480 quia
1081 3418 1357 3480 oporteret
1383 3423 1506 3464 eum
1538 3407 1856 3481 Hierosoly-

259 3522 407 3564 tuam
449 3506 550 3573 ire,
573 3515 630 3562 et
651 3503 814 3559 multa
863 3503 972 3574 pati
1020 3519 1050 3557 a
1074 3503 1376 3558 senioribus
1407 3511 1464 3558 et
1483 3502 1858 3558 sacerdotibus

259 3611 321 3658 et
347 3600 560 3662 scribis.
585 3609 642 3656 et
668 3597 901 3655 interﬁci
955 3607 1010 3652 et
1057 3607 1177 3668 post
1229 3597 1370 3654 diem
1423 3597 1640 3653 tertium
1679 3613 1859 3654 resur-

258 3708 426 3766 gere;
476 3693 825 3749 nihilominus
855 3692 948 3749 ille
991 3707 1151 3748 verus
1181 3691 1384 3748 Christi
1415 3691 1703 3748 confessor
1734 3701 1860 3763 post

259 3788 520 3859 pauculos
563 3787 680 3844 dies
717 3797 994 3857 assumpto
1037 3800 1105 3842 eo
1158 3786 1323 3856 carpit
1377 3786 1526 3841 illum
1580 3786 1859 3856 corripere

261 3880 492 3937 dicens:
525 3878 793 3951 Propitius
836 3881 906 3934 sis
932 3880 1059 3948 tibi,
1111 3894 1214 3934 non
1262 3877 1361 3932 erit
1393 3878 1534 3932 istud
1578 3876 1744 3950 (Ibid.
1767 3878 1858 3946 22,

259 3975 363 4046 25)
387 3994 405 4042 ;
435 3976 508 4030 ita
534 3983 592 4029 ut
616 3983 896 4045 propterea
929 3972 1115 4029 audire
1143 3987 1175 4028 a
1205 3970 1434 4026 Domino
1453 3971 1857 4040 commeruerit,

279 4065 420 4122 Vade
438 4076 550 4136 post
565 4081 661 4133 me,
684 4065 930 4131 Satanas.
951 4064 1252 4121 scandalum
1270 4063 1393 4118 mihi
1412 4077 1490 4127 es;
1507 4063 1576 4120 ob
1600 4064 1702 4120 hoc
1716 4063 1860 4136 quod

264 4177 376 4220 non
399 4171 613 4234 saperet
633 4177 696 4218 ea
724 4177 846 4232 qute
872 4171 998 4216 sunt
1024 4161 1138 4224 Dei,
1170 4159 1266 4216 sed
1297 4173 1358 4215 ea
1386 4174 1510 4230 qua:
1535 4168 1664 4215 sunt
1689 4159 1862 4215 homi-

265 4273 418 4314 num.
444 4255 576 4324 Quae
599 4256 895 4327 increpatio
945 4253 1210 4310 adversus
1254 4253 1473 4308 Petrum
1528 4253 1701 4325 magis
1745 4267 1862 4308 ma-

266 4354 459 4426 gisque
485 4353 654 4408 eluxit
674 4350 1018 4424 apprehenso
1047 4349 1295 4416 Domino,
1322 4364 1444 4406 cum
1471 4364 1502 4404 a
1548 4348 1864 4406 muliercula

268 4447 596 4503 conterritus
619 4445 863 4502 diceret:
895 4443 1110 4518 (Matth.
1141 4459 1288 4510 xxvn,
1321 4443 1389 4500 70
1415 4451 1470 4497 et
1499 4439 1643 4513 seq.)
1677 4439 1868 4495 Nescio

269 4542 397 4613 quid
416 4542 579 4606 dicas,
628 4556 786 4611 neque
823 4540 938 4596 novi
991 4550 1058 4594 te.
1101 4538 1166 4594 Et
1213 4539 1404 4594 iterum
1427 4552 1550 4592 cum
1581 4535 1686 4592 hoc
1725 4534 1864 4591 idem

1955 3321 2045 3393 qui
2076 3331 2254 3376 tamen
2285 3319 2528 3386 tandem,
2559 3334 2682 3375 cum
2717 3319 2859 3375 Deus
2892 3320 3144 3386 voluerit,
3173 3321 3225 3374 in
3257 3321 3559 3378 sceleribus

1955 3417 2070 3472 suis
2109 3416 2366 3480 convicti,
2403 3414 2568 3471 etiam
2596 3414 2716 3485 ipso
2743 3423 2837 3469 aut
2869 3429 3101 3482 prorsus
3123 3416 3288 3470 etiam
3315 3432 3568 3472 commu-

1958 3510 2228 3567 nicatione
2260 3507 2580 3578 privantur?
2627 3509 2735 3562 Aut
2779 3505 2905 3578 quid
2931 3515 3136 3562 statues
3170 3506 3240 3564 de
3268 3509 3350 3565 eis
3382 3509 3474 3580 qui
3501 3509 3572 3566 ab

1958 3604 2226 3676 episcopis
2245 3617 2412 3674 prave
2432 3601 2794 3657 sentientibus
2813 3610 2904 3655 aut
2923 3601 3344 3670 imperitioribus
3368 3604 3571 3662 fuerint

1957 3698 2250 3767 baptizati?
2271 3694 2488 3766 quando
2506 3709 2610 3749 non
2627 3693 2693 3747 ad
2714 3692 2972 3763 liquidum
2995 3703 3051 3749 et
3075 3695 3280 3764 integre
3297 3696 3378 3751 vel
3399 3698 3565 3752 etiam

1959 3791 2120 3846 aliter
2157 3805 2316 3860 quam
2348 3796 2564 3860 oportet
2601 3787 2653 3840 in
2687 3786 2977 3843 traditione
3014 3792 3339 3844 sacramenti
3368 3790 3573 3847 fuerint

1962 3883 2156 3950 locuti;
2179 3892 2325 3938 certe
2347 3891 2438 3936 aut
2466 3880 2916 3951 interrogaverint
2946 3880 3097 3950 quid,
3115 3890 3208 3936 aut
3223 3882 3569 3954 interrogan-

1961 3987 2044 4034 tes
2057 3993 2085 4031 a
2101 3973 2550 4047 respondentibus
2565 3974 2836 4030 audierint
2850 3973 2994 4046 quod
3014 3975 3236 4032 minime
3249 3976 3318 4031 ita
3339 3977 3575 4035 interro-

1961 4070 2073 4144 gari
2092 4079 2185 4125 aut
2209 4069 2521 4140 responderi
2546 4068 2738 4124 debet:
2757 4070 2898 4139 quod
2917 4078 3094 4124 tamen
3114 4085 3219 4125 non
3239 4071 3394 4128 valde
3425 4073 3571 4132 illam

1964 4174 2202 4220 nostram
2231 4173 2431 4220 rectam
2457 4162 2615 4217 fidem
2635 4161 2819 4228 la-dat,
2843 4162 2936 4218 sed
2963 4178 3066 4218 non
3092 4175 3198 4219 tam
3220 4176 3409 4223 ornate
3431 4178 3488 4222 ut
3515 4177 3572 4226 tu

1964 4268 2023 4316 et
2046 4258 2364 4329 composite,
2389 4257 2475 4313 isti
2499 4272 2713 4328 quoque
2733 4257 3093 4327 simpliciores
3111 4257 3357 4317 homines
3373 4274 3578 4337 myste-

1965 4353 2103 4407 rium
2133 4350 2258 4406 fidei
2283 4348 2519 4404 tradant.
2569 4350 2820 4404 Dicturus
2847 4363 2906 4403 es
2952 4350 3096 4406 enim
3127 4351 3312 4424 utique
3342 4369 3440 4425 pro
3481 4365 3572 4412 tua

1967 4443 2222 4516 singulari
2274 4441 2575 4512 diligentia,
2611 4441 2710 4496 hos
2743 4455 2960 4511 quoque
3009 4441 3190 4496 denuo
3217 4444 3572 4514 baptizandos

1969 4551 2112 4596 esse.
2142 4551 2263 4592 cum
2293 4534 2526 4589 maxime
2555 4533 2634 4588 eis
2657 4548 2747 4589 res
2773 4532 2916 4588 desit
2954 4543 3046 4588 aut
3074 4533 3252 4590 obstet
3282 4539 3574 4606 quominus

271 4634 479 4691 diceret
530 4632 810 4690 addhibito
863 4631 1238 4704 jurejurando,
1290 4641 1345 4687 et
1402 4630 1560 4686 tertio
1603 4629 1865 4684 dcvotans
1891 4627 2274 4716 Dinviolabile
2301 4625 2429 4680 illud
2458 4625 2698 4680 divinum
2741 4625 3058 4697 mysterium
3111 4625 3234 4683 fidei
3274 4628 3573 4686 intemera-

274 4739 331 4786 et
353 4730 544 4801 jurans
575 4728 892 4796 affirmaret,
924 4728 1177 4800 quoniam
1203 4743 1310 4783 non
1341 4734 1525 4782 nosset
1565 4724 1862 4790 hominem,

1971 4733 2082 4779 tum
2112 4720 2320 4791 possint
2337 4718 2602 4789 accipere.
2632 4717 2738 4774 Sed
2769 4717 2914 4774 enim
2945 4720 3184 4774 virorum
3213 4722 3418 4792 optime
3441 4724 3570 4781 red-

1550 4816 1908 4876 VARIORUM
1955 4813 2188 4874 NOTAE.

349 4920 440 4978 1X.
472 4950 544 4963 -—-
570 4919 936 4988 Corriperetur.
979 4916 1117 4974 Puto
1163 4914 1449 4988 legendum
1489 4927 1610 4970 esse
1641 4929 1870 4969 corrum-

278 5005 502 5065 peretur.
546 4992 819 5065 Gstttup.

355 5063 858 5138 Superfngeregﬂnc
900 5071 1047 5120 certe
1074 5060 1244 5133 magis
1273 5059 1383 5118 Deo
1409 5057 1683 5128 convenit,
1711 5071 1869 5129 quam

281 5133 693 5206 subterfugere:
706 5133 930 5190 thstxr.

358 5202 630 5264 Devotum.
654 5205 1019 5262 Tertullianns
1043 5204 1178 5260 dixit
1207 5204 1578 5259 deuotamenta.
1622 5202 1844 5258 RIGALT.

354 5279 426 5335 Χ.
451 5308 524 5321 ——
551 5278 718 5332 Etiam
741 5280 869 5344 ipso.
908 5277 1058 5347 Legit
1090 5275 1289 5337 Fellus,
1321 5277 1473 5329 etiam
1497 5276 1609 5346 ipso
1645 5287 1870 5347 munere.

283 5352 547 5422 Rigaltius
564 5366 694 5405 vero
715 5367 729 5403 :
755 5347 923 5422 Etiam
939 5346 1074 5416 ipso,
1088 5348 1297 5402 scilicet
1312 5347 1563 5422 Domino.
1580 5346 1874 5422 privamur.

283 5417 443 5491 Qu'ia,
491 5422 681 5493 inquit,
737 5419 821 5474 vel
861 5419 1001 5476 facto
1039 5434 1139 5472 suo
1185 5419 1418 5488 pessimo
1451 5417 1734 5472 Dominum
1774 5430 1875 5493 ne-

283 5486 508 5567 g':itit,et
538 5486 602 5548 ad
631 5493 888 5567 Et_hnicos
940 5486 1250 5567 transeunt;
1302 5499 1397 5544 aut
1443 5503 1663 5559 prorsus
1717 5486 1877 5542 etiam

285 5563 574 5638 éjiciuntur
596 5564 664 5618 ab
685 5563 946 5638 Ecclesia.
978 5563 1250 5638 GADLAND.

373 5636 607 5691 Virorum
630 5636 838 5704 optime.
872 5637 1039 5689 Antea
1083 5635 1357 5704 legebatur
1381 5632 1609 5704 vivorum
1633 5646 1652 5684 :
1699 5645 1881 5704 emenf

287 5709 437 5766 datio
460 5708 631 5762 facilis
652 5700 707 5762 et
734 5707 911 5760 obvia.
937 5705 1026 5761 Sic
1056 5707 1108 5758 in
1130 5703 1369 5774 Epistola
1402 5702 1608 5759 Paulini
1640 5700 1882 5774 episcopi

290 5779 648 5851 Aquileiensis
667 5777 733 5833 ad
754 5775 1006 5834 Carolum
1157 5771 1378 5851 in__l_ibro
1410 5775 1588 5851 primo
1613 5771 1881 5851 miscella-

291 5845 515 5912 hebrum
530 5861 853 5915 nostrorum,
885 5864 1002 5919 pag.
1036 5847 1165 5910 365.
1198 5845 1297 5905 His
1313 5856 1359 5904 et
1379 5845 1629 5904 similibus
1658 5845 1879 5900 virorum

578 5947 855 6012 ΡΑτιιοι.
897 5941 1006 6004 Ill.

1972 4912 2180 4979 optime.
2229 4907 2376 4963 Inter
2403 4903 2659 4976 epistolas
2708 4903 2939 4961 ineditas
2970 4905 3292 4979 Trasmtmdi
3322 4911 3578 4970 monachi

1972 4977 2390 5039 Clarevalleusis
2412 4979 2680 5044 reperitur
2694 4993 2796 5030 uua
2821 4993 2942 5044 qua:
2966 4979 3044 5032 sic
3073 4977 3258 5047 incipit
3284 4997 3296 5033 :
3332 4979 3575 5049 Recipere

1974 5073 2008 5109 a
2035 5066 2104 5120 te,
2131 5053 2352 5106 virorum
2377 5050 2587 5120 Optime,
2616 5049 3008 5120 uanitatenulas
3035 5052 3248 5120 ferreas.
3282 5053 3372 5105 sed
3403 5070 3571 5108 mure-

1974 5119 2125 5180 nulas
2152 5140 2334 5178 aureas
2363 5119 2667 5192 solebamus.
2693 5119 2970 5192 Manlia-us
2995 5121 3192 5174 ansus
3221 5121 3311 5176 lib.
3344 5138 3382 5181 I.
3407 5127 3569 5192 epist.

1977 5197 2045 5250 77
2075 5196 2139 5251 ad
2158 5194 2488 5266 Polyclelutu
2516 5191 3084 5266 :‘Polyclete,iu_irorum
3107 5193 3318 5266 optime.
3335 5191 3577 5253 Jonimes

1979 5268 2220 5323 Vatellus
2256 5262 2316 5320 in
2368 5262 2719 5338 epistolaad
2755 5263 3121 5338 quillelintttn
3151 5263 3390 5338 Riviere,
3449 5284 3574 5338 qua;

1978 5341 2121 5397 edita
2148 5348 2226 5393 εει
2259 5352 2380 5392 cum
2404 5331 2644 5408 epistolis
2680 5331 2948 5388 Guillelmi
2979 5335 3046 5390 de
3076 5333 3258 5408 hlaro:
3294 5335 3418 5392 Non
3450 5331 3574 5408 pos-

1983 5428 2094 5468 sum
2134 5409 2275 5463 nobis
2328 5424 2428 5461 non
2479 5405 2754 5476 plurimum
2805 5408 3054 5476 gratulari
3100 5407 3324 5460 virorum
3361 5405 3572 5476 Optime.

1986 5483 2140 5553 Apud
2175 5480 2396 5533 Marium
2427 5477 2800 5553 Mereatorem,
2835 5493 2952 5548 pag.
2979 5477 3068 5535 55.
3100 5477 3576 5553 157.jngedotione

1989 5547 2170 5609 nostra
2226 5553 2300 5604 uir
2345 5549 2572 5622 op'imea
2624 5547 3178 5622 interpt'es’epistolm
3232 5547 3454 5622 Palladii
3505 5554 3574 5608 ad

1984 5625 2218 5681 Lausum
2262 5617 2479 5692 praeiixe
2520 5617 2695 5692 libris
2722 5619 2788 5692 de
2828 5617 2983 5676 Vitis
3016 5621 3276 5684 Patrum;
3339 5619 3428 5675 Eu
3485 5640 3581 5678 αα-

1987 5708 2083 5753 tem
2123 5690 2279 5764 hujus
2319 5690 2562 5765 desiderii
2617 5690 2904 5759 spiritualis
2948 5702 3156 5748 exactor
3205 5692 3428 5748 virorum
3478 5710 3580 5765 op-

1985 5770 2138 5824 timus
2167 5762 2388 5822 Lausus.
2428 5762 2700 5819 GALLAND.

2928 5928 3005 5994 38
