3958 6330
425 265 568 323 H95

1750 264 1840 321 DE
1883 261 2412 324 REBAPTISMATE

3577 275 3711 335 M96

423 388 616 443 damus
653 393 708 443 et
748 385 1120 455 permittamus
1166 385 1453 442 virtutibus
1521 383 1829 442 ctelestibus
1869 384 2013 440 vires
2039 384 2320 446 AChristi
2358 399 2555 442 nomen
2603 387 2767 442 etiam
2815 387 3102 446 hereticus
3151 393 3347 466 aliquis
3390 396 3482 467 qui
3535 405 3712 452 tamen

426 496 586 546 suas,
623 488 677 536 et
719 478 1012 548 dignationi
1054 477 1251 532 divina:
1304 477 1600 547 majestatis
1650 477 2013 532 concedamus

426 574 767 646 operationes
783 572 1048 642 proprias,
1065 584 1118 627 et
1140 571 1503 642 intelligentes
1517 581 1773 641 quantum
1798 570 1852 624 in
1867 587 1929 625 ea
1949 571 2018 625 sit

428 670 869 734 emolumentum,
896 666 1123 722 libenter
1145 665 1636 735 eiacquiescamus.
1661 667 1728 720 Et
1746 665 1865 720 ideo
1892 680 2015 720 cum

429 763 576 820 salus
608 769 790 816 nostra
820 761 872 814 in
904 759 1233 829 Baptismate
1259 759 1503 828 spiritus,
1529 758 1671 829 quod
1701 759 2016 829 plerumque

431 871 551 912 cum
574 853 907 924 Baptismate
927 867 1080 921 aquae
1104 850 1450 919 conjunctum
1473 861 1576 916 est,
1605 851 1674 906 sit
1700 852 2012 917 constituta,

429 947 695 1020 siquidem
726 961 821 1016 per
866 960 964 1000 nos
1004 944 1278 1014 Baptisma
1302 943 1564 1008 tradetur,
1598 942 1805 1013 integre
1829 953 1885 998 et
1922 958 2014 998 so-

428 1041 680 1097 lemniter
708 1047 764 1094 et
791 1053 886 1108 per
923 1036 1102 1092 omnia
1124 1051 1242 1105 quae
1285 1035 1485 1106 scripta
1513 1045 1640 1091 sunt
1687 1037 2012 1106 assignetur,

427 1142 586 1204 atque
631 1131 750 1186 sine
794 1129 901 1184 ulla
931 1129 1089 1184 ullius
1111 1128 1186 1183 rei
1216 1134 1556 1198 separatione
1588 1133 1828 1183 tradatur
1860 1143 1876 1192 ;
1923 1137 2017 1181 aut

425 1227 527 1280 sia
579 1225 788 1280 minore
839 1222 985 1278 clero
1036 1237 1131 1291 per
1157 1221 1533 1276 necessitatem
1560 1220 1810 1276 traditum
1833 1219 2012 1285 fuerit,

423 1331 675 1378 eventum
711 1329 1063 1390 expectemus
1097 1326 1153 1372 ut
1193 1326 1285 1374 aut
1337 1318 1652 1385 suppleatur
1681 1331 1712 1372 a
1742 1315 1897 1371 nobis
1924 1324 2017 1369 aut

424 1430 455 1469 a
481 1413 710 1468 Domino
739 1410 1097 1482 supplendum
1129 1418 1472 1472 reservetur;
1516 1409 1562 1462 si
1603 1425 1733 1463 vero
1765 1408 1834 1464 ab
1880 1408 2014 1463 alie-

425 1508 507 1562 nis
553 1505 803 1560 traditum
862 1504 1044 1570 fuerit,
1076 1513 1132 1557 ut
1174 1511 1350 1572 potest
1374 1502 1475 1556 hoc
1530 1503 1798 1573 negotium
1853 1511 1907 1558 et
1958 1514 2017 1558 ut

423 1583 674 1664 admittit,
735 1598 1086 1668 corrigatur:
1129 1595 1250 1666 quia
1309 1594 1538 1664 Spiritus
1593 1604 1811 1650 sanctus
1862 1604 2014 1650 extra

426 1691 722 1746 Ecclesiam
755 1704 860 1743 non
906 1688 997 1754 sit,
1047 1687 1178 1742 ﬁdes
1235 1703 1448 1757 quoque
1493 1702 1599 1742 non
1649 1688 1824 1743 solum
1873 1687 2015 1757 apud

2121 476 2297 547 ipsum
2347 476 2621 535 Christum
2677 491 2867 553 negat,
2923 485 3208 554 conﬁteri;
3265 489 3392 560 quia
3446 490 3501 544 in
3557 490 3710 545 alium

2121 568 2398 626 Christum
2452 573 2664 640 credit,
2707 589 2830 630 cum
2883 573 3132 633 Christus
3154 581 3477 637 conﬁteatur
3497 582 3640 648 quod
3666 583 3714 639 ei

2124 663 2390 732 prodesse
2446 666 2667 722 minime
2694 670 2862 736 possit
2891 687 2904 723 :
2935 670 3201 738 siquidem
3239 673 3501 728 Dominus
3533 691 3637 730 non
3659 691 3717 731 se

2121 755 2295 825 ipsum
2337 758 2392 811 in
2441 760 2840 814 confessionem
2892 777 2923 816 a
2973 762 3127 818 nobis
3172 780 3354 821 coram
3406 767 3712 823 hominibus

2119 849 2307 904 deduci
2349 861 2601 920 oportere
2638 851 2795 916 dixit,
2852 856 2994 924 quod
3033 857 3155 913 sine
3210 858 3328 928 ipso
3363 869 3421 914 et
3470 861 3588 915 sine
3632 877 3720 917 ve-

2118 941 2358 996 nerando
2390 935 2609 999 nomine
2651 946 2770 1014 eius
2795 961 2903 1002 non
2953 959 3130 1018 potest
3162 950 3298 1005 ﬁeri.
3348 952 3416 1007 Et
3468 953 3593 1008 ideo
3641 954 3721 1008 in-

2119 1043 2327 1106 tegrum
2357 1052 2420 1092 ac
2464 1038 2732 1094 sincerum
2764 1050 2819 1095 et
2873 1041 3351 1101 incontaminatum
3382 1055 3439 1102 et
3490 1047 3720 1103 inviola-

2121 1136 2234 1184 tum
2311 1141 2603 1202 utrumque
2653 1133 2816 1190 debet
2867 1139 3168 1194 consistere
3233 1142 3532 1208 conﬁtenti,
3575 1145 3723 1199 nullo

2117 1223 2329 1280 delectu
2374 1225 2558 1281 habito
2602 1228 2770 1297 ipsius
2796 1229 3162 1300 confessoris,
3205 1235 3320 1290 sive
3362 1235 3454 1291 ille
3498 1236 3721 1306 justus,

2117 1317 2233 1373 sive
2291 1330 2559 1388 peccator,
2613 1322 2991 1394 perfectusque
3043 1323 3412 1395 Christianus,
3471 1343 3543 1383 an
3594 1345 3724 1385 vero

2119 1410 2277 1464 etiam
2311 1427 2454 1466 nunc
2489 1412 2834 1481 imperfectus
2854 1455 2870 1480 ,
2901 1417 2992 1486 qui
3023 1432 3238 1474 summo
3268 1417 3589 1476 discrimine
3626 1436 3724 1478 suo

2120 1502 2408 1559 Dominum
2439 1503 2688 1560 conﬁteri
2711 1522 2819 1562 non
2871 1510 3071 1564 timuit.
3102 1510 3215 1566 Nec
3255 1522 3338 1568 est
3368 1512 3475 1568 hoc
3508 1522 3724 1569 contra-

2118 1596 2256 1650 rium
2311 1598 2580 1667 superiori
2626 1601 2914 1655 tractatui:
2947 1601 3069 1672 quia
3099 1603 3209 1658 illic
3261 1604 3479 1674 quidem
3511 1615 3724 1676 tempus

2120 1699 2337 1758 superat
2377 1690 2446 1744 ad
2499 1691 2817 1761 corrigenda
2863 1709 2984 1763 qua:
3013 1695 3178 1750 multa
3230 1696 3312 1750 vel
3359 1713 3527 1766 prava
3575 1708 3720 1765 sunt,

423 1784 724 1848 haereticos,
757 1797 943 1840 verum
975 1781 1135 1836 etiam
1181 1780 1321 1849 apud
1362 1795 1457 1834 eos
1511 1781 1600 1849 qui
1645 1781 1696 1834 in
1728 1781 2019 1837 schismate
2047 1786 2094 1846 B
2123 1789 2177 1834 et
2218 1783 2474 1852 quoniam
2517 1784 2762 1852 quaedam
2789 1800 3045 1841 concessa
3073 1797 3198 1843 sunt
3225 1789 3325 1859 ipsi
3345 1792 3723 1846 tantummodo

419 1875 696 1933 constituti
723 1884 848 1930 sunt
885 1889 1014 1930 sana
1045 1889 1166 1928 esse
1193 1888 1296 1926 non
1325 1874 1510 1941 possit.
1541 1871 1854 1944 Idcircoque
1902 1888 2014 1942 pm-

420 1969 700 2025 nitentiam
744 1967 1024 2037 agentibus
1063 1967 1427 2036 correctisque
1469 1983 1563 2036 per
1590 1967 1890 2022 doctrinam
1928 1983 2014 2023 vc~

419 2062 592 2117 ritatis
618 2069 672 2116 et
721 2077 814 2130 per
861 2060 1018 2116 ﬁdem
1069 2062 1328 2128 ipsorum,
1369 2077 1489 2130 quae
1517 2071 1700 2130 postea
1730 2061 2012 2116 emendata

420 2163 504 2209 est
547 2154 823 2224 puriﬁcato
845 2154 1008 2209 corde
1037 2169 1246 2220 eorum,
1293 2154 1661 2208 tantummodo
1689 2154 2014 2224 Baptismate

418 2247 691 2318 spiritali,
747 2247 799 2302 id
852 2257 934 2302 est
1000 2262 1189 2301 manus
1249 2246 1591 2314 impositione
1648 2248 1883 2317 episcopi
1959 2257 2015 2302 et

418 2340 650 2409 Spiritus
698 2340 872 2395 sancti
920 2339 1436 2404 subministratione,
1467 2339 1737 2396 subveniri
1785 2341 2010 2406 debeat;

416 2434 628 2506 signum
673 2448 885 2504 quoque
948 2432 1072 2487 ﬁdei
1140 2433 1406 2502 integrum
1452 2432 1555 2501 hoc
1605 2433 1764 2488 modo
1814 2442 1870 2488 et
1913 2433 2014 2489 hac

415 2529 626 2584 ratione
651 2528 785 2584 tradi
816 2528 868 2581 in
924 2527 1163 2582 Ecclesia
1209 2526 1404 2582 merito
1457 2527 1776 2590 consuevit;
1820 2544 1888 2582 ne
1926 2529 2010 2581 in-

419 2623 627 2678 vacatio
658 2622 889 2676 nominis
916 2620 1044 2677 Jesu
1070 2637 1189 2690 qua:
1219 2620 1421 2674 aboleri
1468 2635 1587 2675 non
1634 2629 1826 2690 potest,
1876 2636 2010 2676 con-

417 2717 693 2785 temptuia
723 2715 877 2770 nobis
918 2714 1162 2769 videatur
1189 2713 1367 2769 habita
1409 2731 1423 2768 :
1471 2713 1612 2784 quod
1663 2715 1848 2785 ulique
1903 2731 2008 2772 non

415 2817 660 2876 oportet;
701 2821 1025 2877 quamquam
1058 2805 1177 2860 talis
1210 2806 1501 2870 invocotio,
1544 2807 1590 2862 si
1640 2807 1771 2862 nihil
1823 2821 2008 2862 eorum

414 2914 533 2969 quae
591 2900 1005 2954 memoravimus
1053 2907 1300 2960 secutum
1353 2896 1531 2965 fuerit,
1581 2897 1652 2976 ab
1698 2901 2011 2969 Operatione

414 2991 602 3047 salutis
662 3001 841 3045 cesset
910 3004 974 3044 ac
1042 2998 1209 3044 vacet.
1278 2990 1495 3046 Dicente
1557 2992 1699 3047 enim
1749 2993 2011 3062 Apostolo

413 3099 575 3136 unum
613 3095 734 3136 esse
785 3080 1052 3152 Baptisma
1106 3080 1322 3154 (Ephes.
1382 3098 1453 3150 tv,
1513 3081 1594 3153 5),
1648 3099 1868 3139 necesse
1927 3095 2009 3140 est

2119 1876 2320 1930 nomini
2354 1876 2564 1932 Domini
2593 1879 2798 1943 nostri,
2841 1883 3156 1953 martyrium
3203 1894 3381 1939 autem
3413 1887 3643 1941 nonnisi
3672 1890 3722 1942 in

2119 1970 2235 2041 ipso
2264 1979 2319 2025 et
2353 1987 2450 2040 per
2478 1973 2654 2041 ipsum
2690 1974 2972 2030 Dominum
3003 1978 3172 2047 possit
3210 1983 3581 2036 consummari
3609 2000 3624 2047 ;
3673 1992 3726 2038 et

2119 2061 2321 2117 idcirco
2350 2079 2525 2134 neque
2551 2064 2826 2122 Cbrismm
2844 2069 2961 2122 sine
2983 2070 3131 2139 ipsus
3161 2073 3378 2129 nomine
3405 2076 3532 2143 quis
3556 2077 3726 2146 possit

2118 2156 2386 2225 conﬁteri,
2423 2174 2600 2229 neque
2631 2175 2830 2216 nomen
2857 2160 3060 2217 Christi
3083 2164 3201 2220 sine
3232 2167 3350 2236 ipso
3393 2167 3619 2224 Christo
3660 2170 3726 2225 ad

2117 2252 2513 2307 confessionem
2545 2255 2794 2324 cuiquam
2826 2259 2998 2326 possit
3025 2261 3369 2329 patrocinari.

2189 2343 2304 2398 ΧΠ.
2348 2344 2686 2416 Quapropter
2741 2358 2886 2404 totus
2923 2350 3317 2409 discernendus
3343 2365 3429 2411 est
3457 2365 3724 2413 tractatus

2119 2437 2226 2500 hic,
2257 2447 2313 2490 ut
2360 2438 2530 2506 possit
2577 2439 2914 2497 manifestior
2964 2442 3104 2500 ﬁeri.
3155 2444 3403 2516 Namque
3449 2449 3726 2507 invocatio

2117 2529 2351 2583 nominis
2379 2529 2509 2586 Jesu
2536 2532 2658 2586 ideo
2685 2539 2894 2588 tantum
2927 2537 3254 2605 patrocinari
3293 2549 3472 2610 potest
3497 2584 3513 2607 ,
3574 2545 3625 2598 si
3654 2543 3724 2599 ri-

2119 2635 2170 2680 te
2197 2627 2442 2697 snppleta
2471 2638 2656 2698 postea
2683 2629 2868 2698 fuerit,
2900 2633 3025 2702 quia
3051 2645 3106 2690 et
3149 2635 3438 2707 Prophetas
3464 2649 3524 2695 et
3579 2644 3722 2712 Apo-

2115 2721 2241 2775 stoli
2289 2722 2359 2774 ita
2393 2721 2843 2790 praedicaverunt.
2879 2728 2971 2782 Ait
3009 2731 3154 2784 enim
3183 2731 3420 2790 Iacobus
3465 2735 3521 2790 in
3573 2739 3720 2794 Actis

2115 2814 2538 2882 Apostolorum:
2581 2816 2690 2870 Viri
2740 2823 2930 2888 fratres
2960 2863 2973 2886 ,
3006 2824 3183 2878 audite
3207 2841 3227 2879 :
3256 2826 3441 2882 Simon
3485 2831 3721 2899 exposuit

2113 2908 2539 2977 quemadmodum
2585 2913 2809 2979 primum
2861 2914 2999 2970 Deus
3054 2918 3329 2974 visitaoerit
3370 2923 3615 2994 accipere
3657 2941 3717 2979 ex

2114 3005 2345 3074 gentibus
2402 3005 2651 3076 pupulum
2721 3009 2918 3063 nomini
2980 3027 3073 3065 suo
3105 3031 3126 3077 ,'
3169 3022 3216 3066 et
3260 3015 3376 3067 huic
3433 3028 3717 3073 consonant

2113 3112 2371 3150 sermones
2435 3099 2842 3168 prophetarum,
2913 3103 3047 3157 sicut
3121 3105 3370 3175 scriptum
3421 3119 3542 3162 est:
3595 3109 3720 3164 Post

415 3174 754 3229 invocatione
793 3174 1024 3228 nominis
1075 3173 1202 3228 Jcsu
1258 3185 1675 3243 perseverante;
1733 3178 1852 3246 quia
1899 3194 2005 3232 non
2033 3185 2078 3248 C
2115 3189 2222 3242 tam
2284 3199 2544 3257 τευενιαν,
2597 3203 2645 3246 ει
2717 3193 3042 3261 τεωάῑβεαδο
3131 3173 3519 3256 [amantum
3588 3203 3719 3258 illud

416 3276 595 3339 potest
633 3283 663 3322 a
694 3281 959 3338 quoquam
991 3266 1268 3321 hominum
1313 3283 1433 3338 quae
1466 3269 1635 3324 semel
1661 3271 1902 3326 invocata
1923 3281 2006 3326 est

414 3360 635 3427 auferri,
662 3361 706 3414 si
734 3376 851 3415 eam
877 3369 1063 3415 contra
1115 3360 1388 3416 decretum
1429 3363 1811 3432 Apostolorum
1841 3366 2008 3434 gemi-

415 3470 546 3512 nare
573 3455 688 3510 ausi
717 3453 976 3509 fuerimus
1007 3454 1280 3508 nimietatc
1313 3455 1601 3523 praistandi
1630 3457 1794 3512 immo
1818 3473 2007 3527 super-

415 3548 644 3604 addendi
671 3549 1014 3619 Baptismatis
1041 3548 1220 3604 studio
1251 3567 1264 3602 :
1298 3551 1343 3614 si
1374 3548 1464 3608 ille
1489 3551 1578 3620 qui
1608 3551 1674 3606 ad
1707 3551 2004 3610 Ecclesiam

415 3641 702 3698 revertitur
714 3641 846 3696 nolit
862 3642 1040 3697 denuo
1059 3641 1338 3711 baptizari,
1363 3642 1598 3699 futurum
1617 3656 1698 3700 est
1715 3656 1770 3699 ut
1787 3647 2005 3703 defrau-

415 3733 604 3790 demus
626 3734 694 3788 Ba
705 3735 950 3802 ptismate
963 3733 1186 3803 spiritali
1204 3750 1326 3789 eum
1349 3751 1505 3804 quem
1529 3745 1778 3806 putamus
1792 3738 2009 3795 defrau—

416 3831 649 3888 dandum
677 3846 782 3884 non
809 3844 929 3884 esse
957 3830 1279 3898 baptismate
1304 3845 1478 3901 aqum.

487 3923 578 3978 XI.
630 3923 767 3991 Quid
797 3931 974 3976 autem
1031 3931 1236 3978 statues
1286 3923 1337 3976 in
1383 3939 1671 3993 personam
1723 3927 1842 3995 ejus
1883 3943 2007 3983 ver—

414 4019 542 4076 bum
593 4017 854 4073 audientis
909 4017 999 4088 qui
1063 4015 1200 4071 forte
1244 4019 1615 4086 apprehensus
1667 4019 1718 4074 in
1787 4022 2008 4077 nomine

415 4109 617 4171 Christi
670 4107 854 4162 statim
893 4107 1209 4175 confessus,
1256 4122 1322 4162 ac
1393 4109 1705 4178 priusquam
1749 4110 2008 4182 baptizari

416 4218 553 4274 aqua
605 4201 1005 4273 permitteretur
1054 4201 1136 4266 ei,
1185 4200 1345 4254 fuerit
1391 4203 1648 4270 punitus;
1687 4215 1865 4260 utrum
1918 4224 2010 4277 pe-

418 4296 556 4353 risse
587 4310 710 4351 eum
736 4293 1106 4365 pronuntiabis
1134 4294 1255 4363 quia
1288 4309 1392 4349 non
1422 4305 1503 4350 est
1526 4312 1663 4366 aqua
1687 4298 2005 4370 baptizatus,

418 4407 487 4445 an
535 4405 662 4445 vero
711 4387 912 4458 aliquid
944 4387 1286 4442 extrinsecus
1308 4390 1629 4458 patrocinari
1659 4391 1725 4446 ad
1777 4395 2008 4451 salutem

419 4481 793 4546 existimabis,
851 4480 979 4534 licet
1030 4495 1134 4534 non
1183 4479 1250 4534 sit
1273 4495 1409 4550 aqua
1455 4482 1802 4551 baptizatus?
1853 4487 2007 4555 Quod

2113 3283 2283 3336 David
2328 3285 2466 3352 quod
2493 3285 2712 3352 cecidit;
2761 3296 2810 3340 et
2850 3303 2966 3358 aute
3014 3290 3259 3346 demolita
3303 3303 3424 3348 sunt
3473 3296 3587 3366 ejus
3637 3314 3716 3352 re-

2111 3375 2414 3444 wdiﬁcabo,
2469 3388 2516 3430 et
2563 3380 2732 3432 denuo
2780 3383 2974 3450 erigant
3024 3383 3198 3447 illud;
3225 3386 3301 3439 uti
3326 3389 3606 3458 exquirant
3632 3407 3712 3445 re-

2109 3469 2246 3523 sidui
2293 3470 2556 3524 hominum
2601 3469 2804 3538 Deum,
2860 3484 2907 3527 et
2945 3490 3121 3530 omnes
3163 3487 3334 3548 gentes
3381 3497 3543 3551 super
3589 3500 3716 3554 quas

2107 3564 2398 3616 invocatum
2447 3575 2520 3618 est
2585 3582 2766 3620 nomen
2805 3583 2971 3620 meum
3025 3587 3178 3639 super
3228 3589 3352 3640 eas,
3408 3575 3537 3630 dicit
3604 3575 3716 3632 Do-

2109 3657 2278 3710 minus
2304 3656 2503 3727 faciens
2543 3656 2651 3712 lucc
2681 3657 2817 3729 (Act.
2850 3675 2940 3727 xv,
2975 3659 3187 3730 15-17).
3217 3665 3402 3737 Itaque
3430 3678 3488 3724 et
3511 3670 3715 3728 residui

2113 3747 2414 3809 hominum,
2445 3749 2497 3802 id
2525 3758 2608 3803 est
2633 3749 2849 3820 quidam
2878 3751 3210 3823 Iudaeorum,
3238 3766 3293 3811 et
3315 3772 3508 3816 omnes
3528 3774 3715 3834 gentes

2111 3858 2275 3915 super
2291 3859 2424 3914 quas
2457 3845 2762 3900 invocatum
2794 3857 2876 3901 est
2911 3864 3106 3904 nomen
3142 3851 3375 3920 Domini,
3416 3866 3712 3924 possuntet

2113 3955 2335 3994 necesse
2367 3939 2567 3995 habent
2595 3942 2868 4012 requirere
2898 3942 3216 4012 Dominum,
3261 3948 3384 4018 quia
3415 3950 3530 4019 ipsa
3560 3952 3710 4008 inve.

2113 4035 2252 4091 catio
2301 4035 2538 4090 nominis
2608 4036 2810 4105 praebet
2871 4037 2951 4091 eis
3015 4041 3359 4097 occasionem
3411 4044 3500 4100 vel
3551 4045 3707 4100 eti:

2113 4128 2341 4196 imponit
2400 4129 2775 4183 necessitatem
2827 4131 3136 4199 requirendi
3186 4133 3510 4202 Dominum,
3587 4154 3706 4193 cum

2113 4223 2308 4292 quibus
2337 4223 2651 4292 praecipiunt
2672 4223 2982 4294 Scriptores
2999 4238 3236 4295 sanctas,
3259 4231 3374 4285 sive
3405 4233 3706 4300 universas,

2117 4316 2232 4369 sive
2274 4316 2555 4386 quasdam,
2587 4327 2767 4372 tamen
2788 4319 3076 4374 audentius
3097 4321 3167 4376 de
3197 4321 3424 4378 veritate
3482 4333 3708 4381 tractare

2118 4424 2275 4477 quam
2315 4424 2437 4462 cum
2468 4410 2740 4478 gentibus,
2771 4425 2937 4479 super
2962 4427 3096 4482 quos
3120 4428 3225 4467 non
3271 4421 3357 4469 est
3400 4415 3703 4472 invocatum

2120 4517 2315 4556 nomen
2349 4502 2559 4558 Domini
2588 4503 2716 4558 Jesu
2741 4503 2861 4558 Filii
2897 4505 2988 4560 Dei
3041 4507 3169 4574 vivi,
3203 4507 3361 4562 sicuti
3415 4524 3518 4564 nec
3546 4523 3707 4579 snper

416 4578 625 4648 perisse
649 4589 770 4630 eum
797 4572 1150 4639 existimabis,
1180 4573 1390 4627 obviam
1547 4576 1725 4631 veniet
1745 4581 2010 4636 sententia
2038 4589 2091 4651 Ι)
2117 4594 2352 4663 Judmos’
2529 4607 2740 4651 veleres
2768 4605 2973 4651 tantum
2997 4572 3303 4669 Scriptura;
3326 4602 3611 4670 recipiunt.
3643 4603 3704 4657 Et

414 4669 626 4726 Domini
657 4667 915 4722 dicentis:
947 4667 1263 4734 Quicumque
1283 4683 1361 4720 me
1387 4671 1648 4738 confessus
1665 4673 1815 4740 fuerit
1835 4689 2009 4729 coram

413 4763 704 4817 hominibus
733 4801 748 4824 ,
780 4759 1058 4827 conﬁtebor
1087 4759 1236 4812 illum
1291 4771 1337 4814 et
1364 4777 1454 4832 ego
1484 4779 1654 4816 coram
1710 4763 1870 4822 Patre
1896 4785 2006 4824 meo

414 4857 500 4927 qui
545 4856 597 4908 in
645 4853 784 4908 caelis
822 4862 892 4906 est
918 4849 1208 4923 (Matt/nx,
1254 4851 1345 4922 52)
1378 4870 1397 4907 :
1423 4856 1548 4924 quia
1593 4856 1727 4912 nihil
1781 4860 2007 4918 interest

419 4963 597 5006 utrum
645 4949 734 5003 hic
775 4947 996 5002 verbum
1022 4947 1248 5001 audiens
1278 4963 1346 5002 an
1386 4949 1559 5004 ﬁdelis
1603 4952 1672 5006 sit
1716 4955 1805 5024 qui
1832 4958 2004 5012 conti-

418 5053 558 5098 tetur
614 5044 872 5107 Domino,
925 5041 1218 5096 dummodo
1271 5043 1443 5113 ipsum
1504 5043 1775 5102 Christum
1845 5067 2003 5120 quem

414 5139 660 5193 confiteri
706 5147 950 5210 oportet,
1000 5138 1351 5201 conﬁteatur;
1403 5141 1526 5210 quia
1579 5141 1834 5198 Dominus
1889 5149 2002 5213 pari

413 5232 532 5286 vice
598 5228 904 5285 conﬁtendo
954 5240 1010 5284 et
1067 5231 1180 5300 ipse
1225 5230 1594 5286 confessorem
1653 5249 1807 5289 suum
1862 5239 2001 5306 apud

410 5316 624 5376 Patrem
655 5360 670 5388 ,
740 5321 944 5377 honore
984 5340 1106 5378 eum
1174 5323 1412 5395 martyrii
1461 5323 1582 5392 sui,
1628 5332 1687 5378 ut
1735 5328 2005 5397 pollicitus

412 5425 528 5485 est,
577 5427 822 5472 exornet.
883 5418 1035 5484 Quod
1087 5418 1270 5488 utique
1320 5434 1425 5473 non
1485 5417 1647 5474 debet
1703 5421 1862 5477 latius
1909 5440 2000 5479 ac-

407 5512 512 5582 cipi
536 5551 553 5580 ,
599 5513 752 5582 quasi
781 5514 944 5582 possit
1001 5527 1384 5585 usquequaque
1412 5515 1646 5585 porrigi,
1678 5516 1798 5586 quia
1829 5528 2005 5587 potest

2113 4688 2235 4743 ideo
2257 4689 2532 4759 utriusque
2563 4689 2722 4760 hujus
2773 4691 2989 4759 generis
3037 4691 3307 4758 homines,
3331 4693 3385 4747 id
3412 4706 3495 4749 est
3535 4694 3700 4750 Judzei

2111 4791 2166 4836 et
2195 4780 2437 4838 Gentiles
2463 4823 2476 4846 ,
2510 4783 2669 4851 plene
2725 4794 2780 4836 ut
2818 4793 3032 4853 Oportet
3080 4785 3361 4843 credentes
3399 4788 3510 4858 pari
3545 4788 3698 4844 modo

2115 4874 2472 4944 baptizantur.
2515 4875 2764 4932 Hmretici
2812 4891 2942 4932 vero
2982 4878 3092 4947 jam
3142 4879 3398 4950 baptizati
3447 4898 3584 4953 aqua
3647 4883 3695 4937 in

2113 4971 2334 5024 nomine
2361 4969 2490 5024 Jesu
2539 4969 2760 5038 Christi,
2814 4981 3017 5025 tantum
3048 4973 3099 5026 in
3147 4971 3348 5042 Spiritu
3394 4985 3580 5030 sancto
3611 4977 3696 5032 ba-

2115 5062 2348 5134 ptizandi
2396 5070 2556 5116 sunt:
2590 5070 2644 5116 et
2695 5063 2745 5117 in
2799 5063 2949 5130 Jesu,
2990 5065 3130 5134 quod
3173 5081 3370 5122 nomen
3400 5069 3572 5124 solum
3601 5069 3692 5124 da-

2113 5166 2222 5210 tum
2271 5165 2352 5210 est
2398 5154 2497 5209 sub
2539 5155 2679 5210 coelo
2709 5155 2894 5226 inquo
2939 5168 3184 5226 oporteat
3225 5160 3402 5216 salvos
3432 5161 3548 5217 ﬁeri
3578 5177 3690 5227 nos,

2109 5249 2300 5303 merito
2331 5263 2474 5303 mors
2513 5250 2912 5312 contemnitur;
2962 5252 3218 5321 quoniam
3258 5253 3303 5308 si
3327 5256 3404 5308 sic
3450 5269 3690 5324 perseve-

2104 5353 2260 5406 rent,
2310 5343 2443 5396 salvi
2477 5357 2596 5398 esse
2638 5361 2742 5398 non
2800 5353 3043 5416 possunt,
3079 5348 3203 5418 quia
3255 5363 3360 5404 non
3393 5350 3687 5421 requisive-

2103 5447 2229 5494 runt
2253 5437 2533 5493 Dominum
2557 5449 2677 5509 post
2703 5439 3099 5498 invocationem
3128 5443 3363 5502 nominis
3388 5443 3509 5516 ejus
3533 5459 3688 5516 super

1746 5631 2110 5696 VARIORUM
2147 5639 2379 5698 ΝΟΤΛΕ.

481 5743 549 5800 Et
575 5744 908 5815 intelligente:
945 5744 1224 5816 liigaltius,
1254 5757 1305 5800 ut
1328 5749 1493 5805 intett.
1526 5747 1797 5805 GALLAND.

2159 5754 2498 5812 XL—Mutto
2517 5757 2592 5813 vel
2606 5775 2780 5829 prava.
2800 5759 3187 5832 Reponeudum
3205 5774 3286 5821 est
3303 5766 3498 5820 mutila.
3522 5761 3672 5821 GALL.
