3958 6330
222 248 343 306 1197

1581 243 1890 304 ANONYMI
1927 242 2156 302 LIBER.

3337 244 3475 302 “98

215 383 330 436 eos,
377 365 518 422 sicut
563 373 619 423 et
654 365 730 422 illi
775 363 972 438 quiiin
1026 379 1122 422 eos
1177 363 1425 420 Christus
1481 367 1572 436 qui
1644 366 1780 421 forte
1808 371 1857 428 Α
1884 363 2125 434 gelorum
2182 359 2552 416 tantummodo
2605 367 2726 430 post
2779 372 2838 414 se
2876 359 3153 429 respexit,
3194 368 3251 416 et
3301 369 3481 416 tumu-

214 459 420 516 credere
451 459 734 518 uoluerunt
761 499 776 524 ,
805 458 870 514 de
900 457 1092 529 quibus
1140 458 1398 512 Dominus
1446 457 1520 512 ait
1552 476 1565 511 :
1601 457 1784 513 Cavete

213 569 271 610 ne
310 553 415 622 quis
459 568 545 608 vos
593 553 647 607 in
701 568 923 608 errarem
970 551 1199 606 inducat.
1249 549 1405 604 Multi
1425 551 1786 621 enimlvenient

213 646 260 700 in
287 646 480 700 nomine
507 661 616 699 meo
643 645 865 702 dicentes
902 661 920 700 :
954 644 1062 716 Ego
1079 661 1192 698 sum
1217 643 1446 699 Christus
1479 661 1496 698 :
1527 656 1571 698 et
1602 645 1787 699 multos

211 738 259 791 in
287 754 503 794 errorem
531 737 770 792 inducent
797 731 1011 808 (Matth.
1039 752 1189 802 xxrv,
1219 737 1274 804 4,
1297 736 1472 808 5-H).
1501 737 1564 792 Et
1592 737 1784 792 iterum

209 831 311 884 ait:
344 828 482 884 Tunc
509 831 552 884 si
577 831 663 900 qni
687 830 872 883 dixerit
896 827 1033 882 vobis
1059 846 1070 882 :
1107 828 1238 882 Ecce
1278 829 1359 882 hic
1410 828 1670 893 Christus,
1702 838 1788 881 aut

211 921 322 986 hic;
359 922 515 975 nolite
560 923 785 976 credere.
835 919 1062 990 Surgent
1124 923 1256 974 enim
1312 922 1684 990 pseudocltristi
1741 932 1790 976 et

211 1018 659 1088 pseudopropheta:
682 1057 697 1082 ,
741 1025 788 1068 et
837 1015 1029 1070 dabunt
1069 1015 1214 1084 signa
1248 1031 1437 1085 magna
1463 1026 1508 1069 et
1536 1025 1788 1085 portenta,

209 1109 274 1162 ita
303 1118 352 1162 ut
381 1119 570 1177 errent,
600 1110 643 1164 si
684 1110 793 1175 fieri
827 1119 1021 1178 potest,
1069 1109 1224 1162 etiam
1280 1109 1426 1162 electi
1469 1107 1632 1181 (Ibid.
1681 1108 1788 1177 2'5,

208 1202 317 1270 24).
375 1201 520 1270 Quas
577 1204 802 1260 virtutes
852 1219 958 1258 non
1015 1203 1176 1258 dubie
1230 1209 1358 1256 tunc
1403 1201 1479 1255 illi
1535 1201 1634 1257 sub
1699 1218 1793 1256 no-

208 1295 343 1350 mine
369 1296 565 1351 Christi
612 1296 829 1352 facient.
881 1296 938 1352 In
993 1311 1101 1366 quo
1124 1296 1339 1351 nomine
1378 1296 1638 1350 videntur
1666 1296 1789 1364 qui-

209 1388 321 1442 dam
355 1390 516 1444 etiam
561 1390 723 1446 modo
767 1389 1025 1462 quasdam
1071 1389 1298 1444 virtutes
1340 1391 1541 1455 facere,
1572 1399 1626 1444 et
1657 1387 1794 1444 falso

209 1482 548 1551 prophetare.
585 1482 691 1539 Sed
720 1495 926 1538 certum
969 1493 1051 1538 est
1089 1499 1204 1548 eos,
1254 1481 1396 1554 quod
1427 1484 1526 1553 ipsi
1558 1499 1662 1538 non
1689 1483 1799 1538 sint

206 1572 430 1642 Christi,
495 1586 778 1648 propterea
829 1577 896 1631 ad
971 1575 1242 1631 Christum
1305 1592 1408 1634 non
1484 1577 1794 1647 pertinere;

207 1669 648 1738 quemadmodum
696 1673 856 1727 etiam
911 1671 957 1726 si
1000 1673 1120 1743 quis
1150 1670 1417 1726 desciscat
1465 1685 1497 1726 a
1545 1669 1794 1737 Christo,

206 1761 467 1819 inhzerens
494 1764 611 1819 solo
655 1764 860 1820 nomini
905 1764 1053 1833 ejus,
1112 1766 1202 1834 qui
1260 1780 1367 1819 non
1422 1763 1648 1818 multum
1701 1763 1796 1817 ad-

1890 453 1973 510 ius
2020 455 2148 509 salis
2171 453 2308 509 facta
2365 462 2467 509 est.
2513 452 2626 518 Qua
2655 450 2862 508 ratione
2889 453 3051 507 etiam
3081 453 3170 508 ille
3191 455 3480 511 haereticus

1887 549 1978 618 qui
2049 547 2355 603 conﬁtendo
2424 546 2620 601 Christi
2688 563 2883 601 nomen
2939 547 3274 617 trucidatur,
3343 549 3479 604 nihil

1889 650 2074 711 postea
2139 649 2315 712 potest
2362 640 2652 711 corrigere,
2717 641 2763 694 si
2811 639 2940 710 quid
2999 639 3066 694 de
3116 642 3227 696 Deo
3273 652 3364 696 aut
3411 642 3482 696 de

1888 733 2106 790 Christo
2148 735 2289 790 male
2338 735 2616 801 senserit,
2673 748 2796 788 cum
2848 734 2901 790 in
2956 735 3118 789 alium
3176 735 3342 790 Deum
3398 735 3487 791 vel

1890 828 1942 881 in
1996 828 2160 882 alium
2210 828 2479 884 Chrismm
2528 826 2798 883 credendo
2855 829 3204 898 semetipsum
3255 827 3485 898 fefellit,

1891 919 2170 974 confessor
2226 935 2329 974 non
2377 920 2608 980 Christi,
2665 917 2758 973 sed
2790 919 3035 974 solitario
3085 918 3289 974 Christi
3313 921 3490 975 nomi-

1892 1029 1995 1080 ne;
2055 1013 2270 1084 quando
2313 1021 2368 1068 et
2411 1013 2702 1084 Apostolus
2747 1023 3143 1083 consequenter
3191 1013 3366 1068 dicat:
3421 1013 3491 1068 Et

1893 1108 1938 1161 si
1988 1125 2174 1178 corpus
2212 1125 2377 1162 meum
2426 1108 2684 1162 tradidero
2714 1149 2730 1175 ,
2765 1109 2838 1161 ita
2878 1117 2934 1162 ut
2981 1125 3167 1163 exurar
3215 1109 3348 1180 igni,
3405 1110 3490 1162 di-

1894 1200 2156 1254 lectionem
2202 1213 2371 1254 autent
2418 1219 2519 1255 non
2574 1201 2786 1254 habeam
2815 1243 2829 1268 ,
2869 1201 3001 1255 nihil
3030 1203 3244 1274 proﬁcio
3294 1203 3337 1276 (l
3368 1202 3489 1259 Cor.

1897 1308 2011 1358 xui,
2041 1292 2119 1364 5).
2177 1294 2312 1362 Quia
2344 1293 2447 1348 hoc
2486 1292 2627 1348 facto
2658 1293 2789 1348 nihil
2841 1293 3052 1364 proﬁcit
3076 1297 3166 1366 qui
3199 1311 3304 1350 non
3337 1296 3500 1353 habet

1897 1383 2250 1441 dilectionem
2293 1386 2411 1456 ejus
2454 1385 2546 1440 Dei
2590 1395 2643 1440 et
2672 1383 2908 1453 Christi,
2966 1387 3056 1458 qui
3102 1403 3198 1457 per
3221 1387 3418 1459 Legem
3443 1401 3500 1447 et

1898 1480 2199 1550 Prophetas
2225 1491 2280 1536 et
2337 1482 2388 1534 in
2424 1480 2717 1552 Evangelio
2744 1481 2794 1534 in
2825 1480 2927 1536 hoc
2955 1482 3116 1538 modo
3137 1484 3493 1553 praedicatur:

1898 1574 2098 1646 Diliges
2119 1573 2398 1629 Dominum
2416 1573 2579 1629 Deum
2602 1584 2744 1628 tuum
2758 1575 2812 1628 in
2828 1585 2932 1630 toto
2957 1574 3111 1631 corde
3142 1588 3228 1632 tuo
3253 1589 3299 1632 et
3320 1579 3372 1633 in
3392 1589 3501 1634 tota

1900 1673 2073 1725 anima
2096 1683 2181 1724 tua
2203 1682 2249 1725 et
2275 1673 2327 1726 in
2352 1680 2456 1726 tota
2476 1671 2780 1742 cogitatione
2807 1681 2916 1739 tua,
2941 1682 2988 1726 et
3009 1672 3191 1742 diliges
3210 1675 3500 1742 proximum

1904 1764 1992 1817 tibi
2011 1776 2270 1832 tamquam
2290 1775 2354 1816 te.
2379 1762 2445 1817 In
2471 1765 2550 1817 his
2578 1764 2712 1818 enim
2741 1764 2938 1819 duobus
2969 1767 3239 1838 praeceptis
3265 1776 3369 1822 tota
3391 1767 3502 1824 Lex

203 1854 412 1924 juvatur
431 1899 452 1928 ,
483 1857 648 1912 immo
690 1859 859 1929 magis
894 1857 997 1912 hoc
1050 1858 1266 1913 nomine
1305 1859 1465 1913 etiam
1518 1865 1795 1924 oneratur,
1827 1851 1875 1910 B
1904 1857 2086 1926 pendet
2117 1866 2162 1910 et
2188 1855 2468 1927 PrOpheta:
2493 1853 2674 1930 (Deut.
2700 1871 2777 1923 vr,
2801 1855 2869 1924 5;
2903 1855 3094 1912 Matth.
3129 1875 3260 1926 ml,
3285 1861 3503 1934 5740).

207 1948 327 2003 licet
373 1947 531 2004 fuerit
582 1958 741 2005 antea
781 1950 1125 2006 ﬁdelissimus
1175 1959 1266 2004 aut
1308 1949 1660 2022 justissimus,
1706 1956 1800 2002 aut

207 2040 348 2094 clero
387 2041 569 2111 aliquo
626 2041 953 2108 honoratus,
1006 2052 1098 2096 aut
1139 2040 1493 2096 confessionis
1539 2040 1798 2111 dignitate

208 2131 479 2202 prmditus.
515 2131 575 2188 ιιι
599 2137 741 2189 enim
769 2151 954 2189 omnes
989 2134 1234 2206 negando
1284 2151 1471 2190 verum
1499 2133 1796 2204 Christum,

207 2223 594 2280 introducendo
648 2236 740 2280 aut
787 2225 1065 2298 sequendo
1095 2227 1285 2290 alium,
1317 2242 1439 2281 cum
1498 2227 1566 2280 sit
1621 2226 1800 2282 nullus

208 2317 425 2372 omnino
475 2318 632 2385 alius,
665 2318 798 2373 nihil
841 2319 954 2390 spei
984 2331 1075 2376 aut
1097 2319 1287 2374 salutis
1313 2318 1412 2374 sibi
1447 2318 1799 2389 relinquunt:

207 2426 311 2466 non
347 2412 505 2468 aliter
557 2405 718 2484 quam
758 2414 829 2467 illi
879 2417 967 2484 qui
1021 2429 1202 2469 coram
1285 2412 1593 2468 hominibus
1636 2429 1800 2485 nega-

208 2513 398 2560 verunt
441 2504 714 2560 Christum
738 2549 752 2573 ,
811 2522 947 2578 qttos
1007 2507 1190 2576 negari
1230 2521 1452 2562 necesse
1479 2515 1562 2561 est
1591 2522 1621 2561 a
1643 2503 1802 2561 Chri-

207 2607 329 2660 sto,
369 2611 475 2650 nou
527 2594 704 2651 habita
756 2596 863 2651 ulla
915 2597 1130 2652 ratione
1180 2597 1418 2667 ipsorum
1466 2614 1531 2652 ex
1597 2613 1802 2666 prtece-

209 2689 351 2745 denti
398 2691 819 2746 conversatione
849 2705 1036 2746 eorum
1069 2699 1160 2744 aut
1201 2705 1364 2746 sensu
1395 2698 1486 2744 aut
1509 2689 1804 2762 dignitate;

209 2782 431 2855 proinde
485 2791 645 2856 atque
692 2783 793 2852 ipsi
833 2783 950 2836 ausi
1010 2792 1135 2838 sunt
1188 2781 1500 2849 Christum,
1590 2782 1641 2838 id
1723 2791 1809 2839 est

205 2877 435 2934 salutem
453 2891 604 2930 suam
619 2875 905 2947 abrogare,
933 2876 1175 2932 damnati
1193 2891 1288 2947 per
1307 2875 1469 2946 hujus
1498 2877 1638 2934 modi
1659 2878 1810 2932 elau-

205 2974 412 3041 sulam,
460 2973 581 3044 quia
632 2971 1077 3027 manifestissime
1131 2987 1161 3027 a
1202 2971 1432 3027 Domino
1463 2971 1663 3026 dictum
1689 2980 1805 3026 est:

208 3067 524 3138 Quicumque
571 3084 650 3121 me
719 3066 975 3138 negaverit
1020 3082 1196 3119 coram
1233 3064 1561 3132 hominibus,
1615 3063 1809 3134 negabo

202 3178 318 3216 eum
375 3172 422 3216 et
487 3177 578 3234 ego
645 3177 818 3215 coram
882 3155 1041 3214 Patre
1097 3175 1206 3213 meo
1263 3157 1351 3230 qui
1402 3160 1454 3212 in
1527 3157 1666 3212 caelis
1737 3167 1812 3212 est

1901 1948 2049 2004 Sicut
2100 1958 2154 2004 et
2203 1949 2444 2005 Joannes
2492 1949 2835 2021 Evangelista
2883 1950 3057 2006 dicit:
3109 1951 3177 2006 Et
3225 1953 3390 2008 omnis
3417 1955 3508 2024 qui

1903 2040 2104 2112 diligit,
2154 2057 2214 2096 ea:
2239 2041 2346 2096 Deo
2395 2050 2542 2096 natus
2593 2051 2704 2108 est,
2754 2052 2802 2097 et
2841 2045 3100 2114 cognoscit
3146 2043 3353 2110 Deum;
3385 2048 3509 2117 quia

1904 2132 2044 2189 Deus
2096 2134 2300 2189 dilectio
2331 2145 2403 2189 est
2455 2135 2497 2208 (l
2551 2135 2708 2190 Joan.
2761 2152 2835 2202 ιν,
2880 2136 3025 2209 7-8).
3076 2137 3246 2194 Sicuti
3289 2151 3342 2197 et
3366 2142 3509 2199 Deus

1904 2227 2012 2281 ait:
2051 2224 2134 2281 Ita
2186 2230 2319 2282 enim
2348 2227 2527 2282 dilexit
2562 2228 2704 2283 Deus
2732 2230 2979 2284 mundum
3020 2242 3074 2285 ut
3115 2231 3310 2288 Filium
3355 2252 3506 2290 suum

1905 2322 2111 2374 unicum
2159 2322 2340 2388 daret,
2389 2331 2446 2375 ut
2499 2322 2666 2376 omnis
2720 2322 2808 2394 qui
2863 2325 2916 2377 in
2964 2341 3078 2378 eum
3137 2327 3363 2382 crederet
3404 2346 3508 2384 non

1907 2414 2130 2483 periret,
2163 2413 2254 2468 sed
2309 2413 2512 2469 haberet
2556 2415 2708 2468 vitam
2757 2425 2999 2470 wternam
3031 2413 3210 2489 (Joan.
3259 2436 3338 2488 ιιι,
3391 2423 3502 2493 16).

1909 2503 1981 2559 Ut
2026 2505 2312 2560 manifeste
2358 2516 2646 2578 appareret
2672 2522 2794 2561 eum
2825 2509 2915 2578 qui
2957 2507 3095 2565 hanc
3121 2511 3376 2584 diligendi
3407 2530 3508 2570 nos

1909 2603 1965 2651 et
1991 2596 2250 2668 diligendi
2302 2613 2330 2651 a
2387 2598 2542 2653 nobis
2585 2599 2931 2656 dilectionem
2962 2603 3012 2656 in
3054 2618 3114 2688 se
3143 2620 3249 2660 non
3279 2609 3509 2677 habeat,

1910 2689 2056 2743 inani
2105 2689 2455 2746 confessione
2500 2703 2554 2747 et
2597 2694 2847 2764 passione
2891 2695 3024 2752 nihil
3069 2697 3327 2767 proﬁcere
3351 2717 3512 2772 quam

1910 2791 1968 2835 ut
2014 2782 2126 2851 ipsa
2176 2795 2398 2853 apparet
2437 2793 2492 2839 et
2530 2795 2745 2841 constat
2794 2787 3106 2845 hzereticum
3157 2807 3279 2849 esse
3330 2799 3420 2867 qui
3450 2799 3506 2854 in

1912 2873 2074 2929 alium
2111 2876 2270 2931 deum
2319 2877 2505 2932 credat
2555 2881 2668 2934 sive
2714 2878 2987 2937 Christum
3036 2885 3202 2942 alium
3247 2889 3506 2961 accipiat,

1913 2985 2073 3040 quam
2117 2987 2276 3042 quem
2315 2970 2613 3042 Scriptura:
2643 2973 2776 3029 Novi
2819 2985 2874 3031 et
2912 2975 3128 3036 Veteris
3179 2980 3514 3042 Testamenti

1913 3062 2201 3119 manifeste
2269 3063 2601 3135 praedicant,
2651 3082 2771 3137 qua:
2821 3067 3036 3125 Patrem
3089 3077 3518 3145 omnipotentem

1915 3163 2216 3210 creatorem
2271 3157 2510 3211 omnium
2543 3166 2598 3212 et
2648 3157 2842 3214 Filium
2899 3161 3015 3232 ejus
3043 3163 3160 3220 sine
3186 3167 3518 3227 obscuritate

202 3255 422 3330 (Matth.
478 3273 532 3323 ι,
565 3254 658 3328 55)
697 3267 710 3309 2
746 3265 802 3309 ut
827 3253 1052 3309 verbum
1101 3254 1222 3321 hoc,
1261 3253 1613 3324 Quicumque,
1653 3252 1816 3306 etiam
1842 3250 1887 3313 C
1919 3249 2259 3303 annuntiant.
2315 3247 2544 3304 Eveniet
2595 3251 2738 3305 enim
2771 3251 2849 3307 eis
2899 3264 2956 3308 ut
2999 3256 3089 3311 alii
3134 3259 3202 3314 ab
3245 3262 3352 3318 alio
3407 3264 3518 3321 Deo

199 3352 254 3406 in
306 3351 545 3406 clausula
591 3347 950 3405 confessionis
981 3346 1296 3419 plenissime
1325 3345 1480 3401 nobis
1528 3344 1804 3412 ostendat,

198 3443 350 3520 quod
390 3444 535 3500 nulla
562 3443 802 3499 conditio
847 3442 1016 3514 ipsius
1043 3440 1352 3496 conﬁtentis
1373 3438 1567 3500 obesse
1597 3439 1766 3508 possit
1790 3452 1804 3502 ;

196 3540 330 3596 licet
358 3547 582 3608 negator
621 3538 713 3592 ille
741 3545 898 3590 antea
932 3533 1016 3592 vel
1066 3535 1353 3590 haareticus
1400 3532 1564 3588 fuerit
1595 3534 1680 3586 vel
1706 3547 1804 3586 au-

193 3634 357 3690 diens
400 3643 490 3687 aut
520 3629 710 3686 audire
758 3629 1022 3700 incipiens
1046 3669 1062 3696 ,
1093 3628 1184 3699 qui
1237 3626 1473 3681 nondum
1506 3624 1808 3696 baptizatus

191 3728 306 3794 sit,
353 3726 438 3781 vel
493 3725 560 3780 de
615 3724 807 3780 haeresi
858 3721 926 3776 ad
974 3723 1254 3777 veritatem
1297 3719 1421 3773 ﬁdei
1474 3731 1801 3782 conversus,

189 3822 281 3878 vel
336 3822 408 3876 ab
466 3817 708 3875 Ecclesia
739 3818 1013 3888 digressus
1061 3822 1115 3869 et
1162 3821 1347 3884 postea
1395 3824 1645 3866 reversus
1689 3810 1801 3874 sit;

187 3926 247 3972 et
314 3924 447 3970 tunc
512 3930 634 3968 cum
689 3911 927 3980 rediret,
991 3907 1304 3979 priusquam
1354 3903 1405 3960 ei
1481 3915 1673 3957 manus
1736 3900 1805 3956 ab

185 4012 460 4083 episcopo
493 4009 868 4082 imponeretur
892 4049 907 4072 ,
950 4003 1326 4074 apprehensus
1349 3996 1590 4052 conﬁteri
1618 3995 1801 4050 Chris-

183 4116 308 4162 tum
339 4117 526 4160 coram
579 4100 886 4154 hominibus
923 4111 1147 4152 necesse
1213 4089 1476 4155 habuerit,
1527 4090 1666 4144 sicut
1704 4088 1804 4142 ite-

179 4209 317 4250 rum
361 4197 576 4266 neganti
623 4191 897 4249 Christum
926 4189 1069 4245 nulla
1108 4185 1327 4258 propria
1377 4193 1529 4238 vetus
1577 4180 1807 4252 dignitas

174 4299 385 4361 potest
428 4277 495 4344 ad
526 4290 752 4346 salutem
788 4282 1134 4358 patrocinari.

259 4380 416 4437 Xlll.
460 4382 848 4451 Quodcumque
895 4379 1040 4434 enim
1097 4376 1152 4431 in
1205 4373 1424 4431 homine
1455 4373 1700 4428 ultimum
1751 4370 1803 4425 in

173 4478 296 4534 hac
341 4480 528 4549 specie
571 4476 973 4548 deprehensum
1028 4470 1228 4536 fuerit,
1276 4470 1327 4524 iu
1388 4468 1480 4523 illo
1536 4465 1658 4538 quis
1703 4479 1802 4518 no—

169 4583 374 4629 strum
429 4570 665 4642 judicari
715 4583 941 4625 necesse
996 4565 1251 4630 habebit,
1291 4561 1504 4618 abolitis
1557 4571 1612 4615 et
1661 4557 1801 4613 obli-

1911 3341 2140 3396 salntem
2167 3343 2501 3412 exspectanti
2527 3361 2539 3397 :
2573 3352 2702 3399 tunc
2742 3344 2959 3401 demum
2989 3361 3177 3408 contra
3201 3354 3515 3427 opinionem

1910 3449 2062 3490 suam
2115 3452 2144 3488 a
2190 3436 2407 3492 Christo
2455 3437 2548 3492 Dei
2590 3437 2763 3495 Patris
2823 3442 3214 3514 omnipotentis
3256 3456 3516 3510 creatoris

1912 3527 2048 3584 Filio
2098 3547 2256 3600 quem
2297 3529 2845 3603 hlasphemaverunt,
2893 3536 2947 3592 in
2985 3555 3198 3608 pinnam
3245 3554 3507 3604 aeternam

1910 3620 2266 3688 damnentur,
2329 3637 2450 3677 cum
2494 3623 2740 3694 judicare
2788 3626 2927 3683 Deus
2977 3633 3205 3703 cmperit
3249 3622 3516 3696 absconsa

1910 3715 2190 3770 hominum
2209 3715 2506 3771 secundum
2524 3716 2876 3788 Evangelium
2896 3737 2991 3792 per
3003 3722 3275 3782 Christum
3297 3728 3508 3802 Jesum;

1911 3822 1978 3862 eo
2015 3808 2157 3879 quod
2201 3808 2253 3862 in
2287 3808 2461 3880 ipsum
2503 3824 2609 3864 non
2651 3811 3018 3885 crediderint,
3065 3818 3189 3875 licet
3214 3819 3384 3893 ipsius
3413 3842 3511 3883 no-

1909 3901 2058 3956 mine
2085 3901 2255 3957 abluti
2303 3903 2426 3957 sint.

1977 3992 2121 4049 XIV.
2151 3995 2219 4049 Et
2263 4011 2432 4066 usque
2455 3995 2590 4053 adeo
2614 4013 2776 4055 omne
2806 4000 2934 4056 illud
2977 4001 3351 4065 haereticorum
3378 4013 3503 4087 bap-

1909 4087 2065 4140 tisma
2101 4087 2468 4142 intercedente
2498 4089 2674 4160 aliquo
2698 4092 2982 4149 intervallo
3023 4101 3280 4170 temporis
3304 4108 3502 4179 corrigi

1907 4190 2114 4250 potest,
2162 4181 2206 4235 si
2249 4182 2370 4252 quis
2410 4187 2769 4254 supervixerit
2794 4196 2848 4242 et
2893 4186 3054 4246 fidem
3087 4203 3413 4271 correxerit,
3448 4215 3505 4260 ut

1911 4275 2051 4330 Dens
2097 4284 2279 4330 noster
2307 4274 2359 4329 in
2387 4273 2680 4349 Evangelio
2730 4280 3024 4338 secundum
3068 4282 3268 4346 Lucam
3297 4299 3364 4348 ad
3395 4295 3504 4352 dis-

1907 4369 2114 4439 cipulos
2162 4384 2287 4424 suos
2335 4369 2542 4426 locutus
2585 4380 2668 4428 est
2690 4373 2875 4431 dicens
2904 4395 2919 4430 :
2953 4375 3131 4435 Habeo
3158 4394 3327 4442 autem
3356 4391 3502 4446 aliud

1907 4461 2160 4530 baptisma
2204 4463 2452 4534 baptizari
2490 4463 2645 4536 (Luc.
2693 4482 2802 4534 xu,
2848 4467 2963 4542 50).
3020 4471 3150 4530 ltem
3207 4484 3498 4542 secundum

1907 4553 2145 4610 Marcum
2185 4555 2251 4609 ad
2297 4556 2438 4612 ﬁlios
2481 4556 2727 4614 Zebedaei
2785 4560 2973 4618 eadem
3002 4567 3211 4625 ratione
3249 4571 3496 4634 dixerat:

169 4667 391 4721 geratis
428 4665 677 4720 omnibus
729 4679 848 4734 qua:
880 4662 1027 4732 prius
1070 4659 1256 4729 gessit.
1299 4655 1369 4710 Et
1409 4654 1533 4710 ideo
1586 4668 1707 4708 cum
1743 4651 1796 4704 in
1825 4678 1877 4742 Β
1906 4645 2130 4702 Potestis
2183 4648 2348 4703 bibere
2396 4649 2609 4705 calicem
2638 4669 2784 4722 quem
2829 4670 2923 4726 ego
2963 4655 3114 4726 bibo;
3163 4675 3253 4718 aut
3303 4667 3496 4738 baptis.

164 4757 464 4830 martyrio
511 4766 652 4812 tanta
703 4757 774 4812 sit
816 4755 1038 4809 mutatio
1059 4767 1239 4807 rerum
1272 4750 1326 4804 in
1354 4753 1629 4803 momento
1658 4755 1796 4798 tem-

163 4852 393 4924 poris,
438 4859 496 4905 ut
553 4851 604 4903 in
653 4866 712 4905 re
768 4863 1027 4920 perquam
1081 4845 1254 4900 veloci
1331 4842 1542 4914 possint
1601 4839 1800 4892 mutari

164 4948 456 5004 universa
483 4963 498 5010 ;
531 4962 689 5000 nemo
721 4943 825 5000 sibi
849 4943 1155 5000 blandiatur
1175 4942 1263 5010 qui
1296 4937 1635 4993 occasionem
1661 4932 1798 4987 ami-

163 5035 331 5090 serit
383 5033 636 5104 gloriosa:
677 5032 906 5095 salutis,
950 5029 995 5083 si
1044 5027 1183 5082 forte
1212 5040 1274 5080 se
1298 5023 1366 5078 ab
1411 5039 1474 5078 ea
1507 5020 1802 5077 excluserit

161 5129 424 5201 prapria
472 5142 567 5182 sua
609 5126 798 5196 culpa:
829 5123 987 5180 sicuti
1039 5131 1094 5176 et
1120 5121 1212 5175 illa
1261 5132 1398 5173 uxor
1447 5115 1621 5182 Loth,
1681 5131 1802 5187 qua:

160 5221 452 5278 similiter
494 5221 547 5275 ln
586 5217 848 5292 angustiis
894 5229 1074 5272 rerum
1105 5225 1295 5268 contra
1336 5217 1664 5282 prazceptum
1696 5209 1804 5261 An-

1902 4751 2035 4798 mate
2059 4760 2158 4814 quo
2186 4760 2276 4814 ego
2308 4744 2566 4813 baptizor,
2602 4748 2850 4816 baptizari
2882 4747 3073 4821 (Marc.
3115 4770 3170 4822 x,
3202 4757 3332 4830 58)?
3353 4766 3492 4833 quod

1901 4837 2063 4890 sciret
2117 4835 2361 4891 homines
2387 4852 2493 4892 non
2524 4837 2698 4892 solum
2731 4855 2867 4912 aqua
2895 4882 2911 4906 ,
2945 4857 3155 4914 verum,
3188 4851 3348 4908 etiam
3370 4871 3494 4914 san-

1900 4929 2061 4997 guine
2111 4945 2208 4986 suo
2259 4930 2478 5001 pr0prio
2527 4928 2731 4987 habere
2775 4933 3063 5005 baptizari:
3113 4942 3183 4996 ita
3215 4956 3274 5001 ut
3298 4958 3351 5003 et
3377 4953 3494 5009 solo

1903 5019 2008 5115 hoc
2044 5023 2368 5093 Baptismate
2413 5024 2663 5094 baptizati
2716 5026 2876 5082 fidem
2919 5031 3176 5103 integram
3219 5048 3272 5094 et
3302 5041 3491 5115 digna.

1903 5113 2104 5170 tionem
2161 5115 2428 5172 sinceram
2474 5117 2674 5175 lavacri
2724 5121 2932 5191 possint
2969 5123 3194 5197 adipisci
3241 5140 3299 5188 et
3338 5113 3488 5194 utro-

1518 5300 1880 5362 VARIORUM
1914 5295 2150 5356 ΝΟΤιΈ.

260 5417 392 5474 ΧΠ.
420 5447 491 5458 --
519 5415 618 5484 Qui
645 5416 700 5470 in
738 5430 821 5469 eos
845 5412 1094 5484 Christus.
1135 5407 1291 5484 Angli
1338 5401 1618 5484 legendum
1665 5413 1786 5484 esse

159 5472 638 5558 monuerunthqai
663 5487 723 5542 ob
755 5483 1184 5556 pseudo-christos
1216 5472 1346 5549 forte
1386 5472 1588 5530 credere
1613 5472 1788 5526 nolue-

158 5571 338 5620 runt.
374 5561 647 5617 Cauno.

259 5633 491 5689 χιιι-
505 5633 888 5701 Quodcumque.
921 5627 1082 5684 Forte
1101 5617 1790 5748 legendgmggzgcumque.

263 5777 450 5844 Quam
473 5787 529 5832 ut
573 5778 705 5845 ipsa.
738 5773 999 5846 Rigaltius
1022 5769 1234 5846 censuit
1276 5758 1791 5846 ita‘emendandum‘

162 5836 318 5911 esse
345 5850 490 5906 hunc
530 5836 706 5908 locum
737 5836 1044 5915 ut'legatur
1069 5841 1198 5896 nihil
1249 5836 1495 5910 proﬁcere
1543 5849 1696 5904 quam
1739 5841 1794 5884 ut

1889 5394 2067 5486 iiii“)?
2085 5400 2415 5486 “i’l’fffﬁﬂ‘
2442 5393 2954 5486 ⁶2Ἶξ⁴θ¹λξίῗῗῗξέῗί⁸⁷η
2991 5415 3115 5486 σεεεο
3149 5403 3263 5477 ES"
3314 5415 3484 5486 conii-

1892 5481 2087 5550 cerein‘
2126 5466 2410 5550 legendum
2455 5479 2595 5530 esse,
2629 5467 2872 5534 quoniam
2923 5486 2979 5524 re
3025 5473 3139 5543 δρία
3185 5466 3487 5550 ἄρρανᾱιὲε

1892 5547 2109 5592 constat.
2152 5538 2420 5591 (ὶΑιιΑιω.

1965 5608 2318 5664 κινῇ-οδω
2345 5615 2533 5686 noster.
2565 5608 2736 5686 Antea
2755 5609 3032 5682 legebatur
3056 5616 3217 5676 Deum
3234 5637 3480 5686 nostrum.

1895 5682 2098 5768 Sensus
2122 5690 2300 5768 autem
2337 5679 2575 5768 postulat
2600 5689 2658 5734 ut
2688 5679 2892 5760 legatur
2935 5696 3002 5742 eo
3022 5690 3182 5748 modo
3229 5679 3357 5768 quo"
3377 5679 3481 5759 Ῑιᾙέ

1897 5756 2322 5814 emendavimus.
2340 5749 2343 5750 ⁷
2362 5749 2633 5808 Gutum».
