3958 6330
451 293 590 388 itas

1783 323 1870 380 DE
1912 321 2446 382 REBAPTISMATE

3624 318 3760 378 1200

447 462 556 520 que
601 444 760 501 modo
813 441 1066 512 baptizari
1090 482 1104 502 ,
1159 454 1312 510 teque
1362 445 1540 494 tamen
1591 450 1752 491 utmm
1808 436 2072 508 baptisma
2100 442 2151 500 Α
2178 444 2295 514 prio
2323 456 2483 496 sensu
2513 445 2566 493 et
2596 447 2798 494 temere
2828 437 2930 491 hoc
2971 435 3182 491 fecisse.
3217 433 3307 490 Ait
3355 432 3498 489 enim
3530 431 3766 491 Joannes

447 541 640 595 salutis
687 547 741 594 et
789 536 1010 590 honoris
1073 537 1274 606 pariter
1327 545 1382 590 et
1443 533 1721 601 (aqualiter
1772 532 2051 603 consequi.

447 633 604 702 Quod
653 633 792 687 enim
853 631 1052 684 dictum
1108 638 1190 684 est
1260 643 1290 683 a
1366 628 1622 692 Domino,
1685 626 1859 681 Habeo
1895 627 2053 681 .aliud

448 725 716 795 Baptisma
756 723 1048 795 baptizari,
1104 722 1209 778 hoc
1263 723 1318 777 in
1369 723 1487 777 loco
1529 738 1638 776 non
1672 732 1728 776 ut
1757 722 2052 776 secundum

445 817 758 885 Baptisma,
814 832 877 872 ac
930 817 974 870 si
1026 817 1137 872 sint
1189 815 1297 870 duo
1343 817 1712 884 Baptismata,
1766 815 2050 883 signiﬁcat,

447 910 545 966 sed
591 911 816 965 alterius
841 924 1055 981 quoque
1109 910 1307 980 speciei
1365 907 1636 978 Baptisma
1692 908 1758 962 ad
1809 907 2052 962 eamdem

442 1005 674 1058 salutem
703 1018 1040 1058 concurrens
1068 1003 1325 1057 donatum
1360 1001 1516 1056 nobis
1541 1016 1662 1056 esse
1689 1001 2048 1056 demonstrato

141 1108 200 1158 v.
241 1100 414 1160 6-9;
443 1097 591 1164 Quas
645 1105 903 1168 utrasque
951 1095 1161 1166 species
1197 1097 1264 1150 ab
1312 1095 1430 1166 ipso
1460 1095 1685 1149 Domino
1716 1106 1904 1150 nostro
1937 1095 2049 1164 pri-

441 1207 588 1247 mum
660 1193 857 1248 initiari
929 1200 984 1249 et
1037 1191 1359 1247 sanctiﬁcari
1422 1190 1736 1260 oportebat,
1786 1197 1841 1244 ut
1894 1189 2051 1244 nobis

442 1303 658 1358 quoque
689 1288 947 1343 alterutra
981 1287 1096 1342 sive
1137 1296 1360 1356 utraque
1391 1285 1601 1354 species
1635 1300 1795 1338 unum
1827 1282 1928 1338 hoc
1951 1282 2050 1338 du-

439 1380 568 1449 plex
625 1380 962 1437 salutiferum
1011 1390 1170 1451 atque
1205 1379 1560 1434 honoriﬁcum
1605 1377 1875 1448 Baptisma
1909 1392 2050 1446 prte-

436 1481 609 1529 staret
640 1490 654 1538 ;
699 1483 754 1529 et
786 1477 884 1529 viae
910 1473 1157 1544 quaedam
1193 1473 1352 1527 unius
1402 1471 1748 1540 Baptismatis
1788 1469 1867 1525 sic
1896 1468 2051 1523 nobis

436 1568 801 1637 pateﬁerent,
856 1580 914 1624 ut
962 1567 1251 1640 aliquando
1320 1567 1538 1636 impune
1599 1566 1776 1636 aliqua
1841 1565 2048 1619 illarum

433 1660 687 1724 deesset,
735 1661 877 1716 sicut
932 1661 984 1715 in
1043 1661 1268 1715 verbum
1331 1656 1670 1713 audientibus
1727 1655 2050 1728 martyribus

430 1753 654 1826 impune
691 1771 845 1826 aquae
893 1755 1168 1823 Baptisma
1196 1754 1382 1820 deest,
1416 1769 1552 1823 qttos
1585 1762 1761 1808 tamen
1795 1751 1926 1806 certi
1959 1766 2049 1805 su-

2159 539 2228 594 de
2285 536 2510 591 Domino
2573 542 2762 587 nostro
2793 532 2844 585 in
2902 530 3137 600 Epistola
3207 543 3302 582 sua
3364 542 3463 582 nos
3531 527 3762 582 docens:

2163 629 2263 685 Hic
2303 639 2376 682 est
2426 627 2512 698 qui
2553 625 2684 679 venit
2739 640 2828 694 per
2874 639 3057 691 aquam
3126 631 3172 674 et
3217 621 3562 690 sanguinem,
3607 618 3763 675 Iesus

2159 724 2412 789 Christus,
2461 739 2562 775 non
2616 722 2668 774 in
2695 736 2828 790 aqua
2874 727 3112 783 tantum,
3166 714 3256 770 sed
3296 715 3350 768 in
3395 731 3531 786 aqua
3567 724 3613 769 et
3637 732 3764 768 san-

2157 819 2331 888 guine.
2376 815 2443 869 Et
2476 816 2703 886 Spiritus
2739 824 2810 868 est
2850 815 2939 884 qui
2982 812 3324 866 testimonium
3369 809 3620 879 perhibet,
3651 811 3771 878 quia

2158 912 2389 980 Spiritus
2427 922 2496 964 est
2539 909 2762 973 veritas;
2807 909 2927 978 quia
2969 917 3068 961 tres
3097 905 3441 960 testimonium
3477 903 3764 976 perhibent,

2159 1003 2394 1076 Spiritus
2424 1013 2471 1057 et
2519 1020 2652 1074 aqua
2695 1013 2743 1056 et
2792 1001 3023 1073 sanguis.
3083 997 3150 1053 Et
3200 1000 3283 1054 isti
3316 1009 3417 1053 tres
3459 1015 3617 1051 unum
3656 1013 3770 1058 sun;

2156 1096 2198 1170 (l
2227 1095 2642 1168 Joann.u,—e).
2698 1094 2769 1152 Ut
2817 1111 2880 1150 ex
2931 1094 3035 1148 illis
3082 1092 3439 1164 colligamus,
3470 1099 3525 1146 et
3574 1103 3771 1160 aquam

2158 1203 2417 1261 priestare
2437 1188 2750 1261 (Spiritum)
2784 1188 3026 1254 Solitum,
3055 1194 3112 1242 et
3140 1185 3456 1256 sanguinem
3491 1182 3770 1253 proprium

2158 1283 2469 1338 hominibus
2501 1290 2757 1351 praestare
2785 1280 3044 1351 Spiritum
3074 1279 3312 1340 Solitum,
3350 1288 3404 1333 et
3433 1277 3608 1347 ipsum
3642 1289 3772 1344 quo-

2157 1393 2261 1448 que
2307 1377 2554 1448 spiritum
2601 1384 2858 1447 prtestare
2900 1373 3156 1444 Spiritum
3205 1372 3449 1428 solitum.
3481 1370 3619 1426 Nam
3650 1385 3770 1426 cum

2153 1469 2458 1526 effundatur
2505 1485 2641 1541 aqua
2685 1469 2844 1525 sicuti
2897 1478 2950 1524 et
3001 1468 3240 1538 sanguis,
3317 1467 3546 1537 spiritus
3602 1468 3766 1520 etiam

2155 1563 2354 1620 eliusus
2385 1567 2454 1620 sit
2483 1581 2510 1618 a
2543 1565 2772 1619 Domino
2802 1579 2964 1634 super
3001 1579 3192 1618 omnes
3227 1562 3314 1629 qui
3367 1561 3760 1627 crediderunt,

2153 1659 2335 1729 utique
2365 1669 2419 1713 et
2445 1674 2579 1729 aqua
2603 1668 2657 1712 et
2685 1657 3034 1714 nihilominus
3063 1657 3281 1729 proprio
3303 1657 3588 1727 sanguine,
3633 1667 3754 1711 tunc

2152 1753 2346 1808 deinde
2363 1763 2416 1809 et
2435 1755 2634 1822 Spiritu
2651 1763 2837 1808 sancto
2851 1764 3072 1823 possunt
3091 1752 3337 1807 homines
3360 1752 3647 1822 baptizari.
3679 1750 3764 1806 Ait

435 1865 558 1904 mus
583 1892 596 1914 ,
630 1850 674 1904 si
725 1849 853 1918 quid
897 1849 1187 1903 laxamenti
1243 1849 1474 1903 habeant
1496 1891 1509 1912 ,
1555 1849 1714 1903 etiam
1769 1864 1904 1917 aqua
1957 1862 2047 1900 so-
2078 1855 2126 1914 Β
2154 1847 2296 1902 enim
2326 1846 2553 1903 Petrus:
2585 1849 2723 1916 (Act.
2746 1864 2804 1911 ιι,
2839 1848 2926 1914 17,
2954 1845 3041 1918 l8)
3067 1847 3174 1902 Sed
3199 1846 3294 1900 hoc
3323 1846 3557 1917 estquod
3577 1846 3768 1900 dictum

432 1940 559 1995 litos
615 1941 922 2010 baptizari:
973 1942 1210 2011 itemque
1263 1941 1370 1995 illis
1412 1943 1500 2008 qui
1546 1941 1768 2012 legitimi
1815 1949 1939 1994 sunt
1983 1939 2045 1992 ﬁ-

432 2033 583 2088 deles
648 2033 860 2099 eli'ecti,
937 2035 1154 2104 impune
1221 2033 1375 2088 deest
1425 2033 1697 2102 Baptisma
1772 2033 2047 2102 sanguinis

432 2128 674 2197 prOprii;
723 2128 848 2198 quia
881 2127 1130 2197 baptizati
1162 2126 1215 2181 in
1245 2125 1462 2180 nomine
1484 2126 1679 2180 Christi
1707 2169 1721 2193 ,
1776 2125 2044 2196 redempti

434 2228 566 2274 sunt
617 2219 1012 2289 protiosissimo
1051 2219 1313 2290 sanguine
1362 2219 1612 2283 Domini,
1655 2236 1778 2274 eum
1813 2230 2040 2290 utraque

433 2313 552 2368 ha:c
583 2328 648 2366 es
679 2328 788 2368 uno
839 2324 999 2384 atque
1053 2313 1244 2370 eodem
1303 2314 1453 2369 fonte
1493 2314 1786 2385 procedant
1819 2316 2039 2369 ﬁumina

428 2405 776 2476 Biptismatis
818 2406 1118 2474 dominici,
1162 2418 1219 2463 ut
1258 2409 1434 2464 omnis
1486 2410 1576 2479 qui
1611 2409 1724 2464 sitit
1775 2410 1955 2466 veniat
1985 2418 2042 2465 et

432 2498 621 2563 bibat,
675 2497 816 2552 sicut
869 2499 1148 2569 Scriptura
1198 2499 1374 2555 dicit:
1425 2499 1671 2554 Flumina
1727 2502 1790 2555 de
1867 2511 2040 2556 ventre

437 2592 550 2661 ejus
571 2593 839 2646 currebant
861 2609 1008 2657 aqua:
1033 2593 1157 2648 viva:
1184 2592 1366 2665 (Joon.
1402 2611 1499 2660 vn,
1523 2593 1638 2661 38).
1663 2594 1794 2661 Quae
1817 2593 2038 2648 ﬁttniina

429 2688 660 2756 primum
691 2700 1056 2758 apparuerunt
1090 2688 1142 2743 in
1193 2688 1402 2743 Domini
1457 2689 1705 2758 passione
1729 2729 1744 2753 ,
1786 2666 1940 2759 cujus
1968 2689 2036 2744 de

429 2781 602 2837 latere
636 2783 906 2852 perforato
950 2782 1135 2837 lancea
1169 2782 1388 2837 militari
1422 2783 1638 2854 sanguis
1665 2792 1720 2836 et
1744 2798 1882 2852 aqua
1917 2799 2032 2836 ma-

429 2877 600 2944 navit,
649 2885 707 2930 ut
737 2877 1007 2930 emitteret
1034 2876 1142 2930 duo
1165 2874 1381 2929 ﬁumina
1416 2876 1643 2930 diversa:
1670 2877 1893 2948 speciei,
1937 2876 2032 2932 sed

432 2977 611 3022 tamen
641 2966 880 3037 ejusdem
912 2983 976 3022 ac
1015 2968 1290 3036 singulare
1319 2969 1490 3034 latus,
1547 2971 1617 3024 ita
1646 2977 1706 3025 ut
1748 2970 2035 3041 impleatur

429 3061 637 3132 Spiritu
681 3070 870 3116 sancto
919 3061 1246 3131 quicumque
1286 3062 1517 3117 credens
1559 3062 1756 3118 biberit
1781 3080 1846 3118 ex
1882 3073 2032 3119 ntro-

428 3169 538 3224 quc
575 3154 812 3208 ﬂumine.
869 3153 994 3208 Hzec
1034 3154 1177 3208 enim
1221 3154 1290 3209 de
1318 3155 1626 3210 ﬂuminibus
1681 3155 1765 3210 his
1806 3158 2031 3228 loquens

2155 1952 2227 1996 est
2257 1960 2346 2012 per
2378 1943 2689 2013 Prop/telam
2721 1958 2741 1996 :
2770 1941 2881 1996 Erit
2902 1943 2953 1994 in
2982 1942 3266 1996 novissimis
3289 1940 3490 2007 diebus,
3510 1940 3644 1994 dicit
3665 1941 3764 1994 Do-

2159 2037 2349 2100 minus,
2375 2035 2450 2104 e/f
2447 2037 2637 2090 undam
2653 2035 2890 2106 spiritum
2905 2052 3068 2088 meum
3091 2052 3245 2104 super
3257 2051 3454 2089 onmem
3471 2051 3711 2099 carnem,
3727 2045 3768 2087 et

2148 2129 2525 2200 prophetabunt
2551 2130 2650 2199 ﬁlii
2671 2147 2845 2184 eorum
2868 2139 2915 2182 et
2944 2129 3068 2197 ﬁlia!
3089 2145 3284 2192 eorum,
3306 2137 3353 2182 et
3368 2129 3587 2200 juvenes
3618 2127 3766 2181 risio-

2149 2241 2236 2277 nes
2259 2224 2512 2290 videbunt,
2541 2233 2587 2278 et
2617 2225 2836 2278 seniores
2858 2225 3055 2277 somnia
3082 2221 3428 2277 somniabunt.
3457 2221 3528 2276 Et
3563 2223 3767 2293 quidem

2147 2331 2302 2384 super
2332 2331 2500 2370 servos
2528 2326 2572 2370 et
2603 2332 2758 2385 super
2786 2315 3004 2369 ancillas
3031 2312 3294 2381 eiuttdam
3322 2317 3385 2368 de
3412 2315 3606 2384 spiritu
3639 2332 3762 2369 meo.

2147 2407 2318 2474 Quem
2366 2408 2623 2480 Spiritum
2682 2410 2734 2462 in
2766 2407 2950 2464 Veteri
2991 2408 3360 2473 Testamento,
3410 2424 3518 2462 non
3549 2408 3764 2479 quidem

2147 2503 2346 2572 passim
2381 2519 2476 2558 nec
2506 2502 2695 2564 ell'nse.
2725 2501 2820 2557 sed
2852 2503 3304 2557 communicatum
3333 2516 3456 2556 cum
3487 2500 3645 2562 aliis.
3682 2489 3763 2555 ant

2149 2595 2315 2649 etiam
2345 2605 2541 2664 Sponte
2571 2595 2846 2651 insiluisse
2873 2597 2924 2650 in
2961 2594 3222 2667 quosdam
3252 2596 3522 2660 homines,
3560 2594 3656 2650 vel
3686 2597 3760 2648 in-

2145 2685 2329 2741 duisse
2357 2687 2477 2742 illos
2502 2688 2586 2742 vel
2606 2689 2770 2744 fuisse
2793 2703 2956 2758 super
2975 2703 3070 2743 e0s
3093 2687 3576 2758 deprehendimus,
3609 2687 3758 2756 sicuti

2142 2778 2310 2851 Moysi
2344 2781 2414 2837 de
2457 2783 2796 2853 septuaginta
2830 2781 3163 2853 presbyteris
3200 2797 3230 2835 a
3284 2780 3514 2836 Domino
3557 2782 3758 2836 dictum

2141 2889 2265 2931 esse
2291 2875 2811 2931 animadvertimus:
2839 2874 2909 2929 Et
2929 2878 3164 2947 auferam
3182 2875 3417 2946 spiritum
3435 2876 3525 2944 qui
3545 2891 3699 2946 super
3715 2884 3758 2927 te

2141 2979 2235 3032 est,
2265 2979 2311 3022 et
2334 2969 2595 3039 imponam
2621 2987 2775 3041 super
2795 2986 2879 3025 eos
2903 2967 3092 3040 (Num.
3115 2985 3190 3036 ιιι,
3225 2965 3337 3040 17).
3369 2969 3603 3035 Ρτυιιιετ
3620 2965 3752 3038 quod

2141 3062 2306 3116 etiam
2349 3063 2644 3118 secundum
2677 3063 3120 3134 pollicitationem
3149 3079 3300 3117 suam
3356 3062 3497 3117 Deus
3538 3063 3608 3117 ab
3655 3062 3752 3116 alio

2139 3169 2202 3210 ex
2235 3155 2425 3226 spiritu
2457 3157 2547 3225 qui
2579 3173 2744 3225 super
2773 3157 2992 3230 Moysen
3048 3156 3242 3224 fuerat,
3279 3155 3540 3226 imposuit
3591 3148 3756 3256 supe';

430 3247 752 3302 ostendebat
806 3248 1063 3303 Dominus
1113 3249 1422 3319 signiﬁcans
1468 3250 1729 3320 Spiritum
1787 3263 2028 3306 sanctum
2057 3261 2102 3324 (ζ
2139 3245 2280 3310 iIIOS,
2312 3260 2363 3301 et
2397 3247 2856 3319 prophetaverunt
2879 3250 2932 3303 in
2974 3250 3168 3304 castris
3200 3267 3213 3302 :
3246 3246 3397 3316 Quod
3422 3245 3658 3318 Moyses,
3702 3262 3732 3301 u

429 3355 594 3408 quem
647 3341 918 3409 accepturi
951 3351 1134 3396 essent
1168 3341 1258 3411 qui
1299 3340 1558 3396 credituri
1589 3352 1744 3398 erant
1775 3345 1826 3398 in
1861 3345 2033 3401 illum.

431 3430 682 3488 Nondum
730 3443 896 3488 autent
966 3444 1072 3488 erat
1131 3433 1398 3504 Spiritus,
1449 3437 1570 3504 quia
1613 3434 1767 3492 Jesus
1814 3439 2042 3494 nondum

432 3534 539 3580 erat
579 3527 895 3596 clariﬁcatus
943 3525 1134 3598 (Ibid.,
1168 3527 1281 3598 39).
1336 3527 1501 3599 Igitur
1547 3529 1735 3586 dicens
1779 3534 2043 3602 quemad—

431 3617 653 3674 modum
705 3620 952 3690 geuerari
1003 3627 1182 3689 potest
1237 3619 1497 3697 Baptismi
1545 3622 1689 3692 quod
1747 3623 2043 3694 Apostolus

431 3731 601 3769 unum
651 3730 774 3770 esse
836 3713 1093 3785 prtcdicat
1124 3757 1140 3782 ,
1208 3716 1391 3787 utique
1440 3717 1789 3773 manifestum
1820 3729 1904 3774 est
1950 3720 2041 3776 illa

431 3813 644 3864 ratione
675 3851 690 3875 ,
741 3809 865 3880 quia
907 3809 1137 3866 diversae
1193 3821 1316 3864 sunt
1366 3810 1577 3881 species
1651 3817 1809 3868 unius
1882 3823 2044 3884 atque

434 3901 680 3973 ejusdem
707 3901 1053 3973 Baptismatis
1083 3917 1152 3958 ex
1203 3918 1310 3956 uno
1341 3903 1568 3959 vulnere
1623 3905 1938 3974 proﬂuentis
1988 3907 2043 3962 in

432 4011 630 4066 aquam
661 4006 717 4050 et
758 3997 1116 4066 sanguinem;
1149 4011 1272 4052 cum
1304 3995 1412 4050 illic
1438 3996 1548 4052 duo
1584 3997 1693 4052 sint
1732 3998 1799 4053 de
1845 4001 2042 4070 quibus

432 4088 600 4145 locuti
643 4105 830 4144 sumus
858 4088 1186 4160 Baptismata
1236 4105 1410 4159 aqum,
1466 4090 1517 4144 id
1573 4103 1656 4146 est
1683 4095 1840 4148 unius
1880 4104 2041 4165 atque

431 4181 676 4252 ejusdem
726 4182 965 4253 species,
1015 4199 1140 4239 cum
1182 4199 1348 4238 unum
1381 4198 1503 4240 esse
1536 4184 1732 4240 debeat
1764 4187 2036 4258 Baptisma

429 4277 854 4349 uniuscujusque
896 4277 1139 4348 species,
1193 4278 1330 4332 sicut
1377 4277 1588 4348 plenius
1615 4295 1800 4335 sumus
1849 4283 2033 4338 locuti.

506 4368 622 4424 XV.
666 4369 732 4424 Et
778 4371 1030 4440 quoniam
1086 4368 1334 4423 videtnur
1376 4385 1537 4424 omne
1580 4370 1851 4442 Baptisma
1881 4375 2040 4445 spiri-

434 4460 542 4516 tale
589 4461 846 4516 trifariam
892 4461 1160 4524 divisisse.
1213 4461 1495 4519 veniamus
1535 4463 1698 4520 etiam
1748 4466 1814 4521 ad
1846 4467 2042 4537 proba-

2148 3339 2314 3395 homo
2378 3343 2654 3412 spiritalis,
2715 3343 2788 3398 ita
2847 3346 3142 3414 contigisse
3193 3341 3476 3414 gaudebat,
3525 3342 3653 3397 licet
3692 3340 3754 3396 ab

2146 3434 2274 3491 Jesu
2321 3437 2430 3492 ﬁlio
2452 3437 2596 3493 Nave
2619 3447 2676 3492 ut
2702 3437 2823 3493 huic
2853 3438 2931 3493 rei
2980 3438 3341 3494 intercederet
3363 3438 3532 3494 invito
3572 3436 3757 3493 suade-

2148 3533 2330 3598 batur,
2366 3541 2422 3586 et
2467 3532 2667 3587 idcirco
2695 3549 2801 3587 non
2833 3531 2997 3588 fuisse
3028 3544 3326 3603 permotus.
3371 3532 3544 3587 Porro
3582 3543 3756 3588 autem

2145 3626 2198 3680 in
2225 3626 2363 3682 libro
2389 3627 2662 3696 Judicum,
2697 3628 2822 3684 item
2866 3629 2918 3683 in
2955 3628 3264 3700 Regnorum
3313 3627 3465 3684 libris
3512 3627 3755 3682 animad-

2146 3722 2409 3775 vertimus
2430 3737 2595 3792 super
2625 3721 2914 3793 plerosque
2940 3734 3032 3778 aut
3053 3723 3221 3778 fuisse
3248 3721 3497 3794 spiritum
3549 3717 3754 3777 Domini

2151 3823 2242 3868 aut
2272 3816 2543 3872 insiluisse
2575 3817 2626 3871 in
2655 3832 2771 3884 eos,
2797 3826 3067 3888 tamquam
3099 3833 3261 3890 super
3283 3816 3602 3884 Gothoniel,
3661 3815 3754 3873 Ge-

2149 3909 2312 3979 deon,
2341 3911 2557 3982 Jepthe,
2583 3913 2834 3978 Samson,
2859 3913 3008 3976 Saul,
3055 3915 3216 3968 David
3251 3923 3306 3970 et
3348 3925 3582 3970 caeteros
3608 3913 3754 3969 alios.

2146 4005 2300 4074 Quod
2360 4022 2527 4078 usque
2579 4008 2714 4064 adeo
2765 4010 2833 4064 ita
2881 4026 2940 4065 se
2991 4008 3168 4074 habet,
3214 4018 3273 4065 ut
3307 4009 3543 4079 Spiritus
3594 4008 3758 4065 sancti

2144 4109 2336 4168 sponte
2362 4100 2639 4157 accedenti
2671 4103 2740 4157 ab
2768 4104 2849 4158 eis
2868 4103 3166 4160 libertatem
3196 4119 3260 4158 ac
3290 4104 3603 4160 facultatem
3644 4121 3750 4159 ma-

2143 4191 2488 4248 nifestissime
2516 4209 2614 4249 nos
2645 4194 2902 4250 Dominus
2941 4197 3186 4254 docuerit
3239 4197 3423 4252 dicens
3452 4214 3465 4250 :
3529 4197 3755 4268 Spiritus

2143 4282 2230 4335 ubi
2255 4284 2359 4337 vult
2385 4285 2570 4354 spirat,
2596 4297 2642 4342 et
2671 4302 2839 4342 vocem
2861 4290 2972 4360 ejus
2993 4289 3164 4357 audis,
3188 4299 3235 4343 et
3252 4290 3413 4344 nescis
3433 4288 3571 4343 unde
3595 4289 3755 4345 ueniat

2143 4388 2233 4431 aut
2254 4395 2354 4449 quo
2381 4381 2528 4434 vadat
2545 4380 2728 4453 (Joan.
2749 4399 2827 4448 ιιι,
2855 4383 2932 4455 8).
2967 4382 3043 4438 Ita
3074 4394 3130 4438 ut
3153 4383 3293 4440 idem
3322 4382 3556 4454 Spiritus
3587 4385 3747 4440 etiam

2146 4486 2310 4542 super
2340 4474 2591 4546 indignos
2616 4493 2834 4548 quoque
2879 4477 2961 4533 sui
3015 4492 3415 4548 nonnumquam
3450 4478 3755 4534 inveniatur

434 4554 634 4611 tionem
691 4553 1014 4611 narrationis
1059 4554 1352 4625 propositae
1371 4597 1384 4620 ,
1462 4573 1528 4612 ne
1577 4557 1858 4614 videamur
1912 4574 2039 4630 pro-
2061 4550 2117 4617 D
2143 4578 2288 4632 esse;
2307 4583 2416 4624 non
2444 4570 2631 4640 utique
2659 4571 2833 4628 otiose
2859 4585 2962 4628 nec
2981 4570 3101 4628 sine
3127 4572 3355 4640 ratione,
3378 4570 3478 4629 sed
3498 4586 3751 4629 necessa-

1779 4739 2146 4805 VABIORUM
2183 4746 2412 4830 nom,

509 4922 568 4984 Si
591 4923 715 4998 quid
746 4918 1025 4998 laxamenti
1055 4919 1293 4998 habeant.
1320 4919 1375 4976 Si
1396 4919 1724 4998 necessitas
1769 4922 2039 4982 discrimi-

433 5000 518 5054 nis
559 4993 888 5053 imminentis
933 4993 1138 5066 aliquid
1178 4993 1455 5058 Iaxaverit,
1527 4993 1726 5062 aliquid
1779 5000 2039 5066 temporis

435 5071 758 5125 indulserit:
797 5066 940 5138 quod
982 5064 1282 5138 Cyprianus
1338 5075 1480 5118 amat
1523 5067 1725 5129 dicere,
1785 5064 2040 5124 commea-

433 5152 538 5195 tum
588 5152 634 5196 et
683 5136 880 5194 moram
908 5139 961 5193 in
1007 5136 1195 5192 διεσαιο
1241 5138 1491 5260 ιαηιὶερεᾶ
1554 5138 1722 5192 adhuc
1773 5143 2036 5196 manendi.

1498 5224 1672 5260 IGALT.

1498 5224 1672 5264 IGALT.

510 5285 752 5338 Nondum
772 5292 938 5337 autem
955 5289 1062 5335 erat
1079 5281 1310 5349 spiritus.
1341 5281 1395 5333 ln
1423 5280 1711 5349 Evangelio
1735 5282 1960 5340 Joannis
1978 5286 2032 5341 in

433 5355 666 5410 editione
709 5356 920 5423 vulgata
968 5353 1160 5422 legitur
1199 5352 1410 5423 spiritus
1450 5352 1619 5406 datus.
1651 5354 1754 5408 Sed
1787 5355 1923 5412 hanc
1949 5359 2033 5410 ul-

433 5431 616 5481 timam
649 5422 832 5481 vocem
865 5441 968 5479 non
997 5433 1209 5479 exstare
1237 5425 1287 5477 in
1317 5422 1508 5498 Graeco
1529 5433 1582 5498 et
1625 5425 2033 5498 subintelltgen-

431 5501 553 5553 dant
581 5513 700 5554 esse
723 5499 831 5565 jam
881 5504 1207 5552 monuerunt
1232 5498 1329 5549 viri
1354 5494 1518 5548 docti.
1542 5495 1876 5566 Quamquam
1907 5494 2034 5556 sunt

429 5571 595 5639 aliqui
626 5567 715 5637 qni
744 5578 927 5631 putant
961 5567 1103 5621 illam
1127 5583 1246 5621 esse
1273 5583 1377 5639 non
1403 5570 1781 5622 necessariam.
1811 5569 1976 5626 GALL.

506 5637 620 5696 XV.
641 5667 712 5681 -ο
739 5639 965 5708 Spiritus
1003 5648 1076 5692 est
1102 5639 1307 5695 ueritas.
1335 5637 1423 5693 Sic
1466 5650 1641 5693 textus
1668 5639 1890 5696 Graecos
1923 5661 1935 5696 :
1969 5647 2030 5698 τὸ

431 5715 634 5786 πνεῦμᾴ
658 5715 796 5786 ἐστιν
823 5711 1087 5786 absona.
1114 5710 1476 5786 Eantdemque
1507 5710 1789 5766 lectionem
1812 5715 2036 5786 exhibet

428 5789 487 5838 ὃ.
511 5781 850 5855 Ambrosius,
870 5783 964 5855 lib.
999 5797 1082 5846 lit,
1112 5781 1392 5855 chSpirit:
1409 5793 1601 5855 φησι..
1621 5798 1740 5855 cap.
1772 5784 1863 5852 10,
1883 5801 2032 5841 cum.

431 5858 518 5914 67.
540 5857 608 5914 At
635 5870 758 5914 cum
788 5852 1009 5924 Vulgata
1035 5867 1156 5924 quae
1183 5851 1330 5922 legit,
1354 5852 1591 5910 Christus
1605 5865 1652 5910 et
1669 5851 1877 5925 veritas,
1905 5873 2038 5914 con-

2145 4933 2390 5009 sentiunt
2441 4935 2533 4993 alii
2588 4939 2756 4997 ferme
2815 4955 3005 5000 omnes
3063 4943 3214 5001 latini
3272 4943 3483 5004 Patres.
3551 4948 3746 5009 Locnm

2143 5006 2410 5087 integrum
2439 5012 2692 5084 anonymi
2722 5012 2906 5087 huius
2950 5018 3206 5077 auctoris.
3240 5020 3328 5087 qui
3373 5006 3592 5077 comma
3614 5006 3743 5079 oeta-

2143 5079 2959 5154 vumrJoanneum'eonjunetum
3000 5104 3121 5143 cum
3171 5079 3314 5146 sexto
3349 5092 3399 5145 in
3427 5107 3528 5147 suo
3572 5111 3745 5151 exem-

2144 5151 2752 5232 plarnilegissevidetur.
2804 5160 3001 5232 emittit
3041 5161 3103 5232 ιε
3129 5161 3186 5215 Ρ.
3246 5165 3314 5218 de
3339 5163 3542 5218 Rnbeis
3601 5167 3740 5222 V.C.

2148 5222 2200 5274 in
2223 5222 2442 5305 .D_issert.
2495 5225 2557 5278 de
2611 5228 2768 5282 tribus
2801 5231 2852 5284 in
2893 5230 3019 5285 caelo
3063 5231 3275 5297 Testib.,
3313 5251 3431 5302 pag.
3464 5237 3554 5292 76.
3602 5237 3742 5305 Quod

2144 5294 2360 5379 quidem
2394 5311 2770 5379 argumentum
2818 5308 3157 5379 pr:i'_eaeleris
3183 5294 3740 5379 diligett‘tissimc‘imro

2142 5373 2400 5438 tractasse
2427 5373 2756 5438 comperitur
2783 5373 3182 5430 eruditissimus
3237 5377 3521 5434 Soucietus
3563 5373 3737 5435 contra

2141 5436 2460 5516 Simonium,
2500 5436 2740 5514 Remarq.
2774 5462 2865 5499 sur
2911 5447 2962 5498 la
2990 5443 3170 5516 Critiq.
3197 5448 3260 5502 de
3295 5451 3346 5502 la
3371 5448 3617 5506 Biblioth.
3661 5454 3735 5506 des

2141 5507 2262 5586 Aut.
2294 5511 2442 5586 eet-L,
2481 5522 2611 5586 tom.
2638 5507 2838 5586 πίνεις.
2876 5517 2982 5572 575
3016 5507 3142 5574 8'28:
3184 5519 3458 5578 GALLAND.

2214 5579 2466 5666 Spiritum
2497 5579 2729 5666 solitum.
2751 5579 3034 5666 assentior
3064 5607 3192 5645 vero
3219 5595 3432 5650 erudito
3468 5611 3624 5666 quem
3651 5609 3728 5650 su-

2141 5667 2234 5730 pra
2259 5653 2467 5708 laudavi
2495 5664 2549 5710 et
2578 5657 2945 5730 admonitione
2971 5660 3088 5730 ejus
3119 5679 3248 5718 usus
3288 5681 3406 5720 sum
3458 5653 3515 5722 u't
3558 5682 3727 5723 emen‘

2140 5725 2331 5797 darent
2351 5735 2406 5781 et
2435 5727 2738 5797 suppleretn
2783 5733 2925 5789 hunc
2973 5725 3171 5791 locum.
3221 5733 3382 5794 Certa
3431 5750 3606 5796 autem
3653 5744 3725 5794 est

2141 5796 2470 5855 emendatio.
2502 5796 2772 5858 Causas.
