3958 6330
260 343 287 398 1
298 341 399 398 201

1620 341 1932 400 ANONYMI
1974 341 2198 398 LIBER.

3435 345 3580 404 19.02

253 460 354 516 riae
367 459 596 530 alicujus
613 459 944 530 operationis
965 460 1156 529 gratia,
1179 459 1336 514 sicuti
1366 471 1530 530 super
1552 459 1681 514 Saul
1735 459 1856 524 fuit,
1889 476 1942 534 Α
1966 460 2104 531 ignis
2128 468 2404 529 appareat.
2431 459 2584 527 Quod
2613 460 2660 515 si
2688 461 2870 532 aliquo
2901 461 3018 516 lusu
3043 464 3345 534 perpetrari
3374 473 3576 534 potest,

254 569 425 624 super
446 568 606 624 quem
638 551 810 607 factus
850 560 934 608 est
962 551 1192 622 Spiritus
1244 552 1358 616 Dei,
1407 563 1462 607 et
1508 551 1868 622 prophetavit.

253 649 593 722 Quamquam
630 649 931 719 posteriore
961 659 1200 717 tempore
1230 658 1512 719 postquam
1553 648 1777 702 recessit
1802 647 1870 702 ab

253 758 326 800 eo
350 746 586 815 Spiritus
616 745 846 811 Domini,
877 755 930 799 et
957 752 1236 814 postquam
1264 744 1631 813 angebateum
1650 741 1870 809 spiritus

253 837 528 908 malignus
557 852 585 891 a
618 836 869 902 Domino,
894 837 1144 907 quoniam
1171 847 1298 890 tunc
1320 838 1384 888 ad
1412 837 1512 888 hoc
1565 846 1868 904 postremus

251 940 482 986 venerat
517 940 635 999 post
661 931 875 983 nuntios
924 944 1058 1000 quos
1104 938 1229 983 ante
1269 927 1483 983 assidue
1534 927 1868 997 pra'miserat

255 1034 318 1078 ut
346 1024 674 1078 interliceret
703 1021 867 1076 David
895 1040 907 1074 :
939 1025 1026 1092 qui
1079 1021 1279 1076 idcirco
1309 1020 1611 1076 inciderunt
1657 1023 1707 1075 in
1736 1023 1869 1076 cho-

255 1135 380 1173 rttm
413 1117 799 1188 PrOphetarum
826 1127 880 1171 et
904 1114 1380 1186 prophetaverunt,
1411 1130 1478 1169 ue
1502 1114 1550 1168 id
1571 1115 1711 1186 quod
1729 1115 1867 1183 jussi

254 1215 472 1270 fuerant
503 1217 758 1282 perlicere
789 1222 1012 1284 possent
1037 1223 1126 1264 aut
1152 1211 1371 1265 vellent.
1424 1209 1578 1278 Quod
1626 1211 1865 1266 adrnira-

255 1310 355 1365 bili
405 1309 615 1364 ratione
665 1323 758 1379 per
808 1308 1134 1361 voluntatem
1171 1305 1263 1360 Dei
1312 1306 1555 1376 spiritum
1585 1305 1676 1375 qui
1705 1320 1867 1377 super

261 1406 388 1462 illos
413 1419 601 1459 omnes
634 1403 751 1468 luit,
789 1403 1056 1458 credimus
1081 1409 1358 1470 operatum
1393 1415 1531 1455 esse.
1557 1399 1658 1468 Qtti
1711 1400 1867 1470 spiri-

254 1511 345 1556 tus
403 1497 642 1568 implevit
696 1497 856 1552 etiam
907 1494 1167 1550 Joannem
1218 1493 1507 1563 Baptistani
1567 1493 1744 1547 adhuc
1797 1493 1866 1546 ab

265 1603 428 1649 utero
453 1592 639 1647 matris
682 1605 814 1653 sum,
863 1597 920 1644 et
959 1588 1198 1643 incubuit
1251 1602 1412 1656 super
1458 1602 1552 1642 eos
1596 1588 1686 1658 qui
1742 1601 1865 1641 cum

252 1685 514 1742 Cornelio
539 1685 852 1740 centurione
905 1692 1058 1737 erant
1106 1682 1413 1752 priusquam
1469 1680 1865 1751 baptizarentur

253 1799 418 1854 aqua.
455 1781 530 1836 lia
556 1781 680 1835 dum
697 1779 936 1834 cohaeret
965 1777 1273 1848 Baptismati
1308 1776 1606 1840 hominum,
1633 1776 1864 1846 Spiritus

1975 555 2116 610 sicut
2141 554 2479 608 allirmantur
2505 555 2749 626 plerique
2788 555 3094 626 hujusmodi
3133 557 3282 612 lusus
3325 560 3576 615 Auaxilai

1975 661 2131 713 esse,
2174 648 2286 701 sive
2327 648 2570 703 naturale
2607 648 2735 718 quid
2765 659 2876 713 est,
2923 664 3031 720 quo
3073 663 3226 719 pacto
3255 653 3426 721 possit
3468 653 3572 711 hoc

1975 743 2316 813 contingere,
2351 743 2461 798 sive
2497 743 2569 796 illi
2602 752 2793 814 putant
2823 744 2924 800 hoc
2963 760 3023 800 se
3062 747 3408 815 conspicere,
3450 749 3569 805 sive

1975 836 2192 907 maligni
2219 852 2354 906 opus
2381 846 2436 892 et
2463 839 2726 906 magicum
2756 838 2902 892 virus
2929 839 3103 908 ignem
3137 849 3314 908 potest
3340 841 3392 895 in
3434 857 3574 910 aqua

1973 929 2277 998 exprimere
2309 948 2321 982 τ
2356 930 2436 985 illi
2477 940 2658 986 tamen
2691 931 2852 986 talem
2898 931 3161 987 fallaciam
3201 943 3255 988 et
3293 933 3570 1002 stropham

1973 1023 2270 1094 praedicant
2319 1024 2615 1094 perlectum
2657 1026 2929 1094 Baptisma
2979 1043 3142 1092 esse;
3191 1028 3330 1098 quod
3384 1027 3573 1084 ﬁdeles

1975 1119 2223 1173 homines
2249 1120 2292 1172 si
2325 1120 2496 1174 coacti
2529 1119 2748 1174 fuerunt
2783 1123 3062 1190 accipere,
3100 1125 3282 1192 utique
3322 1139 3426 1176 nou
3467 1123 3572 1176 du-

1973 1212 2229 1267 bitabitur
2256 1227 2350 1268 eos
2379 1212 2430 1268 id
2459 1213 2602 1283 quod
2632 1214 2934 1268 habuerant
2959 1214 3233 1279 amisisse;
3263 1215 3486 1284 perinde
3511 1230 3577 1270 ac

1971 1308 2016 1360 si
2043 1309 2161 1377 quis
2188 1317 2526 1362 sacramento
2558 1309 2715 1363 miles
2739 1307 2907 1375 dicto,
2937 1307 3171 1364 desertis
3198 1309 3311 1363 suis
3343 1310 3570 1373 castris,

1971 1398 2023 1452 in
2069 1400 2302 1454 hostium
2342 1399 2727 1455 diversissimis
2771 1402 2963 1455 castris
3009 1401 3165 1469 longe
3207 1402 3348 1456 aliud
3381 1417 3564 1458 sacra-

1972 1503 2212 1548 mentum
2243 1494 2372 1548 velit
2397 1494 2598 1560 dicere,
2629 1493 2729 1549 hac
2759 1495 2970 1550 ratione
2995 1503 3206 1550 constat
3231 1511 3353 1550 eum
3386 1505 3571 1553 vetere

1971 1595 2314 1642 sacramento
2339 1595 2746 1642 exauctoratum
2776 1602 2916 1642 esse.

2041 1678 2206 1734 XVII.
2249 1679 2380 1734 Item
2425 1680 2470 1733 si
2513 1679 2814 1749 hujusmodi
2840 1679 3004 1736 homo
3047 1695 3233 1736 rursus
3255 1681 3320 1736 ad
3363 1690 3417 1737 te
3447 1683 3572 1738 red-

1970 1781 2100 1838 eat,
2145 1772 2328 1842 utique
2381 1771 2656 1827 haesitabis
2697 1782 2872 1827 utrum
2901 1772 3390 1844 habeatBaptisma
3435 1791 3567 1831 nec-

255 1886 480 1932 sanctns
541 1883 633 1929 aut
688 1871 957 1928 antecedit
1005 1881 1097 1924 aut
1145 1871 1409 1940 sequitur,
1464 1870 1547 1924 vel
1621 1879 1867 1926 cessante
1897 1888 1944 1948 Β
1973 1883 2071 1931 ne;
2102 1876 2159 1923 et
2200 1879 2380 1921 tamen
2410 1867 2680 1937 oportebit
2720 1879 2772 1924 te
2804 1867 2930 1922 huic
2955 1883 3168 1938 quoque
3201 1869 3570 1937 paenitentiam

256 1969 585 2040 Baptismate
614 1982 796 2039 aqua),
832 1964 1090 2020 incumbit
1117 1979 1280 2034 super
1330 1978 1423 2018 eos
1481 1962 1570 2034 qui
1621 1964 1868 2030 credunt,

255 2063 349 2119 dat
377 2061 531 2118 nobis
558 2062 840 2117 consilium
866 2059 1007 2128 quod
1032 2069 1124 2112 aut
1145 2041 1210 2112 ea
1232 2058 1440 2127 integro
1467 2057 1569 2112 rite
1595 2055 1867 2126 Baptisma

259 2175 502 2223 scrvare,
529 2171 622 2214 aut
651 2159 786 2213 fet-te
815 2157 944 2211 dato
971 2172 998 2210 a
1029 2170 1368 2227 quocumque
1399 2155 1449 2208 in
1485 2155 1705 2210 nomine
1733 2154 1864 2209 Jesu

257 2251 461 2306 Christi
491 2250 818 2320 Baptismate
849 2249 1095 2319 supplere
1127 2248 1180 2303 id
1234 2247 1547 2314 debeamus,
1595 2249 1863 2303 custodita

264 2347 501 2402 nominis
530 2345 656 2400 Jesu
681 2343 903 2408 Christi,
933 2344 1085 2398 sicuti
1129 2341 1436 2413 plenissime
1491 2342 1862 2412 exposuimus,

256 2443 596 2498 sanctissima
642 2441 997 2506 invocatione,
1069 2438 1329 2494 custodita
1408 2449 1666 2508 prreterea
1732 2438 1864 2493 tanti

259 2539 543 2609 temporis,
579 2547 656 2592 tot
682 2538 938 2603 virorum,
962 2535 1268 2591 veneranda
1287 2535 1444 2590 nobis
1472 2533 1863 2592 etinsuetudine

261 2640 318 2686 et
344 2631 684 2686 auctoritate.
1055 2701 1066 2708 _

337 2722 474 2778 XVI.
531 2723 794 2791 Quoniam
846 2733 1023 2779 autem
1080 2722 1249 2792 prima
1302 2737 1426 2792 pars
1477 2722 1862 2794 disputationis

266 2819 429 2889 hujus
457 2819 674 2874 videtur
701 2819 991 2886 exiilicata,
1023 2823 1182 2874 etiam
1212 2830 1524 2890 sequentem
1552 2821 1670 2891 ejus
1693 2837 1860 2893 prop-

263 2922 348 2965 ter
387 2911 673 2966 haereticos
704 2911 962 2966 debemus
987 2911 1253 2981 attingere
1282 2930 1292 2964 :
1321 2915 1442 2983 quia
1475 2929 1729 2984 perquam
1767 2929 1860 2969 ne-

263 3005 556 3060 cessarium
600 3017 684 3060 est
726 3021 847 3060 eum
897 3014 1178 3060 tractatum
1227 3007 1314 3076 qui
1359 3007 1525 3062 semel
1573 3007 1624 3060 in
1669 3022 1860 3062 manus

264 3097 456 3153 incidit
493 3114 596 3152 non
644 3099 959 3168 prteterire;
992 3113 1057 3152 ne
1091 3097 1226 3151 forte
1251 3112 1346 3152 eos
1375 3099 1462 3167 qui
1494 3107 1616 3152 sunt
1646 3099 1858 3168 simpli-

266 3193 448 3248 ciores
473 3207 537 3247 ex
566 3191 840 3256 fratribus,
873 3191 1068 3260 aliquis
1098 3190 1467 3246 haereticorum
1494 3192 1730 3246 versutia
1760 3208 1855 3247 sua

259 3283 455 3338 audeat
481 3292 762 3337 attentare.
796 3281 926 3336 Nam
969 3283 1088 3352 quia
1116 3281 1352 3336 Joannes
1379 3283 1510 3338 dixit
1553 3299 1648 3339 nos
1680 3283 1854 3354 bapti-

259 3375 459 3430 zaudos
483 3389 604 3430 esse
635 3376 685 3428 iu
718 3372 919 3443 Spiritu
952 3386 1138 3429 sancto
1165 3385 1218 3431 et
1247 3374 1358 3445 igni
1387 3374 1598 3445 (Matth.
1634 3394 1723 3442 ιιι,
1760 3378 1848 3445 H;

259 3468 392 3524 Luc.
418 3486 499 3533 III,
528 3469 638 3540 16),
666 3486 731 3524 eo
757 3468 896 3540 quod
927 3469 1190 3523 addiderit
1216 3469 1405 3525 dicens
1429 3480 1474 3523 ct
1500 3471 1624 3541 igni,
1657 3473 1854 3528 idcirco

257 3563 474 3633 quidam
523 3561 790 3631 desperati
845 3563 1087 3615 homines
1137 3563 1251 3616 ausi
1297 3572 1423 3616 sunt
1474 3577 1854 3634 usquequaque

257 3658 578 3726 pravitatem
627 3671 777 3710 suam
828 3656 1136 3726 porrigere,
1182 3665 1236 3710 et
1284 3665 1564 3726 propterea
1612 3657 1854 3714 homines

259 3748 615 3804 versutissimi
662 3758 912 3819 qua-runt
939 3747 1211 3816 quomodo
1247 3749 1546 3802 sanctitatis
1583 3747 1852 3818 Baptisma

257 3843 328 3897 ita
371 3850 718 3911 corrumpant
767 3857 827 3896 ac
870 3842 1071 3896 violent
1119 3851 1176 3895 ut
1226 3843 1386 3897 etiam
1431 3853 1729 3909 evacuent;
1763 3844 1851 3914 qui

177 3991 180 3994 .
256 3937 524 4007 originem
561 3937 672 4005 jam
715 3935 910 3990 exinde
944 3936 1157 3988 trahunt
1186 3951 1214 3988 a
1243 3936 1462 3990 Simone
1491 3951 1646 4008 mago
1675 3936 1852 3993 multi-

253 4031 414 4084 formi
443 4029 790 4098 perversitate
812 4044 908 4098 per
929 4029 1106 4082 varios
1132 4042 1350 4083 errores
1371 4044 1488 4083 eam
1511 4042 1846 4084 exercentes.

249 4123 353 4180 Cui
380 4123 585 4179 Simoni
616 4123 812 4178 Petrus
851 4125 902 4176 iri
944 4123 1094 4178 Actis
1123 4123 1505 4192 Apostolorum
1535 4124 1667 4178 dixit
1698 4142 1711 4178 :
1745 4124 1848 4179 Pe-

249 4221 405 4274 cunia
435 4231 521 4272 tua
553 4231 715 4272 tecum
757 4219 820 4271 sit
860 4218 912 4272 iu
942 4217 1275 4286 perditionem
1296 4259 1310 4282 ,
1347 4219 1468 4288 quia
1494 4219 1713 4288 gratiam
1755 4218 1848 4272 Dei

249 4315 551 4369 existimasti
585 4329 673 4382 per
710 4313 949 4383 pecunias
981 4328 1127 4381 posse
1175 4311 1443 4382 possideri.
1484 4311 1606 4365 Non
1649 4321 1720 4366 est
1759 4313 1847 4366 tibi

249 4410 422 4479 portio
455 4409 616 4478 neque“
649 4408 756 4477 {ars
787 4405 838 4458 in
869 4422 1100 4459 sermone
1129 4406 1241 4458 hoc.
1273 4405 1374 4459 Cor
1404 4405 1536 4459 enim
1574 4415 1716 4459 tuum
1745 4423 1846 4461 non

248 4513 326 4556 est
368 4511 557 4554 rectum
598 4515 773 4553 coram
805 4497 914 4552 Deo
964 4497 1111 4570 (Act.
1156 4513 1274 4562 vui,
1303 4497 1394 4562 20,
1425 4497 1488 4552 2i
1591 4498 1652 4552 Et
1682 4508 1845 4569 agunt

250 4598 341 4652 isti
386 4596 500 4650 haec
545 4594 762 4660 omnia,
799 4592 923 4646 dum
971 4591 1159 4646 fallere
1203 4592 1424 4662 cupiunt
1453 4607 1546 4646 eos
1588 4591 1678 4663 qui
1720 4599 1844 4647 sunt

248 4691 610 4760 simpliciores
640 4697 732 4742 aut
761 4687 1088 4742 curiosiores
1117 4704 1130 4740 :
1157 4695 1211 4740 et
1248 4695 1456 4740 tentant
1498 4686 1736 4740 nonnulli
1777 4686 1842 4740 il-

255 4788 435 4841 lorum
468 4794 696 4840 tractare
736 4799 796 4839 se
835 4783 979 4838 solos
1019 4784 1281 4854 integrum
1323 4789 1482 4854 atque
1509 4782 1832 4850 perfectura,

246 4897 360 4937 non
401 4883 555 4936 sicuti
605 4895 702 4935 nos
748 4879 1049 4933 mutilatum
1089 4887 1144 4933 et
1181 4879 1516 4934 decurtatum
1569 4877 1836 4947 Baptisma

247 4976 502 5042 tradere,
546 4976 686 5046 quod
738 4974 915 5029 taliter
964 4973 1216 5029 dicuntur
1246 4974 1540 5043 assignare,
1575 4981 1632 5026 ut
1678 4985 1834 5042 quam

243 5087 374 5129 mox
420 5071 473 5127 in
505 5086 696 5142 aquam
744 5067 1170 5137 descenderunt,
1217 5069 1396 5123 statim
1438 5082 1599 5138 super
1643 5080 1834 5136 aquam

1975 1963 2150 2033 agenti
2182 1964 2607 2034 quibuscumque
2637 1963 2810 2019 modis
2841 1965 3082 2034 potueris
3122 1964 3432 2020 subvenire.
3470 1966 3572 2022 Est

1973 2069 2150 2112 autem
2193 2057 2480 2113 adulteriui
2511 2058 2697 2128 hujus,
2729 2060 2895 2113 immo
2925 2058 3242 2114 internecini
3273 2060 3567 2130 baptisma-

1974 2153 2061 2215 tis,
2091 2153 2134 2206 si
2157 2153 2277 2222 quis
2305 2152 2442 2206 alius
2467 2162 2673 2216 auctor,
2706 2161 2816 2206 tum
2842 2155 3002 2207 etiam
3029 2155 3244 2222 quidam
3269 2154 3340 2208 ab
3360 2156 3567 2211 eisdem

1971 2245 2102 2314 ipsis
2133 2244 2401 2300 haereticis
2433 2259 2654 2314 propter
2684 2246 2826 2300 hunc
2859 2245 3109 2300 eumdem
3150 2261 3388 2302 errorem
3434 2263 3566 2303 con-

1971 2339 2127 2394 ﬁcms
2175 2339 2314 2395 liber
2363 2342 2451 2410 qui
2509 2339 2821 2394 inscribitur
2887 2341 3050 2395 PAULI
3107 2356 3456 2398 ιηιιεωελτιο.
3504 2343 3566 2400 In

1969 2451 2074 2503 quo
2123 2433 2260 2488 libro
2307 2445 2493 2489 contra
2535 2450 2723 2488 omnes
2777 2432 3082 2502 Scripturas
3124 2444 3179 2488 et
3223 2435 3292 2489 de
3339 2446 3560 2504 peccato

1967 2529 2187 2598 pr0prio
2237 2529 2584 2584 conﬁtentem
2641 2527 2882 2583 invenies
2930 2526 3230 2591 Christum,
3279 2527 3366 2597 qui
3413 2528 3567 2582 solus

1966 2620 2189 2675 omnino
2236 2621 2367 2674 nihil
2413 2620 2676 2689 deliquit,
2709 2630 2765 2675 et
2809 2621 2875 2675 ad
2921 2619 3290 2690 accipiendum
3336 2619 3562 2675 Joannis

1967 2715 2237 2784 Baptisma
2267 2731 2405 2785 pene
2431 2715 2655 2769 invitum
2689 2731 2718 2769 a
2745 2728 2917 2771 matre
2945 2731 3041 2771 sua
3069 2715 3231 2770 Maria
3263 2731 3385 2772 esse
3409 2731 3562 2772 com-

1965 2809 2177 2880 pulsum
2209 2829 2222 2862 :
2254 2809 2380 2862 item
2410 2823 2530 2862 eum
2558 2808 2939 2879 baptizaretur,
2971 2809 3143 2879 ignem
3177 2825 3340 2880 super
3363 2824 3560 2880 aquam

1964 2914 2084 2955 esse
2113 2902 2316 2965 visum;
2349 2899 2488 2970 quod
2533 2900 2585 2953 in
2637 2899 2927 2970 Evangelia
2965 2901 3108 2954 nullo
3137 2911 3219 2956 est
3247 2901 3504 2972 scriptum
3539 2921 3556 2956 :

1963 3002 2017 3049 et
2049 3003 2167 3065 post
2198 3003 2340 3048 tanta
2374 3003 2612 3064 tempora
2651 2993 2865 3047 Petrum
2895 3001 2948 3046 et
2991 2992 3212 3047 Paulum
3247 3005 3363 3064 post
3391 2994 3556 3051 colla-

1964 3088 2162 3141 tionem
2209 3088 2479 3156 Evangelii
2526 3087 2578 3141 in
2621 3085 2950 3140 Hierusalem
2997 3095 3052 3141 et
3082 3097 3318 3142 mutuam
3348 3089 3555 3159 cogita-

1963 3183 2162 3235 tionem
2193 3190 2246 3234 et
2271 3181 2679 3236 altercationem
2713 3188 2768 3235 et
2797 3195 2975 3234 rerum
3003 3181 3329 3250 agendarum
3369 3181 3555 3254 dispo-

1882 3292 1925 3356 ρ
1960 3275 2207 3328 sitionem
2230 3317 2244 3338 ,
2279 3284 2548 3343 postremo
2577 3275 2626 3328 in
2672 3273 2814 3328 Urbe
2844 3276 2994 3343 quasi
3027 3282 3152 3328 tunc
3193 3274 3422 3344 primum
3464 3276 3549 3330 in-

1959 3366 2131 3422 vicem
2147 3366 2248 3421 sibi
2275 3380 2397 3421 esse
2424 3365 2666 3435 cognitos
2689 3385 2702 3421 :
2722 3375 2776 3420 et
2791 3367 3152 3436 quaedamalia
3183 3367 3552 3438 hujuscemodi

1957 3460 2188 3514 absurde
2225 3473 2286 3512 ac
2337 3458 2560 3526 turpiter
2599 3459 2828 3513 conlicta
2863 3473 2874 3506 :
2908 3473 3027 3527 qua:
3072 3459 3250 3511 omnia
3297 3460 3350 3512 in
3399 3459 3546 3512 illum

1957 3553 2150 3607 librum
2185 3551 2427 3606 invenies
2467 3561 2740 3620 congesta.
2773 3548 2877 3616 Qui
2919 3559 3096 3603 autem
3142 3565 3248 3603 non
3297 3551 3544 3620 ignorant

1959 3647 2189 3716 Spiritus
2224 3644 2392 3700 sancti
2424 3643 2734 3714 qualitatem
2757 3685 2770 3708 ,
2819 3642 3120 3712 intelligunt
3158 3641 3300 3712 quod
3346 3643 3546 3698 dictum

1957 3752 2040 3794 est
2077 3739 2144 3793 de
2187 3740 2326 3809 igni,
2374 3737 2440 3793 de
2472 3737 2587 3806 ipso
2627 3733 2830 3800 Spiritu
2875 3735 3075 3789 dictum
3124 3751 3265 3790 esse.
3314 3733 3446 3790 Nam
3493 3737 3548 3792 in

1957 3833 2106 3888 Actis
2149 3833 2525 3901 Apostolorum
2558 3827 2852 3882 secundum
2883 3827 3020 3880 hanc
3043 3828 3284 3882 eamdem
3315 3829 3546 3898 promis-

1957 3928 2161 3980 sionem
2192 3925 2399 3978 Domini
2430 3921 2597 3978 nostri
2627 3919 2776 3994 (Act.
2810 3920 2912 3992 tt),
2943 3921 3057 3990 ipso
3083 3921 3170 3976 die
3203 3922 3549 3979 Pentecostcs

1956 4037 2078 4076 cum
2124 4019 2487 4075 descendisset
2528 4017 2762 4089 Spiritus
2806 4026 3025 4070 sanctus
3055 4031 3217 4083 super
3255 4019 3550 4091 discipulos

1954 4125 2013 4170 ut
2059 4116 2111 4168 iu
2154 4114 2246 4167 illo
2279 4111 2702 4180 baptizarentur,
2734 4110 2861 4163 visae
2893 4119 3018 4163 sunt
3059 4109 3351 4166 insidentes
3386 4128 3552 4182 super

1953 4207 2192 4276 singulos
2219 4205 2412 4275 lingua:
2439 4205 2589 4274 quasi
2621 4202 2790 4272 ignis,
2835 4210 2892 4254 ut
2929 4210 3201 4256 constaret
3223 4218 3318 4258 eos
3345 4205 3551 4274 Spiritu

1952 4312 2140 4358 sancto
2164 4309 2218 4355 et
2248 4301 2298 4353 in
2334 4301 2452 4370 igne
2493 4299 2808 4369 baptizatos,
2843 4299 2947 4352 hoc
2977 4309 3092 4364 est,
3127 4313 3194 4354 eo
3226 4299 3427 4369 Spiritu
3455 4304 3549 4371 qtti

1951 4405 2097 4453 esset
2125 4395 2238 4449 sive
2264 4394 2402 4465 ignis
2432 4393 2544 4446 sive
2570 4392 2720 4462 quasi
2746 4391 2882 4461 ignis
2914 4409 2926 4443 :
2955 4392 3131 4461 qualis
3163 4392 3301 4462 ignis
3332 4391 3431 4447 fuit
3457 4395 3551 4464 qui

1949 4491 2004 4546 in
2029 4489 2164 4544 rubo
2186 4487 2411 4542 ardebat
2438 4497 2492 4539 et
2518 4486 2710 4539 rubum
2739 4499 2846 4538 non
2867 4485 3240 4552 comburebat,
3265 4486 3549 4558 qualisque

1949 4596 2031 4640 est
2058 4583 2147 4638 ille
2176 4581 2312 4652 ignis
2340 4580 2428 4648 qui
2457 4587 2538 4632 est
2567 4579 2890 4645 Angelorum
2924 4578 3166 4648 spiritus,
3197 4579 3334 4632 sicut
3363 4577 3546 4650 Scrip-

1949 4689 2066 4733 tura
2097 4676 2226 4730 dicit
2253 4691 2268 4730 :
2302 4672 2403 4741 Qui
2435 4674 2555 4744 facit
2586 4672 2803 4743 Angelos
2847 4687 2967 4725 suos
2997 4672 3235 4740 spiritus,
3282 4682 3330 4725 et
3361 4673 3544 4727 minis.

1948 4785 2053 4828 tros
2091 4787 2211 4826 suos
2250 4771 2418 4842 ignem
2459 4774 2715 4819 ardentem
2749 4763 2937 4834 (Psal.
2979 4779 3092 4831 cur,
3136 4765 3227 4834 4).
3271 4764 3371 4820 Cui
3419 4781 3541 4821 cum

1945 4866 2138 4922 similis
2181 4875 2274 4917 aut
2304 4861 2483 4916 socius
2511 4868 2604 4913 aut
2635 4858 2899 4928 particeps
2941 4857 3140 4920 lueris,
3176 4861 3377 4926 puteris
3419 4859 3543 4914 nul-

1945 4962 2053 5016 lum
2087 4961 2262 5029 ignem
2295 4957 2502 5013 timere.
2538 4967 2638 5006 nec
2665 4951 2816 5005 illum
2845 4950 3059 5019 quidem
3092 4951 3183 5020 qui
3217 4952 3546 5008 antecedens

1947 5055 2174 5112 Domino
2197 5054 2250 5108 iti
2277 5049 2365 5106 die
2390 5047 2572 5120 iudicii
2596 5045 2946 5117 conliagrabit
2973 5053 3142 5099 totum
3168 5045 3354 5101 orbem
3385 5055 3545 5106 terra:

1578 5174 1940 5240 VARIORUM
1977 5170 2204 5231 NOTAE.

321 5307 561 5364 XVII.—
579 5308 746 5366 pAULI
772 5321 1125 5364 PREDICA'I'IO.
1151 5305 1224 5361 Ita
1248 5313 1400 5360 vetus
1422 5307 1590 5364 codex
1611 5308 1842 5370 nomen.

244 5383 349 5445 sis,
377 5390 515 5435 teste
537 5380 770 5450 Rigaltio
789 5422 804 5446 ,
834 5382 924 5448 qui
954 5390 1130 5433 tamen
1163 5377 1304 5431 Petri
1333 5394 1527 5433 nomen
1556 5386 1796 5451 reposuit
1827 5404 1840 5440 :

242 5468 478 5514 eamque
523 5453 803 5508 lectionem
847 5451 1198 5521 Iiigaltianam
1232 5451 1448 5504 retinuit
1480 5453 1530 5504 in
1567 5461 1712 5508 textu
1747 5457 1843 5511 Ba-

245 5526 458 5586 luzius,
495 5523 800 5599 licetalitor
825 5526 1118 5599 sententiat
1153 5525 1203 5575 in
1238 5522 1398 5599 netis.
1430 5521 1642 5599 Codicis
1670 5528 1843 5599 scrip-

242 5607 423 5649 turam
455 5595 820 5664 prmstiteruut
845 5609 1058 5663 quoque
1083 5595 1436 5667 (nutriens-es.
1467 5594 1533 5648 Et
1562 5609 1705 5651 recte
1729 5594 1846 5667 (pii-

241 5667 373 5721 dem
401 5683 412 5717 :
446 5683 566 5720 nam
594 5677 781 5719 auctor
806 5682 1104 5736 anouynnts
1133 5684 1236 5719 non
1264 5666 1482 5726 erravit,
1511 5675 1569 5720 ut
1598 5678 1846 5730 putarunt

241 5737 584 5807 Rigaltiuset
603 5739 870 5795 Baluzius.
898 5736 1051 5792 Puuli
1079 5739 1491 5805 praedicationem
1507 5739 1842 5797 collaudans.

242 5810 527 5879 Siquidem
558 5825 624 5864 ex
657 5808 938 5865 Clemente
981 5809 1344 5864 Alexandrino
1374 5809 1592 5878 Strom.,
1627 5811 1721 5866 lib.
1755 5831 1805 5869 vt
1827 5857 1842 5880 ,

242 5896 370 5956 pag.
421 5880 558 5947 639,
603 5891 658 5936 et
697 5895 762 5935 ex
814 5881 1091 5935 Lactantio
1141 5881 1311 5937 Diviu.
1359 5880 1532 5937 Instit.
1563 5925 1577 5952 ,
1625 5884 1718 5941 lib.
1766 5903 1839 5955 tv,

1947 5332 2064 5386 cap.
2089 5315 2179 5377 21,
2206 5314 2486 5378 discimus,
2523 5311 2665 5386 Petri
2689 5318 2735 5365 et
2760 5309 2920 5386 Pauli
2945 5308 3356 5386 prmdicqtionm
3377 5321 3542 5386 unum

1948 5381 2195 5458 idemque
2225 5389 2480 5457 scriptum
2511 5385 2699 5458 fuisse,
2726 5382 2866 5458 quod
2898 5381 3057 5458 modo
3080 5381 3181 5434 sub
3205 5381 3544 5458 a_lt_erutrius,

1948 5452 2230 5515 modo'sub
2256 5452 2532 5526 utriusque
2561 5456 2774 5526 nomine
2800 5452 3190 5526 circumfertur.
3209 5453 3547 5526 _lligna_sunt

1947 5547 2069 5601 qum.
2118 5521 2475 5600 proferantur,
2528 5527 2685 5581 verba
2740 5524 2996 5601 Lact:-ntii
3029 5521 3321 5601 :“tllogister
3367 5521 3543 5582 Deus,

1948 5595 2150 5671 inquit,
2195 5601 2455 5653 discedens
2481 5630 2552 5638 —
2575 5601 2751 5666 futura
2796 5597 2994 5671 aperuit
3035 5595 3139 5648 illis
3179 5595 3384 5656 omnia,
3431 5607 3546 5663 qut:

1949 5667 2139 5727 Petrus
2179 5684 2223 5726 et
2257 5671 2451 5726 Paulus
2485 5671 2660 5723 Itonia:
2690 5667 3090 5736 prtrdiraverimt
3121 5683 3138 5720 :
3167 5677 3211 5718 et
3241 5683 3298 5720 ea
3343 5677 3544 5719 Putant-

1950 5760 2104 5800 CATIO
2118 5746 2170 5797 in
2189 5746 2482 5796 memoriam
2501 5742 2692 5809 scripta
2710 5741 3004 5806 permansit.
3021 5737 3148 5805 Quae
3164 5752 3292 5792 sane
3307 5738 3544 5790 maxime

1949 5832 2185 5871 consona
2215 5816 2278 5869 iis
2304 5814 2676 5882 perhibentur,
2707 5827 2826 5884 qua:
2857 5809 2979 5866 heic
3004 5811 3182 5866 statim
3214 5809 3392 5863 subdit
3418 5819 3549 5862 nos-

1950 5897 2031 5944 ter
2055 5901 2377 5948 auouvmus.
2404 5884 2675 5941 GALLAND.
