1997 3170
216 0 229 25 1
234 0 288 25 Ξοὸ

913 0 1176 26 PROLEGOMENA.

1769 1 1819 30 1204

217 53 305 90 (Paul.
320 60 396 86 xcvr,
412 52 457 88 5),
472 52 572 88 absque
585 53 625 80 eis
637 52 681 87 qui
698 51 824 88 baptizati
838 57 899 80 sunt
911 53 937 79 in
952 51 1011 88 Spi-
1025 54 1050 83 Α
1064 57 1188 80 raverant
1199 75 1206 86 ,
1228 53 1265 81 ait
1285 53 1318 81 ad
1341 53 1481 81 mulierem
1505 53 1634 80 Dominus
1650 62 1656 81 :
1672 53 1740 82 Fides
1757 61 1791 83 tua
1806 64 1822 85 te

217 100 272 129 ritu
287 105 381 128 sancto
392 105 419 127 et
432 99 496 134 igni.

255 146 349 175 XVIII.
370 146 405 173 Et
419 146 573 174 hominibus
594 146 702 182 quidem
724 146 840 181 Spiritus
862 153 1016 182 perseverat

218 192 300 220 hodie
310 192 461 223 invisibilis.
474 192 544 219 sicut
557 193 684 220 Dominus
695 193 776 220 dicit:
789 192 901 228 Spiritus
912 194 953 220 ubi
962 195 1016 221 vult

217 239 316 273 spirat,
328 242 352 264 et
371 238 453 264 neat-it
471 238 540 264 unde
553 239 636 265 veniat
648 239 688 265 vel
707 247 756 272 quo
769 239 845 265 vadat
865 238 955 275 (Joan.
971 248 1015 271 Ill.

217 285 236 313 8
248 287 266 318 ).
281 284 334 312 Sed
350 285 377 311 in
392 284 524 319 principio
539 285 659 321 mysterii
676 285 738 312 lldei
753 291 779 313 et
792 286 919 320 spiritalis
946 286 1016 322 Bap-

220 330 335 358 tismatis
348 331 391 358 hie
402 331 472 358 idem
483 331 599 366 Spiritus
612 332 752 359 manifeste
765 333 836 359 visus
849 338 890 360 est
901 338 927 360 et
937 341 1018 367 super

217 376 366 411 discipulos
378 376 510 404 insedisse
532 377 608 412 quasi
628 377 696 412 ignis
712 387 718 404 :
734 378 806 411 item,
817 378 893 406 caelis
905 379 1016 412 apertis,

219 423 394 451 descendisse
407 431 488 458 super
502 424 644 451 Dominum
660 425 792 452 columba:
809 425 938 458 similem;
954 434 1018 461 quo-

221 470 294 497 niam
310 470 448 505 pleraque.
466 470 549 498 immo
562 478 630 506 pene
650 471 739 498 omnia
753 479 812 506 qua:
825 477 916 500 essent
931 473 1018 500 futura

222 516 364 544 manifesta
384 521 448 544 sunt
464 525 470 543 :
485 525 545 552 qum
566 522 655 545 tanten
670 518 752 545 modo
764 522 855 545 essent
877 518 1018 546 invisibilia

222 562 415 594 nihilominus,
444 570 516 590 nunc
541 570 650 598 quoque
675 564 759 591 oculis
784 570 812 592 et
840 564 1019 592 incredulitati

223 609 364 636 hominum
384 610 426 636 vel
440 618 472 637 ex
488 615 577 644 parte,
592 610 635 638 vel
650 610 809 645 aliquando,
831 611 873 638 vel
893 613 919 639 in
937 612 1020 647 ﬁgura

223 660 287 684 sunt
308 660 455 684 monstrata
475 657 508 684 ad
523 657 752 685 corroborandam
768 663 795 684 et
809 658 1020 685 conﬁrmandam

225 703 305 731 ﬁdem
326 708 457 731 nostram.
477 703 531 731 Sed
546 712 597 731 nec
612 704 677 731 illud
691 705 827 732 omiserim
844 705 915 740 quod
932 705 1022 732 Evan-

1065 100 1162 126 salvam
1183 101 1257 135 fecit,
1276 101 1339 127 vade
1359 101 1386 127 in
1407 108 1478 135 pare.
1499 99 1539 127 Ex
1559 100 1652 135 quibus
1666 101 1779 130 universis
1790 112 1822 130 os-

1066 145 1182 173 tenditur
1205 145 1257 173 ﬁde
1279 147 1417 174 emundari
1437 146 1535 178 corda,
1556 146 1655 181 Spiritu
1674 153 1754 175 autem
1772 149 1823 176 ablui

1066 193 1168 220 animas
1184 202 1190 220 :
1209 201 1287 228 porro
1312 199 1400 220 autem
1428 201 1476 228 per
1502 200 1597 228 aquam
1621 192 1700 220 lavari
1722 201 1825 229 corpora,

1066 238 1195 273 sanguine
1213 246 1319 273 quoque
1342 239 1510 266 festinantius
1525 239 1657 273 perveniri
1672 247 1716 274 per
1727 247 1826 275 compen-

1067 285 1139 312 dium
1153 285 1185 311 ad
1201 284 1294 311 salutis
1310 285 1430 319 prmntia.

1105 331 1174 359 XIX.
1197 333 1263 359 Puto
1287 339 1336 358 nos
1365 332 1442 364 plene
1475 337 1619 359 exsecutos
1646 331 1828 367 praedicationem

1070 378 1195 413 Baptism
1217 377 1345 410 Joannis,
1370 378 1439 405 unde
1461 386 1614 406 sermonem
1637 386 1726 405 sumus
1749 381 1829 410 exorsi,

1069 427 1114 461 qui
1128 426 1194 453 dixit
1207 425 1239 453 ad
1253 426 1361 453 Judmos
1375 435 1381 453 :
1397 424 1453 461 Ego
1465 426 1566 460 quidem
1581 434 1624 452 vos
1638 425 1735 458 baptizo
1753 435 1805 461 aqua
1814 428 1831 454 in

1070 472 1252 508 penitentiam.
1276 472 1324 505 Qui
1346 479 1428 499 autent
1444 476 1500 507 post
1514 480 1552 498 me
1565 471 1631 498 venit
1645 472 1733 506 fortior
1749 480 1782 498 me
1796 478 1831 503 est,

1071 519 1142 553 cujus
1154 527 1198 553 ego
1212 526 1261 545 non
1275 527 1330 544 sunt
1338 518 1430 553 dignus
1442 518 1536 544 solvere
1547 517 1683 553 corrigiam
1693 517 1831 544 calceamenti.

1072 564 1133 599 Ipse
1146 573 1188 591 vos
1203 565 1339 600 baptizabit
1358 566 1384 591 in
1405 564 1504 600 Spiritu
1519 570 1607 591 sancto
1621 570 1644 591 et
1659 565 1711 599 igni
1724 563 1793 599 (Luc.
1803 572 1834 595 ttt.

1072 611 1130 647 16).
1153 612 1276 639 Arbitror
1296 617 1386 639 autem
1406 616 1432 638 et
1451 611 1566 646 apostoli
1587 611 1699 638 Joannis
1718 610 1835 638 doctrinam

1073 668 1122 687 nos
1143 667 1195 686 non
1217 660 1307 694 inepte
1326 658 1508 693 disposuisse,
1529 658 1573 693 qni
1594 657 1632 684 ait
1651 658 1709 692 quia
1729 662 1773 683 tres
1789 658 1837 683 testi-

1075 705 1186 732 moniunt
1201 705 1347 739 perhibent.
1363 705 1467 739 spiritus
1489 708 1511 730 et
1531 712 1597 736 aqua
1611 708 1634 730 et
1650 703 1764 738 sanguis,
1782 708 1799 729 et
1812 702 1838 729 isti

221 750 323 785 gelium
333 750 431 777 merito
443 750 578 784 praedicat.
594 751 638 777 Ait
648 751 719 777 enim
732 751 878 786 paralytieo
893 752 1021 779 Dominus
1034 752 1059 782 B
1073 755 1123 778 tres
1144 759 1223 777 unum
1242 755 1299 776 sum
1322 748 1360 785 (ι,
1376 748 1455 776 Joan.
1476 757 1503 779 v.
1527 747 1575 784 8).
1601 748 1659 775 Nisi
1679 748 1752 774 fallor
1765 752 1838 779 autem,

224 800 319 823 noster
332 805 339 821 :
356 795 428 822 Bono
443 796 528 822 animo
543 801 605 828 esto,
621 796 669 830 ﬂii,
686 797 847 823 dimittuntur
863 797 905 824 tibi
921 803 1025 832 peccata

226 841 336 876 (Matth.
352 848 379 868 ιι
390 861 398 874 ,
413 841 441 876 2)
459 850 465 867 :
482 847 511 868 ut
524 842 679 869 ostenderet
693 842 744 869 ﬁde
759 842 881 870 mundari
898 842 978 870 corda
992 843 1025 870 ad

226 887 413 916 remissionem
432 893 603 923 peccatorum
625 889 854 923 consequendattt.
875 890 960 923 Quam
980 898 1025 917 re-

228 933 384 962 missionem
400 938 570 968 peccatorum
587 941 731 962 consecuta
744 940 788 962 est
802 936 881 963 etiam
904 936 946 963 illa
969 944 1028 971 qua:

230 986 289 1008 erat.
308 981 406 1008 mulier
419 981 556 1015 peccatrix
572 981 598 1008 in
619 982 742 1014 civitate;
759 982 802 1009 ctti
819 982 947 1009 Dominus
969 983 1006 1009 ait
1021 992 1026 1009 :

228 1025 401 1054 Dimittuntur
417 1028 460 1054 tibi
474 1033 577 1062 peccata
593 1027 675 1061 (Luc.
695 1036 730 1055 vn
740 1049 746 1061 ,
760 1028 811 1061 48,
828 1028 891 1064 50).
914 1027 948 1055 Ει
968 1036 1028 1056 cum

231 1074 378 1108 cepissent
390 1074 434 1109 qui
449 1074 529 1101 simul
545 1074 761 1106 discumbebant,
775 1075 846 1109 apud
860 1079 946 1102 semet
958 1076 1031 1110 ipsos

231 1121 323 1149 dicere
335 1129 341 1147 :
354 1119 418 1153 Quit
431 1125 467 1148 ut
480 1121 521 1148 hic
531 1121 576 1156 qui
588 1126 691 1155 peccata
703 1122 827 1148 dimittit?
838 1121 910 1156 quod
924 1126 951 1149 et
960 1122 1032 1149 circa

232 1167 408 1203 paralytieum
423 1167 546 1195 acerbius
567 1167 668 1195 Scrist
688 1172 716 1195 et
735 1167 863 1195 Pharistei
879 1168 1034 1195 obmurmu-

1075 796 1156 823 etiam
1176 794 1242 822 illud
1258 794 1463 829 cxplanavimus
1476 793 1546 829 quod
1563 794 1692 821 Dominus
1712 799 1792 820 noster
1802 793 1841 819 ait:

1076 843 1190 871 Joannes
1203 843 1303 879 quidem
1319 844 1455 877 baptizavit
1469 851 1549 878 aqua,
1565 850 1608 869 vos
1623 849 1707 869 autem
1728 842 1841 875 baptizab-

1078 891 1141 917 mini
1161 890 1188 916 in
1205 889 1305 924 Spiritu
1318 895 1406 916 sancto
1420 889 1489 925 (Act.
1506 897 1530 921 ι,
1546 889 1584 924 5).
1602 888 1735 916 ΡΓωῑει-ετι
1747 888 1845 915 existimo

1079 943 1129 963 nos
1144 943 1198 963 non
1216 935 1348 962 inﬁrmam
1365 935 1497 962 rationettt
1513 935 1664 962 reddidisse
1678 933 1846 961 consuetudinis

1080 990 1200 1010 causam.
1230 982 1365 1009 Tueamur
1393 986 1501 1014 tamen,
1524 981 1573 1008 etsi
1599 982 1746 1016 posteriore
1766 980 1815 1007 luco
1831 979 1847 1006 id

1081 1029 1209 1060 iacimus,
1232 1036 1265 1055 ne
1278 1028 1323 1064 qui
1344 1033 1417 1062 putet
1431 1036 1481 1055 nos
1497 1028 1576 1055 unico
1591 1028 1706 1054 articulo
1720 1031 1847 1062 prtesenten

1082 1075 1287 1102 altercationem
1303 1074 1444 1101 suscitare.
1458 1073 1626 1108 Quamquam
1644 1073 1703 1100 lnec
1716 1071 1848 1100 consuetudo

1086 1123 1166 1150 etiam
1187 1122 1243 1148 sola
1263 1122 1373 1148 deberet
1388 1121 1458 1156 apud
1477 1121 1600 1147 homines
1619 1121 1741 1147 timerent
1761 1118 1800 1146 Dci
1818 1119 1848 1144 lu-

1086 1168 1181 1196 bentes
1193 1174 1220 1196 et
1236 1167 1351 1195 ltumiles
1361 1188 1368 1200 ,
1382 1168 1545 1202 pnecipuutn
1560 1167 1651 1194 locum
1664 1165 1789 1194 obtinere.

875 1225 1055 1255 VARIORUM
1075 1224 1190 1254 ΝοτΑῑ.

271 1282 422 1311 XIX—Ad
428 1285 518 1311 salutis
527 1285 643 1319 prwntia.
653 1284 732 1313 Puto.
744 1285 850 1320 Rigaltii
859 1290 885 1312 et
893 1285 931 1312 0x
938 1284 1031 1311 onien-

236 1320 305 1348 sium
322 1320 565 1355 interputtctionem
574 1321 721 1356 sequimur.
734 1321 770 1348 At
782 1321 905 1348 Baluzins
921 1329 926 1347 :
944 1320 1030 1347 Festi-

1085 1284 1189 1311 nanlius
1208 1284 1331 1319 perveniri
1347 1292 1391 1318 per
1411 1284 1588 1318 compendium
1612 1283 1648 1309 ad
1667 1282 1754 1310 salutis
1774 1280 1850 1315 pmmiu

1086 1325 1158 1355 puto,
1173 1325 1227 1347 etc.
1244 1319 1329 1347 Minus
1344 1323 1428 1347 recte.
1446 1320 1582 1347 GALLAND.

256 1404 1853 1423 mm

346 1486 426 1528 DE
457 1485 746 1528 ANONYMO
777 1484 1063 1527 AUCTORE
1097 1484 1450 1527 TRACTATUS
1472 1486 1778 1528 ADVERSUS

855 1569 937 1611 ΝΟ
945 1569 1208 1611 VATIANU
1211 1570 1271 1610 M.

709 1668 1434 1735 PROLEGOMENA.

892 1807 1030 1815 ——_—

1036 1797 1263 1825 m—

282 1857 395 1888 Constat
417 1863 555 1886 auctorem
577 1858 639 1886 libri
657 1858 690 1886 ad
714 1858 892 1885 Novatianutn
914 1859 1044 1893 aequalem
1059 1858 1081 1889 C
1099 1858 1300 1885 Tillemontium
1312 1856 1565 1892 (t)deterruit,quo
1574 1856 1664 1883 mintts
1676 1856 1727 1884 hoc
1737 1854 1862 1891 opusculum

248 1913 309 1934 esse
324 1905 463 1941 Cypriani,
477 1913 526 1932 nec
540 1905 650 1935 dubium
664 1912 723 1932 esse
739 1909 839 1939 potest,
854 1904 920 1938 quin
938 1905 964 1931 in
979 1905 1050 1939 paci-

251 1952 331 1986 ﬁcis,
355 1958 382 1981 et
406 1952 535 1980 Ecelesia:
557 1951 708 1979 faventibus
733 1951 869 1979 Valeriani
896 1951 1051 1985 primordiis

251 2000 401 2035 scripserit.
428 1999 514 2028 Unam
538 1999 610 2027 enitn
635 2003 737 2026 tantum
760 1997 978 2033 persecutionem
1000 2005 1050 2025 nu-

252 2052 339 2075 merat
353 2052 412 2082 post
433 2054 502 2078 eam.
527 2054 587 2081 qtne
602 2046 652 2074 sub
673 2045 753 2073 Decio
773 2045 871 2077 saeviit,
887 2049 915 2072 et
927 2052 991 2077 eos,
1008 2044 1052 2079 qui

253 2093 281 2121 in
297 2092 383 2128 prima
405 2092 574 2124 ceciderunt,
590 2092 615 2119 in
631 2091 749 2119 secunda
771 2090 888 2118 victores
910 2089 993 2117 fuisse
1009 2089 1050 2117 di-

254 2140 291 2167 cit
311 2139 364 2173 (l).
380 2138 491 2165 Videtur
504 2138 584 2165 etiarn
602 2136 744 2165 Africanus
760 2136 854 2169 fuisse,
870 2141 924 2162 tum
940 2136 1001 2170 quia
1013 2135 1052 2162 sic

253 2185 322 2214 ludit
335 2185 362 2213 in
377 2185 536 2212 Felicissimi
552 2184 660 2211 nomine
673 2183 712 2220 (2)
731 2193 737 2210 :
752 2183 820 2216 Quid
840 2182 873 2209 ad
886 2183 935 2209 ista
948 2190 1053 2217 respon-

257 2233 334 2260 deant
354 2231 537 2266 μινυθνείεεὶΜὶ
551 2232 592 2258 isti
607 2231 761 2263 Novatiani,
785 2230 825 2257 vel
839 2237 910 2258 nunc
929 2229 1053 2256 infelicis-

257 2280 317 2307 simi
346 2279 441 2314 pauci?
469 2279 551 2311 Tum,
579 2279 641 2313 quia
665 2278 749 2305 solam
777 2277 926 2305 Ecclesiam
950 2275 1054 2303 cmlesti

257 2327 364 2355 ratione
376 2326 513 2361 baptizare
532 2325 707 2360 prauuntians
721 2324 771 2360 (5),
792 2324 980 2351 ltmreticorum
999 2322 1052 2350 Ba-

255 2374 352 2407 ptisma
376 2381 430 2400 non
452 2373 567 2400 obscure
588 2373 684 2407 rejicit.
702 2372 764 2399 Sola
785 2370 847 2407 Slyii
863 2369 1052 2398 dissimilitudo

293 2439 333 2502 φ)
346 2442 480 2477 Anonym,
493 2441 608 2482 Tractat.
633 2440 666 2467 ad
681 2440 819 2467 Novatian.
832 2459 839 2471 ,
861 2446 921 2473 cap.
938 2438 964 2465 6.
980 2437 1051 2478 apud

293 2476 393 2502 llandu
415 2482 480 2502 tom.
498 2485 534 2502 Ill.
553 2477 621 2502 Bibl.
639 2481 694 2502 vet.
709 2474 772 2502 PP..
789 2482 848 2502 nae.
866 2474 928 2502 572:
941 2478 968 2500 et
984 2479 1051 2500 tuter

257 2474 393 2509 Galland.,
415 2474 480 2503 tom.
498 2485 534 2503 Ill.
552 2477 621 2503 Bibl.
639 2481 694 2503 vet.
709 2474 772 2508 PP.,
789 2482 848 2509 pag.
866 2474 928 2505 572;
941 2478 968 2500 et
984 2474 1053 2500 inter

257 2510 394 2547 Cyprian.,
413 2520 470 2547 pag.
487 2513 531 2544 l7,
546 2513 611 2539 edit.
627 2512 730 2543 Bretn..
742 2516 769 2547 et
787 2510 894 2547 Venit,
910 2517 969 2545 pag.
983 2509 1049 2547 :15.

294 2546 332 2580 (2)
359 2545 497 2583 ld.,:ibid.
514 2555 573 2583 cap.
600 2548 627 2579 2.
653 2547 723 2582 apttd
747 2545 883 2583 Galland,
908 2552 958 2583 pag
983 2545 1046 2577 3'“;

257 2586 285 2609 et
310 2582 382 2642 aput;
406 2582 500 2617 Cypr.,
530 2580 589 2618 pag.
616 2580 756 2615 16,'edit.
781 2582 882 2613 Brem.,
898 2585 924 2607 et
940 2580 1046 2613 Venet.,

260 2625 318 2642 υτιε.
335 2625 360 2642 li
387 2638 392 2642 .

260 2625 318 2650 pag.
335 2625 392 2642 ttz.

296 2651 334 2686 (ὖ)
350 2652 407 2689 Nu
429 2653 504 2685 ΗΜ..
522 2662 579 2688 Cﬂp.
605 2656 631 2684 5.
659 2662 718 2689 pag.
736 2655 798 2683 572.
816 2652 885 2686 apud
910 2651 1050 2689 Gallandw

254 2688 431 2749 {riterltjyprq
447 2696 506 2723 pag.
522 2687 563 2721 t7,
582 2691 647 2718 edit.
660 2687 768 2722 Breuis,
786 2693 812 2717 ct
828 2697 888 2724 pug.
906 2688 958 2715 775
984 2687 1048 2714 edit.

277 2731 325 2749 ene
341 2743 347 2749 .

277 2731 347 2750 θιιυι.

1102 1904 1237 1940 Cypriano
1249 1904 1381 1932 tribuerit.

1138 1951 1191 1978 Sed
1212 1955 1302 1977 tamen
1315 1953 1415 1985 pratter
1437 1948 1506 1976 hanc
1526 1949 1658 1976 rationem
1679 1949 1729 1977 alia
1744 1944 1864 1975 videturai-

1102 1996 1166 2024 ferri
1183 2004 1271 2031 posse.
1293 1995 1359 2023 Nam
1375 1995 1493 2022 declarat
1510 1999 1605 2022 auctor
1625 1995 1705 2030 hujus
1723 1995 1780 2022 libri
1793 1994 1813 2020 in
1825 1993 1864 2026 ipso

1103 2043 1214 2070 exordio
1235 2051 1241 2068 :
1268 2051 1277 2068 ι
1296 2041 1421 2076 Cogitant
1445 2041 1511 2072 sibi,
1535 2046 1562 2068 et
1584 2041 1785 2068 intolerabiliter
1800 2039 1865 2066 animo

1104 2089 1238 2121 mstuanti,
1256 2089 1382 2123 quidnam
1405 2095 1485 2122 agere
1499 2087 1600 2114 deberet
1619 2087 1654 2114 de
1677 2085 1821 2114 miserandis
1829 2084 1865 2109 ira.

1105 2135 1200 2168 tribus,
1215 2135 1259 2170 qui
1272 2135 1402 2161 vulnerati
1418 2141 1470 2161 non
1485 2134 1592 2169 propria
1603 2134 1762 2166 ,voluntate,
1776 2131 1816 2159 sed
1828 2129 1867 2157 dil-

1105 2185 1159 2212 boli
1173 2184 1307 2211 saavicntis
1328 2184 1486 2217 irruptiono,
1508 2182 1595 2209 adltnc
1608 2189 1703 2217 usque.
1720 2182 1767 2208 ltoc
1780 2184 1822 2211 est,
1835 2183 1867 2212 ρετ

1107 2231 1214 2265 longam
1230 2235 1380 2264 temporum
1399 2229 1495 2256 seriem
1509 2233 1619 2262 agentes
1635 2235 1727 2262 pinnas
1739 2227 1834 2255 darent.
1846 2229 1868 2249 et

1106 2276 1222 2303 adverso
1242 2280 1365 2303 exortum
1394 2282 1453 2301 esse
1471 2274 1551 2301 alitttn
1568 2275 1685 2305 hostem,
1701 2278 1728 2301 et
1748 2272 1820 2307 ipsius
1836 2277 1868 2303 pa-

1106 2328 1190 2350 terna:
1199 2322 1305 2356 pietatis
1318 2320 1503 2348 adversarium
1517 2320 1674 2347 ltmrelicum
1684 2320 1851 2348 Novatiannm.
1862 2324 1868 2339 t

1105 2370 1152 2397 His
1165 2374 1253 2396 autent
1270 2368 1358 2395 verbis
1378 2368 1476 2395 indicat
1494 2368 1648 2402 episcopum
1663 2375 1693 2395 se
1707 2375 1774 2398 esse,
1787 2373 1813 2391 ac
1827 2370 1871 2398 perv

1107 2416 1258 2443 humaniter
1277 2415 1357 2449 lapsis
1368 2414 1423 2449 jutn
1438 2414 1538 2440 dttdttttt
1557 2414 1740 2448 ptenitentiam
1759 2409 1871 2447 agentibus

1105 2463 1302 2493 consulentem,
1324 2461 1437 2488 moleste
1452 2460 1531 2493 ferre,
1559 2460 1629 2495 quod
1651 2463 1707 2486 sum
1730 2455 1819 2486 lenitati
1838 2453 1872 2480 ad-

1106 2510 1254 2538 versarium
1287 2509 1383 2536 habeat
1415 2508 1570 2535 ltarrcticum
1606 2507 1789 2534 Novatianum.
1822 2502 1871 2530 Hinc

1102 2557 1182 2584 etiam
1201 2555 1269 2583 infra
1291 2555 1343 2591 (5),
1371 2559 1512 2589 postquam
1541 2556 1575 2581 de
1598 2555 1631 2581 iis
1659 2555 1760 2581 locutus
1781 2546 1870 2581 est,qui

1141 2613 1357 2649 (i)TilIeniont,.
1373 2612 1506 2643 Mennim,
1524 2617 1589 2649 tom.
1607 2620 1645 2643 tv,
1659 2610 1779 2649 ρης.Αῷ
1788 2604 1869 2649 etii???-

1104 2638 1315 2681 m.i."3_7‘,i.{nis.
1326 2638 1419 2683 (vap:
1433 2638 1532 2674 ctetlil.
1545 2638 1674 2680 Bruxellf,
1693 2638 1773 2677 “1752,
1786 2650 1835 2679 pttg-
1845 2638 1869 2666 ὅθ

1104 2692 1129 2713 et
1145 2693 1204 2720 pag.
1220 2685 1265 2717 ἐξ,
1284 2685 1308 2710 in
1325 2690 1405 2711 llUllS.

1142 2709 1392 2755 (Sibiﬁﬁihfjif
1407 2727 1443 2751 ο..
1468 2727 1525 2754 cap.
1543 2719 1569 2751 6,
1588 2727 1647 2754 pag.
1663 2718 1733 2750 372;
1749 2714 1810 2752 apud
1823 2709 1869 2740 Gal'

1886 201 1888 234 l

108 2922 1300 3031 μρῘ-πρμ
1414 2967 1918 3170 Ἰ
