3876 6282
2166 378 2340 388 -.υς-α.

1245 563 2605 730 ΡΒᾺΕΡΑΤΙΟ

433 947 633 1092 IN
725 939 1278 1090 DUOS
1360 936 1830 1121 SEQI-

1939 939 2519 1089 ENTES
2626 854 3450 1097 TOMOS.‘

1086 1266 2707 1309 ._—_—————————--IlﬂI=‘:;;===I--—————————~—

314 1543 357 1597 l.
400 1539 543 1611 Quid
575 1538 626 1593 in
665 1537 766 1593 hac
790 1550 927 1592 nova
957 1546 1207 1590 \‘E‘I‘ERUII
1239 1543 1451 1586 ΡΑτιιυιι
1491 1534 1844 1582 prauorum

237 1636 466 1691 tertium
491 1631 626 1687 illud
662 1640 718 1686 et
750 1637 1001 1701 quartum
1031 1625 1283 1682 volumen
1324 1621 1590 1686 afferant,
1638 1628 1843 1685 quosve

239 1728 461 1792 Patres,
491 1726 792 1798 quibusque
833 1721 1193 1779 recentiorum
1225 1719 1578 1783 interpretum
1609 1718 1700 1764 aut
1727 1708 1845 1765 edi-

243 1830 428 1877 torum
470 1818 661 1876 studiis
707 1818 999 1873 adornatos
1037 1815 1091 1869 in
1135 1811 1372 1868 medium
1418 1805 1799 1863 adduxerimus
1824 1844 1838 1868 ,

239 1913 442 1982 paucis
477 1924 748 1981 exponere
784 1923 882 1978 par
918 1914 1002 1962 est
1025 1949 1040 1974 ,
1085 1905 1391 1975 priusquam
1418 1942 1434 1967 ,
1492 1907 1551 1953 ut
1584 1905 1741 1951 antea
1786 1893 1839 1948 in

237 2002 639 2058 Tcrtullianum
663 2044 678 2069 ,
721 2000 799 2055 sic
822 1999 1015 2055 saltem
1046 2006 1101 2050 et
1132 1997 1183 2050 in
1215 1992 1545 2065 Cyprianum
1574 2000 1796 2057 agamus
1821 2026 1838 2053 ,

233 2094 491 2165 viriliqne
518 2108 618 2165 pro
645 2093 895 2163 portione
920 2101 1030 2146 tum
1058 2089 1126 2144 de
1153 2087 1271 2158 ejus
1298 2085 1616 2141 auctoritate
1635 2091 1690 2136 et
1714 2095 1839 2144 usu,

234 2197 354 2242 tum
386 2187 453 2241 de
482 2184 820 2258 Cyprianicis
856 2182 1143 2238 annalibus
1171 2177 1454 2235 litterariis
1491 2177 1698 2232 alienas
1737 2188 1837 2243 po-

234 2281 348 2335 tius
374 2288 780 2365 qnam‘nostras
803 2275 1078 2350 symbolas
1105 2273 1481 2329 exhibeamus.

683 2446 1071 2518 ARTICULUS
1118 2454 1395 2513 PRIMUS.
1454 2528 1457 2533 ί

737 2633 1002 2677 εῖιιιηυε
1042 2630 1347 2673 Αυετοῆυω.

310 2783 377 2841 ll.
418 2782 552 2839 Rem
591 2780 825 2852 duplicis
865 2776 1163 2849 argumenti
1210 2787 1331 2830 esse
1366 2770 1506 2826 banc
1533 2763 1833 2824 Bibliothe-

233 2893 359 2934 cam
380 2920 395 2943 ,
422 2892 582 2949 quam
605 2883 662 2931 et
688 2875 906 2929 Cursum
938 2869 1255 2940 Pati-alogirc
1277 2865 1723 2938 qualemcumque
1753 2860 1835 2914 in-

234 2972 523 3042 scripsisse
544 2970 720 3035 libuit,
752 2968 834 3023 vel
861 2966 929 3021 ab
957 2964 1088 3035 ipsis
1117 2959 1425 3018 nominibus
1455 2956 1615 3013 velim
1645 2954 1836 3023 depre-

232 3063 465 3120 hendas.
495 3062 630 3117 Hinc
659 3061 801 3116 enim
825 3067 1067 3114 veterum
1098 3053 1424 3118 teStimonia,
1466 3049 1614 3104 illinc
1640 3061 1832 3102 recen-

232 3157 368 3211 tium
392 3153 779 3210 commentaria
807 3169 819 3203 :
853 3150 1028 3221 prisca
1057 3162 1186 3219 ergo
1212 3155 1346 3200 mtas
1376 3143 1534 3206 tulit,
1576 3154 1698 3211 qua).
1736 3137 1834 3190 ho-

230 3247 423 3303 dierna
455 3260 644 3302 manus
668 3244 913 3301 recondit
936 3258 952 3309 ;
979 3241 1139 3297 verba
1166 3238 1316 3294 dedit
1345 3244 1606 3299 vetustas,
1637 3231 1832 3304 quibus

231 3342 648 3413 explanationes
696 3354 957 3395 novorum
1013 3337 1298 3392 doctorum
1347 3329 1579 3385 varietas
1605 3325 1829 3381 addidit.

232 3437 327 3493 Illa
360 3450 494 3506 ergo
521 3434 590 3490 ad
619 3432 1027 3496 Bibliotlrecam,
1058 3429 1175 3484 haec
1205 3441 1335 3481 vero
1376 3423 1444 3478 ad
1480 3421 1743 3486 Cursum,
1785 3417 1830 3472 si

231 3528 366 3600 quid
396 3529 469 3583 sit
496 3527 550 3582 in
581 3542 642 3582 ea
673 3541 805 3582 voce
835 3525 1068 3589 virtutis,
1110 3522 1362 3576 attinent.

313 3621 401 3677 ΙΙΙ.
421 3620 699 3677 Prodeunt
720 3618 907 3689 partim
926 3619 977 3673 in
999 3616 1103 3671 hoc
1132 3624 1280 3670 tonio
1307 3611 1546 3668 minores
1566 3606 1751 3664 saeculi
1774 3620 1831 3663 ιιι

233 3716 426 3770 Patres
456 3731 469 3766 :
505 3712 876 3784 principesque
909 3715 1370 3782 praceuntsanctte
1395 3710 1659 3773 martyres
1685 3698 1830 3754 Feli-

231 3808 370 3863 citas
387 3816 439 3862 et
456 3807 742 3876 Perpetua,
767 3804 945 3858 nobile
963 3817 1062 3874 par
1081 3801 1425 3864 feminarum,
1454 3795 1628 3850 ambae
1651 3793 1828 3864 dignm.

231 3902 454 3957 Patrum
485 3913 789 3956 coaevorum
829 3897 1015 3953 duces.
1042 3893 1293 3953 Succedit
1323 3891 1523 3962 duplex
1545 3897 1825 3945 auctorum

234 3994 627 4059 triumviratus,
661 4002 769 4047 tres
794 3990 1000 4047 scilicet
1026 3987 1253 4044 Romani
1276 3983 1593 4049 Pontifices,
1620 3980 1828 4036 Corne-

236 4089 374 4152 lius,
420 4088 654 4153 Lucius,
696 4084 1038 4155 Stephanus;
1106 4090 1321 4152 tresque
1382 4073 1825 4146 Carthaginensis

232 4181 340 4236 fori
395 4181 669 4246 eausidici,
722 4178 966 4250 ejusdem
1017 4191 1193 4233 causa:
1235 4173 1542 4230 christiana:
1587 4169 1822 4244 patroni,

232 4273 521 4340 Minucius,
549 4272 819 4339 Octavius,
848 4269 1098 4326 Caecilius
1128 4269 1301 4324 faustc
1328 4266 1570 4323 devictus
1591 4305 1605 4330 ,
1651 4263 1740 4334 qui
1773 4268 1828 4318 et

235 4367 564 4439 Cyprianum
603 4366 870 4422 devicisse
897 4363 1154 4420 creditur.
1200 4362 1343 4416 Pone
1380 4358 1617 4415 subeunt
1642 4356 1826 4427 plures

237 4459 406 4530 ignoti
451 4458 685 4515 nominis
729 4467 998 4525 auctores,
1039 4468 1291 4526 quorum,
1328 4467 1424 4522 pro
1473 4464 1624 4506 more
1672 4448 1827 4503 Chri-

235 4553 569 4619 stianorum,
618 4550 890 4606 humiliter
950 4548 1273 4604 latitantium
1325 4558 1489 4614 opera
1539 4543 1592 4597 in
1648 4541 1824 4596 lucem

234 4646 454 4718 prodire
482 4655 757 4702 merentur
787 4664 799 4698 :
831 4654 943 4700 tum
980 4643 1184 4714 primus
1223 4638 1684 4696 schismaticorum
1729 4650 1827 4689 art-

232 4741 585 4812 tesignanus,
630 4742 878 4811 antipapa
922 4738 1253 4794 Novatianus
1277 4777 1292 4802 ,
1322 4734 1409 4790 cui
1448 4742 1504 4789 et
1539 4744 1826 4803 propemo-

232 4834 360 4889 dum
396 4834 591 4890 vellem
634 4832 904 4889 accenseri
944 4828 1334 4886 Car-sariensem
1362 4825 1675 4897 episcopum
1707 4821 1826 4877 Fir-

232 4926 507 4981 ntilianum
533 4967 549 4994 ,
592 4929 645 4980 ni
686 4924 860 4991 falso,
888 4931 948 4978 ιιι
984 4920 1231 4988 videtur,
1280 4919 1383 4990 ipsi
1428 4916 1827 4972 adscriberetur

234 5020 486 5091 epistola,
510 5023 561 5074 in
589 5037 691 5090 qna
715 5014 1018 5092 Stephanus
1039 5061 1053 5085 ,
1083 5017 1327 5073 Pontifex
1359 5024 1577 5072 sanctus
1602 5022 1658 5069 et
1679 5027 1826 5067 mar-

234 5126 342 5189 tyr,
371 5114 510 5170 male
537 5114 886 5172 antichristus
914 5115 1084 5171 audit.

308 5208 531 5262 Demum
555 5206 607 5260 in
634 5214 779 5262 tomo
796 5207 986 5276 altero,
1020 5207 1167 5263 solus
1194 5219 1419 5276 operum
1447 5201 1591 5258 mole
1612 5199 1827 5256 caeteris

229 5300 484 5359 omnibus
519 5298 662 5355 haud
697 5302 903 5375 impar,
942 5315 1079 5357 unus
1104 5310 1158 5356 et
1188 5298 1568 5365 integerrimus
1609 5303 1827 5349 sanctus

226 5394 674 5468 Carthaginensis
697 5394 978 5464 episcopus
1003 5388 1303 5466 Cyprianus
1328 5390 1634 5448 exhibetur.

299 5488 390 5545 IV.
423 5489 559 5558 Quae
599 5502 721 5543 cum
769 5488 1058 5558 prepositae
1093 5487 1293 5542 fuerint
1320 5495 1564 5542 veterum
1602 5481 1821 5537 Patrum

226 5585 516 5644 sententiae
539 5624 557 5650 ,
605 5582 776 5639 denso
813 5582 1026 5654 agmine
1065 5580 1296 5637 subeunt
1329 5580 1624 5636 recentium
1656 5576 1823 5631 inter-

225 5689 438 5753 pretum
469 5676 735 5749 collegia;
769 5690 999 5748 quorum
1024 5674 1114 5730 alii
1139 5674 1385 5731 codicum
1408 5673 1539 5729 falsa
1565 5672 1669 5727 huc
1696 5668 1825 5726 illuc

221 5770 643 5843 tempestatibus
688 5778 808 5824 aeta
854 5767 1149 5841 colligunt;
1194 5766 1450 5826 fascicula
1493 5765 1820 5830 discutiunt,

475 5863 755 5925 ΡΑτιιοι.
799 5860 912 5924 ΙΙΙ.

1926 1486 2263 1569 membrana
2287 1512 2518 1581 radunt,
2551 1514 2901 1587 palimpsesta
2924 1558 2938 1587 ,
2968 1525 3029 1574 ut
3062 1518 3136 1574 ita
3164 1519 3338 1578 dicam
3360 1564 3374 1591 ,
3404 1524 3550 1581 evis-

1946 1619 2168 1673 cerant;
2197 1608 2285 1663 alii
2328 1618 2577 1679 acceptas
2621 1610 2881 1668 lectiones
2922 1613 3331 1685 introspiciunt,
3373 1619 3553 1688 prisca

1945 1700 2336 1755 recentioribus
2361 1740 2375 1766 ,
2405 1700 2566 1756 dubia
2596 1703 2761 1759 certis
2781 1744 2797 1772 ,
2837 1705 3034 1760 similia
3061 1706 3327 1765 similibus
3355 1725 3553 1780 repen-

1944 1789 2082 1845 dunt
2109 1805 2172 1846 ac
2199 1790 2494 1846 elucidant.

2015 1881 2081 1937 ν.
2117 1882 2243 1948 Vin,
2276 1882 2373 1938 tibi
2414 1884 2765 1954 prtulibentur
2792 1887 2984 1943 saltem
3025 1890 3423 1962 praecipuorum
3452 1911 3560 1953 no-

1943 1973 2089 2028 mina
2117 1974 2499 2045 interpretum,
2523 1977 2613 2046 qui
2640 1976 2783 2033 inter
2808 1990 3037 2036 caeteros
3060 1985 3465 2052 praastantiores
3487 2003 3552 2044 ac

1951 2068 2120 2125 veluti
2150 2069 2424 2123 variorum
2458 2071 2698 2140 magistri
2727 2072 2940 2138 sedent,
2976 2073 3208 2147 ideoque
3239 2092 3348 2147 pra:
3376 2080 3555 2135 omni-

1942 2162 2044 2218 bus
2071 2162 2137 2217 ad
2167 2162 2306 2218 hanc
2334 2163 2603 2219 universa:
2631 2165 2706 2219 rei
2740 2165 3027 2236 patristica:
3045 2169 3352 2239 palmstram
3377 2170 3550 2228 addu-

1941 2256 2184 2310 cuntur?
2212 2251 2347 2309 Cum
2382 2256 2557 2325 primo
2587 2256 2812 2327 legenda
2859 2268 3150 2315 occurrunt
3191 2270 3308 2318 acta
3336 2274 3551 2320 sancta-

1940 2362 2061 2401 rum
2104 2346 2398 2418 Martyrum
2444 2347 2820 2403 Africanarum
2846 2390 2860 2414 ,
2913 2350 2981 2406 ad
3011 2366 3075 2407 ea
3120 2351 3321 2423 duplex
3365 2370 3549 2411 assur-

1938 2438 2051 2509 git,
2102 2439 2175 2493 uti
2210 2438 2527 2509 plerumque
2551 2480 2566 2505 ,
2613 2450 3098 2498 commentatorum
3125 2459 3190 2500 ac
3214 2456 3548 2503 commenta-

1942 2533 2145 2587 tionum
2173 2547 2344 2603 genus
2374 2552 2386 2586 :
2418 2533 2566 2588 aliud
2616 2535 2872 2603 litterale,
2907 2552 3102 2607 nempe
3134 2537 3196 2593 Ι).
3225 2538 3549 2597 Theodorici

1940 2622 2226 2688 Ruinartii,
2256 2625 2416 2681 Lucae
2464 2625 2731 2681 Holstenii
2759 2639 2814 2683 et
2840 2627 2901 2684 P.
2927 2628 3136 2685 Possini
3157 2671 3173 2698 ,
3203 2635 3292 2702 qui
3341 2632 3547 2702 ipsum-

1939 2727 2051 2773 met
2076 2721 2332 2773 Actorum
2367 2727 2571 2774 textum
2599 2719 2667 2775 de
2696 2721 2863 2776 verbo
2891 2722 2956 2776 ad
2987 2723 3211 2779 verbum
3244 2724 3543 2793 elucidant,

1939 2811 2228 2866 emendant
2268 2815 2732 2884 confirmauitque;
2779 2815 2924 2870 aliud
2960 2816 3316 2873 discursivum
3343 2860 3359 2887 ,
3394 2831 3452 2875 ut
3483 2821 3545 2876 fit

1938 2903 2263 2975 Basnagium
2296 2906 2436 2961 inter
2475 2914 2531 2962 et
2565 2906 3051 2963 eminentissimum
3094 2908 3151 2964 S.
3178 2909 3244 2964 Β.
3278 2911 3338 2965 Ε.
3364 2913 3543 2968 cardi-

1939 2997 2115 3053 nalem
2133 2996 2276 3063 Orsi,
2292 2998 2360 3053 de
2381 3007 2690 3054 sanctarum
2711 2999 3001 3071 Martyrum
3020 3001 3338 3058 ortltodoxia
3353 3003 3543 3074 dispu-

1938 3095 2113 3143 tantes
2137 3129 2151 3154 ,
2201 3103 2301 3144 nec
2338 3087 2503 3144 dubio
2535 3103 2757 3159 prorsus
2796 3089 3092 3146 certamine
3123 3109 3135 3143 :
3165 3094 3541 3150 tantummodo

1935 3178 2230 3236 dolendum
2261 3180 2405 3252 quod
2429 3182 2889 3239 eminentissimus
2911 3193 3214 3240 sanctarum
3245 3185 3539 3258 Martyrum

1936 3271 2208 3340 defensor,
2243 3287 2365 3328 cum
2396 3273 2592 3329 invicte
2618 3289 2804 3330 earum
2839 3275 2998 3330 fidem
3029 3276 3420 3345 vindicaverit,
3455 3288 3539 3335 ta—

1938 3380 2063 3421 men
2099 3364 2478 3421 Montanistam
2516 3382 2640 3422 esse
2677 3366 2867 3422 horum
2908 3377 3151 3423 actorum
3197 3370 3541 3429 consarcina—

1936 3465 2107 3512 torem
2130 3458 2481 3512 concesserit.
2513 3456 2646 3513 lluic
2674 3470 2854 3515 autem
2880 3461 3165 3515 sententia:
3197 3461 3392 3517 merito
3420 3477 3543 3518 cer-

1936 3549 2085 3605 tatim
2115 3551 2453 3620 refragantur
2482 3551 2534 3605 irt
2563 3553 2828 3621 prooemio
2855 3554 2966 3621 jam
3014 3553 3264 3609 laudatus
3307 3554 3543 3611 Ruinar-

1937 3641 2040 3698 tius
2069 3653 2122 3699 et
2150 3643 2495 3699 doctissimus
2535 3644 2867 3701 Gallandius.
2913 3647 3050 3703 llinc
3089 3648 3346 3705 emendes
3376 3650 3540 3706 velim

1932 3751 2053 3805 qua:
2093 3737 2145 3791 in
2190 3745 2337 3791 tomo
2369 3737 2542 3807 primo
2585 3736 2810 3809 hujusce
2852 3739 3193 3795 bibliothecae
3241 3743 3403 3811 paulo
3446 3744 3541 3800 du-

1932 3826 2075 3880 riora
2103 3826 2236 3881 dixit
2261 3826 2310 3882 Ι.
2346 3828 2482 3899 Aug.
2517 3827 2733 3885 Nossclt
2765 3830 2817 3884 in
2851 3831 3232 3888 dissertatione
3255 3875 3271 3900 ,
3323 3835 3539 3906 egregia

1932 3917 2148 3974 aliunde
2173 3928 2227 3974 et
2253 3935 2383 3975 sane
2410 3920 2765 3991 gravissima,
2796 3937 2956 3992 quam
2984 3923 3036 3978 in
3064 3923 3384 3980 Tertulliani
3413 3941 3537 3997 pro-

1933 4011 2234 4082 legomenis
2260 4013 2600 4082 protulimus.

2000 4103 2088 4157 Vl.
2154 4104 2296 4159 Inter
2341 4106 2702 4161 vetustissima
2753 4108 2896 4162 tertii
2944 4108 3030 4163 vel
3082 4108 3267 4175 forsan
3311 4111 3537 4168 secundi

1926 4195 2114 4251 saaculi
2145 4197 2363 4264 rudera,
2394 4197 2485 4253 diu
2531 4197 2823 4255 admodum
2866 4200 3079 4256 delituit
3116 4203 3385 4272 quoddam
3425 4220 3536 4261 non

1930 4287 2128 4342 nullius
2159 4288 2313 4357 pretii
2344 4288 2703 4358 fragmentum
2735 4291 3054 4360 acephalum
3092 4291 3163 4347 de
3193 4293 3413 4350 Canone
3445 4310 3535 4351 sa-

1929 4394 2141 4434 crarum
2188 4379 2629 4450 Seriptnrarnm;
2675 4383 2817 4453 quod
2864 4383 3077 4439 laudent
3120 4384 3300 4441 medio
3344 4387 3536 4444 ultimo

1936 4472 2139 4526 sacculo
2170 4472 2374 4540 primus
2404 4472 2547 4527 eruit
2589 4472 2661 4528 el.
2702 4476 2785 4529 vir
2830 4474 3193 4532 Muratorius:
3224 4477 3384 4549 idque
3426 4457 3535 4537 ite-

1930 4578 2051 4617 rum
2091 4578 2213 4617 cum
2255 4563 2556 4618 innumeris
2591 4564 2693 4619 sevi
2724 4566 2881 4635 longe
2910 4567 3178 4636 sequioris
3214 4584 3280 4624 ae
3314 4570 3535 4627 omnino

1929 4652 2234 4723 disparibus
2263 4656 2650 4719 monumentis,
2684 4656 2737 4710 in
2768 4655 2869 4712 hac
2894 4658 3037 4712 mole
3077 4674 3272 4729 magna
3318 4660 3537 4716 Italica-

1928 4762 2047 4803 rum
2082 4747 2248 4803 medii
2284 4748 2383 4803 ;evi
2411 4747 2811 4819 Antiquitalum
2858 4750 3006 4806 visus
3040 4760 3124 4807 est
3161 4752 3535 4824 abscondisse,

1929 4839 2235 4912 iterumque
2256 4842 2535 4912 sepelisse.
2558 4842 2671 4897 Hoc
2698 4858 2827 4900 vero
2849 4845 3189 4914 opusculum,
3211 4846 3332 4902 licet
3356 4848 3535 4919 capite

1928 4933 2216 4997 minutum,
2247 4934 2430 5005 ignoto
2462 4943 2612 5005 patre
2641 4947 2846 5003 natum,
2879 4936 3087 4992 incerta
3114 4948 3275 4996 aetate
3300 4940 3530 5012 editum,

1930 5024 2148 5081 horrida
2190 5042 2463 5082 ttzevornm
2506 5026 2669 5084 sorde
2718 5029 3060 5100 squalidum,
3103 5042 3332 5104 utraque
3369 5050 3536 5092 manu

1928 5129 2204 5190 gratanter
2259 5120 2571 5191 excepimus
2617 5140 2629 5174 :
2679 5121 2988 5178 nitidiorem
3043 5138 3107 5179 ac
3170 5128 3531 5184 recentiorem

1928 5211 2051 5268 Joh.
2082 5212 2403 5269 Kirchhofer
2428 5214 2800 5269 reccnsionem
2842 5212 3213 5280 exhibuimus;
3250 5217 3317 5273 de
3356 5232 3535 5288 qune

1931 5305 2164 5361 libenter
2189 5304 2516 5360 adduximus
2556 5313 2819 5375 quotquot
2857 5316 3207 5362 occurrerunt
3256 5307 3562 5377 disserena

1932 5404 2035 5460 tes,
2068 5413 2262 5467 nempe
2293 5397 2384 5451 Dr.
2417 5395 2774 5463 Freindaller,
2807 5397 3035 5453 Herard.
3073 5397 3297 5465 Stosclt,
3322 5414 3385 5453 ac
3418 5415 3534 5470 prta

1928 5489 2181 5543 omnibus
2204 5487 2359 5542 Mart.
2383 5487 2497 5542 Jos.
2525 5487 2730 5555 Routb,
2758 5488 3121 5545 clarissimum
3146 5488 3359 5560 collegii
3384 5490 3530 5561 Mag‘

1927 5582 2156 5646 dalenas,
2211 5574 2535 5637 Oxoniensis
2590 5580 2873 5650 praesidem
2903 5577 2987 5635 cui
3045 5578 3228 5635 felices
3284 5580 3533 5651 plurima:
3603 5582 3613 5592 ’

1928 5672 2298 5730 restitutiones
2343 5686 2409 5728 ac
2446 5681 2737 5743 perpetuus
2767 5670 3008 5743 ejusdem
3044 5672 3350 5743 argumenti
3377 5686 3531 5730 com-

1928 5763 2226 5823 mentarius
2253 5763 2538 5822 debentur.

2793 5854 2840 5920 1.
