3866 6278
350 360 406 400 ιιι
1799 332 1937 390 FBA

2079 331 2189 390 [ῚΟ.
3598 326 3661 385 iv

423 453 537 509 \‘Il.
578 455 682 520 At,
738 452 792 509 in
848 450 1182 508 excurrendo
1226 448 1443 505 Minucii
1486 447 1682 505 Felicis
1732 446 1954 503 Octavio

350 548 523 617 major
551 560 774 615 campus
803 554 916 610 est;
948 545 1112 599 immo
1142 558 1269 599 vera
1296 542 1562 599 acerrime
1592 542 1943 614 pugnantium

346 638 512 693 acies.
543 638 695 694 Unus
732 645 906 693 tamen
953 646 1130 692 textus
1173 636 1228 690 in
1271 650 1379 691 uno
1430 632 1618 691 codice
1660 642 1941 700 servatus,

350 745 453 784 una
480 731 791 786 certaminis
816 743 999 784 causa.
1024 728 1129 783 Vix
1156 742 1285 783 vero
1309 724 1569 783 credibile
1597 742 1756 797 quam
1792 724 1943 781 miris

346 820 526 875 modis
570 820 712 875 hunc
756 821 973 876 unicum
1025 828 1229 875 textum
1267 819 1385 876 ausi
1419 820 1524 874 sint
1565 819 1940 890 distorquere,

345 923 475 984 quot
516 916 690 969 varias
730 928 798 969 ex
836 929 943 969 uno
987 913 1134 969 fonte
1179 912 1440 970 lectiones
1483 912 1785 979 hauserint,
1814 920 1945 980 quot

343 1006 537 1061 iisdem
569 1005 752 1062 verbis
781 1020 975 1062 sensus
1015 1005 1249 1062 absonos
1285 1004 1604 1061 intruserint
1624 1046 1640 1073 ,
1669 1013 1801 1077 quot
1829 1003 1943 1058 ina-

342 1097 506 1152 nibus
533 1096 858 1153 commentis
880 1139 895 1165 ,
928 1112 992 1152 ac
1031 1096 1241 1155 stolidis
1282 1095 1709 1167 conjectionibus
1750 1102 1942 1149 cuncta

340 1189 617 1267 susdeque
652 1188 1057 1244 intricaverintl
1084 1187 1246 1245 Nobis
1275 1196 1453 1243 autem
1482 1187 1535 1243 id
1564 1187 1616 1242 in
1650 1185 1834 1257 primis
1864 1186 1944 1239 in-

342 1282 602 1339 cumbere
630 1282 917 1351 duximus,
950 1291 1155 1339 textum
1188 1296 1384 1352 nempe
1410 1282 1554 1336 hunc
1593 1281 1807 1334 unicum
1827 1319 1842 1345 ,
1874 1292 1941 1332 ex

341 1389 489 1431 nova
516 1384 571 1430 et
600 1374 1013 1445 diligentissima
1044 1376 1202 1431 unius
1241 1374 1446 1430 codicis
1482 1373 1835 1438 recensione,
1869 1372 1943 1426 ita

340 1485 538 1541 purum
563 1478 747 1539 putum
771 1469 1060 1534 exhibere;
1080 1478 1139 1525 ut
1165 1468 1297 1524 nihil
1318 1467 1619 1538 adjiciatur,
1643 1463 1776 1520 nihil
1798 1464 1945 1519 aufe-

277 1618 283 1627 ,
343 1571 518 1627 ratur,
538 1576 640 1617 nec
663 1562 893 1633 ipsumet
912 1563 1192 1617 manifesta
1213 1559 1619 1617 amanuensium
1643 1557 1944 1630 sphalmala

343 1656 759 1721 omitterentur;
792 1671 855 1712 ac
886 1655 981 1711 vix
1026 1656 1271 1728 pauculae
1311 1651 1683 1713 tantummodo
1717 1650 1940 1717 voculas,

340 1748 409 1803 ad
454 1763 672 1805 sensum
715 1749 1165 1820 qualemcumque
1205 1746 1584 1812 ericitandum,
1642 1745 1695 1800 in
1733 1742 1944 1798 uncinis

250 1856 257 1861 ·
341 1841 732 1898 insererentur.
764 1841 1001 1897 Summae
1030 1841 1191 1911 igitur
1238 1839 1481 1912 religioni
1523 1837 1808 1893 habuimus
1848 1850 1942 1891 ve-

339 1950 456 1989 ram
480 1934 611 1990 dare
653 1950 715 1989 ac
740 1935 1028 2006 genuinam
1076 1933 1220 1988 unici
1262 1932 1465 1987 codicis
1506 1930 1737 2003 efﬁgiem
1778 1943 1806 1983 a
1836 1925 1945 1998 pri-

340 2042 513 2081 maeva
542 2026 677 2081 facie
706 2026 773 2080 ad
804 2027 982 2081 vivum
1013 2038 1351 2095 expressam.
1378 2024 1571 2091 Porro,
1593 2023 1762 2094 posita
1786 2021 1946 2093 bujus

339 2117 596 2187 palmaris
644 2127 821 2171 textus
876 2116 1209 2178 sinceritate,
1253 2130 1322 2169 ne
1373 2114 1549 2169 dicam
1594 2112 1718 2167 data
1759 2125 1946 2166 rursus

342 2207 595 2263 editionis
626 2207 881 2278 principis
911 2206 1163 2273 veritate,
1193 2205 1393 2275 duplici
1425 2203 1825 2274 explanationis
1850 2217 1947 2273 ge-

340 2314 496 2367 nere,
524 2309 581 2354 ut
608 2299 811 2365 caeteri,
835 2299 1089 2355 Octavius
1120 2297 1425 2364 instruitur,
1456 2295 1776 2366 duobusque
1796 2308 1943 2348 com-

340 2400 704 2448 mentatorum
759 2391 946 2447 cuneis
988 2389 1114 2445 hinc
1154 2400 1209 2445 et
1255 2387 1382 2443 inde
1427 2387 1780 2457 constipatum
1817 2384 1939 2452 Alii,

341 2482 814 2554 grammaticorum
845 2484 1038 2547 instar,
1068 2482 1136 2538 de
1166 2481 1348 2537 littera
1376 2488 1609 2542 certant.
1640 2478 1782 2533 inter
1808 2492 1943 2549 quos

337 2574 563 2632 laudare
604 2577 761 2647 juvat
809 2575 1135 2640 Heraldum,
1176 2573 1541 2637 Wowerium,
1578 2571 1939 2634 Gronovium,

340 2666 668 2737 Grunerum,
692 2668 1174 2734 Elmenhorstium,
1204 2666 1515 2738 Rigaltium.
1537 2664 1939 2732 Heumanuum,

341 2759 658 2827 Cellarium,
694 2761 1070 2818 Menckenium
1094 2805 1107 2830 ,
1133 2763 1406 2817 Davisium
1427 2803 1444 2829 ,
1476 2759 1776 2826 Ouzelium,
1803 2758 1941 2815 Wo-

336 2852 617 2925 pkenium,
650 2854 1001 2923 Lindnerum,
1041 2854 1407 2920 Gallandium,
1440 2852 1758 2916 Meursium,
1791 2851 1943 2907 Peri-

337 2950 586 3017 zonium,
630 2958 735 3005 etc.
786 2949 844 3004 In
888 2950 1209 3003 immensum
1255 2947 1521 3001 crevisset
1567 2944 1736 2999 libelli
1785 2943 1943 3011 hujus

339 3040 784 3105 commentarius,
815 3039 918 3094 nisi
947 3038 1175 3094 fuissent
1220 3037 1409 3093 sedulo
1456 3035 1816 3111 prurientium
1862 3034 1976 3088 in-.

336 3137 638 3199 terpretum
673 3129 1016 3200 loquaciores
1045 3129 1232 3199 rejecti
1252 3170 1267 3196 ,
1298 3128 1405 3183 nisi
1436 3128 1658 3183 omissa:
1687 3128 1770 3183 vel
1803 3126 1941 3197 opti-

337 3230 553 3276 morum
620 3220 918 3275 innumera:
966 3230 1136 3285 notae,
1172 3229 1527 3291 notarumque
1556 3217 1943 3291 supereﬂluen-

338 3312 473 3367 tium
516 3312 727 3367 luxuria
768 3312 1025 3368 dissecta.
1072 3313 1167 3369 Sat
1207 3322 1385 3367 tamen
1417 3327 1689 3383 superque
1716 3311 1942 3367 efﬂuunt

337 3406 560 3461 selectae
607 3404 716 3459 illae
768 3406 1044 3475 reliqttite,
1102 3416 1157 3459 ut
1211 3405 1337 3462 inde
1386 3421 1483 3476 per
1538 3414 1622 3472 te,
1684 3406 1790 3471 sis,
1846 3420 1940 3460 ex—

338 3496 575 3566 periare,
628 3498 817 3562 lector,
871 3497 1065 3567 quibus
1103 3497 1332 3553 salebris
1385 3498 1668 3553 terendum
1704 3499 1775 3553 sit
1813 3498 1937 3563 iter,

342 3595 401 3641 ut
450 3598 713 3659 perpetuo
772 3587 1002 3642 decursu
1080 3588 1355 3644 variorum
1402 3587 1824 3644 commentarius
1872 3587 1939 3642 ad

339 3677 505 3734 ﬁnem
549 3694 718 3748 usque
763 3679 1043 3746 deveniat;
1072 3690 1191 3747 sat,
1228 3682 1482 3752 inquam,
1533 3695 1833 3751 superque,
1884 3689 1941 3734 ut

339 3773 621 3838 speciatim
637 3788 896 3844 agnoscas
916 3789 981 3829 eo
1003 3790 1172 3842 usque
1184 3774 1776 3832 Trans-Rhenanorum
1806 3791 1937 3831 eru-

339 3865 574 3923 ditorum
606 3870 819 3941 garrula
848 3868 1014 3925 libido
1039 3884 1160 3926 sese
1191 3870 1402 3926 etframa
1427 3871 1594 3943 jactet
1637 3882 1692 3927 et
1736 3871 1935 3928 debac-

339 3961 549 4017 chetur.

410 4050 549 4109 Vlll.
592 4051 669 4109 Ne
697 4053 856 4125 igitur
884 4055 1106 4110 nimium
1140 4055 1370 4111 tinniant
1408 4073 1569 4113 aures
1607 4072 1674 4113 ex
1719 4058 1822 4115 hoc
1848 4060 1936 4114 lit-

333 4145 587 4203 teralium
601 4156 1087 4204 commentatorum
1111 4164 1310 4204 vesano
1332 4151 1584 4220 tumultu,
1605 4153 1933 4221 curavimus,

337 4237 452 4294 sive
481 4239 531 4293 in
566 4238 867 4310 prooemiis,
900 4240 1017 4295 sive
1045 4242 1096 4295 in
1138 4239 1333 4297 finibus
1377 4245 1631 4299 extremis
1676 4246 1835 4316 hujus
1876 4247 1937 4301 li-

337 4328 489 4396 belli,
524 4331 660 4387 alios
701 4332 1001 4390 audiendos
1043 4333 1281 4390 melioris
1306 4334 1475 4407 frugis
1504 4337 1647 4392 viros
1674 4337 1740 4393 ad
1767 4355 1936 4410 gene-

333 4422 503 4477 ralem
532 4422 736 4478 Octavii
768 4425 995 4480 criticen
1035 4427 1419 4484 adstruendam
1458 4445 1633 4502 gnave
1677 4448 1797 4488 sese
1843 4449 1936 4489 ac-

333 4513 634 4584 cingeutes.
663 4514 799 4570 Hinc
848 4531 877 4570 a
924 4517 1098 4587 primo
1132 4519 1319 4574 limine
1369 4521 1533 4576 habes
1576 4522 1638 4577 D.
1681 4522 1931 4580 Gothofr.

332 4606 571 4677 Lumper
616 4607 682 4662 de
729 4608 799 4663 Μ.
852 4609 1072 4665 Minucii
1110 4612 1408 4684 apologette
1445 4615 1574 4681 vita,
1626 4618 1931 4688 eloquentia

332 4710 389 4755 et
438 4701 675 4770 scriptis,
707 4713 899 4757 cuncta
948 4714 1105 4759 antea
1138 4715 1192 4760 et
1218 4723 1377 4777 quam
1418 4714 1621 4781 optime
1668 4712 1807 4769 dicta
1846 4713 1931 4770 di-

331 4802 643 4860 gereutem;
700 4795 871 4863 prima
920 4794 1119 4850 iterum
1173 4798 1350 4856 fronte
1403 4802 1712 4872 appendere
1756 4806 1935 4864 decuit

330 4884 682 4953 principalem
724 4886 996 4943 Francisci
1042 4888 1291 4947 Balduini
1331 4892 1793 4968 dissertationem,
1829 4916 1934 4972 qua

329 4976 537 5046 primus
565 4990 664 5030 suo
694 4994 821 5033 vero
843 4981 1048 5035 auctori
1076 4980 1358 5039 Octavium
1388 4986 1644 5045 restituit.

399 5064 496 5122 Cui
541 5070 895 5125 annexuimus
935 5074 1286 5145 praeclaram,
1320 5092 1383 5132 ac
1425 5078 1478 5133 in
1525 5081 1642 5136 viro
1672 5081 1741 5136 de
1767 5097 1933 5154 grege

325 5160 954 5230 pseudoreformatorum
1019 5170 1539 5240 commendabilem,
1600 5173 1725 5231 Joh.
1788 5175 1927 5248 Aug.

325 5250 543 5310 Ernesti
573 5257 879 5328 epistolam,
919 5262 1104 5330 primae
1130 5263 1390 5321 Lindnerl
1412 5268 1638 5323 editioni
1674 5268 1929 5334 affixam;

326 5345 379 5401 in
410 5365 534 5420 qua,
570 5354 636 5407 ab
672 5353 877 5409 Octavii
906 5356 1303 5428 elegantissima
1348 5362 1717 5417 concinnitate
1740 5376 1927 5417 ansam

323 5442 610 5511 arripiens,
634 5446 861 5500 multum
884 5457 936 5502 et
953 5451 1151 5505 eximie
1174 5460 1286 5507 tum
1312 5453 1379 5508 de
1414 5464 1659 5509 veterum
1680 5454 1925 5520 Patrum,

323 5539 433 5587 tum
460 5532 528 5587 de
562 5539 943 5606 recentiorum,
983 5556 1046 5595 ac
1082 5541 1134 5594 in
1179 5544 1366 5612 primis
1403 5542 1472 5598 de
1516 5543 1622 5598 divi
1665 5543 1925 5599 Bcrnardi

318 5620 629 5693 eloquentia
660 5625 914 5697 disputat.

393 5719 604 5780 Claudii
624 5721 837 5779 demum
872 5725 987 5779 haec
1013 5724 1347 5796 longiuscula
1375 5725 1759 5796 prolegomena
1780 5726 1925 5796 ejus-

317 5810 440 5873 dem
470 5812 721 5875 Gottlieb.
771 5816 1025 5872 Lindneri
1067 5818 1264 5886 prmvia
1316 5816 1622 5885 compendii
1668 5817 1920 5887 analytici

2050 446 2343 519 indagatio,
2375 459 2494 516 quae
2524 450 2695 500 totum
2724 441 2930 515 Dialogi
2953 440 3239 498 Minuciani
3266 449 3657 514 argumentum

2049 539 2150 594 sub
2171 553 2279 595 uno
2295 535 2577 610 synOptico
2596 546 2651 599 et
2669 535 2948 597 dialectico
2968 544 3263 607 conspectu
3287 549 3407 592 com
3414 534 3663 607 prehen-

2049 645 2168 687 sum
2197 629 2435 689 exhibet.

2122 722 2248 777 llaec
2289 731 2375 778 est
2417 718 2484 775 ad
2529 719 2812 776 Octavium
2847 728 3019 776 strata
3046 719 3130 775 via
3162 736 3175 773 :
3205 727 3429 789 totoque
3453 734 3657 790 opere,

2049 831 2156 871 non
2189 815 2528 871 obstantibus
2558 814 2759 870 morosi
2790 813 3163 870 commentarii
3191 812 3442 878 fastidiis,
3474 815 3662 870 conti-

2048 925 2158 967 nuo
2198 925 2359 966 cursu
2394 917 2711 980 peragrato,
2744 906 3026 964 recreandi
3053 907 3218 963 animi
3244 922 3401 965 causa
3428 949 3444 976 ,
3477 924 3661 964 venu-

2048 1015 2185 1062 stam
2230 1005 2389 1061 Lucze
2429 1002 2695 1059 Holstenii
2732 1001 3016 1075 epistolam
3067 1000 3134 1056 ad
3181 1000 3273 1057 Fr.
3315 1001 3661 1059 cardinalem

2048 1096 2430 1163 Barherinum,
2463 1095 2530 1151 de
2556 1094 2803 1149 Verubus
2846 1093 3031 1148 Dianae
3064 1092 3311 1165 Ephesiae
3342 1095 3395 1149 in
3426 1093 3663 1152 Octavio

2049 1190 2383 1256 memoratis,
2416 1204 2482 1244 eo
2511 1188 2766 1244 libentius
2791 1187 3107 1259 collegimus
3128 1229 3142 1252 ,
3165 1187 3309 1258 quod
3349 1188 3403 1242 in
3444 1190 3664 1247 recenti

2048 1285 2369 1341 collectione
2396 1284 2619 1339 doctiss.
2648 1284 2748 1339 viri
2777 1283 3138 1354 Epistolarum
3164 1300 3196 1340 a
3227 1285 3290 1338 ι).
3317 1283 3664 1341 Boissonade

2047 1377 2270 1433 Parisiis
2298 1376 2421 1433 data
2443 1418 2457 1442 ,
2488 1376 2758 1433 immerito
2800 1391 3024 1447 prorsus
3064 1375 3203 1433 desit
3238 1375 3356 1433 haec
3388 1376 3664 1434 disserta-

2048 1469 2308 1527 tiuncula.

2120 1563 2327 1633 Agmen
2357 1571 2537 1617 autem
2570 1570 2650 1616 tot
2673 1560 2836 1617 unius
2857 1560 3026 1617 libelli
3056 1569 3577 1630 commentatorum,
3605 1571 3663 1618 ut

2048 1651 2234 1723 incipit
2286 1653 2349 1708 D.
2396 1652 2655 1721 Lumper,
2696 1651 2769 1708 ita
2810 1652 3050 1724 ejusdem
3101 1652 3306 1709 ordinis
3353 1655 3664 1710 monachus

2051 1746 2115 1801 Ι).
2146 1745 2317 1803 Nicol.
2349 1746 2427 1802 Le
2455 1745 2671 1820 Nourry
2702 1746 2929 1818 perficit.
2970 1747 3185 1814 Quanto
3229 1755 3388 1803 antea
3428 1747 3662 1804 laudum

2049 1840 2309 1910 applausu
2354 1841 2597 1911 ejusdem
2638 1840 2708 1897 de
2753 1841 3071 1897 Tertulliani
3116 1841 3469 1912 apologeticis
3500 1842 3665 1898 libris

2050 1932 2487 1988 dissertationem
2514 1934 2845 2003 excepimus,
2868 1942 3018 1989 tanto
3041 1934 3201 1990 etiam
3220 1949 3362 1989 nunc
3383 1934 3667 1991 extollen-

2048 2024 2175 2079 dum
2199 2034 2284 2079 est
2305 2024 2409 2081 hoc
2426 2024 2626 2097 egregii
2643 2026 2742 2081 viri
2761 2027 3034 2097 egregium
3059 2040 3216 2096 opus,
3242 2026 3357 2081 haec
3377 2026 3665 2085 uberrima

2048 2130 2228 2170 rerum
2254 2124 2495 2171 veterum
2529 2133 2592 2173 ac
2623 2133 2881 2173 novarum
2910 2118 2962 2173 in
2984 2118 3208 2174 Octavio
3247 2119 3424 2175 refusa
3460 2135 3661 2192 seges;

2050 2206 2155 2262 hoc
2174 2222 2240 2262 ex
2263 2209 2483 2279 Optimis
2508 2212 2748 2265 omnium
2774 2220 2990 2266 natatum
3018 2227 3081 2267 ac
3105 2212 3505 2281 provinciarum
3541 2215 3666 2283 phi-

2048 2300 2312 2373 losophis,
2339 2304 2531 2374 poetis,
2552 2306 2936 2375 grammaticis,
2957 2305 3263 2361 oratoribus
3281 2307 3659 2376 spicilegium;

2047 2393 2183 2449 nihil
2209 2395 2488 2461 intactum,
2517 2397 2649 2453 nihil
2673 2397 3017 2469 irrepertum,
3045 2398 3179 2454 nihil
3204 2407 3327 2469 post
3346 2398 3465 2470 ejus
3491 2402 3666 2458 vesti-

2045 2483 2131 2555 gia
2157 2487 2562 2557 requirendum.

2118 2579 2209 2635 IX.
2250 2579 2506 2636 Succedit
2554 2582 2808 2654 anonymi
2877 2583 3118 2638 auctoris
3183 2582 3493 2640 Chronicon
3556 2587 3663 2643 sub

2046 2670 2357 2728 Alexandro
2416 2673 2621 2730 Severo
2674 2675 3073 2745 conscriptum;
3129 2676 3367 2731 omnium
3424 2678 3662 2748 proinde

2047 2762 2418 2834 hujuscemodi
2468 2774 2980 2831 monumentorum,
3024 2767 3077 2820 in
3122 2766 3353 2823 decursu
3399 2768 3663 2826 christia-

2047 2856 2232 2910 uitatis
2282 2865 2390 2911 tam
2449 2856 2833 2925 frequentium,
2886 2858 3140 2929 primum,
3187 2867 3242 2914 et
3295 2859 3349 2913 in
3404 2857 3661 2917 Ecclesia

2046 2946 2235 3002 Latina
2267 2946 2461 3003 saltem
2503 2948 2977 3019 antiquissimum;
3026 2950 3179 3021 cujus
3205 2949 3398 3020 opella:
3423 2962 3660 3010 vetusta:

2049 3053 2113 3093 ea
2144 3037 2244 3093 fuit
2292 3039 2411 3094 laus
2458 3040 2705 3111 insignis,
2741 3049 2799 3096 ut
2826 3040 2969 3096 Patri
2997 3041 3138 3097 inter
3165 3041 3345 3113 plures
3390 3045 3656 3117 maximo,

2046 3143 2234 3187 sancto
2262 3147 2462 3202 nempe
2489 3133 2799 3206 Hippolyto,
2821 3133 3058 3191 Ostiensi
3087 3135 3360 3207 episcopo,
3388 3134 3659 3195 tribuere-

2046 3231 2154 3291 tur,
2190 3233 2357 3295 utque
2382 3241 2526 3293 eam,
2557 3227 2609 3282 in
2641 3227 3022 3284 dissertatione
3051 3244 3211 3301 quam
3246 3238 3365 3299 post
3391 3230 3453 3285 Ι).
3489 3229 3659 3289 Lum-

2047 3332 2234 3387 pernm
2266 3318 2557 3386 edidimus,
2589 3321 2986 3377 illustrissimus
3030 3321 3352 3378 Franciscus
3396 3321 3657 3380 Blanchi-

2046 3416 2172 3471 nius
2200 3416 2525 3485 delinearet,
2559 3427 2922 3490 accurateque
2947 3418 3155 3474 calculo
3183 3418 3528 3489 rependerat.

2119 3508 2187 3562 Χ.
2229 3506 2467 3580 Carptim
2500 3511 2730 3568 subinde
2769 3519 3139 3568 memorantur
3181 3524 3248 3565 ex
3293 3509 3482 3567 ordine
3514 3521 3657 3569 tem-

2044 3618 2263 3673 porum,
2313 3617 2743 3677 argumentoque
2789 3605 2939 3662 brevi
2984 3603 3352 3676 indigitantur,
3404 3605 3659 3675 plurima:

2043 3697 2436 3764 confessor-um,
2453 3699 2573 3754 sive
2588 3698 2976 3763 Romanorum,
2993 3697 3109 3754 sive
3120 3696 3655 3770 Carthaginensiutn,

2043 3789 2307 3858 epistolae,
2343 3790 2481 3847 infra
2523 3791 2667 3846 inter
2692 3806 2859 3861 opera
2886 3791 2946 3846 Ι).
2978 3789 3233 3861 Cypriani
3284 3791 3650 3850 remittendae.

2045 3881 2158 3937 lloc
2183 3884 2330 3941 enim
2359 3886 2541 3942 animo
2571 3884 3082 3955 prmoccupavimus,
3112 3884 3344 3955 quoties,
3372 3885 3443 3941 ob
3464 3901 3651 3945 rerum

2044 3977 2438 4035 connexionem
2483 3993 2548 4034 ac
2588 3988 2887 4048 temporum
2929 3978 3151 4047 seriem,
3180 3980 3433 4035 nonnulla
3479 3997 3650 4053 opus-

2042 4070 2163 4125 cula
2193 4086 2260 4127 ex
2291 4071 2470 4141 ampla
2516 4071 2836 4127 collectione
2858 4070 3202 4142 decerpenda
3239 4072 3449 4142 forent,
3482 4074 3654 4132 toties

2044 4176 2231 4216 eorum
2282 4162 2517 4220 dandam
2563 4180 2686 4221 esse
2725 4179 2824 4221 suo
2873 4181 3017 4220 anno
3059 4175 3114 4222 et
3152 4166 3271 4222 loco
3314 4167 3651 4225 mentionem

2043 4265 2361 4325 argumento
2392 4273 2571 4313 rerum
2612 4257 2933 4314 elucidatam
2958 4276 2971 4323 ;
3004 4273 3073 4312 ne
3122 4260 3326 4329 integra
3353 4274 3419 4316 ea
3447 4260 3654 4318 collec-

2044 4344 2137 4412 tio,
2172 4360 2202 4401 e
2231 4362 2335 4417 qua
2365 4347 2744 4415 desutnuntur,
2775 4349 3014 4415 nomine,
3047 4350 3287 4420 pondere
3333 4366 3419 4417 ac,
3469 4361 3527 4408 ut
3573 4352 3652 4408 ita

2041 4434 2240 4505 dicam,
2298 4438 2482 4495 habitu
2537 4448 2593 4496 et
2632 4440 2781 4496 vultu
2849 4440 3152 4508 notissima,
3186 4443 3500 4500 immutetur
3553 4455 3654 4503 aut

2040 4527 2357 4597 dissipetur.

2115 4618 2205 4674 Xl.
2245 4618 2400 4675 Nunc
2446 4636 2573 4677 vero
2621 4621 2799 4679 debita
2845 4639 2967 4682 cum
3019 4629 3343 4695 reverentia,
3392 4626 3543 4683 cultu
3591 4637 3653 4684 et

2040 4725 2201 4779 cura,
2236 4712 2290 4766 in
2313 4711 2491 4768 lucem
2522 4714 2787 4786 prodeant
2836 4721 3110 4789 poutifieia
3152 4720 3337 4776 saeculi
3368 4734 3426 4775 ιιι
3452 4735 3651 4776 ιιιοιιιι-

2041 4814 2254 4870 menta;
2288 4803 2373 4861 his
2423 4810 2685 4878 prooemia
2732 4810 2993 4870 historica
3037 4829 3104 4871 ex
3151 4812 3369 4886 optimis
3406 4812 3651 4871 fontibus

2040 4896 2273 4956 adducta
2301 4905 2733 4972 praeambulent;
2782 4907 2899 4963 haec
2927 4909 3071 4963 unde
3102 4918 3157 4964 et
3197 4922 3431 4979 quanam
3462 4922 3646 4964 rerum

2039 4997 2362 5062 tempestate
2406 4997 2670 5062 oriantur,
2720 4997 2923 5055 diserta
2971 5000 3354 5070 prolegomeua
3395 5015 3647 5068 pnenun-

2043 5083 2212 5150 tient;
2256 5084 2448 5141 horum
2480 5091 2524 5142 si
2571 5090 2853 5157 nonnulla,
2886 5090 2986 5145 aevi
3028 5090 3295 5146 edacitate
3333 5090 3641 5165 absumpta,

2040 5173 2442 5240 desiderentur,
2495 5181 2750 5248 specialis
2801 5182 2990 5236 notitia
3047 5191 3410 5252 praemoneat;
3448 5184 3643 5241 horum

2040 5268 2280 5322 omnium
2313 5285 2667 5342 quaecumque
2698 5288 2985 5343 superesse
3016 5276 3260 5347 contigit,
3292 5286 3473 5333 textus
3499 5278 3645 5334 inte-

2036 5359 2185 5429 grior
2238 5362 2304 5418 ad
2354 5364 2598 5421 melioris
2649 5366 2902 5425 editionis
2957 5384 3204 5426 normam
3261 5378 3640 5439 recenseatur;

2036 5452 2201 5506 variie
2252 5455 2508 5511 lectiones
2548 5458 2817 5524 indefessa
2862 5477 3029 5535 opera
3076 5462 3419 5531 colligantur,
3447 5462 3642 5519 confe-

2037 5552 2243 5613 rantur,
2270 5547 2652 5619 dispiciantur;
2681 5567 2874 5610 sensus
2891 5555 3132 5628 judicum
3155 5552 3397 5608 omnium
3420 5555 3645 5611 calculis

2036 5642 2421 5711 perpendatur,
2456 5648 2696 5703 omnium
2729 5649 3063 5706 eruditorum
3102 5648 3455 5721 religiositate
3484 5649 3637 5705 resti-

2036 5737 2218 5790 tuatur
2270 5746 2361 5792 aut
2411 5750 2689 5808 servetur;
2738 5742 2976 5799 omnium
3024 5742 3383 5810 interpretum
3424 5740 3644 5814 indaga-

2041 5819 2185 5879 tione
2214 5826 2536 5886 elucidetur.
2585 5832 2679 5892 His
2729 5833 2945 5889 demum
2997 5832 3257 5888 accedant
3304 5831 3507 5903 quaevis
3548 5835 3647 5891 sub
