3876 6282
206 339 238 378 ν
281 345 283 348 ,

209 447 470 494 tantorum
516 434 735 490 nomine
773 432 915 485 inter
965 429 1273 484 Catholicos
1325 425 1799 489 circumferuntur,

207 550 276 589 ne
328 532 548 586 nimium
598 527 996 582 neotericorum
1057 524 1181 578 crisi
1230 522 1457 589 abrepti,
1508 528 1708 575 temere
1748 518 1800 570 itt

212 625 481 681 interitum
539 635 693 676 sacra
751 616 1038 672 vetustatis
1095 629 1317 669 munera
1371 611 1800 683 pessumdemtts,

213 735 347 775 neve
398 717 575 770 forsan
645 712 911 766 lutulento
961 709 1184 782 pulvere
1246 719 1532 776 parumper
1584 699 1798 756 sull‘usa:

216 809 515 881 margarita:
543 803 955 861 conculcentur.

287 903 418 957 llinc
445 900 604 971 igitur
630 897 696 952 ad
739 911 910 951 annos
938 901 1249 951 sanctorum
1276 888 1531 954 Cornelii,
1564 887 1711 942 Lucii
1744 895 1797 940 et

221 992 489 1064 Stephani,
527 989 844 1063 pontiﬁcum
875 998 928 1044 et
957 996 1273 1056 martyrum,
1306 983 1478 1053 primo
1507 981 1574 1036 de
1614 994 1799 1034 eorum

219 1087 375 1158 gestis
415 1095 471 1140 et
498 1085 715 1154 scriptis
767 1080 1118 1136 summarium
1170 1077 1492 1132 intexuimus
1514 1071 1806 1127 chronicon
1871 1087 1881 1093 '

217 1193 276 1234 ex
301 1177 574 1234 veteribus
620 1173 1120 1241 rccentioribusque
1163 1169 1540 1236 desumptnm:
1582 1163 1807 1228 scilicet,

220 1270 337 1326 hinc
363 1286 429 1324 ex
459 1270 522 1324 D.
553 1267 912 1338 Hieronymo,
945 1279 1010 1318 ex
1043 1260 1346 1323 Anastasio,
1367 1273 1398 1313 e
1425 1257 1605 1312 libello
1629 1255 1804 1326 Syno-

217 1364 356 1430 dico,
384 1379 450 1419 ex
473 1361 729 1434 Syncello
752 1377 766 1425 ;
789 1358 941 1412 illinc
961 1371 1028 1411 ex
1055 1354 1310 1416 'Baronio,
1343 1351 1518 1417 Bittio,
1547 1347 1815 1412 Fabricio,

219 1457 403 1528 Pagio,
455 1455 708 1518 Labbzno,
749 1448 1118 1512 ‘l‘illetnontio,
1181 1444 1522 1506 Constantio,
1563 1439 1815 1501 Cellerio,

217 1549 508 1620 Lumpero,
538 1545 818 1602 Gallandio
857 1551 912 1597 et
941 1539 1300 1596 Bollandianis
1323 1554 1338 1603 ;
1365 1535 1560 1591 deinde
1603 1543 1814 1588 textum

218 1642 567 1714 epistularum
597 1641 788 1694 damus
832 1636 900 1689 ad
946 1635 1179 1704 Optimas
1223 1631 1570 1685 reeensiones
1606 1643 1668 1681 ac
1709 1641 1819 1696 prae

225 1735 473 1792 omnibus
500 1732 753 1788 eximiam
787 1730 852 1782 D.
886 1725 1186 1782 Coustantii
1220 1723 1513 1798 editionem
1539 1718 1825 1787 integerri-

227 1843 373 1884 mam
419 1825 732 1896 accipimus.
780 1821 940 1887 Tum,
992 1818 1058 1872 ad
1112 1825 1294 1870 textus
1338 1814 1551 1883 plenam
1596 1811 1829 1865 illustra-

232 1922 456 1983 tiouem,
481 1932 658 1973 curam
685 1914 924 1969 omnium
943 1911 1298 1979 interpretum
1320 1916 1556 1961 nostram
1575 1903 1827 1968 fecimus,

225 2011 449 2067 Pamelii
507 2009 781 2072 videlicet,
833 2004 1086 2068 Labbaei,
1155 1999 1453 2063 llarduini,
1501 1997 1825 2059 Coustantii,

227 2105 450 2170 Valesii,
483 2101 686 2156 Baluaii
713 2119 725 2152 :
769 2114 867 2153 nec
897 2095 1192 2152 identidem
1241 2091 1571 2162 negleximus
1601 2088 1827 2142 selectas

225 2213 294 2254 ex
323 2195 548 2265 optimis
579 2202 733 2247 notas
773 2189 1129 2261 quorumdam
1161 2184 1611 2239 beterodoxorum
1634 2221 1648 2247 ,
1698 2178 1831 2234 Felli

226 2299 379 2360 puta,
413 2284 672 2353 Reading,
701 2281 940 2343 lioutbii,
997 2277 1318 2342 Goldhot'ni,
1378 2270 1834 2335 Scltmnemanni,

226 2382 548 2453 quibuscum
594 2375 740 2431 {inde
787 2373 1025 2428 coutitur
1083 2369 1371 2439 Rigaltius,
1421 2364 1558 2420 adeo
1601 2361 1838 2417 nominis

227 2471 487 2529 catholici
519 2468 790 2538 indignus,
842 2473 900 2518 ut
941 2478 1067 2516 eum
1095 2461 1410 2530 respuerint
1436 2473 1498 2511 ac
1543 2471 1686 2525 saepe
1716 2462 1840 2508 nota

233 2562 646 2621 transverterint
712 2559 935 2629 ipsimet
999 2555 1236 2610 editores
1295 2550 1577 2621 Anglicani
1645 2547 1844 2614 aliique

235 2657 476 2716 scctarii.
522 2653 712 2710 Varias
756 2660 932 2705 autem
979 2648 1263 2710 lectiones,
1307 2651 1567 2712 quotquot
1604 2639 1840 2693 editores

233 2748 546 2821 Anglicani,
587 2747 638 2801 in
685 2746 752 2798 iis
793 2738 1112 2811 colligendis
1160 2732 1563 2798 studiosissimi,
1611 2730 1827 2794 habent,

238 2843 563 2900 exhibemus
588 2837 773 2892 multis
800 2835 918 2888 aliis
949 2833 1074 2886 hinc
1099 2838 1155 2885 et
1175 2827 1300 2882 inde
1325 2824 1588 2881 demessis
1625 2831 1832 2884 auctas,

239 2946 553 3001 nostraeque
598 2928 838 2986 versioni
891 2920 1345 2979 acernamodatas.
1409 2917 1640 2972 Domum
1689 2925 1847 2966 acce-

240 3028 387 3084 dunt
433 3027 485 3080 in
533 3019 924 3094 appendicibus
963 3013 1219 3085 epistolae
1261 3009 1458 3066 iisdem
1515 3005 1857 3078 pontiﬁcibus

241 3121 394 3180 haud
415 3121 484 3177 ita
502 3128 651 3175 certo
667 3110 1060 3176 adscribendaz,
1076 3109 1293 3164 decreta
1313 3102 1599 3168 subdubia,
1617 3099 1860 3170 ipsaemet

245 3213 565 3275 Decretales
607 3210 808 3265 litterae
859 3214 970 3260 tam
1011 3202 1109 3256 .diu
1159 3202 1212 3253 iu
1245 3198 1376 3252 orbe
1422 3195 1709 3250 doctorum
1759 3190 1859 3244 de-

244 3318 522 3370 cantatas,
573 3315 631 3360 ut
659 3303 740 3357 vel
791 3316 857 3355 co
899 3297 1021 3352 solo
1060 3293 1280 3349 nomine
1307 3290 1375 3344 iis
1426 3289 1480 3342 in
1527 3286 1631 3340 hac
1679 3290 1860 3338 nostra

247 3401 580 3460 collectione
629 3393 942 3466 plenissima
987 3403 1097 3444 non
1162 3385 1341 3440 locum
1391 3380 1528 3435 dare
1567 3376 1726 3433 nefas
1772 3374 1863 3428 sit.

253 3496 529 3565 Denique,
571 3505 694 3546 eum
740 3487 1064 3556 plerumque
1107 3477 1340 3534 concilia
1371 3473 1471 3528 sub
1517 3467 1868 3526 Pontiﬁcibus

253 3564 493 3646 summis
548 3580 821 3639 celebrata
871 3575 1002 3637 sint,
1059 3580 1330 3638 tamquam
1390 3564 1603 3619 illorum
1659 3573 1867 3630 opera,

259 3677 490 3736 amante
516 3674 702 3739 Petro,
744 3666 968 3737 scripta,
991 3661 1345 3728 oleribusque
1371 3654 1484 3709 suis
1509 3660 1719 3707 servata
1746 3662 1874 3702 con-

259 3773 628 3842 Signataque,
685 3761 768 3818 vel
834 3776 864 3814 a
914 3753 1242 3828 quihusdam
1305 3745 1618 3804 doctoribus
1665 3741 1877 3799 eximiis

259 3833 560 3926 adornata,
588 3857 770 3930 qualia
811 3852 964 3909 {uere
992 3858 1116 3905 octo
1153 3843 1386 3901 concilia
1433 3833 1877 3904 Carthaginiensia

263 3970 329 4016 et
357 3956 464 4014 duo
485 3923 731 4010 Bottiaea
751 3945 853 4004 sub
881 3942 980 4000 SS.
1009 3936 1266 3998 Cornelio
1291 3943 1340 3988 et
1365 3931 1640 4001 Stephano
1657 3923 1876 3987 habita;

265 4047 480 4105 idcirco
523 4039 774 4112 religioni
824 4034 1080 4094 duximus
1125 4044 1188 4084 ea
1227 4025 1401 4081 obiter
1447 4021 1726 4089 relegere,
1779 4028 1884 4069 nec

270 4140 386 4202 nisi
427 4154 458 4191 a
489 4107 810 4196 collectione
839 4123 1206 4188 recentissima
1237 4115 1434 4183 Mausi,
1469 4113 1552 4168 vel
1579 4111 1647 4167 ab
1690 4107 1885 4165 eximia

272 4200 350 4292 ac
381 4229 599 4302 Speciali
633 4224 952 4284 recensione
993 4215 1232 4278 Routbii,
1283 4212 1426 4267 inter
1456 4205 1694 4276 eiusdem
1741 4200 1884 4257 Beli-

273 4329 433 4403 quias
461 4339 633 4380 sacras
659 4317 968 4388 accepimus
997 4323 1051 4368 et
1073 4307 1414 4366 tradidimus.

359 4419 477 4474 lli.
508 4417 650 4476 [utter
678 4387 941 4470 maximas
979 4406 1057 4463 rei
1085 4402 1394 4459 christiame
1435 4406 1624 4454 causas
1663 4404 1784 4459 quae
1826 4387 1880 4442 in

280 4514 399 4571 hoc
425 4509 621 4569 saeculo
649 4506 807 4568 tertio
833 4503 1058 4558 luerunt
1083 4499 1387 4564 exagitatae,
1425 4486 1572 4542 nulla
1606 4480 1892 4552 insignior,

281 4603 442 4666 nulla
463 4601 693 4671 majores
709 4595 976 4668 tumultus
1004 4592 1057 4645 in
1087 4598 1196 4644 tota
1224 4581 1467 4642 Ecclesia
1495 4577 1712 4638 excivit,
1739 4587 1899 4644 quam

288 4667 653 4756 celeberrima
698 4667 769 4745 de
820 4685 1195 4741 haereticorum
1227 4677 1557 4746 Baptismate
1588 4667 1900 4738 disputatio.

287 4794 432 4863 Quae
465 4797 521 4844 ut
547 4785 699 4858 plena
732 4784 852 4840 luce
878 4778 1122 4852 prodeat,
1157 4782 1215 4833 ut
1238 4771 1364 4825 hinc
1395 4775 1448 4822 et
1479 4763 1603 4830 inde
1634 4769 1903 4814 momenta

291 4851 485 4943 omnia
536 4851 696 4951 pendi
737 4881 934 4948 queant
979 4886 1041 4932 ac
1085 4865 1347 4928 revocari,
1382 4858 1525 4918 nulla
1573 4851 1907 4930 neglexitnus

299 4950 657 5030 monumenta
704 4982 811 5023 non
863 4963 1060 5018 nullius
1107 4956 1296 5029 pretii,
1350 4950 1618 5006 siveinter
1669 4954 1909 4999 veterum

301 5068 432 5124 sive
489 5065 628 5120 inter
682 5058 1039 5115 recentiorum
1098 5063 1389 5110 excursus.
1439 5059 1574 5113 quos
1619 5039 1788 5098 edidit
1847 5036 1912 5095 lis

303 5161 408 5219 illa
441 5173 627 5230 magna
653 5156 704 5216 in
734 5169 837 5225 qua
865 5142 1516 5226 studiis‘diversis-Oricns
1537 5149 1592 5197 et
1626 5136 1910 5200 Occidens,

302 5253 484 5313 Italia:
499 5223 807 5308 ecclesimet
821 5244 1108 5308 Africanae,
1131 5223 1412 5310 pontitices
1426 5244 1479 5289 et
1495 5241 1759 5302 martyres
1779 5223 1920 5285 haud

307 5348 439 5405 sine
453 5358 646 5414 magno
660 5354 843 5395 rerum
861 5334 1090 5391 tumultu
1104 5317 1375 5388 exarsere.
1393 5327 1454 5382 ln
1469 5326 1600 5380 duas
1617 5322 1778 5392 igitur
1795 5316 1926 5371 clas-

306 5455 414 5500 ses
437 5408 608 5496 visain
639 5444 722 5494 est
749 5429 1117 5492 diStribuenda
1149 5440 1270 5488 esse
1292 5424 1520 5496 hujusce
1553 5408 1927 5483 disputationis

311 5541 716 5595 monumenta:
747 5528 918 5599 prima
957 5522 1212 5580 nimirum
1253 5512 1630 5586 complectitur
1660 5503 1926 5576 prmcipua

314 5639 575 5686 veterum
601 5634 718 5680 acta
748 5631 804 5678 et
828 5620 1028 5689 scripta
1055 5629 1176 5685 quae
1201 5613 1256 5666 in
1294 5610 1395 5664 hac
1428 5618 1589 5664 causa
1611 5603 1929 5656 versantur;

320 5721 514 5790 iisque
538 5723 775 5787 prtesqnt
803 5713 921 5784 iure
944 5685 1258 5790 ipontiﬁciae
1305 5692 1683 5770 praecellentia:
1713 5688 1777 5790 Ξ,ἒ
1810 5685 1934 5790 δέθ-

322 5776 505 5890 phani
540 5776 856 5866 decretales
883 5776 1186 5866 sententiae,
1222 5782 1352 5866 (luas
1379 5793 1434 5850 in
1479 5784 1722 5858 epistolis
1741 5780 1800 5836 Β.
1836 5776 1938 5846 Cy-

1678 307 1975 364 ΡΒΔΡΛΤ
1979 309 2065 364 10.

3443 330 3504 371 γι

1915 427 2083 514 priani
2123 441 2176 490 et
2215 431 2506 488 Firmiliaoi
2542 434 2792 503 disjectas
2822 434 3142 504 invenimus,
3175 444 3229 492 et
3257 452 3374 506 qure
3404 438 3500 494 de-

1912 544 2080 591 mum,
2125 528 2237 582 sive
2267 529 2318 581 in
2347 528 2584 589 Oriente,
2617 529 2728 583 sive
2760 530 2810 583 in
2842 528 3150 600 Occidente,
3194 545 3503 594 reverenter

1913 629 2170 692 aceeptm,
2211 635 2426 676 causam
2473 621 2679 676 ﬁniere.
2724 621 2815 677 llis
2857 638 2998 693 pone
3035 601 3177 687 subit
3218 626 3502 684 concilium

1916 711 2216 767 Romanum
2237 721 2363 767 tunc
2379 713 2632 788 temporis
2651 713 2719 768 ab
2739 713 2926 770 eodem
2945 715 2998 771 S.
3024 715 3298 788 Stephano
3313 734 3504 790 magna

1916 817 2036 857 eum
2083 803 2400 858 auctoritate
2444 803 2791 860 celebratum.
2823 806 2983 878 Atqui
3025 807 3164 864 Petri
3201 824 3385 872 vocem
3415 827 3509 866 au-

1917 895 2016 949 diri
2052 911 2143 962 par
2177 905 2311 962 erat,
2351 895 2658 967 priusquam
2700 905 2988 968 agerentur
3013 899 3230 956 dissidia
3261 902 3510 958 Afrorum

1918 997 1974 1044 et
1993 987 2365 1052 Orientalium,
2398 1004 2517 1058 quae
2541 998 2651 1044 tum
2675 990 2728 1044 in
2751 991 3014 1058 conciliis,
3041 999 3149 1058 tum
3181 993 3231 1046 in
3258 995 3508 1066 Cypriani

1920 1091 1970 1136 et
2001 1081 2302 1137 Firmiliani
2329 1083 2592 1151 epistolis,
2629 1092 2736 1138 tum
2767 1083 2817 1137 in
2842 1083 3159 1154 quibusdam
3191 1084 3338 1140 libris
3371 1097 3512 1142 vete—
3571 1067 3573 1070 ⁴

1920 1189 2038 1229 rum
2085 1175 2390 1245 anonymis.
2421 1174 2582 1244 pleno
2626 1191 2784 1230 amne
2814 1174 3123 1230 decurrunt.
3159 1175 3289 1229 Cum
3336 1187 3513 1232 autem

1923 1281 2098 1326 exstat
2121 1272 2172 1326 in
2203 1270 2523 1326 collectione
2549 1271 2680 1326 Satis
2710 1286 2853 1336 rara,
2886 1280 3132 1325 recenter
3155 1270 3348 1325 Oxonii
3376 1271 3520 1326 edita

1927 1378 1956 1417 a
2007 1362 2116 1418 los.
2171 1361 2384 1416 Martio.
2433 1361 2646 1427 Routh,
2697 1361 2905 1432 collegii
2952 1369 3150 1415 sancta).
3194 1360 3522 1436 Magdalenaa

1927 1455 2374 1528 gymnasiarcha,
2421 1470 2557 1511 nova
2607 1465 2814 1526 septem
2869 1453 3196 1526 synodorum
3246 1452 3524 1524 Carthagi-

1928 1551 2175 1606 nensium
2225 1550 2494 1616 recensio,
2545 1548 2762 1604 selectis
2810 1546 3069 1601 adornata
3121 1547 3262 1604 notis
3300 1545 3526 1612 Baluzii,

1931 1645 2067 1701 Felli
2089 1687 2102 1711 ,
2131 1645 2455 1706 Constantii,
2489 1642 2686 1698 Valesii
2715 1650 2770 1696 et
2807 1641 3051 1707 editoris,
3079 1655 3198 1696 eam
3229 1642 3282 1696 in
3314 1648 3530 1695 nostros

1931 1755 2061 1794 usus
2091 1749 2256 1793 totam
2289 1738 2497 1810 integro
2525 1735 2660 1806 pede
2694 1734 2842 1788 adire
2872 1733 3117 1788 fecimus.
3144 1733 3313 1788 Porro
3339 1749 3403 1788 ex
3434 1732 3531 1787 tri-

1941 1831 2041 1886 bus
2067 1831 2223 1901 longe
2250 1829 2476 1888 diversis
2502 1826 2734 1886 fontibus
2762 1826 3035 1881 hausimus
3061 1826 3268 1882 litteras
3293 1841 3355 1880 ea
3385 1825 3453 1880 de
3476 1842 3537 1884 re

1937 1923 2128 1987 datas,
2185 1921 2356 1991 primo
2404 1935 2597 1995 nempe
2650 1919 3000 1990 fragmentum
3053 1917 3208 1971 unius
3260 1917 3540 1974 dumtaxat

1938 2015 2181 2087 epistola:
2210 2021 2302 2070 τοῦ
2342 2015 2592 2091 μακαρίου
2633 2010 2872 2082 Dionysii
2915 2008 3263 2064 Alexandrini
3312 2007 3378 2063 ad
3422 2009 3538 2065 Stc-

1939 2109 2174 2178 phanum
2205 2121 2429 2175 papam,
2461 2121 2524 2159 ex
2558 2101 2792 2164 Eusebio
2835 2099 3136 2168 decerptte;
3169 2100 3366 2156 deinde
3405 2115 3538 2169 qua-

1941 2212 2066 2256 tuor
2104 2198 2354 2270 Cypriani
2399 2197 2464 2251 ad
2511 2197 2781 2266 Magnum,
2814 2193 2882 2249 ad
2911 2193 3201 2270 Quintum,
3233 2192 3298 2248 ad
3326 2191 3544 2248 Jubaia-

1945 2311 2094 2360 num,
2124 2293 2189 2347 ad
2215 2291 2619 2361 Pompeianum,
2649 2305 2808 2344 unam
2845 2287 3081 2352 demum,
3113 2301 3214 2346 nec
3237 2285 3547 2341 celebritate

1946 2387 2214 2450 ultimam,
2235 2382 2552 2444 Firmiliani,
2581 2379 2930 2446 Caesariensis
2952 2377 3210 2447 episcopi,
3229 2375 3295 2430 ad
3327 2376 3550 2449 Cypria—

1948 2495 2077 2534 num
2118 2477 2378 2532 adversus
2416 2473 2472 2529 S.
2517 2471 2870 2542 Stephanum.
2912 2469 3080 2524 Porro
3121 2467 3300 2522 nullus
3344 2465 3551 2522 inficias

1951 2573 2040 2630 ibo
2070 2573 2121 2626 in
2164 2571 2228 2625 iis
2255 2567 2593 2639 colligendis,
2620 2581 2726 2620 non
2750 2573 2952 2618 tantum
2986 2564 3035 2618 in
3069 2561 3246 2617 animo
3275 2559 3440 2614 fuisse
3465 2573 3554 2614 res

1954 2667 2194 2736 ejusdem
2225 2662 2522 2731 argumenti
2546 2661 2598 2718 in
2623 2674 2784 2714 unum
2813 2643 3180 2726 compingere,
3208 2651 3303 2708 sed
3330 2661 3384 2706 et
3405 2665 3556 2707 seor-

1956 2759 2078 2821 sim,
2106 2757 2208 2811 sub
2237 2769 2449 2822 unoque
2479 2750 2693 2805 critices
2723 2748 2878 2802 oculo
2908 2760 3171 2813 seponere
3210 2750 3557 2798 monumenta

1958 2849 2146 2906 eodem
2175 2847 2364 2906 νοθείας
2406 2844 2632 2897 crimine
2675 2839 2850 2894 inusta
2879 2855 2891 2890 :
2916 2837 3128 2905 jnrcne,
3159 2850 3224 2888 an
3267 2832 3559 2896 immerito,

1961 2959 2067 3000 non
2111 2940 2394 2996 causabor.
2427 2934 2504 2990 Ea
2551 2943 2727 2995 tamen
2779 2930 3018 2992 criminis
3065 2927 3217 3000 argui
3261 2937 3343 2981 sat
3381 2923 3561 2996 gravis

1961 3050 2105 3099 reor,
2134 3048 2254 3103 qua:
2276 3047 2303 3083 a
2331 3027 2579 3100 genuinis
2626 3026 2686 3079 l).
2716 3023 2970 3094 Cypriani
3004 3019 3248 3092 epistolis
3274 3031 3563 3072 amovean-

1968 3139 2054 3186 tur
2087 3143 2149 3183 ac
2177 3128 2228 3181 in
2271 3126 2376 3180 hoc
2418 3125 2539 3178 loco
2580 3119 2892 3188 seligantur,
2921 3124 3191 3186 tamquam
3226 3127 3430 3182 magnae
3458 3109 3569 3170 litis

1973 3227 2252 3296 theologos
2280 3226 2421 3280 inter
2454 3229 2507 3276 et
2531 3216 2834 3292 philologos
2865 3211 3150 3283 pendentis
3189 3209 3565 3263 instrumenta.

1969 3319 2040 3377 Ut
2080 3329 2137 3373 ut
2175 3317 2261 3382 sit,
2306 3315 2371 3369 iis
2413 3311 2830 3382 subjunguntur,
2861 3304 2927 3359 ad
2956 3318 3137 3364 veram
3171 3300 3240 3356 ab
3267 3299 3418 3353 initio
3451 3311 3575 3365 pro-

1974 3412 2203 3484 positam
2229 3405 2574 3471 sentontiam,
2599 3401 2684 3459 vel
2704 3399 2805 3456 sub
2825 3396 2932 3451 ﬁne
2960 3389 3442 3456 corroborandam,
3466 3386 3576 3442 duo

1978 3480 2144 3559 libelli
2183 3500 2384 3569 absque
2422 3494 2659 3552 auctoris
2690 3489 2927 3553 nomine,
2959 3485 3054 3542 sed
3092 3483 3303 3564 egregia
3332 3480 3578 3536 doctrina

1978 3598 2047 3652 ab
2099 3592 2348 3650 omnibus
2396 3583 2727 3643 admittenda
2781 3587 3118 3652 praestantes.
3176 3575 3270 3629 llis
3315 3571 3580 3627 clauditur

1981 3691 2150 3747 series
2175 3697 2419 3744 veterum
2447 3687 2921 3735 monumentorum
2950 3687 3069 3742 quae
3099 3668 3166 3724 ad
3198 3668 3375 3730 lucem
3407 3665 3459 3720 in
3484 3664 3583 3720 hac

1983 3779 2346 3851 disputatione
2374 3771 2774 3830 dil'fundendam
2805 3767 3101 3838 coegimus.

2055 3872 2195 3928 Xlll.
2224 3869 2373 3926 Multi
2401 3866 2565 3929 multa
2599 3864 2650 3918 in
2680 3861 2868 3918 eadem
2893 3856 3111 3928 querela
3142 3861 3388 3920 recentes
3425 3852 3588 3918 scrip-

1987 3983 2141 4031 sere;
2166 3976 2239 4032 el,
2264 3963 2452 4018 iisdem
2480 3967 2725 4014 veterum
2755 3951 3075 4008 testimoniis
3097 3949 3223 4002 licet
3245 3954 3478 4012 utentes,
3497 3940 3589 3996 alii

1991 4061 2044 4116 in
2071 4060 2202 4112 alias
2229 4054 2413 4109 abiere
2453 4048 2772 4111 sententias,
2812 4056 3022 4101 summa
3047 4049 3250 4098 tantum
3281 4035 3455 4103 capita
3499 4047 3590 4088 re-

1993 4157 2297 4216 censentes,
2342 4160 2461 4217 qua:
2503 4142 2656 4196 nobis
2705 4152 2814 4212 pra:
2861 4132 3113 4194 omnibus
3161 4128 3380 4184 maximi
3438 4121 3596 4194 pretii

1995 4247 2106 4299 visa
2154 4251 2298 4304 sunt,
2342 4255 2403 4294 ea
2435 4235 2706 4290 veteribus
2752 4227 3128 4300 adjunxintus;
3162 4228 3399 4276 veterum
3453 4215 3598 4270 enim

1999 4354 2151 4396 more
2169 4334 2352 4390 haberi
2374 4329 2479 4389 CC.
2498 4327 2612 4382 VV.
2632 4323 2887 4380 Ludovic.
2910 4315 3347 4377 Thomassinntn,
3379 4311 3439 4365 D.
3458 4309 3600 4364 Cou-

2003 4429 2278 4488 stantium,
2311 4437 2468 4485 nemo
2496 4415 2853 4474 succensebit.
2884 4411 2994 4466 Nec
3027 4407 3325 4463 minoribus
3363 4402 3477 4459 fere
3505 4403 3591 4456 lau

2004 4525 2163 4580 dibus
2219 4519 2408 4589 dignas
2479 4512 2654 4582 periti,
2739 4508 2790 4563 ni
2874 4505 3070 4568 fallor,
3153 4497 3428 4554 habebunt
3470 4493 3602 4549 duas

2007 4618 2222 4680 ultimas
2249 4607 2654 4670 dissertationes
2682 4615 2802 4672 qua:
2832 4600 2926 4655 toti
2956 4595 3076 4650 huic
3113 4592 3328 4648 testium
3361 4599 3602 4642 veterum

2012 4717 2064 4764 et
2099 4702 2393 4760 recentium
2434 4695 2630 4768 agmini
2658 4691 2929 4764 egregium
2958 4689 3114 4741 linem
3150 4685 3452 4754 imponunt.
3483 4676 3608 4730 Haec

2014 4808 2191 4854 autem
2227 4793 2508 4865 prooemia,
2540 4789 2664 4842 licet
2708 4781 2894 4837 fusiori
2923 4793 3082 4850 quam
3113 4775 3291 4840 rebar,
3321 4769 3460 4842 st.on
3488 4781 3613 4838 pro-

2016 4891 2198 4954 telata,
2230 4859 2416 4942 revera
2446 4886 2722 4950 nequeunt
2749 4873 2975 4937 absolvi,
3007 4870 3134 4940 quin
3164 4867 3336 4920 multo
3364 4863 3514 4934 plura
3545 4859 3613 4915 de

2021 4985 2084 5041 D.
2115 4980 2370 5055 Cypriani
2401 4972 2654 5047 operibus
2682 4969 2736 5023 in
2771 4968 2870 5021 hoc
2913 4972 2966 5020 et
3010 4963 3061 5016 in
3105 4959 3278 5013 altero
3308 4966 3454 5010 tomo
3482 4969 3619 5008 con-

2023 5047 2183 5132 tentis
2202 5047 2498 5128 addantur.
2545 5065 2619 5120 Ea
2658 5072 2834 5115 tamen
2863 5056 3031 5110 satius
3061 5053 3113 5107 in
3143 5047 3492 5120 sequentibus
3526 5060 3616 5099 ar-

2025 5167 2200 5226 ticulis
2242 5162 2516 5233 sigillatim
2547 5150 2881 5216 deducenda,
2915 5157 3003 5202 aut
3032 5147 3191 5216 paulo
3231 5142 3367 5197 intra
3407 5141 3460 5195 in
3493 5138 3636 5200 litte-

2037 5262 2196 5318 rariis
2228 5255 2524 5312 Annalibus
2552 5243 2873 5305 remittenda
2899 5241 3172 5297 duximus.

2610 5379 2999 5448 ARTICULUS
3037 5376 3100 5435 ll.

2411 5542 2476 5584 DE
2518 5536 2889 5581 AUCTORITATE
2918 5533 2964 5572 ε.
3005 5525 3272 5570 CYPRIANI.

2123 5673 2163 5729 Ι,
2201 5669 2565 5740 Quaecumque
2592 5667 2752 5721 antea
2779 5655 2834 5718 iu
2861 5650 3038 5728 primo
3069 5655 3215 5710 tome
3242 5642 3312 5710 de
3333 5638 3654 5707 auctoritate

2047 5783 2144 5825 ver
2160 5782 2186 5820 a
2211 5731 2265 5819 et
2286 5766 2436 5817 recto
2454 5731 2551 5809 usu
2568 5745 2885 5808 Tertulliani
2901 5735 3279 5809 allegaverim,
3299 5733 3414 5790 hec
3439 5731 3630 5789 eadem
3649 5795 3666 5826 ν
