  <div class='ocr_page' id='page_1' title='image "/cluster/home/n/w/nwhite01/storage/ocr_20150623/3/uva.x000669812/015.png"; bbox 0 0 3876 6282; ppageno 0'>
   <div class='ocr_carea' id='block_1_1' title="bbox 365 344 436 385">
    <p class='ocr_par' dir='ltr' id='par_1_1' title="bbox 365 344 436 385">
     <span class='ocr_line' id='line_1_1' title="bbox 365 344 436 385; baseline 0.014 -1"><span class='ocrx_word' id='word_1_1' title='bbox 365 344 436 385; x_wconf 80' lang='lat' dir='ltr'><strong>VII</strong></span> 
     </span>
    </p>
   </div>
   <div class='ocr_carea' id='block_1_2' title="bbox 367 414 1962 509">
    <p class='ocr_par' dir='ltr' id='par_1_2' title="bbox 367 414 1962 509">
     <span class='ocr_line' id='line_1_2' title="bbox 367 414 1962 509; baseline -0.02 -10"><span class='ocrx_word' id='word_1_2' title='bbox 367 442 584 499; x_wconf 89' lang='lat' dir='ltr'><strong>mutatis</strong></span> <span class='ocrx_word' id='word_1_3' title='bbox 623 437 837 509; x_wconf 77' lang='lat' dir='ltr'><strong>quidem</strong></span> <span class='ocrx_word' id='word_1_4' title='bbox 890 427 1193 493; x_wconf 90' lang='lat' dir='ltr'><strong>mutandis,</strong></span> <span class='ocrx_word' id='word_1_5' title='bbox 1224 424 1289 479; x_wconf 81' lang='grc' dir='ltr'><strong>Ι).</strong></span> <span class='ocrx_word' id='word_1_6' title='bbox 1331 419 1607 494; x_wconf 89' lang='lat' dir='ltr'><strong>Cypriano</strong></span> <span class='ocrx_word' id='word_1_7' title='bbox 1650 414 1962 472; x_wconf 90' lang='lat' dir='ltr'><strong>adscribere</strong></span> 
     </span>
    </p>
   </div>
   <div class='ocr_carea' id='block_1_3' title="bbox 366 506 1963 592">
    <p class='ocr_par' dir='ltr' id='par_1_3' title="bbox 366 506 1963 592">
     <span class='ocr_line' id='line_1_3' title="bbox 366 506 1963 592; baseline -0.021 1"><span class='ocrx_word' id='word_1_8' title='bbox 366 538 560 592; x_wconf 83' lang='lat' dir='ltr'><strong>ausim.</strong></span> <span class='ocrx_word' id='word_1_9' title='bbox 599 534 983 589; x_wconf 72' lang='lat' dir='ltr'><strong>Verumtamen</strong></span> <span class='ocrx_word' id='word_1_10' title='bbox 1010 565 1024 590; x_wconf 89' lang='lat'><strong>,</strong></span> <span class='ocrx_word' id='word_1_11' title='bbox 1056 521 1286 578; x_wconf 90' lang='lat' dir='ltr'><strong>multum</strong></span> <span class='ocrx_word' id='word_1_12' title='bbox 1335 532 1431 588; x_wconf 90' lang='lat' dir='ltr'><strong>per</strong></span> <span class='ocrx_word' id='word_1_13' title='bbox 1476 528 1690 569; x_wconf 90' lang='lat' dir='ltr'><strong>omnem</strong></span> <span class='ocrx_word' id='word_1_14' title='bbox 1741 506 1963 564; x_wconf 91' lang='lat' dir='ltr'><strong>modum</strong></span> 
     </span>
    </p>
   </div>
   <div class='ocr_carea' id='block_1_4' title="bbox 363 599 1965 684">
    <p class='ocr_par' dir='ltr' id='par_1_4' title="bbox 363 599 1965 684">
     <span class='ocr_line' id='line_1_4' title="bbox 363 599 1965 684; baseline -0.021 0"><span class='ocrx_word' id='word_1_15' title='bbox 363 628 506 684; x_wconf 90' lang='lat' dir='ltr'><strong>absit</strong></span> <span class='ocrx_word' id='word_1_16' title='bbox 533 633 592 680; x_wconf 94' lang='lat' dir='ltr'><strong>ut</strong></span> <span class='ocrx_word' id='word_1_17' title='bbox 619 638 741 680; x_wconf 93' lang='lat' dir='ltr'><strong>cum</strong></span> <span class='ocrx_word' id='word_1_18' title='bbox 774 618 1028 675; x_wconf 76' lang='lat' dir='ltr'><strong>lueretico</strong></span> <span class='ocrx_word' id='word_1_19' title='bbox 1057 610 1366 670; x_wconf 78' lang='lat' dir='ltr'><strong>contumaci</strong></span> <span class='ocrx_word' id='word_1_20' title='bbox 1401 618 1456 664; x_wconf 93' lang='lat' dir='ltr'><strong>et</strong></span> <span class='ocrx_word' id='word_1_21' title='bbox 1484 602 1750 678; x_wconf 85' lang='lat' dir='ltr'><strong>pervicaci</strong></span> <span class='ocrx_word' id='word_1_22' title='bbox 1775 599 1965 656; x_wconf 82' lang='lat' dir='ltr'><strong>catho—</strong></span> 
     </span>
    </p>
   </div>
   <div class='ocr_carea' id='block_1_5' title="bbox 367 689 1966 775">
    <p class='ocr_par' dir='ltr' id='par_1_5' title="bbox 367 689 1966 775">
     <span class='ocr_line' id='line_1_5' title="bbox 367 689 1966 775; baseline -0.019 0"><span class='ocrx_word' id='word_1_23' title='bbox 367 719 529 775; x_wconf 89' lang='lat' dir='ltr'><strong>Iieum</strong></span> <span class='ocrx_word' id='word_1_24' title='bbox 556 725 611 772; x_wconf 92' lang='lat' dir='ltr'><strong>et</strong></span> <span class='ocrx_word' id='word_1_25' title='bbox 634 720 878 771; x_wconf 91' lang='lat' dir='ltr'><strong>sanctum</strong></span> <span class='ocrx_word' id='word_1_26' title='bbox 905 707 1182 763; x_wconf 91' lang='lat' dir='ltr'><strong>doctorem</strong></span> <span class='ocrx_word' id='word_1_27' title='bbox 1210 745 1225 771; x_wconf 92' lang='lat'><strong>,</strong></span> <span class='ocrx_word' id='word_1_28' title='bbox 1256 717 1378 758; x_wconf 94' lang='lat' dir='ltr'><strong>cum</strong></span> <span class='ocrx_word' id='word_1_29' title='bbox 1406 697 1640 769; x_wconf 85' lang='lat' dir='ltr'><strong>superbo</strong></span> <span class='ocrx_word' id='word_1_30' title='bbox 1665 704 1720 751; x_wconf 92' lang='lat' dir='ltr'><strong>et</strong></span> <span class='ocrx_word' id='word_1_31' title='bbox 1747 689 1966 765; x_wconf 91' lang='lat' dir='ltr'><strong>dyscolo</strong></span> 
     </span>
    </p>
   </div>
   <div class='ocr_carea' id='block_1_6' title="bbox 369 785 1962 882">
    <p class='ocr_par' dir='ltr' id='par_1_6' title="bbox 369 785 1962 882">
     <span class='ocr_line' id='line_1_6' title="bbox 369 785 1962 882; baseline -0.019 -15"><span class='ocrx_word' id='word_1_32' title='bbox 369 806 686 882; x_wconf 79' lang='lat' dir='ltr'><strong>presbytero</strong></span> <span class='ocrx_word' id='word_1_33' title='bbox 739 802 1053 874; x_wconf 85' lang='lat' dir='ltr'><strong>episcopum</strong></span> <span class='ocrx_word' id='word_1_34' title='bbox 1094 795 1392 866; x_wconf 87' lang='lat' dir='ltr'><strong>legitimum</strong></span> <span class='ocrx_word' id='word_1_35' title='bbox 1443 799 1495 846; x_wconf 89' lang='lat' dir='ltr'><strong>et</strong></span> <span class='ocrx_word' id='word_1_36' title='bbox 1529 785 1962 859; x_wconf 89' lang='lat' dir='ltr'><strong>pientissimum,</strong></span> 
     </span>
    </p>
   </div>
   <div class='ocr_carea' id='block_1_7' title="bbox 367 875 1968 962">
    <p class='ocr_par' dir='ltr' id='par_1_7' title="bbox 367 875 1968 962">
     <span class='ocr_line' id='line_1_7' title="bbox 367 875 1968 962; baseline -0.017 -6"><span class='ocrx_word' id='word_1_37' title='bbox 367 875 490 956; x_wconf 77' lang='lat' dir='ltr'><strong>cum</strong></span> <span class='ocrx_word' id='word_1_38' title='bbox 514 875 833 954; x_wconf 65' lang='lat' dir='ltr'><strong>Montanista</strong></span> <span class='ocrx_word' id='word_1_39' title='bbox 859 902 1114 962; x_wconf 88' lang='lat' dir='ltr'><strong>perverso</strong></span> <span class='ocrx_word' id='word_1_40' title='bbox 1130 897 1184 943; x_wconf 92' lang='lat' dir='ltr'><strong>et</strong></span> <span class='ocrx_word' id='word_1_41' title='bbox 1206 898 1409 941; x_wconf 88' lang='lat' dir='ltr'><strong>vesano</strong></span> <span class='ocrx_word' id='word_1_42' title='bbox 1439 880 1714 952; x_wconf 85' lang='lat' dir='ltr'><strong>egregium</strong></span> <span class='ocrx_word' id='word_1_43' title='bbox 1747 875 1968 933; x_wconf 72' lang='lat' dir='ltr'><strong>unitatis</strong></span> 
     </span>
    </p>
   </div>
   <div class='ocr_carea' id='block_1_8' title="bbox 369 974 1965 1051">
    <p class='ocr_par' dir='ltr' id='par_1_8' title="bbox 369 974 1965 1051">
     <span class='ocr_line' id='line_1_8' title="bbox 369 974 1965 1051; baseline -0.018 0"><span class='ocrx_word' id='word_1_44' title='bbox 369 992 630 1050; x_wconf 76' lang='lat' dir='ltr'><strong>Ecclesia:</strong></span> <span class='ocrx_word' id='word_1_45' title='bbox 655 997 980 1044; x_wconf 85' lang='lat' dir='ltr'><strong>assertorem</strong></span> <span class='ocrx_word' id='word_1_46' title='bbox 1003 1023 1020 1051; x_wconf 97' lang='lat'><strong>,</strong></span> <span class='ocrx_word' id='word_1_47' title='bbox 1067 997 1189 1038; x_wconf 90' lang='lat' dir='ltr'><strong>cum</strong></span> <span class='ocrx_word' id='word_1_48' title='bbox 1235 974 1598 1034; x_wconf 69' lang='lat' dir='ltr'><strong>hmresiarcha</strong></span> <span class='ocrx_word' id='word_1_49' title='bbox 1632 980 1924 1043; x_wconf 86' lang='lat' dir='ltr'><strong>martyrem</strong></span> <span class='ocrx_word' id='word_1_50' title='bbox 1949 1009 1965 1032; x_wconf 94' lang='lat'><strong>,</strong></span> 
     </span>
    </p>
   </div>
   <div class='ocr_carea' id='block_1_9' title="bbox 369 1063 1970 1157">
    <p class='ocr_par' dir='ltr' id='par_1_9' title="bbox 369 1063 1970 1157">
     <span class='ocr_line' id='line_1_9' title="bbox 369 1063 1970 1157; baseline -0.017 -13"><span class='ocrx_word' id='word_1_51' title='bbox 369 1104 491 1144; x_wconf 90' lang='lat' dir='ltr'><strong>cum</strong></span> <span class='ocrx_word' id='word_1_52' title='bbox 510 1087 638 1157; x_wconf 91' lang='lat' dir='ltr'><strong>lupo</strong></span> <span class='ocrx_word' id='word_1_53' title='bbox 656 1091 924 1154; x_wconf 86' lang='lat' dir='ltr'><strong>pastorem</strong></span> <span class='ocrx_word' id='word_1_54' title='bbox 939 1075 1188 1135; x_wconf 88' lang='lat' dir='ltr'><strong>conferre</strong></span> <span class='ocrx_word' id='word_1_55' title='bbox 1204 1073 1410 1128; x_wconf 90' lang='lat' dir='ltr'><strong>videar.</strong></span> <span class='ocrx_word' id='word_1_56' title='bbox 1425 1068 1538 1125; x_wconf 91' lang='lat' dir='ltr'><strong>Etsi</strong></span> <span class='ocrx_word' id='word_1_57' title='bbox 1558 1081 1695 1123; x_wconf 93' lang='lat' dir='ltr'><strong>unus</strong></span> <span class='ocrx_word' id='word_1_58' title='bbox 1714 1065 1782 1120; x_wconf 88' lang='lat' dir='ltr'><strong>ab</strong></span> <span class='ocrx_word' id='word_1_59' title='bbox 1797 1063 1970 1118; x_wconf 90' lang='lat' dir='ltr'><strong>altero</strong></span> 
     </span>
    </p>
   </div>
   <div class='ocr_carea' id='block_1_10' title="bbox 369 1163 1970 1237">
    <p class='ocr_par' dir='ltr' id='par_1_10' title="bbox 369 1163 1970 1237">
     <span class='ocr_line' id='line_1_10' title="bbox 369 1163 1970 1237; baseline -0.014 0"><span class='ocrx_word' id='word_1_60' title='bbox 369 1182 534 1237; x_wconf 91' lang='lat' dir='ltr'><strong>totius</strong></span> <span class='ocrx_word' id='word_1_61' title='bbox 565 1179 686 1234; x_wconf 69' lang='lat' dir='ltr'><strong>caeli</strong></span> <span class='ocrx_word' id='word_1_62' title='bbox 717 1184 892 1232; x_wconf 90' lang='lat' dir='ltr'><strong>tractu</strong></span> <span class='ocrx_word' id='word_1_63' title='bbox 915 1172 1114 1237; x_wconf 90' lang='lat' dir='ltr'><strong>distet,</strong></span> <span class='ocrx_word' id='word_1_64' title='bbox 1148 1177 1273 1224; x_wconf 93' lang='lat' dir='ltr'><strong>sunt</strong></span> <span class='ocrx_word' id='word_1_65' title='bbox 1305 1178 1483 1221; x_wconf 86' lang='lat' dir='ltr'><strong>tamen</strong></span> <span class='ocrx_word' id='word_1_66' title='bbox 1516 1163 1656 1217; x_wconf 91' lang='lat' dir='ltr'><strong>inter</strong></span> <span class='ocrx_word' id='word_1_67' title='bbox 1685 1171 1970 1228; x_wconf 87' lang='lat' dir='ltr'><strong>utrumque</strong></span> 
     </span>
    </p>
   </div>
   <div class='ocr_carea' id='block_1_11' title="bbox 369 1251 1968 1339">
    <p class='ocr_par' dir='ltr' id='par_1_11' title="bbox 369 1251 1968 1339">
     <span class='ocr_line' id='line_1_11' title="bbox 369 1251 1968 1339; baseline -0.016 -9"><span class='ocrx_word' id='word_1_68' title='bbox 369 1290 478 1330; x_wconf 88' lang='lat' dir='ltr'><strong>non</strong></span> <span class='ocrx_word' id='word_1_69' title='bbox 501 1271 674 1328; x_wconf 90' lang='lat' dir='ltr'><strong>solum</strong></span> <span class='ocrx_word' id='word_1_70' title='bbox 699 1267 944 1339; x_wconf 79' lang='lat' dir='ltr'><strong>originis,</strong></span> <span class='ocrx_word' id='word_1_71' title='bbox 967 1264 1155 1336; x_wconf 69' lang='lat' dir='ltr'><strong>patriae</strong></span> <span class='ocrx_word' id='word_1_72' title='bbox 1178 1272 1233 1318; x_wconf 91' lang='lat' dir='ltr'><strong>et</strong></span> <span class='ocrx_word' id='word_1_73' title='bbox 1250 1260 1532 1325; x_wconf 87' lang='lat' dir='ltr'><strong>natalium,</strong></span> <span class='ocrx_word' id='word_1_74' title='bbox 1551 1255 1645 1312; x_wconf 91' lang='lat' dir='ltr'><strong>sed</strong></span> <span class='ocrx_word' id='word_1_75' title='bbox 1673 1263 1727 1310; x_wconf 91' lang='lat' dir='ltr'><strong>et</strong></span> <span class='ocrx_word' id='word_1_76' title='bbox 1748 1251 1968 1324; x_wconf 90' lang='lat' dir='ltr'><strong>ingenii,</strong></span> 
     </span>
    </p>
   </div>
   <div class='ocr_carea' id='block_1_12' title="bbox 369 1347 1966 1431">
    <p class='ocr_par' dir='ltr' id='par_1_12' title="bbox 369 1347 1966 1431">
     <span class='ocr_line' id='line_1_12' title="bbox 369 1347 1966 1431; baseline -0.013 -10"><span class='ocrx_word' id='word_1_77' title='bbox 369 1365 737 1422; x_wconf 88' lang='lat' dir='ltr'><strong>doctrinarum</strong></span> <span class='ocrx_word' id='word_1_78' title='bbox 765 1371 818 1416; x_wconf 91' lang='lat' dir='ltr'><strong>et</strong></span> <span class='ocrx_word' id='word_1_79' title='bbox 848 1356 1202 1431; x_wconf 83' lang='lat' dir='ltr'><strong>expositionis</strong></span> <span class='ocrx_word' id='word_1_80' title='bbox 1230 1353 1600 1425; x_wconf 85' lang='lat' dir='ltr'><strong>apologeticae,</strong></span> <span class='ocrx_word' id='word_1_81' title='bbox 1629 1347 1966 1418; x_wconf 86' lang='lat' dir='ltr'><strong>dogmaticae,</strong></span> 
     </span>
    </p>
   </div>
   <div class='ocr_carea' id='block_1_13' title="bbox 369 1438 1972 1528">
    <p class='ocr_par' dir='ltr' id='par_1_13' title="bbox 369 1438 1972 1528">
     <span class='ocr_line' id='line_1_13' title="bbox 369 1438 1972 1528; baseline -0.014 -15"><span class='ocrx_word' id='word_1_82' title='bbox 369 1459 454 1514; x_wconf 86' lang='lat' dir='ltr'><strong>vel</strong></span> <span class='ocrx_word' id='word_1_83' title='bbox 486 1453 828 1528; x_wconf 69' lang='lat' dir='ltr'><strong>parmnetictc</strong></span> <span class='ocrx_word' id='word_1_84' title='bbox 874 1450 1146 1507; x_wconf 75' lang='lat' dir='ltr'><strong>nonnulla:</strong></span> <span class='ocrx_word' id='word_1_85' title='bbox 1186 1446 1498 1509; x_wconf 86' lang='lat' dir='ltr'><strong>relationes,</strong></span> <span class='ocrx_word' id='word_1_86' title='bbox 1527 1455 1663 1515; x_wconf 88' lang='lat' dir='ltr'><strong>quas</strong></span> <span class='ocrx_word' id='word_1_87' title='bbox 1693 1438 1972 1511; x_wconf 84' lang='lat' dir='ltr'><strong>speciatim</strong></span> 
     </span>
    </p>
   </div>
   <div class='ocr_carea' id='block_1_14' title="bbox 367 1529 1973 1620">
    <p class='ocr_par' dir='ltr' id='par_1_14' title="bbox 367 1529 1973 1620">
     <span class='ocr_line' id='line_1_14' title="bbox 367 1529 1973 1620; baseline -0.014 -14"><span class='ocrx_word' id='word_1_88' title='bbox 367 1547 714 1620; x_wconf 89' lang='lat' dir='ltr'><strong>explicandas</strong></span> <span class='ocrx_word' id='word_1_89' title='bbox 756 1545 864 1601; x_wconf 87' lang='lat' dir='ltr'><strong>alio</strong></span> <span class='ocrx_word' id='word_1_90' title='bbox 902 1544 1040 1599; x_wconf 91' lang='lat' dir='ltr'><strong>alius</strong></span> <span class='ocrx_word' id='word_1_91' title='bbox 1071 1548 1245 1596; x_wconf 89' lang='lat' dir='ltr'><strong>curet.</strong></span> <span class='ocrx_word' id='word_1_92' title='bbox 1272 1538 1462 1594; x_wconf 85' lang='lat' dir='ltr'><strong>Mirum</strong></span> <span class='ocrx_word' id='word_1_93' title='bbox 1495 1544 1676 1590; x_wconf 89' lang='lat' dir='ltr'><strong>tamen</strong></span> <span class='ocrx_word' id='word_1_94' title='bbox 1704 1530 1862 1586; x_wconf 89' lang='lat' dir='ltr'><strong>nobis</strong></span> <span class='ocrx_word' id='word_1_95' title='bbox 1891 1529 1973 1584; x_wconf 91' lang='lat' dir='ltr'><strong>vi-</strong></span> 
     </span>
    </p>
   </div>
   <div class='ocr_carea' id='block_1_15' title="bbox 369 1623 1973 1712">
    <p class='ocr_par' dir='ltr' id='par_1_15' title="bbox 369 1623 1973 1712">
     <span class='ocr_line' id='line_1_15' title="bbox 369 1623 1973 1712; baseline -0.014 -13"><span class='ocrx_word' id='word_1_96' title='bbox 369 1657 487 1699; x_wconf 92' lang='lat' dir='ltr'><strong>sum</strong></span> <span class='ocrx_word' id='word_1_97' title='bbox 517 1650 602 1697; x_wconf 92' lang='lat' dir='ltr'><strong>est</strong></span> <span class='ocrx_word' id='word_1_98' title='bbox 627 1638 804 1712; x_wconf 91' lang='lat' dir='ltr'><strong>quod,</strong></span> <span class='ocrx_word' id='word_1_99' title='bbox 837 1652 958 1693; x_wconf 91' lang='lat' dir='ltr'><strong>cum</strong></span> <span class='ocrx_word' id='word_1_100' title='bbox 987 1634 1247 1691; x_wconf 89' lang='lat' dir='ltr'><strong>neoterici</strong></span> <span class='ocrx_word' id='word_1_101' title='bbox 1284 1632 1341 1686; x_wconf 91' lang='lat' dir='ltr'><strong>in</strong></span> <span class='ocrx_word' id='word_1_102' title='bbox 1371 1645 1496 1686; x_wconf 91' lang='lat' dir='ltr'><strong>suas</strong></span> <span class='ocrx_word' id='word_1_103' title='bbox 1540 1635 1722 1698; x_wconf 85' lang='lat' dir='ltr'><strong>partes</strong></span> <span class='ocrx_word' id='word_1_104' title='bbox 1751 1623 1973 1680; x_wconf 88' lang='lat' dir='ltr'><strong>Tertul-</strong></span> 
     </span>
    </p>
   </div>
   <div class='ocr_carea' id='block_1_16' title="bbox 367 1725 1975 1796">
    <p class='ocr_par' dir='ltr' id='par_1_16' title="bbox 367 1725 1975 1796">
     <span class='ocr_line' id='line_1_16' title="bbox 367 1725 1975 1796; baseline -0.014 -4"><span class='ocrx_word' id='word_1_105' title='bbox 367 1737 569 1792; x_wconf 90' lang='lat' dir='ltr'><strong>lianum</strong></span> <span class='ocrx_word' id='word_1_106' title='bbox 618 1732 852 1788; x_wconf 86' lang='lat' dir='ltr'><strong>libenter</strong></span> <span class='ocrx_word' id='word_1_107' title='bbox 894 1729 1184 1794; x_wconf 87' lang='lat' dir='ltr'><strong>adducere,</strong></span> <span class='ocrx_word' id='word_1_108' title='bbox 1230 1725 1673 1796; x_wconf 89' lang='lat' dir='ltr'><strong>Cyprianumque</strong></span> <span class='ocrx_word' id='word_1_109' title='bbox 1719 1731 1975 1774; x_wconf 86' lang='lat' dir='ltr'><strong>amovere</strong></span> 
     </span>
    </p>
   </div>
   <div class='ocr_carea' id='block_1_17' title="bbox 370 1811 1976 1892">
    <p class='ocr_par' dir='ltr' id='par_1_17' title="bbox 370 1811 1976 1892">
     <span class='ocr_line' id='line_1_17' title="bbox 370 1811 1976 1892; baseline -0.013 -10"><span class='ocrx_word' id='word_1_110' title='bbox 370 1829 654 1892; x_wconf 88' lang='lat' dir='ltr'><strong>deberent,</strong></span> <span class='ocrx_word' id='word_1_111' title='bbox 685 1826 851 1879; x_wconf 91' lang='lat' dir='ltr'><strong>immo</strong></span> <span class='ocrx_word' id='word_1_112' title='bbox 877 1837 943 1878; x_wconf 91' lang='lat' dir='ltr'><strong>eo</strong></span> <span class='ocrx_word' id='word_1_113' title='bbox 970 1822 1207 1892; x_wconf 86' lang='lat' dir='ltr'><strong>priorem</strong></span> <span class='ocrx_word' id='word_1_114' title='bbox 1237 1818 1418 1873; x_wconf 88' lang='lat' dir='ltr'><strong>acrius</strong></span> <span class='ocrx_word' id='word_1_115' title='bbox 1446 1813 1679 1870; x_wconf 86' lang='lat' dir='ltr'><strong>aversati</strong></span> <span class='ocrx_word' id='word_1_116' title='bbox 1707 1811 1838 1876; x_wconf 90' lang='lat' dir='ltr'><strong>sint,</strong></span> <span class='ocrx_word' id='word_1_117' title='bbox 1867 1822 1976 1880; x_wconf 92' lang='lat' dir='ltr'><strong>quo</strong></span> 
     </span>
    </p>
   </div>
   <div class='ocr_carea' id='block_1_18' title="bbox 370 1901 1977 1990">
    <p class='ocr_par' dir='ltr' id='par_1_18' title="bbox 370 1901 1977 1990">
     <span class='ocr_line' id='line_1_18' title="bbox 370 1901 1977 1990; baseline -0.012 -16"><span class='ocrx_word' id='word_1_118' title='bbox 370 1916 661 1990; x_wconf 85' lang='lat' dir='ltr'><strong>posteriori</strong></span> <span class='ocrx_word' id='word_1_119' title='bbox 695 1915 993 1970; x_wconf 85' lang='lat' dir='ltr'><strong>studiosius</strong></span> <span class='ocrx_word' id='word_1_120' title='bbox 1033 1910 1383 1967; x_wconf 83' lang='lat' dir='ltr'><strong>adhaeserint.</strong></span> <span class='ocrx_word' id='word_1_121' title='bbox 1417 1905 1606 1961; x_wconf 84' lang='lat' dir='ltr'><strong>Infelix</strong></span> <span class='ocrx_word' id='word_1_122' title='bbox 1658 1901 1977 1958; x_wconf 87' lang='lat' dir='ltr'><strong>infaustum-</strong></span> 
     </span>
    </p>
   </div>
   <div class='ocr_carea' id='block_1_19' title="bbox 373 1997 1974 2082">
    <p class='ocr_par' dir='ltr' id='par_1_19' title="bbox 373 1997 1974 2082">
     <span class='ocr_line' id='line_1_19' title="bbox 373 1997 1974 2082; baseline -0.012 -15"><span class='ocrx_word' id='word_1_123' title='bbox 373 2027 480 2082; x_wconf 90' lang='lat' dir='ltr'><strong>que</strong></span> <span class='ocrx_word' id='word_1_124' title='bbox 513 2011 612 2065; x_wconf 88' lang='lat' dir='ltr'><strong>fuit</strong></span> <span class='ocrx_word' id='word_1_125' title='bbox 637 2023 850 2078; x_wconf 91' lang='lat' dir='ltr'><strong>semper</strong></span> <span class='ocrx_word' id='word_1_126' title='bbox 867 2005 1140 2060; x_wconf 75' lang='lat' dir='ltr'><strong>haereticis</strong></span> <span class='ocrx_word' id='word_1_127' title='bbox 1157 1999 1397 2056; x_wconf 69' lang='lat' dir='ltr'><strong>haeretici</strong></span> <span class='ocrx_word' id='word_1_128' title='bbox 1413 1997 1729 2055; x_wconf 86' lang='lat' dir='ltr'><strong>Tertulliani</strong></span> <span class='ocrx_word' id='word_1_129' title='bbox 1751 2011 1974 2062; x_wconf 90' lang='lat' dir='ltr'><strong>nomen,</strong></span> 
     </span>
    </p>
   </div>
   <div class='ocr_carea' id='block_1_20' title="bbox 371 2088 1979 2175">
    <p class='ocr_par' dir='ltr' id='par_1_20' title="bbox 371 2088 1979 2175">
     <span class='ocr_line' id='line_1_20' title="bbox 371 2088 1979 2175; baseline -0.012 -15"><span class='ocrx_word' id='word_1_130' title='bbox 371 2119 622 2175; x_wconf 81' lang='lat' dir='ltr'><strong>magnum</strong></span> <span class='ocrx_word' id='word_1_131' title='bbox 635 2115 767 2158; x_wconf 83' lang='lat' dir='ltr'><strong>vero</strong></span> <span class='ocrx_word' id='word_1_132' title='bbox 785 2110 840 2156; x_wconf 90' lang='lat' dir='ltr'><strong>et</strong></span> <span class='ocrx_word' id='word_1_133' title='bbox 860 2116 889 2153; x_wconf 89' lang='lat' dir='ltr'><strong>a</strong></span> <span class='ocrx_word' id='word_1_134' title='bbox 903 2098 1131 2154; x_wconf 89' lang='lat' dir='ltr'><strong>summis</strong></span> <span class='ocrx_word' id='word_1_135' title='bbox 1151 2096 1291 2151; x_wconf 90' lang='lat' dir='ltr'><strong>inter</strong></span> <span class='ocrx_word' id='word_1_136' title='bbox 1306 2093 1613 2150; x_wconf 91' lang='lat' dir='ltr'><strong>Catholicos</strong></span> <span class='ocrx_word' id='word_1_137' title='bbox 1629 2088 1979 2146; x_wconf 88' lang='lat' dir='ltr'><strong>commenda-</strong></span> 
     </span>
    </p>
   </div>
   <div class='ocr_carea' id='block_1_21' title="bbox 375 2181 1980 2254">
    <p class='ocr_par' dir='ltr' id='par_1_21' title="bbox 375 2181 1980 2254">
     <span class='ocr_line' id='line_1_21' title="bbox 375 2181 1980 2254; baseline -0.012 -1"><span class='ocrx_word' id='word_1_138' title='bbox 375 2211 509 2254; x_wconf 91' lang='lat' dir='ltr'><strong>tum.</strong></span> <span class='ocrx_word' id='word_1_139' title='bbox 532 2194 686 2252; x_wconf 90' lang='lat' dir='ltr'><strong>Unde</strong></span> <span class='ocrx_word' id='word_1_140' title='bbox 703 2193 821 2249; x_wconf 68' lang='lat' dir='ltr'><strong>htec</strong></span> <span class='ocrx_word' id='word_1_141' title='bbox 848 2192 1010 2247; x_wconf 83' lang='lat' dir='ltr'><strong>habet</strong></span> <span class='ocrx_word' id='word_1_142' title='bbox 1033 2190 1102 2245; x_wconf 91' lang='lat' dir='ltr'><strong>de</strong></span> <span class='ocrx_word' id='word_1_143' title='bbox 1127 2185 1457 2244; x_wconf 88' lang='lat' dir='ltr'><strong>Tertulliano</strong></span> <span class='ocrx_word' id='word_1_144' title='bbox 1481 2183 1746 2253; x_wconf 78' lang='lat' dir='ltr'><strong>Georgius</strong></span> <span class='ocrx_word' id='word_1_145' title='bbox 1773 2181 1980 2236; x_wconf 82' lang='lat' dir='ltr'><strong>Rosen-</strong></span> 
     </span>
    </p>
   </div>
   <div class='ocr_carea' id='block_1_22' title="bbox 375 2273 1981 2354">
    <p class='ocr_par' dir='ltr' id='par_1_22' title="bbox 375 2273 1981 2354">
     <span class='ocr_line' id='line_1_22' title="bbox 375 2273 1981 2354; baseline -0.013 -6"><span class='ocrx_word' id='word_1_146' title='bbox 375 2292 604 2348; x_wconf 89' lang='lat' dir='ltr'><strong>muller:</strong></span> <span class='ocrx_word' id='word_1_147' title='bbox 643 2309 662 2342; x_wconf 77' lang='grc' dir='ltr'><strong><em>ι</em></strong></span> <span class='ocrx_word' id='word_1_148' title='bbox 703 2287 802 2344; x_wconf 82' lang='lat' dir='ltr'><strong>Hic</strong></span> <span class='ocrx_word' id='word_1_149' title='bbox 831 2286 932 2350; x_wconf 89' lang='lat' dir='ltr'><strong>vir,</strong></span> <span class='ocrx_word' id='word_1_150' title='bbox 965 2293 1024 2340; x_wconf 91' lang='lat' dir='ltr'><strong>ut</strong></span> <span class='ocrx_word' id='word_1_151' title='bbox 1052 2281 1343 2354; x_wconf 89' lang='lat' dir='ltr'><strong>primarius</strong></span> <span class='ocrx_word' id='word_1_152' title='bbox 1384 2276 1664 2334; x_wconf 88' lang='lat' dir='ltr'><strong>latinitatis</strong></span> <span class='ocrx_word' id='word_1_153' title='bbox 1693 2273 1981 2331; x_wconf 89' lang='lat' dir='ltr'><strong>ecclesias-</strong></span> 
     </span>
    </p>
   </div>
   <div class='ocr_carea' id='block_1_23' title="bbox 373 2369 1983 2446">
    <p class='ocr_par' dir='ltr' id='par_1_23' title="bbox 373 2369 1983 2446">
     <span class='ocr_line' id='line_1_23' title="bbox 373 2369 1983 2446; baseline -0.012 -6"><span class='ocrx_word' id='word_1_154' title='bbox 373 2383 495 2440; x_wconf 89' lang='lat' dir='ltr'><strong>ticae</strong></span> <span class='ocrx_word' id='word_1_155' title='bbox 522 2391 708 2439; x_wconf 86' lang='lat' dir='ltr'><strong>auctor</strong></span> <span class='ocrx_word' id='word_1_156' title='bbox 735 2381 855 2446; x_wconf 92' lang='lat' dir='ltr'><strong>fuit,</strong></span> <span class='ocrx_word' id='word_1_157' title='bbox 889 2379 961 2434; x_wconf 90' lang='lat' dir='ltr'><strong>ita</strong></span> <span class='ocrx_word' id='word_1_158' title='bbox 991 2375 1153 2432; x_wconf 89' lang='lat' dir='ltr'><strong>etiam</strong></span> <span class='ocrx_word' id='word_1_159' title='bbox 1195 2374 1248 2429; x_wconf 95' lang='lat' dir='ltr'><strong>in</strong></span> <span class='ocrx_word' id='word_1_160' title='bbox 1292 2371 1408 2443; x_wconf 84' lang='lat' dir='ltr'><strong>ejus</strong></span> <span class='ocrx_word' id='word_1_161' title='bbox 1447 2370 1600 2426; x_wconf 89' lang='lat' dir='ltr'><strong>libris</strong></span> <span class='ocrx_word' id='word_1_162' title='bbox 1642 2369 1816 2439; x_wconf 89' lang='lat' dir='ltr'><strong>prima</strong></span> <span class='ocrx_word' id='word_1_163' title='bbox 1857 2374 1983 2421; x_wconf 91' lang='lat' dir='ltr'><strong>sunt</strong></span> 
     </span>
    </p>
   </div>
   <div class='ocr_carea' id='block_1_24' title="bbox 377 2459 1981 2542">
    <p class='ocr_par' dir='ltr' id='par_1_24' title="bbox 377 2459 1981 2542">
     <span class='ocr_line' id='line_1_24' title="bbox 377 2459 1981 2542; baseline -0.012 -12"><span class='ocrx_word' id='word_1_164' title='bbox 377 2475 584 2530; x_wconf 89' lang='lat' dir='ltr'><strong>semina</strong></span> <span class='ocrx_word' id='word_1_165' title='bbox 634 2471 919 2542; x_wconf 65' lang='lat' dir='ltr'><strong>theologia:</strong></span> <span class='ocrx_word' id='word_1_166' title='bbox 949 2468 1218 2524; x_wconf 75' lang='lat' dir='ltr'><strong>Africana:</strong></span> <span class='ocrx_word' id='word_1_167' title='bbox 1243 2477 1297 2521; x_wconf 91' lang='lat' dir='ltr'><strong>et</strong></span> <span class='ocrx_word' id='word_1_168' title='bbox 1323 2463 1533 2520; x_wconf 63' lang='lat' dir='ltr'><strong>Latinae</strong></span> <span class='ocrx_word' id='word_1_169' title='bbox 1577 2477 1696 2533; x_wconf 69' lang='lat' dir='ltr'><strong>quae</strong></span> <span class='ocrx_word' id='word_1_170' title='bbox 1735 2469 1815 2515; x_wconf 90' lang='lat' dir='ltr'><strong>tot</strong></span> <span class='ocrx_word' id='word_1_171' title='bbox 1842 2459 1981 2513; x_wconf 89' lang='lat' dir='ltr'><strong>mala</strong></span> 
     </span>
    </p>
   </div>
   <div class='ocr_carea' id='block_1_25' title="bbox 379 2549 1982 2632">
    <p class='ocr_par' dir='ltr' id='par_1_25' title="bbox 379 2549 1982 2632">
     <span class='ocr_line' id='line_1_25' title="bbox 379 2549 1982 2632; baseline -0.012 -10"><span class='ocrx_word' id='word_1_172' title='bbox 379 2565 638 2621; x_wconf 85' lang='lat' dir='ltr'><strong>Ecclesiae</strong></span> <span class='ocrx_word' id='word_1_173' title='bbox 683 2572 739 2619; x_wconf 90' lang='lat' dir='ltr'><strong>et</strong></span> <span class='ocrx_word' id='word_1_174' title='bbox 784 2561 1032 2632; x_wconf 82' lang='lat' dir='ltr'><strong>religioni</strong></span> <span class='ocrx_word' id='word_1_175' title='bbox 1082 2557 1278 2614; x_wconf 89' lang='lat' dir='ltr'><strong>attulit.</strong></span> <span class='ocrx_word' id='word_1_176' title='bbox 1330 2556 1665 2626; x_wconf 88' lang='lat' dir='ltr'><strong>Quamquam</strong></span> <span class='ocrx_word' id='word_1_177' title='bbox 1719 2553 1863 2608; x_wconf 91' lang='lat' dir='ltr'><strong>enim</strong></span> <span class='ocrx_word' id='word_1_178' title='bbox 1914 2549 1982 2604; x_wconf 90' lang='lat' dir='ltr'><strong>ad</strong></span> 
     </span>
    </p>
   </div>
   <div class='ocr_carea' id='block_1_26' title="bbox 378 2643 1982 2719">
    <p class='ocr_par' dir='ltr' id='par_1_26' title="bbox 378 2643 1982 2719">
     <span class='ocr_line' id='line_1_26' title="bbox 378 2643 1982 2719; baseline -0.012 -3"><span class='ocrx_word' id='word_1_179' title='bbox 378 2659 729 2716; x_wconf 81' lang='lat' dir='ltr'><strong>Montanistas</strong></span> <span class='ocrx_word' id='word_1_180' title='bbox 759 2654 976 2719; x_wconf 83' lang='lat' dir='ltr'><strong>defecit,</strong></span> <span class='ocrx_word' id='word_1_181' title='bbox 1008 2653 1111 2709; x_wconf 92' lang='lat' dir='ltr'><strong>hoc</strong></span> <span class='ocrx_word' id='word_1_182' title='bbox 1138 2663 1316 2707; x_wconf 89' lang='lat' dir='ltr'><strong>tamen</strong></span> <span class='ocrx_word' id='word_1_183' title='bbox 1346 2647 1655 2705; x_wconf 88' lang='lat' dir='ltr'><strong>auctoritati</strong></span> <span class='ocrx_word' id='word_1_184' title='bbox 1682 2645 1801 2716; x_wconf 85' lang='lat' dir='ltr'><strong>ejus</strong></span> <span class='ocrx_word' id='word_1_185' title='bbox 1838 2643 1982 2715; x_wconf 89' lang='lat' dir='ltr'><strong>apud</strong></span> 
     </span>
    </p>
   </div>
   <div class='ocr_carea' id='block_1_27' title="bbox 379 2742 1981 2819">
    <p class='ocr_par' dir='ltr' id='par_1_27' title="bbox 379 2742 1981 2819">
     <span class='ocr_line' id='line_1_27' title="bbox 379 2742 1981 2819; baseline -0.009 -13"><span class='ocrx_word' id='word_1_186' title='bbox 379 2749 692 2806; x_wconf 79' lang='lat' dir='ltr'><strong>Catholicos</strong></span> <span class='ocrx_word' id='word_1_187' title='bbox 715 2762 905 2819; x_wconf 90' lang='lat' dir='ltr'><strong>parum</strong></span> <span class='ocrx_word' id='word_1_188' title='bbox 925 2745 1174 2802; x_wconf 80' lang='lat' dir='ltr'><strong>detraxit.</strong></span> <span class='ocrx_word' id='word_1_189' title='bbox 1199 2743 1413 2800; x_wconf 88' lang='lat' dir='ltr'><strong>Etenim</strong></span> <span class='ocrx_word' id='word_1_190' title='bbox 1443 2742 1733 2797; x_wconf 83' lang='lat' dir='ltr'><strong>maximam</strong></span> <span class='ocrx_word' id='word_1_191' title='bbox 1755 2753 1981 2809; x_wconf 91' lang='lat' dir='ltr'><strong>operum</strong></span> 
     </span>
    </p>
   </div>
   <div class='ocr_carea' id='block_1_28' title="bbox 377 2831 1982 2911">
    <p class='ocr_par' dir='ltr' id='par_1_28' title="bbox 377 2831 1982 2911">
     <span class='ocr_line' id='line_1_28' title="bbox 377 2831 1982 2911; baseline -0.009 -13"><span class='ocrx_word' id='word_1_192' title='bbox 377 2856 600 2898; x_wconf 89' lang='lat' dir='ltr'><strong>suorum</strong></span> <span class='ocrx_word' id='word_1_193' title='bbox 625 2839 902 2911; x_wconf 89' lang='lat' dir='ltr'><strong>partemin</strong></span> <span class='ocrx_word' id='word_1_194' title='bbox 924 2837 1319 2895; x_wconf 90' lang='lat' dir='ltr'><strong>Catholicorum</strong></span> <span class='ocrx_word' id='word_1_195' title='bbox 1341 2833 1723 2892; x_wconf 88' lang='lat' dir='ltr'><strong>communione</strong></span> <span class='ocrx_word' id='word_1_196' title='bbox 1744 2831 1982 2901; x_wconf 90' lang='lat' dir='ltr'><strong>scripsit;</strong></span> 
     </span>
    </p>
   </div>
   <div class='ocr_carea' id='block_1_29' title="bbox 380 2925 1984 3000">
    <p class='ocr_par' dir='ltr' id='par_1_29' title="bbox 380 2925 1984 3000">
     <span class='ocr_line' id='line_1_29' title="bbox 380 2925 1984 3000; baseline -0.007 -10"><span class='ocrx_word' id='word_1_197' title='bbox 380 2944 437 2990; x_wconf 87' lang='lat' dir='ltr'><strong>et</strong></span> <span class='ocrx_word' id='word_1_198' title='bbox 476 2933 870 2987; x_wconf 85' lang='lat' dir='ltr'><strong>montanismus</strong></span> <span class='ocrx_word' id='word_1_199' title='bbox 909 2929 1029 2994; x_wconf 91' lang='lat' dir='ltr'><strong>ille,</strong></span> <span class='ocrx_word' id='word_1_200' title='bbox 1061 2945 1220 3000; x_wconf 91' lang='lat' dir='ltr'><strong>quem</strong></span> <span class='ocrx_word' id='word_1_201' title='bbox 1257 2936 1478 2984; x_wconf 88' lang='lat' dir='ltr'><strong>secutus</strong></span> <span class='ocrx_word' id='word_1_202' title='bbox 1502 2935 1609 2993; x_wconf 92' lang='lat' dir='ltr'><strong>est,</strong></span> <span class='ocrx_word' id='word_1_203' title='bbox 1641 2925 1984 2995; x_wconf 87' lang='lat' dir='ltr'><strong>disciplinam</strong></span> 
     </span>
    </p>
   </div>
   <div class='ocr_carea' id='block_1_30' title="bbox 381 3017 1982 3088">
    <p class='ocr_par' dir='ltr' id='par_1_30' title="bbox 381 3017 1982 3088">
     <span class='ocr_line' id='line_1_30' title="bbox 381 3017 1982 3088; baseline -0.006 -6"><span class='ocrx_word' id='word_1_204' title='bbox 381 3024 800 3082; x_wconf 87' lang='lat' dir='ltr'><strong>ecclesiasticam</strong></span> <span class='ocrx_word' id='word_1_205' title='bbox 841 3031 1047 3078; x_wconf 89' lang='lat' dir='ltr'><strong>tantum</strong></span> <span class='ocrx_word' id='word_1_206' title='bbox 1081 3021 1423 3088; x_wconf 70' lang='lat' dir='ltr'><strong>sollicitavit,</strong></span> <span class='ocrx_word' id='word_1_207' title='bbox 1457 3020 1616 3075; x_wconf 86' lang='lat' dir='ltr'><strong>fidem</strong></span> <span class='ocrx_word' id='word_1_208' title='bbox 1658 3033 1762 3074; x_wconf 92' lang='lat' dir='ltr'><strong>non</strong></span> <span class='ocrx_word' id='word_1_209' title='bbox 1812 3017 1982 3072; x_wconf 55' lang='lat' dir='ltr'><strong>viola.</strong></span> 
     </span>
    </p>
   </div>
   <div class='ocr_carea' id='block_1_31' title="bbox 379 3112 1986 3188">
    <p class='ocr_par' dir='ltr' id='par_1_31' title="bbox 379 3112 1986 3188">
     <span class='ocr_line' id='line_1_31' title="bbox 379 3112 1986 3188; baseline -0.004 -16"><span class='ocrx_word' id='word_1_210' title='bbox 379 3118 474 3174; x_wconf 91' lang='lat' dir='ltr'><strong>vit.</strong></span> <span class='ocrx_word' id='word_1_211' title='bbox 508 3116 728 3172; x_wconf 87' lang='lat' dir='ltr'><strong>Accedit</strong></span> <span class='ocrx_word' id='word_1_212' title='bbox 750 3115 893 3187; x_wconf 90' lang='lat' dir='ltr'><strong>quod</strong></span> <span class='ocrx_word' id='word_1_213' title='bbox 921 3113 1222 3188; x_wconf 89' lang='lat' dir='ltr'><strong>Cyprianus</strong></span> <span class='ocrx_word' id='word_1_214' title='bbox 1251 3131 1442 3186; x_wconf 87' lang='lat' dir='ltr'><strong>magna</strong></span> <span class='ocrx_word' id='word_1_215' title='bbox 1471 3112 1788 3169; x_wconf 89' lang='lat' dir='ltr'><strong>eruditionis</strong></span> <span class='ocrx_word' id='word_1_216' title='bbox 1817 3121 1872 3167; x_wconf 91' lang='lat' dir='ltr'><strong>et</strong></span> <span class='ocrx_word' id='word_1_217' title='bbox 1895 3126 1986 3166; x_wconf 88' lang='lat' dir='ltr'><strong>or-</strong></span> 
     </span>
    </p>
   </div>
   <div class='ocr_carea' id='block_1_32' title="bbox 380 3205 1985 3277">
    <p class='ocr_par' dir='ltr' id='par_1_32' title="bbox 380 3205 1985 3277">
     <span class='ocr_line' id='line_1_32' title="bbox 380 3205 1985 3277; baseline -0.004 -14"><span class='ocrx_word' id='word_1_218' title='bbox 380 3208 650 3263; x_wconf 76' lang='lat' dir='ltr'><strong>thodoxiae</strong></span> <span class='ocrx_word' id='word_1_219' title='bbox 669 3206 830 3262; x_wconf 90' lang='lat' dir='ltr'><strong>laude</strong></span> <span class='ocrx_word' id='word_1_220' title='bbox 858 3206 911 3261; x_wconf 92' lang='lat' dir='ltr'><strong>in</strong></span> <span class='ocrx_word' id='word_1_221' title='bbox 934 3206 1151 3277; x_wconf 88' lang='lat' dir='ltr'><strong>antiqua</strong></span> <span class='ocrx_word' id='word_1_222' title='bbox 1172 3205 1412 3261; x_wconf 85' lang='lat' dir='ltr'><strong>Ecclesia</strong></span> <span class='ocrx_word' id='word_1_223' title='bbox 1443 3205 1663 3270; x_wconf 79' lang='lat' dir='ltr'><strong>florens,</strong></span> <span class='ocrx_word' id='word_1_224' title='bbox 1695 3213 1985 3273; x_wconf 88' lang='lat' dir='ltr'><strong>perpetuus</strong></span> 
     </span>
    </p>
   </div>
   <div class='ocr_carea' id='block_1_33' title="bbox 381 3287 1986 3370">
    <p class='ocr_par' dir='ltr' id='par_1_33' title="bbox 381 3287 1986 3370">
     <span class='ocr_line' id='line_1_33' title="bbox 381 3287 1986 3370; baseline -0.003 -13"><span class='ocrx_word' id='word_1_225' title='bbox 381 3301 699 3359; x_wconf 87' lang='lat' dir='ltr'><strong>Tertulliani</strong></span> <span class='ocrx_word' id='word_1_226' title='bbox 733 3299 971 3355; x_wconf 88' lang='lat' dir='ltr'><strong>imitator</strong></span> <span class='ocrx_word' id='word_1_227' title='bbox 995 3299 1114 3367; x_wconf 83' lang='lat' dir='ltr'><strong>fuit,</strong></span> <span class='ocrx_word' id='word_1_228' title='bbox 1145 3287 1376 3370; x_wconf 86' lang='lat' dir='ltr'><strong>eumque</strong></span> <span class='ocrx_word' id='word_1_229' title='bbox 1401 3299 1538 3354; x_wconf 90' lang='lat' dir='ltr'><strong>adeo</strong></span> <span class='ocrx_word' id='word_1_230' title='bbox 1577 3298 1875 3353; x_wconf 87' lang='lat' dir='ltr'><strong>admiratus</strong></span> <span class='ocrx_word' id='word_1_231' title='bbox 1902 3307 1986 3352; x_wconf 88' lang='lat' dir='ltr'><strong>est</strong></span> 
     </span>
    </p>
   </div>
   <div class='ocr_carea' id='block_1_34' title="bbox 386 3389 1984 3464">
    <p class='ocr_par' dir='ltr' id='par_1_34' title="bbox 386 3389 1984 3464">
     <span class='ocr_line' id='line_1_34' title="bbox 386 3389 1984 3464; baseline -0.004 -15"><span class='ocrx_word' id='word_1_232' title='bbox 386 3403 445 3450; x_wconf 90' lang='lat' dir='ltr'><strong>ut</strong></span> <span class='ocrx_word' id='word_1_233' title='bbox 467 3409 613 3460; x_wconf 91' lang='lat' dir='ltr'><strong>eum,</strong></span> <span class='ocrx_word' id='word_1_234' title='bbox 644 3393 754 3449; x_wconf 82' lang='grc' dir='ltr'>κατ’</span> <span class='ocrx_word' id='word_1_235' title='bbox 781 3394 989 3464; x_wconf 76' lang='grc' dir='ltr'><strong>ἑξοχήν,</strong></span> <span class='ocrx_word' id='word_1_236' title='bbox 1018 3392 1336 3463; x_wconf 88' lang='lat' dir='ltr'><strong>magistrum</strong></span> <span class='ocrx_word' id='word_1_237' title='bbox 1358 3389 1730 3464; x_wconf 76' lang='lat' dir='ltr'><strong>vocitaret(i).</strong></span> <span class='ocrx_word' id='word_1_238' title='bbox 1748 3409 1768 3443; x_wconf 73' lang='grc' dir='ltr'><strong>ι</strong></span> <span class='ocrx_word' id='word_1_239' title='bbox 1789 3389 1984 3460; x_wconf 84' lang='lat' dir='ltr'><strong>Sphal—</strong></span> 
     </span>
    </p>
   </div>
   <div class='ocr_carea' id='block_1_35' title="bbox 382 3481 1982 3553">
    <p class='ocr_par' dir='ltr' id='par_1_35' title="bbox 382 3481 1982 3553">
     <span class='ocr_line' id='line_1_35' title="bbox 382 3481 1982 3553; baseline -0.003 -13"><span class='ocrx_word' id='word_1_240' title='bbox 382 3494 524 3540; x_wconf 91' lang='lat' dir='ltr'><strong>mata</strong></span> <span class='ocrx_word' id='word_1_241' title='bbox 566 3485 690 3538; x_wconf 89' lang='lat' dir='ltr'><strong>hinc</strong></span> <span class='ocrx_word' id='word_1_242' title='bbox 734 3483 859 3537; x_wconf 88' lang='lat' dir='ltr'><strong>inde</strong></span> <span class='ocrx_word' id='word_1_243' title='bbox 901 3497 1145 3553; x_wconf 83' lang='lat' dir='ltr'><strong>respersa</strong></span> <span class='ocrx_word' id='word_1_244' title='bbox 1178 3483 1232 3537; x_wconf 92' lang='lat' dir='ltr'><strong>in</strong></span> <span class='ocrx_word' id='word_1_245' title='bbox 1259 3482 1342 3538; x_wconf 90' lang='lat' dir='ltr'><strong>his</strong></span> <span class='ocrx_word' id='word_1_246' title='bbox 1365 3483 1544 3539; x_wconf 86' lang='lat' dir='ltr'><strong>verbis</strong></span> <span class='ocrx_word' id='word_1_247' title='bbox 1583 3483 1627 3536; x_wconf 91' lang='lat' dir='ltr'><strong>si</strong></span> <span class='ocrx_word' id='word_1_248' title='bbox 1659 3481 1982 3552; x_wconf 82' lang='lat' dir='ltr'><strong>neglexeris,</strong></span> 
     </span>
    </p>
   </div>
   <div class='ocr_carea' id='block_1_36' title="bbox 383 3576 1986 3644">
    <p class='ocr_par' dir='ltr' id='par_1_36' title="bbox 383 3576 1986 3644">
     <span class='ocr_line' id='line_1_36' title="bbox 383 3576 1986 3644; baseline -0.001 -11"><span class='ocrx_word' id='word_1_249' title='bbox 383 3578 437 3633; x_wconf 89' lang='lat' dir='ltr'><strong>id</strong></span> <span class='ocrx_word' id='word_1_250' title='bbox 467 3577 621 3633; x_wconf 81' lang='lat' dir='ltr'><strong>facile</strong></span> <span class='ocrx_word' id='word_1_251' title='bbox 647 3577 827 3632; x_wconf 88' lang='lat' dir='ltr'><strong>animo</strong></span> <span class='ocrx_word' id='word_1_252' title='bbox 851 3576 1120 3644; x_wconf 87' lang='lat' dir='ltr'><strong>attendes,</strong></span> <span class='ocrx_word' id='word_1_253' title='bbox 1155 3586 1362 3634; x_wconf 90' lang='lat' dir='ltr'><strong>tantum</strong></span> <span class='ocrx_word' id='word_1_254' title='bbox 1392 3579 1475 3633; x_wconf 94' lang='lat' dir='ltr'><strong>his</strong></span> <span class='ocrx_word' id='word_1_255' title='bbox 1500 3580 1669 3634; x_wconf 92' lang='lat' dir='ltr'><strong>minui</strong></span> <span class='ocrx_word' id='word_1_256' title='bbox 1699 3577 1986 3634; x_wconf 87' lang='lat' dir='ltr'><strong>Tertullia-</strong></span> 
     </span>
    </p>
   </div>
   <div class='ocr_carea' id='block_1_37' title="bbox 382 3667 1622 3742">
    <p class='ocr_par' dir='ltr' id='par_1_37' title="bbox 382 3667 1622 3742">
     <span class='ocr_line' id='line_1_37' title="bbox 382 3667 1622 3742; baseline -0.001 -15"><span class='ocrx_word' id='word_1_257' title='bbox 382 3685 535 3736; x_wconf 88' lang='lat' dir='ltr'><strong>num,</strong></span> <span class='ocrx_word' id='word_1_258' title='bbox 558 3676 816 3740; x_wconf 89' lang='lat' dir='ltr'><strong>quantum</strong></span> <span class='ocrx_word' id='word_1_259' title='bbox 845 3667 1035 3725; x_wconf 90' lang='lat' dir='ltr'><strong>iisdem</strong></span> <span class='ocrx_word' id='word_1_260' title='bbox 1063 3669 1246 3725; x_wconf 82' lang='lat' dir='ltr'><strong>extolli</strong></span> <span class='ocrx_word' id='word_1_261' title='bbox 1273 3668 1622 3742; x_wconf 83' lang='lat' dir='ltr'><strong>Cyprianum.</strong></span> 
     </span>
    </p>
   </div>
   <div class='ocr_carea' id='block_1_38' title="bbox 456 3760 1983 3834">
    <p class='ocr_par' dir='ltr' id='par_1_38' title="bbox 456 3760 1983 3834">
     <span class='ocr_line' id='line_1_38' title="bbox 456 3760 1983 3834; baseline 0.001 -18"><span class='ocrx_word' id='word_1_262' title='bbox 456 3761 518 3818; x_wconf 87' lang='lat' dir='ltr'><strong>ll.</strong></span> <span class='ocrx_word' id='word_1_263' title='bbox 551 3760 828 3818; x_wconf 91' lang='lat' dir='ltr'><strong>Undenam</strong></span> <span class='ocrx_word' id='word_1_264' title='bbox 873 3770 1022 3818; x_wconf 90' lang='lat' dir='ltr'><strong>tanto</strong></span> <span class='ocrx_word' id='word_1_265' title='bbox 1050 3762 1164 3817; x_wconf 92' lang='lat' dir='ltr'><strong>viro</strong></span> <span class='ocrx_word' id='word_1_266' title='bbox 1211 3762 1428 3834; x_wconf 89' lang='lat' dir='ltr'><strong>indigna</strong></span> <span class='ocrx_word' id='word_1_267' title='bbox 1459 3764 1618 3818; x_wconf 87' lang='lat' dir='ltr'><strong>laus?</strong></span> <span class='ocrx_word' id='word_1_268' title='bbox 1644 3761 1797 3819; x_wconf 90' lang='lat' dir='ltr'><strong>Unde</strong></span> <span class='ocrx_word' id='word_1_269' title='bbox 1829 3762 1983 3818; x_wconf 89' lang='lat' dir='ltr'><strong>triste</strong></span> 
     </span>
    </p>
   </div>
   <div class='ocr_carea' id='block_1_39' title="bbox 384 3853 1984 3927">
    <p class='ocr_par' dir='ltr' id='par_1_39' title="bbox 384 3853 1984 3927">
     <span class='ocr_line' id='line_1_39' title="bbox 384 3853 1984 3927; baseline 0.003 -17"><span class='ocrx_word' id='word_1_270' title='bbox 384 3854 752 3927; x_wconf 62' lang='lat' dir='ltr'><strong>praeconium?</strong></span> <span class='ocrx_word' id='word_1_271' title='bbox 783 3854 861 3909; x_wconf 86' lang='lat' dir='ltr'><strong>Ex</strong></span> <span class='ocrx_word' id='word_1_272' title='bbox 893 3853 1060 3925; x_wconf 90' lang='lat' dir='ltr'><strong>ipsius</strong></span> <span class='ocrx_word' id='word_1_273' title='bbox 1088 3870 1210 3910; x_wconf 91' lang='lat' dir='ltr'><strong>cum</strong></span> <span class='ocrx_word' id='word_1_274' title='bbox 1253 3854 1524 3925; x_wconf 89' lang='lat' dir='ltr'><strong>Stephano</strong></span> <span class='ocrx_word' id='word_1_275' title='bbox 1553 3855 1816 3911; x_wconf 78' lang='lat' dir='ltr'><strong>Pontifice</strong></span> <span class='ocrx_word' id='word_1_276' title='bbox 1850 3870 1984 3915; x_wconf 93' lang='lat' dir='ltr'><strong>con-</strong></span> 
     </span>
    </p>
   </div>
   <div class='ocr_carea' id='block_1_40' title="bbox 389 3945 1979 4020">
    <p class='ocr_par' dir='ltr' id='par_1_40' title="bbox 389 3945 1979 4020">
     <span class='ocr_line' id='line_1_40' title="bbox 389 3945 1979 4020; baseline 0.002 -17"><span class='ocrx_word' id='word_1_277' title='bbox 389 3946 557 4003; x_wconf 85' lang='lat' dir='ltr'><strong>ﬂictu.</strong></span> <span class='ocrx_word' id='word_1_278' title='bbox 617 3945 753 4000; x_wconf 91' lang='lat' dir='ltr'><strong>llinc</strong></span> <span class='ocrx_word' id='word_1_279' title='bbox 789 3945 841 4000; x_wconf 92' lang='lat' dir='ltr'><strong>in</strong></span> <span class='ocrx_word' id='word_1_280' title='bbox 891 3961 1014 4001; x_wconf 93' lang='lat' dir='ltr'><strong>eum</strong></span> <span class='ocrx_word' id='word_1_281' title='bbox 1056 3945 1284 4001; x_wconf 85' lang='lat' dir='ltr'><strong>conflata</strong></span> <span class='ocrx_word' id='word_1_282' title='bbox 1331 3947 1726 4003; x_wconf 86' lang='lat' dir='ltr'><strong>neotericorntn</strong></span> <span class='ocrx_word' id='word_1_283' title='bbox 1771 3949 1979 4020; x_wconf 90' lang='lat' dir='ltr'><strong>studia,</strong></span> 
     </span>
    </p>
   </div>
   <div class='ocr_carea' id='block_1_41' title="bbox 386 4038 1982 4114">
    <p class='ocr_par' dir='ltr' id='par_1_41' title="bbox 386 4038 1982 4114">
     <span class='ocr_line' id='line_1_41' title="bbox 386 4038 1982 4114; baseline 0.004 -20"><span class='ocrx_word' id='word_1_284' title='bbox 386 4039 630 4109; x_wconf 85' lang='lat' dir='ltr'><strong>tantique</strong></span> <span class='ocrx_word' id='word_1_285' title='bbox 684 4039 914 4110; x_wconf 90' lang='lat' dir='ltr'><strong>impensi</strong></span> <span class='ocrx_word' id='word_1_286' title='bbox 942 4038 1185 4107; x_wconf 85' lang='lat' dir='ltr'><strong>labores;</strong></span> <span class='ocrx_word' id='word_1_287' title='bbox 1219 4039 1345 4094; x_wconf 89' lang='lat' dir='ltr'><strong>hinc</strong></span> <span class='ocrx_word' id='word_1_288' title='bbox 1399 4040 1682 4110; x_wconf 91' lang='lat' dir='ltr'><strong>splendida</strong></span> <span class='ocrx_word' id='word_1_289' title='bbox 1725 4041 1811 4097; x_wconf 88' lang='lat' dir='ltr'><strong>illa</strong></span> <span class='ocrx_word' id='word_1_290' title='bbox 1851 4059 1982 4114; x_wconf 91' lang='lat' dir='ltr'><strong>ope-</strong></span> 
     </span>
    </p>
   </div>
   <div class='ocr_carea' id='block_1_42' title="bbox 385 4129 1980 4202">
    <p class='ocr_par' dir='ltr' id='par_1_42' title="bbox 385 4129 1980 4202">
     <span class='ocr_line' id='line_1_42' title="bbox 385 4129 1980 4202; baseline 0.003 -13"><span class='ocrx_word' id='word_1_291' title='bbox 385 4148 501 4189; x_wconf 86' lang='lat' dir='ltr'><strong>rum</strong></span> <span class='ocrx_word' id='word_1_292' title='bbox 555 4131 672 4202; x_wconf 87' lang='lat' dir='ltr'><strong>ejus</strong></span> <span class='ocrx_word' id='word_1_293' title='bbox 701 4131 868 4187; x_wconf 89' lang='lat' dir='ltr'><strong>editio</strong></span> <span class='ocrx_word' id='word_1_294' title='bbox 917 4129 1110 4187; x_wconf 88' lang='lat' dir='ltr'><strong>Oxonii</strong></span> <span class='ocrx_word' id='word_1_295' title='bbox 1162 4131 1327 4199; x_wconf 88' lang='lat' dir='ltr'><strong>data;</strong></span> <span class='ocrx_word' id='word_1_296' title='bbox 1369 4133 1495 4190; x_wconf 90' lang='lat' dir='ltr'><strong>hinc</strong></span> <span class='ocrx_word' id='word_1_297' title='bbox 1546 4134 1815 4192; x_wconf 89' lang='lat' dir='ltr'><strong>indefessa</strong></span> <span class='ocrx_word' id='word_1_298' title='bbox 1853 4137 1980 4193; x_wconf 86' lang='lat' dir='ltr'><strong>Fel-</strong></span> 
     </span>
    </p>
   </div>
   <div class='ocr_carea' id='block_1_43' title="bbox 378 4223 1983 4296">
    <p class='ocr_par' dir='ltr' id='par_1_43' title="bbox 378 4223 1983 4296">
     <span class='ocr_line' id='line_1_43' title="bbox 378 4223 1983 4296; baseline 0.004 -18"><span class='ocrx_word' id='word_1_299' title='bbox 378 4223 450 4289; x_wconf 85' lang='lat' dir='ltr'><strong>li,</strong></span> <span class='ocrx_word' id='word_1_300' title='bbox 501 4223 811 4288; x_wconf 84' lang='lat' dir='ltr'><strong>Pearsonil,</strong></span> <span class='ocrx_word' id='word_1_301' title='bbox 859 4223 1160 4292; x_wconf 83' lang='lat' dir='ltr'><strong>Dodwelli,</strong></span> <span class='ocrx_word' id='word_1_302' title='bbox 1205 4224 1456 4296; x_wconf 86' lang='lat' dir='ltr'><strong>Rigaltii,</strong></span> <span class='ocrx_word' id='word_1_303' title='bbox 1503 4225 1754 4294; x_wconf 84' lang='lat' dir='ltr'><strong>Routhii,</strong></span> <span class='ocrx_word' id='word_1_304' title='bbox 1814 4229 1983 4284; x_wconf 82' lang='lat' dir='ltr'><strong>Mars-</strong></span> 
     </span>
    </p>
   </div>
   <div class='ocr_carea' id='block_1_44' title="bbox 381 4314 1982 4391">
    <p class='ocr_par' dir='ltr' id='par_1_44' title="bbox 381 4314 1982 4391">
     <span class='ocr_line' id='line_1_44' title="bbox 381 4314 1982 4391; baseline 0.003 -19"><span class='ocrx_word' id='word_1_305' title='bbox 381 4315 546 4382; x_wconf 88' lang='lat' dir='ltr'><strong>chall,</strong></span> <span class='ocrx_word' id='word_1_306' title='bbox 581 4316 767 4384; x_wconf 86' lang='lat' dir='ltr'><strong>Poole,</strong></span> <span class='ocrx_word' id='word_1_307' title='bbox 795 4314 1061 4371; x_wconf 83' lang='lat' dir='ltr'><strong>Matthiesi</strong></span> <span class='ocrx_word' id='word_1_308' title='bbox 1088 4330 1278 4384; x_wconf 86' lang='lat' dir='ltr'><strong>opera,</strong></span> <span class='ocrx_word' id='word_1_309' title='bbox 1303 4329 1492 4373; x_wconf 87' lang='lat' dir='ltr'><strong>cuncta</strong></span> <span class='ocrx_word' id='word_1_310' title='bbox 1525 4319 1604 4374; x_wconf 93' lang='lat' dir='ltr'><strong>rei</strong></span> <span class='ocrx_word' id='word_1_311' title='bbox 1645 4318 1982 4391; x_wconf 67' lang='lat' dir='ltr'><strong>Cyprianicee</strong></span> 
     </span>
    </p>
   </div>
   <div class='ocr_carea' id='block_1_45' title="bbox 382 4405 1976 4482">
    <p class='ocr_par' dir='ltr' id='par_1_45' title="bbox 382 4405 1976 4482">
     <span class='ocr_line' id='line_1_45' title="bbox 382 4405 1976 4482; baseline 0.004 -21"><span class='ocrx_word' id='word_1_312' title='bbox 382 4414 654 4461; x_wconf 87' lang='lat' dir='ltr'><strong>momenta</strong></span> <span class='ocrx_word' id='word_1_313' title='bbox 676 4445 691 4473; x_wconf 92' lang='lat'><strong>,</strong></span> <span class='ocrx_word' id='word_1_314' title='bbox 733 4405 877 4461; x_wconf 89' lang='lat' dir='ltr'><strong>haud</strong></span> <span class='ocrx_word' id='word_1_315' title='bbox 907 4407 1024 4462; x_wconf 91' lang='lat' dir='ltr'><strong>sine</strong></span> <span class='ocrx_word' id='word_1_316' title='bbox 1051 4407 1234 4477; x_wconf 90' lang='lat' dir='ltr'><strong>iniquo</strong></span> <span class='ocrx_word' id='word_1_317' title='bbox 1266 4407 1491 4478; x_wconf 89' lang='lat' dir='ltr'><strong>partium</strong></span> <span class='ocrx_word' id='word_1_318' title='bbox 1520 4408 1724 4477; x_wconf 89' lang='lat' dir='ltr'><strong>favore,</strong></span> <span class='ocrx_word' id='word_1_319' title='bbox 1775 4428 1942 4482; x_wconf 90' lang='lat' dir='ltr'><strong>pensa</strong></span> <span class='ocrx_word' id='word_1_320' title='bbox 1961 4453 1976 4480; x_wconf 98' lang='lat'><strong>,</strong></span> 
     </span>
    </p>
   </div>
   <div class='ocr_carea' id='block_1_46' title="bbox 382 4499 1976 4573">
    <p class='ocr_par' dir='ltr' id='par_1_46' title="bbox 382 4499 1976 4573">
     <span class='ocr_line' id='line_1_46' title="bbox 382 4499 1976 4573; baseline 0.004 -18"><span class='ocrx_word' id='word_1_321' title='bbox 382 4499 605 4573; x_wconf 88' lang='lat' dir='ltr'><strong>probata</strong></span> <span class='ocrx_word' id='word_1_322' title='bbox 629 4499 980 4570; x_wconf 87' lang='lat' dir='ltr'><strong>reprobatave</strong></span> <span class='ocrx_word' id='word_1_323' title='bbox 996 4541 1010 4566; x_wconf 91' lang='lat'><strong>,</strong></span> <span class='ocrx_word' id='word_1_324' title='bbox 1039 4509 1095 4556; x_wconf 93' lang='lat' dir='ltr'><strong>et</strong></span> <span class='ocrx_word' id='word_1_325' title='bbox 1120 4501 1422 4557; x_wconf 90' lang='lat' dir='ltr'><strong>decretorio</strong></span> <span class='ocrx_word' id='word_1_326' title='bbox 1441 4503 1642 4572; x_wconf 91' lang='lat' dir='ltr'><strong>judicio</strong></span> <span class='ocrx_word' id='word_1_327' title='bbox 1667 4507 1976 4562; x_wconf 90' lang='lat' dir='ltr'><strong>constituta.</strong></span> 
     </span>
    </p>
   </div>
   <div class='ocr_carea' id='block_1_47' title="bbox 454 4590 1979 4669">
    <p class='ocr_par' dir='ltr' id='par_1_47' title="bbox 454 4590 1979 4669">
     <span class='ocr_line' id='line_1_47' title="bbox 454 4590 1979 4669; baseline 0.005 -23"><span class='ocrx_word' id='word_1_328' title='bbox 454 4591 568 4646; x_wconf 80' lang='lat' dir='ltr'><strong>Hoc</strong></span> <span class='ocrx_word' id='word_1_329' title='bbox 617 4590 776 4661; x_wconf 82' lang='lat' dir='ltr'><strong>igitur</strong></span> <span class='ocrx_word' id='word_1_330' title='bbox 822 4591 1001 4646; x_wconf 90' lang='lat' dir='ltr'><strong>oneris</strong></span> <span class='ocrx_word' id='word_1_331' title='bbox 1045 4592 1314 4649; x_wconf 89' lang='lat' dir='ltr'><strong>catholico</strong></span> <span class='ocrx_word' id='word_1_332' title='bbox 1355 4595 1575 4650; x_wconf 88' lang='lat' dir='ltr'><strong>cuilibet</strong></span> <span class='ocrx_word' id='word_1_333' title='bbox 1621 4597 1679 4651; x_wconf 90' lang='lat' dir='ltr'><strong>S.</strong></span> <span class='ocrx_word' id='word_1_334' title='bbox 1725 4598 1979 4669; x_wconf 86' lang='lat' dir='ltr'><strong>Cypriani</strong></span> 
     </span>
    </p>
   </div>
   <div class='ocr_carea' id='block_1_48' title="bbox 383 4684 1981 4760">
    <p class='ocr_par' dir='ltr' id='par_1_48' title="bbox 383 4684 1981 4760">
     <span class='ocr_line' id='line_1_48' title="bbox 383 4684 1981 4760; baseline 0.005 -20"><span class='ocrx_word' id='word_1_335' title='bbox 383 4684 575 4740; x_wconf 87' lang='lat' dir='ltr'><strong>edituri</strong></span> <span class='ocrx_word' id='word_1_336' title='bbox 609 4684 905 4753; x_wconf 89' lang='lat' dir='ltr'><strong>incumbit,</strong></span> <span class='ocrx_word' id='word_1_337' title='bbox 943 4696 1031 4756; x_wconf 91' lang='lat' dir='ltr'><strong>ut,</strong></span> <span class='ocrx_word' id='word_1_338' title='bbox 1065 4686 1288 4742; x_wconf 86' lang='lat' dir='ltr'><strong>sublatis</strong></span> <span class='ocrx_word' id='word_1_339' title='bbox 1331 4687 1472 4744; x_wconf 88' lang='lat' dir='ltr'><strong>unde</strong></span> <span class='ocrx_word' id='word_1_340' title='bbox 1508 4688 1650 4760; x_wconf 89' lang='lat' dir='ltr'><strong>apud</strong></span> <span class='ocrx_word' id='word_1_341' title='bbox 1678 4691 1981 4749; x_wconf 91' lang='lat' dir='ltr'><strong>neotericos</strong></span> 
     </span>
    </p>
   </div>
   <div class='ocr_carea' id='block_1_49' title="bbox 385 4778 1981 4853">
    <p class='ocr_par' dir='ltr' id='par_1_49' title="bbox 385 4778 1981 4853">
     <span class='ocr_line' id='line_1_49' title="bbox 385 4778 1981 4853; baseline 0.003 -20"><span class='ocrx_word' id='word_1_342' title='bbox 385 4794 581 4834; x_wconf 90' lang='lat' dir='ltr'><strong>nomen</strong></span> <span class='ocrx_word' id='word_1_343' title='bbox 614 4779 732 4848; x_wconf 89' lang='lat' dir='ltr'><strong>ejus</strong></span> <span class='ocrx_word' id='word_1_344' title='bbox 757 4778 998 4833; x_wconf 88' lang='lat' dir='ltr'><strong>elevetur</strong></span> <span class='ocrx_word' id='word_1_345' title='bbox 1028 4779 1420 4844; x_wconf 88' lang='lat' dir='ltr'><strong>fundamentis,</strong></span> <span class='ocrx_word' id='word_1_346' title='bbox 1462 4791 1667 4836; x_wconf 90' lang='lat' dir='ltr'><strong>tantum</strong></span> <span class='ocrx_word' id='word_1_347' title='bbox 1710 4784 1849 4853; x_wconf 90' lang='lat' dir='ltr'><strong>apud</strong></span> <span class='ocrx_word' id='word_1_348' title='bbox 1876 4782 1981 4838; x_wconf 87' lang='lat' dir='ltr'><strong>Ec-</strong></span> 
     </span>
    </p>
   </div>
   <div class='ocr_carea' id='block_1_50' title="bbox 383 4870 1979 4952">
    <p class='ocr_par' dir='ltr' id='par_1_50' title="bbox 383 4870 1979 4952">
     <span class='ocr_line' id='line_1_50' title="bbox 383 4870 1979 4952; baseline 0.003 -25"><span class='ocrx_word' id='word_1_349' title='bbox 383 4870 562 4927; x_wconf 75' lang='lat' dir='ltr'><strong>clesia:</strong></span> <span class='ocrx_word' id='word_1_350' title='bbox 612 4870 750 4926; x_wconf 81' lang='lat' dir='ltr'><strong>filios</strong></span> <span class='ocrx_word' id='word_1_351' title='bbox 792 4880 1004 4927; x_wconf 87' lang='lat' dir='ltr'><strong>crescat</strong></span> <span class='ocrx_word' id='word_1_352' title='bbox 1041 4886 1163 4927; x_wconf 87' lang='lat' dir='ltr'><strong>vera</strong></span> <span class='ocrx_word' id='word_1_353' title='bbox 1188 4872 1304 4942; x_wconf 86' lang='lat' dir='ltr'><strong>ejus</strong></span> <span class='ocrx_word' id='word_1_354' title='bbox 1351 4876 1678 4952; x_wconf 77' lang='lat' dir='ltr'><strong>auctoritas,</strong></span> <span class='ocrx_word' id='word_1_355' title='bbox 1722 4886 1979 4947; x_wconf 86' lang='lat' dir='ltr'><strong>quantum</strong></span> 
     </span>
    </p>
   </div>
   <div class='ocr_carea' id='block_1_51' title="bbox 383 4962 1981 5038">
    <p class='ocr_par' dir='ltr' id='par_1_51' title="bbox 383 4962 1981 5038">
     <span class='ocr_line' id='line_1_51' title="bbox 383 4962 1981 5038; baseline 0.003 -21"><span class='ocrx_word' id='word_1_356' title='bbox 383 4962 524 5034; x_wconf 85' lang='lat' dir='ltr'><strong>apud</strong></span> <span class='ocrx_word' id='word_1_357' title='bbox 555 4970 842 5018; x_wconf 83' lang='lat' dir='ltr'><strong>extraneos</strong></span> <span class='ocrx_word' id='word_1_358' title='bbox 879 4962 1106 5034; x_wconf 87' lang='lat' dir='ltr'><strong>deprimi</strong></span> <span class='ocrx_word' id='word_1_359' title='bbox 1135 4965 1398 5021; x_wconf 87' lang='lat' dir='ltr'><strong>videatur.</strong></span> <span class='ocrx_word' id='word_1_360' title='bbox 1434 4967 1628 5023; x_wconf 85' lang='lat' dir='ltr'><strong>Totam</strong></span> <span class='ocrx_word' id='word_1_361' title='bbox 1656 4969 1817 5038; x_wconf 89' lang='lat' dir='ltr'><strong>igitur</strong></span> <span class='ocrx_word' id='word_1_362' title='bbox 1857 4981 1981 5022; x_wconf 87' lang='lat' dir='ltr'><strong>nos-</strong></span> 
     </span>
    </p>
   </div>
   <div class='ocr_carea' id='block_1_52' title="bbox 385 5054 1982 5130">
    <p class='ocr_par' dir='ltr' id='par_1_52' title="bbox 385 5054 1982 5130">
     <span class='ocr_line' id='line_1_52' title="bbox 385 5054 1982 5130; baseline 0.004 -22"><span class='ocrx_word' id='word_1_363' title='bbox 385 5065 522 5110; x_wconf 88' lang='lat' dir='ltr'><strong>tram</strong></span> <span class='ocrx_word' id='word_1_364' title='bbox 549 5054 616 5110; x_wconf 89' lang='lat' dir='ltr'><strong>de</strong></span> <span class='ocrx_word' id='word_1_365' title='bbox 642 5054 959 5110; x_wconf 88' lang='lat' dir='ltr'><strong>auctoritate</strong></span> <span class='ocrx_word' id='word_1_366' title='bbox 987 5055 1238 5128; x_wconf 86' lang='lat' dir='ltr'><strong>Cypriani</strong></span> <span class='ocrx_word' id='word_1_367' title='bbox 1269 5058 1699 5130; x_wconf 79' lang='lat' dir='ltr'><strong>disquisitionem</strong></span> <span class='ocrx_word' id='word_1_368' title='bbox 1733 5063 1785 5113; x_wconf 91' lang='lat' dir='ltr'><strong>iu</strong></span> <span class='ocrx_word' id='word_1_369' title='bbox 1810 5059 1982 5128; x_wconf 89' lang='lat' dir='ltr'><strong>expli-</strong></span> 
     </span>
    </p>
   </div>
   <div class='ocr_carea' id='block_1_53' title="bbox 386 5147 1982 5223">
    <p class='ocr_par' dir='ltr' id='par_1_53' title="bbox 386 5147 1982 5223">
     <span class='ocr_line' id='line_1_53' title="bbox 386 5147 1982 5223; baseline 0.004 -20"><span class='ocrx_word' id='word_1_370' title='bbox 386 5147 557 5203; x_wconf 87' lang='lat' dir='ltr'><strong>canda</strong></span> <span class='ocrx_word' id='word_1_371' title='bbox 610 5149 776 5218; x_wconf 84' lang='lat' dir='ltr'><strong>ipsius</strong></span> <span class='ocrx_word' id='word_1_372' title='bbox 821 5151 1083 5205; x_wconf 88' lang='lat' dir='ltr'><strong>sententia</strong></span> <span class='ocrx_word' id='word_1_373' title='bbox 1115 5152 1258 5207; x_wconf 90' lang='lat' dir='ltr'><strong>circa</strong></span> <span class='ocrx_word' id='word_1_374' title='bbox 1301 5154 1632 5223; x_wconf 82' lang='lat' dir='ltr'><strong>pontificiam</strong></span> <span class='ocrx_word' id='word_1_375' title='bbox 1665 5153 1982 5223; x_wconf 67' lang='lat' dir='ltr'><strong>praecellen-</strong></span> 
     </span>
    </p>
   </div>
   <div class='ocr_carea' id='block_1_54' title="bbox 384 5240 1534 5311">
    <p class='ocr_par' dir='ltr' id='par_1_54' title="bbox 384 5240 1534 5311">
     <span class='ocr_line' id='line_1_54' title="bbox 384 5240 1534 5311; baseline 0.002 -15"><span class='ocrx_word' id='word_1_376' title='bbox 384 5240 512 5296; x_wconf 89' lang='lat' dir='ltr'><strong>tiam</strong></span> <span class='ocrx_word' id='word_1_377' title='bbox 536 5240 888 5311; x_wconf 86' lang='lat' dir='ltr'><strong>colligendam</strong></span> <span class='ocrx_word' id='word_1_378' title='bbox 909 5257 1029 5298; x_wconf 91' lang='lat' dir='ltr'><strong>esse</strong></span> <span class='ocrx_word' id='word_1_379' title='bbox 1052 5244 1297 5300; x_wconf 90' lang='lat' dir='ltr'><strong>arbitrati</strong></span> <span class='ocrx_word' id='word_1_380' title='bbox 1325 5259 1534 5300; x_wconf 91' lang='lat' dir='ltr'><strong>sumus.</strong></span> 
     </span>
    </p>
   </div>
   <div class='ocr_carea' id='block_1_55' title="bbox 455 5335 1981 5411">
    <p class='ocr_par' dir='ltr' id='par_1_55' title="bbox 455 5335 1981 5411">
     <span class='ocr_line' id='line_1_55' title="bbox 455 5335 1981 5411; baseline 0.005 -22"><span class='ocrx_word' id='word_1_381' title='bbox 455 5335 543 5390; x_wconf 87' lang='lat' dir='ltr'><strong>Ill.</strong></span> <span class='ocrx_word' id='word_1_382' title='bbox 575 5335 657 5390; x_wconf 82' lang='lat' dir='ltr'><strong>Ab</strong></span> <span class='ocrx_word' id='word_1_383' title='bbox 677 5337 924 5393; x_wconf 87' lang='lat' dir='ltr'><strong>omnibus</strong></span> <span class='ocrx_word' id='word_1_384' title='bbox 968 5350 1244 5411; x_wconf 89' lang='lat' dir='ltr'><strong>receptum</strong></span> <span class='ocrx_word' id='word_1_385' title='bbox 1284 5349 1368 5396; x_wconf 91' lang='lat' dir='ltr'><strong>est</strong></span> <span class='ocrx_word' id='word_1_386' title='bbox 1413 5341 1735 5410; x_wconf 87' lang='lat' dir='ltr'><strong>scriptorem</strong></span> <span class='ocrx_word' id='word_1_387' title='bbox 1787 5355 1981 5411; x_wconf 86' lang='lat' dir='ltr'><strong>quem-</strong></span> 
     </span>
    </p>
   </div>
   <div class='ocr_carea' id='block_1_56' title="bbox 383 5425 1984 5497">
    <p class='ocr_par' dir='ltr' id='par_1_56' title="bbox 383 5425 1984 5497">
     <span class='ocr_line' id='line_1_56' title="bbox 383 5425 1984 5497; baseline 0.005 -17"><span class='ocrx_word' id='word_1_388' title='bbox 383 5426 516 5481; x_wconf 85' lang='lat' dir='ltr'><strong>libet</strong></span> <span class='ocrx_word' id='word_1_389' title='bbox 561 5425 911 5496; x_wconf 89' lang='lat' dir='ltr'><strong>judicandum</strong></span> <span class='ocrx_word' id='word_1_390' title='bbox 941 5445 1083 5497; x_wconf 91' lang='lat' dir='ltr'><strong>esse,</strong></span> <span class='ocrx_word' id='word_1_391' title='bbox 1108 5447 1213 5487; x_wconf 87' lang='lat' dir='ltr'><strong>non</strong></span> <span class='ocrx_word' id='word_1_392' title='bbox 1240 5447 1306 5487; x_wconf 79' lang='lat' dir='ltr'><strong>ex</strong></span> <span class='ocrx_word' id='word_1_393' title='bbox 1339 5446 1447 5487; x_wconf 92' lang='lat' dir='ltr'><strong>uno</strong></span> <span class='ocrx_word' id='word_1_394' title='bbox 1483 5432 1726 5488; x_wconf 89' lang='lat' dir='ltr'><strong>alterove</strong></span> <span class='ocrx_word' id='word_1_395' title='bbox 1777 5447 1984 5488; x_wconf 89' lang='lat' dir='ltr'><strong>sermo-</strong></span> 
     </span>
    </p>
   </div>
   <div class='ocr_carea' id='block_1_57' title="bbox 385 5518 1980 5592">
    <p class='ocr_par' dir='ltr' id='par_1_57' title="bbox 385 5518 1980 5592">
     <span class='ocr_line' id='line_1_57' title="bbox 385 5518 1980 5592; baseline 0.006 -20"><span class='ocrx_word' id='word_1_396' title='bbox 385 5534 512 5573; x_wconf 92' lang='lat' dir='ltr'><strong>num</strong></span> <span class='ocrx_word' id='word_1_397' title='bbox 545 5518 661 5589; x_wconf 87' lang='lat' dir='ltr'><strong>ejus</strong></span> <span class='ocrx_word' id='word_1_398' title='bbox 692 5521 879 5589; x_wconf 86' lang='lat' dir='ltr'><strong>verbo;</strong></span> <span class='ocrx_word' id='word_1_399' title='bbox 913 5522 1009 5580; x_wconf 92' lang='lat' dir='ltr'><strong>sed</strong></span> <span class='ocrx_word' id='word_1_400' title='bbox 1037 5538 1104 5578; x_wconf 75' lang='lat' dir='ltr'><strong>ex</strong></span> <span class='ocrx_word' id='word_1_401' title='bbox 1135 5524 1396 5580; x_wconf 90' lang='lat' dir='ltr'><strong>continuo</strong></span> <span class='ocrx_word' id='word_1_402' title='bbox 1441 5524 1705 5581; x_wconf 86' lang='lat' dir='ltr'><strong>doctrinae</strong></span> <span class='ocrx_word' id='word_1_403' title='bbox 1758 5533 1980 5592; x_wconf 89' lang='lat' dir='ltr'><strong>tenore;</strong></span> 
     </span>
    </p>
   </div>
   <div class='ocr_carea' id='block_1_58' title="bbox 437 5713 1954 5792">
    <p class='ocr_par' dir='ltr' id='par_1_58' title="bbox 437 5713 1954 5792">
     <span class='ocr_line' id='line_1_58' title="bbox 437 5713 1954 5792; baseline 0.005 -23"><span class='ocrx_word' id='word_1_404' title='bbox 437 5713 537 5792; x_wconf 35' lang='grc' dir='ltr'><strong>μ’)</strong></span> <span class='ocrx_word' id='word_1_405' title='bbox 569 5713 1069 5792; x_wconf 39' lang='lat' dir='ltr'><strong>Historgntcrpret.</strong></span> <span class='ocrx_word' id='word_1_406' title='bbox 1100 5718 1276 5792; x_wconf 58' lang='lat' dir='ltr'><strong>libror.</strong></span> <span class='ocrx_word' id='word_1_407' title='bbox 1302 5717 1408 5776; x_wconf 88' lang='lat' dir='ltr'><strong>SS.</strong></span> <span class='ocrx_word' id='word_1_408' title='bbox 1436 5718 1489 5776; x_wconf 84' lang='lat' dir='ltr'><strong>in</strong></span> <span class='ocrx_word' id='word_1_409' title='bbox 1520 5718 1752 5779; x_wconf 76' lang='lat' dir='ltr'><strong>Ecclesia</strong></span> <span class='ocrx_word' id='word_1_410' title='bbox 1779 5722 1954 5780; x_wconf 83' lang='lat' dir='ltr'><strong>christ.</strong></span> 
     </span>
    </p>
   </div>
   <div class='ocr_carea' id='block_1_59' title="bbox 381 5766 1978 5862">
    <p class='ocr_par' dir='ltr' id='par_1_59' title="bbox 381 5766 1978 5862">
     <span class='ocr_line' id='line_1_59' title="bbox 381 5766 1978 5862; baseline -0.001 -18"><span class='ocrx_word' id='word_1_411' title='bbox 381 5766 1068 5862; x_wconf 46' lang='lat' dir='ltr'><strong>uitasset:iam}:</strong></span> <span class='ocrx_word' id='word_1_412' title='bbox 1083 5766 1408 5860; x_wconf 42' lang='lat' dir='ltr'><strong>Epic?&quot;</strong></span> <span class='ocrx_word' id='word_1_413' title='bbox 1520 5766 1751 5779; x_wconf 74' lang='grc'><em>“””””</em></span> 
     </span>
    </p>
   </div>
   <div class='ocr_carea' id='block_1_60' title="bbox 1834 291 2313 353">
    <p class='ocr_par' dir='ltr' id='par_1_60' title="bbox 1834 291 2313 353">
     <span class='ocr_line' id='line_1_60' title="bbox 1834 291 2313 353; baseline -0.021 0"><span class='ocrx_word' id='word_1_414' title='bbox 1834 291 2226 353; x_wconf 66' lang='lat' dir='ltr'><strong>PREFATIO.</strong></span> <span class='ocrx_word' id='word_1_415' title='bbox 2309 295 2313 298; x_wconf 82' lang='grc'><strong>’</strong></span> 
     </span>
    </p>
   </div>
   <div class='ocr_carea' id='block_1_61' title="bbox 3577 286 3686 333">
    <p class='ocr_par' dir='ltr' id='par_1_61' title="bbox 3577 286 3686 333">
     <span class='ocr_line' id='line_1_61' title="bbox 3577 286 3686 333; baseline 0.009 -3"><span class='ocrx_word' id='word_1_416' title='bbox 3577 286 3686 333; x_wconf 70' lang='lat' dir='ltr'><strong>Vill</strong></span> 
     </span>
    </p>
   </div>
   <div class='ocr_carea' id='block_1_62' title="bbox 2071 384 3678 470">
    <p class='ocr_par' dir='ltr' id='par_1_62' title="bbox 2071 384 3678 470">
     <span class='ocr_line' id='line_1_62' title="bbox 2071 384 3678 470; baseline -0.012 -9"><span class='ocrx_word' id='word_1_417' title='bbox 2071 423 2179 462; x_wconf 91' lang='lat' dir='ltr'><strong>non</strong></span> <span class='ocrx_word' id='word_1_418' title='bbox 2210 419 2278 459; x_wconf 81' lang='lat' dir='ltr'><strong>ex</strong></span> <span class='ocrx_word' id='word_1_419' title='bbox 2309 396 2614 470; x_wconf 81' lang='lat' dir='ltr'><strong>improvisis</strong></span> <span class='ocrx_word' id='word_1_420' title='bbox 2659 392 2836 450; x_wconf 84' lang='lat' dir='ltr'><strong>etfatis</strong></span> <span class='ocrx_word' id='word_1_421' title='bbox 2865 391 2921 446; x_wconf 91' lang='lat' dir='ltr'><strong>in</strong></span> <span class='ocrx_word' id='word_1_422' title='bbox 2951 384 3282 445; x_wconf 90' lang='lat' dir='ltr'><strong>commercio</strong></span> <span class='ocrx_word' id='word_1_423' title='bbox 3329 384 3635 442; x_wconf 89' lang='lat' dir='ltr'><strong>litterarum</strong></span> <span class='ocrx_word' id='word_1_424' title='bbox 3660 427 3678 455; x_wconf 93' lang='lat'><strong>,</strong></span> 
     </span>
    </p>
   </div>
   <div class='ocr_carea' id='block_1_63' title="bbox 2070 477 3682 554">
    <p class='ocr_par' dir='ltr' id='par_1_63' title="bbox 2070 477 3682 554">
     <span class='ocr_line' id='line_1_63' title="bbox 2070 477 3682 554; baseline -0.013 0"><span class='ocrx_word' id='word_1_425' title='bbox 2070 503 2322 554; x_wconf 89' lang='lat' dir='ltr'><strong>movente</strong></span> <span class='ocrx_word' id='word_1_426' title='bbox 2345 491 2525 547; x_wconf 88' lang='lat' dir='ltr'><strong>subito</strong></span> <span class='ocrx_word' id='word_1_427' title='bbox 2550 502 2732 544; x_wconf 88' lang='lat' dir='ltr'><strong>rerum</strong></span> <span class='ocrx_word' id='word_1_428' title='bbox 2757 482 3008 548; x_wconf 90' lang='lat' dir='ltr'><strong>tumultu,</strong></span> <span class='ocrx_word' id='word_1_429' title='bbox 3035 477 3310 544; x_wconf 84' lang='lat' dir='ltr'><strong>excitatis,</strong></span> <span class='ocrx_word' id='word_1_430' title='bbox 3343 477 3440 532; x_wconf 90' lang='lat' dir='ltr'><strong>sed</strong></span> <span class='ocrx_word' id='word_1_431' title='bbox 3465 493 3538 531; x_wconf 89' lang='lat' dir='ltr'><strong>ex</strong></span> <span class='ocrx_word' id='word_1_432' title='bbox 3565 489 3682 533; x_wconf 90' lang='lat' dir='ltr'><strong>rata</strong></span> 
     </span>
    </p>
   </div>
   <div class='ocr_carea' id='block_1_64' title="bbox 2069 569 3682 658">
    <p class='ocr_par' dir='ltr' id='par_1_64' title="bbox 2069 569 3682 658">
     <span class='ocr_line' id='line_1_64' title="bbox 2069 569 3682 658; baseline -0.012 -13"><span class='ocrx_word' id='word_1_433' title='bbox 2069 590 2320 658; x_wconf 90' lang='lat' dir='ltr'><strong>serioque</strong></span> <span class='ocrx_word' id='word_1_434' title='bbox 2349 592 2570 640; x_wconf 89' lang='lat' dir='ltr'><strong>tractata</strong></span> <span class='ocrx_word' id='word_1_435' title='bbox 2600 577 2887 645; x_wconf 89' lang='lat' dir='ltr'><strong>sententia,</strong></span> <span class='ocrx_word' id='word_1_436' title='bbox 2920 590 3028 630; x_wconf 92' lang='lat' dir='ltr'><strong>non</strong></span> <span class='ocrx_word' id='word_1_437' title='bbox 3050 589 3117 628; x_wconf 89' lang='lat' dir='ltr'><strong>ex</strong></span> <span class='ocrx_word' id='word_1_438' title='bbox 3161 570 3425 641; x_wconf 86' lang='lat' dir='ltr'><strong>Opinione</strong></span> <span class='ocrx_word' id='word_1_439' title='bbox 3451 569 3682 640; x_wconf 88' lang='lat' dir='ltr'><strong>carptim</strong></span> 
     </span>
    </p>
   </div>
   <div class='ocr_carea' id='block_1_65' title="bbox 2071 661 3681 743">
    <p class='ocr_par' dir='ltr' id='par_1_65' title="bbox 2071 661 3681 743">
     <span class='ocr_line' id='line_1_65' title="bbox 2071 661 3681 743; baseline -0.014 -6"><span class='ocrx_word' id='word_1_440' title='bbox 2071 681 2290 737; x_wconf 89' lang='lat' dir='ltr'><strong>defensa</strong></span> <span class='ocrx_word' id='word_1_441' title='bbox 2327 685 2382 733; x_wconf 91' lang='lat' dir='ltr'><strong>et</strong></span> <span class='ocrx_word' id='word_1_442' title='bbox 2411 675 2666 743; x_wconf 90' lang='lat' dir='ltr'><strong>deinceps</strong></span> <span class='ocrx_word' id='word_1_443' title='bbox 2709 678 2934 736; x_wconf 89' lang='lat' dir='ltr'><strong>mutata,</strong></span> <span class='ocrx_word' id='word_1_444' title='bbox 2974 663 3069 722; x_wconf 91' lang='lat' dir='ltr'><strong>sed</strong></span> <span class='ocrx_word' id='word_1_445' title='bbox 3093 679 3160 719; x_wconf 87' lang='lat' dir='ltr'><strong>ex</strong></span> <span class='ocrx_word' id='word_1_446' title='bbox 3189 661 3350 718; x_wconf 81' lang='lat' dir='ltr'><strong>ﬁrmo</strong></span> <span class='ocrx_word' id='word_1_447' title='bbox 3371 701 3387 728; x_wconf 90' lang='lat'><strong>,</strong></span> <span class='ocrx_word' id='word_1_448' title='bbox 3424 676 3681 731; x_wconf 89' lang='lat' dir='ltr'><strong>peremp-</strong></span> 
     </span>
    </p>
   </div>
   <div class='ocr_carea' id='block_1_66' title="bbox 2075 751 3746 839">
    <p class='ocr_par' dir='ltr' id='par_1_66' title="bbox 2075 751 3746 839">
     <span class='ocr_line' id='line_1_66' title="bbox 2075 751 3746 839; baseline -0.013 -9"><span class='ocrx_word' id='word_1_449' title='bbox 2075 775 2212 830; x_wconf 93' lang='lat' dir='ltr'><strong>torio</strong></span> <span class='ocrx_word' id='word_1_450' title='bbox 2232 787 2296 827; x_wconf 91' lang='lat' dir='ltr'><strong>ac</strong></span> <span class='ocrx_word' id='word_1_451' title='bbox 2315 768 2536 826; x_wconf 83' lang='lat' dir='ltr'><strong>deﬁnito</strong></span> <span class='ocrx_word' id='word_1_452' title='bbox 2560 763 2784 835; x_wconf 91' lang='lat' dir='ltr'><strong>judicio.</strong></span> <span class='ocrx_word' id='word_1_453' title='bbox 2816 759 3072 831; x_wconf 81' lang='lat' dir='ltr'><strong>Quisquis</strong></span> <span class='ocrx_word' id='word_1_454' title='bbox 3095 765 3298 822; x_wconf 90' lang='lat' dir='ltr'><strong>autem,</strong></span> <span class='ocrx_word' id='word_1_455' title='bbox 3331 752 3559 809; x_wconf 88' lang='lat' dir='ltr'><strong>attentis</strong></span> <span class='ocrx_word' id='word_1_456' title='bbox 3599 751 3686 810; x_wconf 89' lang='lat' dir='ltr'><strong>his</strong></span> <span class='ocrx_word' id='word_1_457' title='bbox 3728 820 3746 839; x_wconf 46' lang='grc'><strong><em>⁸</em></strong></span> 
     </span>
    </p>
   </div>
   <div class='ocr_carea' id='block_1_67' title="bbox 2073 845 3685 940">
    <p class='ocr_par' dir='ltr' id='par_1_67' title="bbox 2073 845 3685 940">
     <span class='ocr_line' id='line_1_67' title="bbox 2073 845 3685 940; baseline -0.016 -16"><span class='ocrx_word' id='word_1_458' title='bbox 2073 866 2352 940; x_wconf 90' lang='lat' dir='ltr'><strong>principiis</strong></span> <span class='ocrx_word' id='word_1_459' title='bbox 2371 906 2387 931; x_wconf 96' lang='lat'><strong>,</strong></span> <span class='ocrx_word' id='word_1_460' title='bbox 2409 858 2728 934; x_wconf 89' lang='lat' dir='ltr'><strong>Cyprianica</strong></span> <span class='ocrx_word' id='word_1_461' title='bbox 2753 868 2918 927; x_wconf 87' lang='lat' dir='ltr'><strong>opera</strong></span> <span class='ocrx_word' id='word_1_462' title='bbox 2943 849 3232 914; x_wconf 88' lang='lat' dir='ltr'><strong>evolverit,</strong></span> <span class='ocrx_word' id='word_1_463' title='bbox 3287 845 3492 902; x_wconf 88' lang='lat' dir='ltr'><strong>nedum</strong></span> <span class='ocrx_word' id='word_1_464' title='bbox 3523 859 3685 900; x_wconf 83' lang='lat' dir='ltr'><strong>sanc-</strong></span> 
     </span>
    </p>
   </div>
   <div class='ocr_carea' id='block_1_68' title="bbox 2075 939 3683 1016">
    <p class='ocr_par' dir='ltr' id='par_1_68' title="bbox 2075 939 3683 1016">
     <span class='ocr_line' id='line_1_68' title="bbox 2075 939 3683 1016; baseline -0.014 0"><span class='ocrx_word' id='word_1_465' title='bbox 2075 939 2189 1016; x_wconf 87' lang='lat' dir='ltr'><strong>tum</strong></span> <span class='ocrx_word' id='word_1_466' title='bbox 2222 955 2538 1015; x_wconf 84' lang='lat' dir='ltr'><strong>Pontiﬁcem</strong></span> <span class='ocrx_word' id='word_1_467' title='bbox 2562 952 2719 1009; x_wconf 85' lang='lat' dir='ltr'><strong>Sedis</strong></span> <span class='ocrx_word' id='word_1_468' title='bbox 2744 951 3000 1005; x_wconf 63' lang='lat' dir='ltr'><strong>Romanae</strong></span> <span class='ocrx_word' id='word_1_469' title='bbox 3019 944 3416 1014; x_wconf 89' lang='lat' dir='ltr'><strong>refragatorem</strong></span> <span class='ocrx_word' id='word_1_470' title='bbox 3449 939 3683 1006; x_wconf 85' lang='lat' dir='ltr'><strong>habeat,</strong></span> 
     </span>
    </p>
   </div>
   <div class='ocr_carea' id='block_1_69' title="bbox 2075 1034 3687 1124">
    <p class='ocr_par' dir='ltr' id='par_1_69' title="bbox 2075 1034 3687 1124">
     <span class='ocr_line' id='line_1_69' title="bbox 2075 1034 3687 1124; baseline -0.014 -14"><span class='ocrx_word' id='word_1_471' title='bbox 2075 1069 2199 1110; x_wconf 89' lang='lat' dir='ltr'><strong>eum</strong></span> <span class='ocrx_word' id='word_1_472' title='bbox 2229 1053 2407 1124; x_wconf 91' lang='lat' dir='ltr'><strong>potius</strong></span> <span class='ocrx_word' id='word_1_473' title='bbox 2438 1046 2703 1119; x_wconf 90' lang='lat' dir='ltr'><strong>inprimis</strong></span> <span class='ocrx_word' id='word_1_474' title='bbox 2739 1044 3106 1100; x_wconf 84' lang='lat' dir='ltr'><strong>Romanorum</strong></span> <span class='ocrx_word' id='word_1_475' title='bbox 3142 1034 3556 1109; x_wconf 81' lang='lat' dir='ltr'><strong>privilegiorum</strong></span> <span class='ocrx_word' id='word_1_476' title='bbox 3595 1047 3687 1088; x_wconf 87' lang='lat' dir='ltr'><strong>as-</strong></span> 
     </span>
    </p>
   </div>
   <div class='ocr_carea' id='block_1_70' title="bbox 2075 1127 3688 1212">
    <p class='ocr_par' dir='ltr' id='par_1_70' title="bbox 2075 1127 3688 1212">
     <span class='ocr_line' id='line_1_70' title="bbox 2075 1127 3688 1212; baseline -0.013 -8"><span class='ocrx_word' id='word_1_477' title='bbox 2075 1146 2396 1211; x_wconf 78' lang='lat' dir='ltr'><strong>set-toribus,</strong></span> <span class='ocrx_word' id='word_1_478' title='bbox 2438 1157 2502 1198; x_wconf 91' lang='lat' dir='ltr'><strong>ac</strong></span> <span class='ocrx_word' id='word_1_479' title='bbox 2533 1155 2669 1212; x_wconf 89' lang='lat' dir='ltr'><strong>pene</strong></span> <span class='ocrx_word' id='word_1_480' title='bbox 2698 1138 2872 1195; x_wconf 83' lang='lat' dir='ltr'><strong>dicam</strong></span> <span class='ocrx_word' id='word_1_481' title='bbox 2901 1135 3271 1192; x_wconf 79' lang='lat' dir='ltr'><strong>Romanorum</strong></span> <span class='ocrx_word' id='word_1_482' title='bbox 3303 1127 3688 1198; x_wconf 85' lang='lat' dir='ltr'><strong>theologorum</strong></span> 
     </span>
    </p>
   </div>
   <div class='ocr_carea' id='block_1_71' title="bbox 2081 1229 2913 1310">
    <p class='ocr_par' dir='ltr' id='par_1_71' title="bbox 2081 1229 2913 1310">
     <span class='ocr_line' id='line_1_71' title="bbox 2081 1229 2913 1310; baseline -0.016 -13"><span class='ocrx_word' id='word_1_483' title='bbox 2081 1239 2494 1310; x_wconf 88' lang='lat' dir='ltr'><strong>antesignanum</strong></span> <span class='ocrx_word' id='word_1_484' title='bbox 2522 1229 2913 1304; x_wconf 86' lang='lat' dir='ltr'><strong>deprehendet.</strong></span> 
     </span>
    </p>
   </div>
   <div class='ocr_carea' id='block_1_72' title="bbox 2150 1313 3691 1412">
    <p class='ocr_par' dir='ltr' id='par_1_72' title="bbox 2150 1313 3691 1412">
     <span class='ocr_line' id='line_1_72' title="bbox 2150 1313 3691 1412; baseline -0.014 -24"><span class='ocrx_word' id='word_1_485' title='bbox 2150 1332 2254 1412; x_wconf 31' lang='grc' dir='ltr'><strong>Ν..</strong></span> <span class='ocrx_word' id='word_1_486' title='bbox 2274 1331 2400 1386; x_wconf 58' lang='lat' dir='ltr'><strong>Haec</strong></span> <span class='ocrx_word' id='word_1_487' title='bbox 2427 1327 2571 1385; x_wconf 90' lang='lat' dir='ltr'><strong>enim</strong></span> <span class='ocrx_word' id='word_1_488' title='bbox 2595 1314 2774 1392; x_wconf 75' lang='lat' dir='ltr'><strong>sunt,</strong></span> <span class='ocrx_word' id='word_1_489' title='bbox 2797 1338 2867 1379; x_wconf 91' lang='lat' dir='ltr'><strong>ne</strong></span> <span class='ocrx_word' id='word_1_490' title='bbox 2907 1319 3160 1376; x_wconf 88' lang='lat' dir='ltr'><strong>allusisse</strong></span> <span class='ocrx_word' id='word_1_491' title='bbox 3195 1315 3425 1382; x_wconf 90' lang='lat' dir='ltr'><strong>videar,</strong></span> <span class='ocrx_word' id='word_1_492' title='bbox 3458 1313 3691 1384; x_wconf 74' lang='lat' dir='ltr'><strong>ipsumet</strong></span> 
     </span>
    </p>
   </div>
   <div class='ocr_carea' id='block_1_73' title="bbox 2077 1406 3694 1494">
    <p class='ocr_par' dir='ltr' id='par_1_73' title="bbox 2077 1406 3694 1494">
     <span class='ocr_line' id='line_1_73' title="bbox 2077 1406 3694 1494; baseline -0.014 -13"><span class='ocrx_word' id='word_1_493' title='bbox 2077 1406 2326 1494; x_wconf 84' lang='lat' dir='ltr'><strong>dogmata</strong></span> <span class='ocrx_word' id='word_1_494' title='bbox 2365 1437 2488 1493; x_wconf 61' lang='lat' dir='ltr'><strong>quas</strong></span> <span class='ocrx_word' id='word_1_495' title='bbox 2534 1420 2735 1490; x_wconf 87' lang='lat' dir='ltr'><strong>passim</strong></span> <span class='ocrx_word' id='word_1_496' title='bbox 2762 1416 2819 1471; x_wconf 89' lang='lat' dir='ltr'><strong>in</strong></span> <span class='ocrx_word' id='word_1_497' title='bbox 2865 1414 3036 1469; x_wconf 80' lang='lat' dir='ltr'><strong>sancti</strong></span> <span class='ocrx_word' id='word_1_498' title='bbox 3066 1409 3315 1467; x_wconf 82' lang='lat' dir='ltr'><strong>Doctoris</strong></span> <span class='ocrx_word' id='word_1_499' title='bbox 3341 1406 3603 1478; x_wconf 84' lang='lat' dir='ltr'><strong>scriptis,</strong></span> <span class='ocrx_word' id='word_1_500' title='bbox 3634 1409 3694 1459; x_wconf 80' lang='lat' dir='ltr'><strong>ut</strong></span> 
     </span>
    </p>
   </div>
   <div class='ocr_carea' id='block_1_74' title="bbox 2079 1508 3003 1579">
    <p class='ocr_par' dir='ltr' id='par_1_74' title="bbox 2079 1508 3003 1579">
     <span class='ocr_line' id='line_1_74' title="bbox 2079 1508 3003 1579; baseline -0.015 -5"><span class='ocrx_word' id='word_1_501' title='bbox 2079 1516 2366 1574; x_wconf 85' lang='lat' dir='ltr'><strong>luminaria</strong></span> <span class='ocrx_word' id='word_1_502' title='bbox 2395 1513 2666 1579; x_wconf 86' lang='lat' dir='ltr'><strong>emicant,</strong></span> <span class='ocrx_word' id='word_1_503' title='bbox 2699 1508 2956 1565; x_wconf 89' lang='lat' dir='ltr'><strong>nimirum</strong></span> <span class='ocrx_word' id='word_1_504' title='bbox 2989 1524 3003 1560; x_wconf 90' lang='lat'><strong>:</strong></span> 
     </span>
    </p>
   </div>
   <div class='ocr_carea' id='block_1_75' title="bbox 2153 1589 3693 1674">
    <p class='ocr_par' dir='ltr' id='par_1_75' title="bbox 2153 1589 3693 1674">
     <span class='ocr_line' id='line_1_75' title="bbox 2153 1589 3693 1674; baseline -0.012 -10"><span class='ocrx_word' id='word_1_505' title='bbox 2153 1611 2209 1664; x_wconf 76' lang='lat' dir='ltr'><strong>l&quot;</strong></span> <span class='ocrx_word' id='word_1_506' title='bbox 2251 1607 2585 1674; x_wconf 89' lang='lat' dir='ltr'><strong>Ecclesiam,</strong></span> <span class='ocrx_word' id='word_1_507' title='bbox 2631 1612 2786 1661; x_wconf 80' lang='lat' dir='ltr'><strong>extra</strong></span> <span class='ocrx_word' id='word_1_508' title='bbox 2833 1615 2992 1674; x_wconf 89' lang='lat' dir='ltr'><strong>quam</strong></span> <span class='ocrx_word' id='word_1_509' title='bbox 3038 1613 3200 1656; x_wconf 91' lang='lat' dir='ltr'><strong>nemo</strong></span> <span class='ocrx_word' id='word_1_510' title='bbox 3247 1595 3443 1652; x_wconf 86' lang='lat' dir='ltr'><strong>vivere</strong></span> <span class='ocrx_word' id='word_1_511' title='bbox 3489 1589 3693 1665; x_wconf 88' lang='lat' dir='ltr'><strong>possit,</strong></span> 
     </span>
    </p>
   </div>
   <div class='ocr_carea' id='block_1_76' title="bbox 2079 1714 2428 1766">
    <p class='ocr_par' dir='ltr' id='par_1_76' title="bbox 2079 1714 2428 1766">
     <span class='ocr_line' id='line_1_76' title="bbox 2079 1714 2428 1766; baseline -0.02 -6"><span class='ocrx_word' id='word_1_512' title='bbox 2079 1717 2203 1760; x_wconf 91' lang='lat' dir='ltr'><strong>esse</strong></span> <span class='ocrx_word' id='word_1_513' title='bbox 2234 1714 2428 1766; x_wconf 91' lang='lat' dir='ltr'><strong>unam;</strong></span> 
     </span>
    </p>
   </div>
   <div class='ocr_carea' id='block_1_77' title="bbox 2150 1781 3694 1850">
    <p class='ocr_par' dir='ltr' id='par_1_77' title="bbox 2150 1781 3694 1850">
     <span class='ocr_line' id='line_1_77' title="bbox 2150 1781 3694 1850; baseline -0.01 -1"><span class='ocrx_word' id='word_1_514' title='bbox 2150 1794 2208 1849; x_wconf 72' lang='lat'><strong>2°</strong></span> <span class='ocrx_word' id='word_1_515' title='bbox 2253 1791 2428 1850; x_wconf 88' lang='lat' dir='ltr'><strong>Unam</strong></span> <span class='ocrx_word' id='word_1_516' title='bbox 2473 1790 2615 1846; x_wconf 89' lang='lat' dir='ltr'><strong>hanc</strong></span> <span class='ocrx_word' id='word_1_517' title='bbox 2664 1789 2968 1845; x_wconf 88' lang='lat' dir='ltr'><strong>Ecelesiam</strong></span> <span class='ocrx_word' id='word_1_518' title='bbox 3011 1800 3134 1842; x_wconf 91' lang='lat' dir='ltr'><strong>esse</strong></span> <span class='ocrx_word' id='word_1_519' title='bbox 3182 1781 3553 1846; x_wconf 88' lang='lat' dir='ltr'><strong>catholicam,</strong></span> <span class='ocrx_word' id='word_1_520' title='bbox 3598 1790 3694 1834; x_wconf 89' lang='lat' dir='ltr'><strong>seu</strong></span> 
     </span>
    </p>
   </div>
   <div class='ocr_carea' id='block_1_78' title="bbox 2081 1883 2904 1962">
    <p class='ocr_par' dir='ltr' id='par_1_78' title="bbox 2081 1883 2904 1962">
     <span class='ocr_line' id='line_1_78' title="bbox 2081 1883 2904 1962; baseline -0.011 -16"><span class='ocrx_word' id='word_1_521' title='bbox 2081 1905 2180 1962; x_wconf 90' lang='lat' dir='ltr'><strong>per</strong></span> <span class='ocrx_word' id='word_1_522' title='bbox 2209 1897 2380 1944; x_wconf 91' lang='lat' dir='ltr'><strong>totum</strong></span> <span class='ocrx_word' id='word_1_523' title='bbox 2405 1885 2592 1942; x_wconf 91' lang='lat' dir='ltr'><strong>orbem</strong></span> <span class='ocrx_word' id='word_1_524' title='bbox 2620 1883 2904 1950; x_wconf 69' lang='lat' dir='ltr'><strong>diffusam;</strong></span> 
     </span>
    </p>
   </div>
   <div class='ocr_carea' id='block_1_79' title="bbox 2153 1966 3695 2037">
    <p class='ocr_par' dir='ltr' id='par_1_79' title="bbox 2153 1966 3695 2037">
     <span class='ocr_line' id='line_1_79' title="bbox 2153 1966 3695 2037; baseline -0.011 0"><span class='ocrx_word' id='word_1_525' title='bbox 2153 1980 2210 2037; x_wconf 78' lang='lat'><strong>5°</strong></span> <span class='ocrx_word' id='word_1_526' title='bbox 2244 1979 2414 2036; x_wconf 88' lang='lat' dir='ltr'><strong>Unam</strong></span> <span class='ocrx_word' id='word_1_527' title='bbox 2463 1977 2605 2032; x_wconf 89' lang='lat' dir='ltr'><strong>hanc</strong></span> <span class='ocrx_word' id='word_1_528' title='bbox 2649 1984 2707 2033; x_wconf 89' lang='lat' dir='ltr'><strong>et</strong></span> <span class='ocrx_word' id='word_1_529' title='bbox 2745 1974 3064 2032; x_wconf 86' lang='lat' dir='ltr'><strong>catholicam</strong></span> <span class='ocrx_word' id='word_1_530' title='bbox 3115 1970 3422 2028; x_wconf 87' lang='lat' dir='ltr'><strong>Ecclesiam</strong></span> <span class='ocrx_word' id='word_1_531' title='bbox 3475 1966 3695 2036; x_wconf 88' lang='lat' dir='ltr'><strong>insuper</strong></span> 
     </span>
    </p>
   </div>
   <div class='ocr_carea' id='block_1_80' title="bbox 2081 2065 3794 2136">
    <p class='ocr_par' dir='ltr' id='par_1_80' title="bbox 2081 2065 3794 2136">
     <span class='ocr_line' id='line_1_80' title="bbox 2081 2065 3794 2136; baseline -0.011 -7"><span class='ocrx_word' id='word_1_532' title='bbox 2081 2087 2202 2129; x_wconf 90' lang='lat' dir='ltr'><strong>esse</strong></span> <span class='ocrx_word' id='word_1_533' title='bbox 2253 2071 2585 2136; x_wconf 79' lang='lat' dir='ltr'><strong>Romanam,</strong></span> <span class='ocrx_word' id='word_1_534' title='bbox 2637 2069 2688 2123; x_wconf 92' lang='lat' dir='ltr'><strong>in</strong></span> <span class='ocrx_word' id='word_1_535' title='bbox 2731 2067 2892 2123; x_wconf 87' lang='lat' dir='ltr'><strong>Petro</strong></span> <span class='ocrx_word' id='word_1_536' title='bbox 2937 2065 3251 2132; x_wconf 85' lang='lat' dir='ltr'><strong>fundatam,</strong></span> <span class='ocrx_word' id='word_1_537' title='bbox 3290 2076 3397 2118; x_wconf 93' lang='lat' dir='ltr'><strong>nec</strong></span> <span class='ocrx_word' id='word_1_538' title='bbox 3431 2075 3464 2116; x_wconf 91' lang='lat' dir='ltr'><strong>a</strong></span> <span class='ocrx_word' id='word_1_539' title='bbox 3511 2065 3698 2115; x_wconf 86' lang='lat' dir='ltr'><strong>sancta</strong></span> <span class='ocrx_word' id='word_1_540' title='bbox 3786 2082 3794 2091; x_wconf 87' lang='lat'><strong><em>-</em></strong></span> 
     </span>
    </p>
   </div>
   <div class='ocr_carea' id='block_1_81' title="bbox 2082 2147 3700 2225">
    <p class='ocr_par' dir='ltr' id='par_1_81' title="bbox 2082 2147 3700 2225">
     <span class='ocr_line' id='line_1_81' title="bbox 2082 2147 3700 2225; baseline -0.011 -4"><span class='ocrx_word' id='word_1_541' title='bbox 2082 2164 2224 2221; x_wconf 89' lang='lat' dir='ltr'><strong>Sede</strong></span> <span class='ocrx_word' id='word_1_542' title='bbox 2282 2164 2525 2218; x_wconf 81' lang='lat' dir='ltr'><strong>Romana</strong></span> <span class='ocrx_word' id='word_1_543' title='bbox 2577 2160 2924 2225; x_wconf 89' lang='lat' dir='ltr'><strong>distinctam,</strong></span> <span class='ocrx_word' id='word_1_544' title='bbox 2977 2172 3080 2214; x_wconf 89' lang='lat' dir='ltr'><strong>nec</strong></span> <span class='ocrx_word' id='word_1_545' title='bbox 3115 2171 3146 2212; x_wconf 89' lang='lat' dir='ltr'><strong>a</strong></span> <span class='ocrx_word' id='word_1_546' title='bbox 3173 2169 3394 2212; x_wconf 90' lang='lat' dir='ltr'><strong>summo</strong></span> <span class='ocrx_word' id='word_1_547' title='bbox 3437 2147 3700 2208; x_wconf 86' lang='lat' dir='ltr'><strong>Pontiﬁce</strong></span> 
     </span>
    </p>
   </div>
   <div class='ocr_carea' id='block_1_82' title="bbox 2085 2257 3470 2322">
    <p class='ocr_par' dir='ltr' id='par_1_82' title="bbox 2085 2257 3470 2322">
     <span class='ocr_line' id='line_1_82' title="bbox 2085 2257 3470 2322; baseline -0.009 -9"><span class='ocrx_word' id='word_1_548' title='bbox 2085 2257 2354 2313; x_wconf 90' lang='lat' dir='ltr'><strong>diversam</strong></span> <span class='ocrx_word' id='word_1_549' title='bbox 2377 2273 2393 2322; x_wconf 90' lang='lat'><strong>;</strong></span> <span class='ocrx_word' id='word_1_550' title='bbox 3459 2309 3470 2318; x_wconf 23' lang='grc' dir='ltr'><strong>κ</strong></span> 
     </span>
    </p>
   </div>
   <div class='ocr_carea' id='block_1_83' title="bbox 2157 2336 3698 2405">
    <p class='ocr_par' dir='ltr' id='par_1_83' title="bbox 2157 2336 3698 2405">
     <span class='ocr_line' id='line_1_83' title="bbox 2157 2336 3698 2405; baseline -0.009 0"><span class='ocrx_word' id='word_1_551' title='bbox 2157 2350 2214 2405; x_wconf 71' lang='grc' dir='ltr'><strong>4ο</strong></span> <span class='ocrx_word' id='word_1_552' title='bbox 2245 2349 2418 2404; x_wconf 89' lang='lat' dir='ltr'><strong>Unam</strong></span> <span class='ocrx_word' id='word_1_553' title='bbox 2441 2347 2580 2404; x_wconf 88' lang='lat' dir='ltr'><strong>hanc</strong></span> <span class='ocrx_word' id='word_1_554' title='bbox 2604 2345 2928 2404; x_wconf 89' lang='lat' dir='ltr'><strong>catholicam</strong></span> <span class='ocrx_word' id='word_1_555' title='bbox 2965 2352 3022 2400; x_wconf 91' lang='lat' dir='ltr'><strong>et</strong></span> <span class='ocrx_word' id='word_1_556' title='bbox 3058 2343 3361 2398; x_wconf 78' lang='lat' dir='ltr'><strong>Romanam</strong></span> <span class='ocrx_word' id='word_1_557' title='bbox 3397 2336 3698 2396; x_wconf 88' lang='lat' dir='ltr'><strong>Ecclesiam</strong></span> 
     </span>
    </p>
   </div>
   <div class='ocr_carea' id='block_1_84' title="bbox 2086 2431 3699 2512">
    <p class='ocr_par' dir='ltr' id='par_1_84' title="bbox 2086 2431 3699 2512">
     <span class='ocr_line' id='line_1_84' title="bbox 2086 2431 3699 2512; baseline -0.011 -11"><span class='ocrx_word' id='word_1_558' title='bbox 2086 2459 2228 2510; x_wconf 89' lang='lat' dir='ltr'><strong>esse,</strong></span> <span class='ocrx_word' id='word_1_559' title='bbox 2259 2442 2330 2498; x_wconf 89' lang='lat' dir='ltr'><strong>ad</strong></span> <span class='ocrx_word' id='word_1_560' title='bbox 2347 2449 2580 2498; x_wconf 90' lang='lat' dir='ltr'><strong>mentem</strong></span> <span class='ocrx_word' id='word_1_561' title='bbox 2603 2440 2881 2512; x_wconf 87' lang='lat' dir='ltr'><strong>Cypriani,</strong></span> <span class='ocrx_word' id='word_1_562' title='bbox 2914 2437 3038 2494; x_wconf 82' lang='lat' dir='ltr'><strong>fidei</strong></span> <span class='ocrx_word' id='word_1_563' title='bbox 3067 2437 3310 2510; x_wconf 87' lang='lat' dir='ltr'><strong>regulam</strong></span> <span class='ocrx_word' id='word_1_564' title='bbox 3335 2431 3699 2494; x_wconf 83' lang='lat' dir='ltr'><strong>certissimam</strong></span> 
     </span>
    </p>
   </div>
   <div class='ocr_carea' id='block_1_85' title="bbox 2089 2521 3700 2600">
    <p class='ocr_par' dir='ltr' id='par_1_85' title="bbox 2089 2521 3700 2600">
     <span class='ocr_line' id='line_1_85' title="bbox 2089 2521 3700 2600; baseline -0.011 -5"><span class='ocrx_word' id='word_1_565' title='bbox 2089 2555 2193 2596; x_wconf 90' lang='lat' dir='ltr'><strong>nec</strong></span> <span class='ocrx_word' id='word_1_566' title='bbox 2239 2536 2442 2595; x_wconf 90' lang='lat' dir='ltr'><strong>erroris</strong></span> <span class='ocrx_word' id='word_1_567' title='bbox 2485 2535 2649 2592; x_wconf 89' lang='lat' dir='ltr'><strong>ullius</strong></span> <span class='ocrx_word' id='word_1_568' title='bbox 2702 2535 2824 2591; x_wconf 88' lang='lat' dir='ltr'><strong>labe</strong></span> <span class='ocrx_word' id='word_1_569' title='bbox 2867 2533 3276 2600; x_wconf 85' lang='lat' dir='ltr'><strong>intaminatam,</strong></span> <span class='ocrx_word' id='word_1_570' title='bbox 3325 2544 3430 2588; x_wconf 82' lang='lat' dir='ltr'><strong>nec</strong></span> <span class='ocrx_word' id='word_1_571' title='bbox 3482 2521 3700 2584; x_wconf 84' lang='lat' dir='ltr'><strong>intami-</strong></span> 
     </span>
    </p>
   </div>
   <div class='ocr_carea' id='block_1_86' title="bbox 2089 2632 2344 2689">
    <p class='ocr_par' dir='ltr' id='par_1_86' title="bbox 2089 2632 2344 2689">
     <span class='ocr_line' id='line_1_86' title="bbox 2089 2632 2344 2689; baseline -0.02 0"><span class='ocrx_word' id='word_1_572' title='bbox 2089 2632 2344 2689; x_wconf 88' lang='lat' dir='ltr'><strong>nandam.</strong></span> 
     </span>
    </p>
   </div>
   <div class='ocr_carea' id='block_1_87' title="bbox 2163 2712 3702 2793">
    <p class='ocr_par' dir='ltr' id='par_1_87' title="bbox 2163 2712 3702 2793">
     <span class='ocr_line' id='line_1_87' title="bbox 2163 2712 3702 2793; baseline -0.007 -13"><span class='ocrx_word' id='word_1_573' title='bbox 2163 2725 2223 2780; x_wconf 92' lang='lat' dir='ltr'><strong>V.</strong></span> <span class='ocrx_word' id='word_1_574' title='bbox 2269 2723 2443 2780; x_wconf 83' lang='lat' dir='ltr'><strong>Velim</strong></span> <span class='ocrx_word' id='word_1_575' title='bbox 2474 2723 2592 2779; x_wconf 91' lang='lat' dir='ltr'><strong>sine</strong></span> <span class='ocrx_word' id='word_1_576' title='bbox 2621 2736 2774 2780; x_wconf 89' lang='lat' dir='ltr'><strong>mora</strong></span> <span class='ocrx_word' id='word_1_577' title='bbox 2814 2720 3002 2777; x_wconf 88' lang='lat' dir='ltr'><strong>audias</strong></span> <span class='ocrx_word' id='word_1_578' title='bbox 3043 2719 3338 2793; x_wconf 90' lang='lat' dir='ltr'><strong>ipsummet</strong></span> <span class='ocrx_word' id='word_1_579' title='bbox 3366 2712 3702 2790; x_wconf 84' lang='lat' dir='ltr'><strong>Cyprianum</strong></span> 
     </span>
    </p>
   </div>
   <div class='ocr_carea' id='block_1_88' title="bbox 2087 2819 2477 2875">
    <p class='ocr_par' dir='ltr' id='par_1_88' title="bbox 2087 2819 2477 2875">
     <span class='ocr_line' id='line_1_88' title="bbox 2087 2819 2477 2875; baseline -0.013 0"><span class='ocrx_word' id='word_1_580' title='bbox 2087 2819 2447 2875; x_wconf 88' lang='lat' dir='ltr'><strong>disserentem</strong></span> <span class='ocrx_word' id='word_1_581' title='bbox 2463 2837 2477 2870; x_wconf 84' lang='lat'><strong>;</strong></span> 
     </span>
    </p>
   </div>
   <div class='ocr_carea' id='block_1_89' title="bbox 2161 2899 3702 2976">
    <p class='ocr_par' dir='ltr' id='par_1_89' title="bbox 2161 2899 3702 2976">
     <span class='ocr_line' id='line_1_89' title="bbox 2161 2899 3702 2976; baseline -0.008 -9"><span class='ocrx_word' id='word_1_582' title='bbox 2161 2912 2231 2967; x_wconf 75' lang='grc'><strong>1⁸⁴</strong></span> <span class='ocrx_word' id='word_1_583' title='bbox 2259 2910 2335 2966; x_wconf 88' lang='lat' dir='ltr'><strong>De</strong></span> <span class='ocrx_word' id='word_1_584' title='bbox 2355 2911 2551 2965; x_wconf 81' lang='lat' dir='ltr'><strong>unitate</strong></span> <span class='ocrx_word' id='word_1_585' title='bbox 2571 2908 2838 2965; x_wconf 66' lang='lat' dir='ltr'><strong>Ecclesia.</strong></span> <span class='ocrx_word' id='word_1_586' title='bbox 2867 2908 2927 2965; x_wconf 83' lang='lat' dir='ltr'><strong>In</strong></span> <span class='ocrx_word' id='word_1_587' title='bbox 2947 2907 3088 2966; x_wconf 89' lang='lat' dir='ltr'><strong>libro</strong></span> <span class='ocrx_word' id='word_1_588' title='bbox 3127 2908 3206 2964; x_wconf 89' lang='lat' dir='ltr'><strong>sic</strong></span> <span class='ocrx_word' id='word_1_589' title='bbox 3249 2906 3551 2976; x_wconf 86' lang='lat' dir='ltr'><strong>inscripto,</strong></span> <span class='ocrx_word' id='word_1_590' title='bbox 3595 2899 3702 2971; x_wconf 83' lang='lat' dir='ltr'><strong>Cy-</strong></span> 
     </span>
    </p>
   </div>
   <div class='ocr_carea' id='block_1_90' title="bbox 2088 3005 3698 3078">
    <p class='ocr_par' dir='ltr' id='par_1_90' title="bbox 2088 3005 3698 3078">
     <span class='ocr_line' id='line_1_90' title="bbox 2088 3005 3698 3078; baseline -0.01 -15"><span class='ocrx_word' id='word_1_591' title='bbox 2088 3008 2317 3078; x_wconf 89' lang='lat' dir='ltr'><strong>prianus</strong></span> <span class='ocrx_word' id='word_1_592' title='bbox 2344 3006 2461 3077; x_wconf 89' lang='lat' dir='ltr'><strong>ipse</strong></span> <span class='ocrx_word' id='word_1_593' title='bbox 2488 3013 2717 3061; x_wconf 87' lang='lat' dir='ltr'><strong>testatur</strong></span> <span class='ocrx_word' id='word_1_594' title='bbox 2741 3019 2802 3060; x_wconf 88' lang='lat' dir='ltr'><strong>se</strong></span> <span class='ocrx_word' id='word_1_595' title='bbox 2838 3018 3055 3061; x_wconf 89' lang='lat' dir='ltr'><strong>omnem</strong></span> <span class='ocrx_word' id='word_1_596' title='bbox 3094 3016 3272 3068; x_wconf 85' lang='lat' dir='ltr'><strong>suam,</strong></span> <span class='ocrx_word' id='word_1_597' title='bbox 3302 3007 3566 3072; x_wconf 90' lang='lat' dir='ltr'><strong>quantum</strong></span> <span class='ocrx_word' id='word_1_598' title='bbox 3598 3005 3698 3065; x_wconf 85' lang='lat' dir='ltr'><strong>po-</strong></span> 
     </span>
    </p>
   </div>
   <div class='ocr_carea' id='block_1_91' title="bbox 2089 3087 3700 3168">
    <p class='ocr_par' dir='ltr' id='par_1_91' title="bbox 2089 3087 3700 3168">
     <span class='ocr_line' id='line_1_91' title="bbox 2089 3087 3700 3168; baseline -0.009 -12"><span class='ocrx_word' id='word_1_599' title='bbox 2089 3101 2212 3168; x_wconf 90' lang='lat' dir='ltr'><strong>tuit,</strong></span> <span class='ocrx_word' id='word_1_600' title='bbox 2245 3110 2480 3156; x_wconf 92' lang='lat' dir='ltr'><strong>mentem</strong></span> <span class='ocrx_word' id='word_1_601' title='bbox 2509 3099 2578 3154; x_wconf 88' lang='lat' dir='ltr'><strong>de</strong></span> <span class='ocrx_word' id='word_1_602' title='bbox 2617 3097 2860 3156; x_wconf 88' lang='lat' dir='ltr'><strong>Ecclesia</strong></span> <span class='ocrx_word' id='word_1_603' title='bbox 2905 3095 3186 3152; x_wconf 86' lang='lat' dir='ltr'><strong>infudisse.</strong></span> <span class='ocrx_word' id='word_1_604' title='bbox 3223 3094 3334 3150; x_wconf 90' lang='lat' dir='ltr'><strong>Sed</strong></span> <span class='ocrx_word' id='word_1_605' title='bbox 3365 3102 3423 3149; x_wconf 89' lang='lat' dir='ltr'><strong>et</strong></span> <span class='ocrx_word' id='word_1_606' title='bbox 3455 3109 3477 3145; x_wconf 76' lang='grc' dir='ltr'>ι</span> <span class='ocrx_word' id='word_1_607' title='bbox 3510 3087 3700 3146; x_wconf 80' lang='lat' dir='ltr'><strong>catho-</strong></span> 
     </span>
    </p>
   </div>
   <div class='ocr_carea' id='block_1_92' title="bbox 2089 3180 3695 3260">
    <p class='ocr_par' dir='ltr' id='par_1_92' title="bbox 2089 3180 3695 3260">
     <span class='ocr_line' id='line_1_92' title="bbox 2089 3180 3695 3260; baseline -0.009 -12"><span class='ocrx_word' id='word_1_608' title='bbox 2089 3192 2210 3248; x_wconf 70' lang='lat' dir='ltr'><strong>lica:</strong></span> <span class='ocrx_word' id='word_1_609' title='bbox 2249 3191 2506 3248; x_wconf 71' lang='lat' dir='ltr'><strong>Ecclesia:</strong></span> <span class='ocrx_word' id='word_1_610' title='bbox 2532 3195 2824 3255; x_wconf 89' lang='lat' dir='ltr'><strong>unitatem,</strong></span> <span class='ocrx_word' id='word_1_611' title='bbox 2861 3209 2880 3242; x_wconf 74' lang='grc' dir='ltr'><strong><em>ι</em></strong></span> <span class='ocrx_word' id='word_1_612' title='bbox 2925 3189 3120 3260; x_wconf 87' lang='lat' dir='ltr'><strong>inquit,</strong></span> <span class='ocrx_word' id='word_1_613' title='bbox 3154 3205 3174 3240; x_wconf 74' lang='grc' dir='ltr'>ι</span> <span class='ocrx_word' id='word_1_614' title='bbox 3202 3197 3466 3258; x_wconf 88' lang='lat' dir='ltr'><strong>quantum</strong></span> <span class='ocrx_word' id='word_1_615' title='bbox 3491 3180 3695 3254; x_wconf 83' lang='lat' dir='ltr'><strong>potuit,</strong></span> 
     </span>
    </p>
   </div>
   <div class='ocr_carea' id='block_1_93' title="bbox 2088 3270 3697 3356">
    <p class='ocr_par' dir='ltr' id='par_1_93' title="bbox 2088 3270 3697 3356">
     <span class='ocr_line' id='line_1_93' title="bbox 2088 3270 3697 3356; baseline -0.009 -16"><span class='ocrx_word' id='word_1_616' title='bbox 2088 3285 2358 3356; x_wconf 80' lang='lat' dir='ltr'><strong>expressit</strong></span> <span class='ocrx_word' id='word_1_617' title='bbox 2400 3293 2583 3339; x_wconf 88' lang='lat' dir='ltr'><strong>nostra</strong></span> <span class='ocrx_word' id='word_1_618' title='bbox 2631 3282 2999 3339; x_wconf 87' lang='lat' dir='ltr'><strong>mediocritas.</strong></span> <span class='ocrx_word' id='word_1_619' title='bbox 3035 3298 3056 3333; x_wconf 74' lang='grc' dir='ltr'><strong><em>ι</em></strong></span> <span class='ocrx_word' id='word_1_620' title='bbox 3107 3299 3126 3334; x_wconf 77' lang='lat' dir='ltr'><strong>s</strong></span> <span class='ocrx_word' id='word_1_621' title='bbox 3159 3279 3218 3336; x_wconf 84' lang='lat' dir='ltr'><strong>In</strong></span> <span class='ocrx_word' id='word_1_622' title='bbox 3265 3280 3396 3346; x_wconf 92' lang='lat' dir='ltr'><strong>illo,</strong></span> <span class='ocrx_word' id='word_1_623' title='bbox 3447 3296 3468 3329; x_wconf 77' lang='grc' dir='ltr'><strong><em>ι</em></strong></span> <span class='ocrx_word' id='word_1_624' title='bbox 3522 3270 3697 3344; x_wconf 83' lang='lat' dir='ltr'><strong>inquit</strong></span> 
     </span>
    </p>
   </div>
   <div class='ocr_carea' id='block_1_94' title="bbox 2088 3366 3696 3444">
    <p class='ocr_par' dir='ltr' id='par_1_94' title="bbox 2088 3366 3696 3444">
     <span class='ocr_line' id='line_1_94' title="bbox 2088 3366 3696 3444; baseline -0.008 -12"><span class='ocrx_word' id='word_1_625' title='bbox 2088 3376 2346 3432; x_wconf 87' lang='lat' dir='ltr'><strong>diaconus</strong></span> <span class='ocrx_word' id='word_1_626' title='bbox 2373 3376 2596 3432; x_wconf 88' lang='lat' dir='ltr'><strong>Pontius</strong></span> <span class='ocrx_word' id='word_1_627' title='bbox 2615 3417 2632 3444; x_wconf 98' lang='lat'><strong>,</strong></span> <span class='ocrx_word' id='word_1_628' title='bbox 2661 3377 2786 3430; x_wconf 64' lang='lat' dir='ltr'><strong>vitae</strong></span> <span class='ocrx_word' id='word_1_629' title='bbox 2813 3383 2869 3430; x_wconf 91' lang='lat' dir='ltr'><strong>et</strong></span> <span class='ocrx_word' id='word_1_630' title='bbox 2914 3373 3112 3429; x_wconf 89' lang='lat' dir='ltr'><strong>mentis</strong></span> <span class='ocrx_word' id='word_1_631' title='bbox 3158 3371 3405 3442; x_wconf 90' lang='lat' dir='ltr'><strong>magistri</strong></span> <span class='ocrx_word' id='word_1_632' title='bbox 3437 3368 3524 3425; x_wconf 89' lang='lat' dir='ltr'><strong>sui</strong></span> <span class='ocrx_word' id='word_1_633' title='bbox 3555 3366 3696 3422; x_wconf 87' lang='lat' dir='ltr'><strong>inte-</strong></span> 
     </span>
    </p>
   </div>
   <div class='ocr_carea' id='block_1_95' title="bbox 2087 3457 3697 3539">
    <p class='ocr_par' dir='ltr' id='par_1_95' title="bbox 2087 3457 3697 3539">
     <span class='ocr_line' id='line_1_95' title="bbox 2087 3457 3697 3539; baseline -0.007 -15"><span class='ocrx_word' id='word_1_634' title='bbox 2087 3469 2352 3539; x_wconf 89' lang='lat' dir='ltr'><strong>gerrimus</strong></span> <span class='ocrx_word' id='word_1_635' title='bbox 2380 3469 2530 3524; x_wconf 88' lang='lat' dir='ltr'><strong>testis</strong></span> <span class='ocrx_word' id='word_1_636' title='bbox 2549 3510 2566 3536; x_wconf 93' lang='lat'><strong>,</strong></span> <span class='ocrx_word' id='word_1_637' title='bbox 2605 3486 2625 3520; x_wconf 75' lang='grc' dir='ltr'>ι</span> <span class='ocrx_word' id='word_1_638' title='bbox 2653 3467 2839 3523; x_wconf 90' lang='lat' dir='ltr'><strong>docuit</strong></span> <span class='ocrx_word' id='word_1_639' title='bbox 2858 3465 3141 3522; x_wconf 88' lang='lat' dir='ltr'><strong>veritatem</strong></span> <span class='ocrx_word' id='word_1_640' title='bbox 3168 3465 3459 3521; x_wconf 87' lang='lat' dir='ltr'><strong>haereticos</strong></span> <span class='ocrx_word' id='word_1_641' title='bbox 3477 3502 3494 3530; x_wconf 93' lang='lat'><strong>,</strong></span> <span class='ocrx_word' id='word_1_642' title='bbox 3523 3457 3697 3515; x_wconf 88' lang='lat' dir='ltr'><strong>schis-</strong></span> 
     </span>
    </p>
   </div>
   <div class='ocr_carea' id='block_1_96' title="bbox 2088 3549 3695 3630">
    <p class='ocr_par' dir='ltr' id='par_1_96' title="bbox 2088 3549 3695 3630">
     <span class='ocr_line' id='line_1_96' title="bbox 2088 3549 3695 3630; baseline -0.008 -14"><span class='ocrx_word' id='word_1_643' title='bbox 2088 3562 2314 3617; x_wconf 89' lang='lat' dir='ltr'><strong>maticos</strong></span> <span class='ocrx_word' id='word_1_644' title='bbox 2363 3561 2648 3626; x_wconf 89' lang='lat' dir='ltr'><strong>unitatem,</strong></span> <span class='ocrx_word' id='word_1_645' title='bbox 2701 3559 2841 3614; x_wconf 83' lang='lat' dir='ltr'><strong>ﬁlios</strong></span> <span class='ocrx_word' id='word_1_646' title='bbox 2894 3557 2991 3613; x_wconf 89' lang='lat' dir='ltr'><strong>Dei</strong></span> <span class='ocrx_word' id='word_1_647' title='bbox 3025 3572 3210 3628; x_wconf 88' lang='lat' dir='ltr'><strong>pacem</strong></span> <span class='ocrx_word' id='word_1_648' title='bbox 3244 3555 3348 3630; x_wconf 84' lang='lat' dir='ltr'><strong>(t).</strong></span> <span class='ocrx_word' id='word_1_649' title='bbox 3388 3575 3408 3609; x_wconf 76' lang='grc' dir='ltr'><strong><em>ι</em></strong></span> <span class='ocrx_word' id='word_1_650' title='bbox 3471 3554 3554 3610; x_wconf 87' lang='lat' dir='ltr'><strong>Ex</strong></span> <span class='ocrx_word' id='word_1_651' title='bbox 3592 3549 3695 3605; x_wconf 92' lang='lat' dir='ltr'><strong>hoc</strong></span> 
     </span>
    </p>
   </div>
   <div class='ocr_carea' id='block_1_97' title="bbox 2087 3643 3696 3710">
    <p class='ocr_par' dir='ltr' id='par_1_97' title="bbox 2087 3643 3696 3710">
     <span class='ocr_line' id='line_1_97' title="bbox 2087 3643 3696 3710; baseline -0.006 -2"><span class='ocrx_word' id='word_1_652' title='bbox 2087 3663 2264 3710; x_wconf 89' lang='lat' dir='ltr'><strong>autem</strong></span> <span class='ocrx_word' id='word_1_653' title='bbox 2293 3654 2475 3710; x_wconf 91' lang='lat' dir='ltr'><strong>libello</strong></span> <span class='ocrx_word' id='word_1_654' title='bbox 2510 3653 2600 3708; x_wconf 74' lang='lat' dir='ltr'><strong>:i°</strong></span> <span class='ocrx_word' id='word_1_655' title='bbox 2635 3671 2654 3705; x_wconf 75' lang='grc' dir='ltr'>ι</span> <span class='ocrx_word' id='word_1_656' title='bbox 2689 3650 2982 3708; x_wconf 74' lang='lat' dir='ltr'><strong>Ecclesium</strong></span> <span class='ocrx_word' id='word_1_657' title='bbox 3009 3666 3172 3706; x_wconf 89' lang='lat' dir='ltr'><strong>unam</strong></span> <span class='ocrx_word' id='word_1_658' title='bbox 3197 3652 3251 3706; x_wconf 92' lang='lat' dir='ltr'><strong>in</strong></span> <span class='ocrx_word' id='word_1_659' title='bbox 3271 3650 3501 3707; x_wconf 81' lang='lat' dir='ltr'><strong>Cantica</strong></span> <span class='ocrx_word' id='word_1_660' title='bbox 3525 3643 3696 3702; x_wconf 86' lang='lat' dir='ltr'><strong>canti-</strong></span> 
     </span>
    </p>
   </div>
   <div class='ocr_carea' id='block_1_98' title="bbox 2085 3741 3695 3818">
    <p class='ocr_par' dir='ltr' id='par_1_98' title="bbox 2085 3741 3695 3818">
     <span class='ocr_line' id='line_1_98' title="bbox 2085 3741 3695 3818; baseline -0.009 -13"><span class='ocrx_word' id='word_1_661' title='bbox 2085 3763 2274 3805; x_wconf 89' lang='lat' dir='ltr'><strong>corum</strong></span> <span class='ocrx_word' id='word_1_662' title='bbox 2300 3748 2532 3818; x_wconf 87' lang='lat' dir='ltr'><strong>Spiritus</strong></span> <span class='ocrx_word' id='word_1_663' title='bbox 2559 3754 2778 3802; x_wconf 89' lang='lat' dir='ltr'><strong>sanctus</strong></span> <span class='ocrx_word' id='word_1_664' title='bbox 2807 3762 2877 3803; x_wconf 90' lang='lat' dir='ltr'><strong>ex</strong></span> <span class='ocrx_word' id='word_1_665' title='bbox 2906 3760 3138 3817; x_wconf 89' lang='lat' dir='ltr'><strong>persona</strong></span> <span class='ocrx_word' id='word_1_666' title='bbox 3183 3745 3400 3802; x_wconf 89' lang='lat' dir='ltr'><strong>Domini</strong></span> <span class='ocrx_word' id='word_1_667' title='bbox 3440 3741 3695 3810; x_wconf 85' lang='lat' dir='ltr'><strong>designat</strong></span> 
     </span>
    </p>
   </div>
   <div class='ocr_carea' id='block_1_99' title="bbox 2085 3833 3697 3911">
    <p class='ocr_par' dir='ltr' id='par_1_99' title="bbox 2085 3833 3697 3911">
     <span class='ocr_line' id='line_1_99' title="bbox 2085 3833 3697 3911; baseline -0.007 -15"><span class='ocrx_word' id='word_1_668' title='bbox 2085 3849 2139 3897; x_wconf 90' lang='lat' dir='ltr'><strong>et</strong></span> <span class='ocrx_word' id='word_1_669' title='bbox 2176 3840 2310 3895; x_wconf 89' lang='lat' dir='ltr'><strong>dicit</strong></span> <span class='ocrx_word' id='word_1_670' title='bbox 2331 3838 2504 3909; x_wconf 83' lang='lat' dir='ltr'><strong>(Cant.</strong></span> <span class='ocrx_word' id='word_1_671' title='bbox 2529 3854 2613 3905; x_wconf 76' lang='lat' dir='ltr'><strong>vr,</strong></span> <span class='ocrx_word' id='word_1_672' title='bbox 2640 3838 2675 3895; x_wconf 88' lang='lat'><strong>9</strong></span> <span class='ocrx_word' id='word_1_673' title='bbox 2701 3836 2720 3911; x_wconf 97' lang='lat'><strong>)</strong></span> <span class='ocrx_word' id='word_1_674' title='bbox 2754 3856 2769 3894; x_wconf 90' lang='lat'><strong>:</strong></span> <span class='ocrx_word' id='word_1_675' title='bbox 2803 3836 2922 3893; x_wconf 80' lang='lat' dir='ltr'><strong>Una</strong></span> <span class='ocrx_word' id='word_1_676' title='bbox 2945 3847 3020 3893; x_wconf 86' lang='lat' dir='ltr'><strong>est</strong></span> <span class='ocrx_word' id='word_1_677' title='bbox 3049 3838 3284 3894; x_wconf 86' lang='lat' dir='ltr'><strong>columba</strong></span> <span class='ocrx_word' id='word_1_678' title='bbox 3308 3853 3441 3903; x_wconf 75' lang='lat' dir='ltr'><strong>nica,</strong></span> <span class='ocrx_word' id='word_1_679' title='bbox 3465 3833 3697 3904; x_wconf 78' lang='lat' dir='ltr'><strong>perfecta</strong></span> 
     </span>
    </p>
   </div>
   <div class='ocr_carea' id='block_1_100' title="bbox 2085 3922 3689 4003">
    <p class='ocr_par' dir='ltr' id='par_1_100' title="bbox 2085 3922 3689 4003">
     <span class='ocr_line' id='line_1_100' title="bbox 2085 3922 3689 4003; baseline -0.002 -18"><span class='ocrx_word' id='word_1_680' title='bbox 2085 3948 2228 3998; x_wconf 88' lang='lat' dir='ltr'><strong>mea,</strong></span> <span class='ocrx_word' id='word_1_681' title='bbox 2265 3948 2369 3985; x_wconf 83' lang='lat' dir='ltr'><strong>una</strong></span> <span class='ocrx_word' id='word_1_682' title='bbox 2422 3941 2494 3986; x_wconf 82' lang='lat' dir='ltr'><strong>est</strong></span> <span class='ocrx_word' id='word_1_683' title='bbox 2541 3932 2720 3986; x_wconf 84' lang='lat' dir='ltr'><strong>matris</strong></span> <span class='ocrx_word' id='word_1_684' title='bbox 2763 3947 2902 4000; x_wconf 69' lang='lat' dir='ltr'><strong>suat,</strong></span> <span class='ocrx_word' id='word_1_685' title='bbox 2930 3932 3088 3989; x_wconf 85' lang='lat' dir='ltr'><strong>electa</strong></span> <span class='ocrx_word' id='word_1_686' title='bbox 3115 3930 3372 4003; x_wconf 80' lang='lat' dir='ltr'><strong>genitricis</strong></span> <span class='ocrx_word' id='word_1_687' title='bbox 3399 3941 3511 3984; x_wconf 79' lang='lat' dir='ltr'><strong>sua:</strong></span> <span class='ocrx_word' id='word_1_688' title='bbox 3526 3922 3630 3997; x_wconf 75' lang='grc'><strong>(2).</strong></span> <span class='ocrx_word' id='word_1_689' title='bbox 3666 3939 3689 3974; x_wconf 71' lang='grc' dir='ltr'><strong><em>ι</em></strong></span> 
     </span>
    </p>
   </div>
   <div class='ocr_carea' id='block_1_101' title="bbox 2084 4025 3691 4095">
    <p class='ocr_par' dir='ltr' id='par_1_101' title="bbox 2084 4025 3691 4095">
     <span class='ocr_line' id='line_1_101' title="bbox 2084 4025 3691 4095; baseline -0.004 -14"><span class='ocrx_word' id='word_1_690' title='bbox 2084 4027 2144 4081; x_wconf 76' lang='lat'><strong>2°</strong></span> <span class='ocrx_word' id='word_1_691' title='bbox 2181 4045 2200 4078; x_wconf 83' lang='grc'><strong>«</strong></span> <span class='ocrx_word' id='word_1_692' title='bbox 2237 4025 2437 4082; x_wconf 88' lang='lat' dir='ltr'><strong>Beatus</strong></span> <span class='ocrx_word' id='word_1_693' title='bbox 2460 4026 2737 4095; x_wconf 91' lang='lat' dir='ltr'><strong>apostolus</strong></span> <span class='ocrx_word' id='word_1_694' title='bbox 2766 4026 2965 4083; x_wconf 86' lang='lat' dir='ltr'><strong>Paulus</strong></span> <span class='ocrx_word' id='word_1_695' title='bbox 3005 4027 3109 4084; x_wconf 91' lang='lat' dir='ltr'><strong>hoc</strong></span> <span class='ocrx_word' id='word_1_696' title='bbox 3135 4025 3276 4083; x_wconf 90' lang='lat' dir='ltr'><strong>idem</strong></span> <span class='ocrx_word' id='word_1_697' title='bbox 3311 4026 3493 4091; x_wconf 90' lang='lat' dir='ltr'><strong>docet,</strong></span> <span class='ocrx_word' id='word_1_698' title='bbox 3520 4029 3577 4078; x_wconf 91' lang='lat' dir='ltr'><strong>et</strong></span> <span class='ocrx_word' id='word_1_699' title='bbox 3599 4033 3691 4074; x_wconf 87' lang='lat' dir='ltr'><strong>sa-</strong></span> 
     </span>
    </p>
   </div>
   <div class='ocr_carea' id='block_1_102' title="bbox 2087 4107 3686 4192">
    <p class='ocr_par' dir='ltr' id='par_1_102' title="bbox 2087 4107 3686 4192">
     <span class='ocr_line' id='line_1_102' title="bbox 2087 4107 3686 4192; baseline -0.003 -18"><span class='ocrx_word' id='word_1_700' title='bbox 2087 4129 2429 4174; x_wconf 89' lang='lat' dir='ltr'><strong>cramentum</strong></span> <span class='ocrx_word' id='word_1_701' title='bbox 2453 4119 2672 4175; x_wconf 88' lang='lat' dir='ltr'><strong>unitatis</strong></span> <span class='ocrx_word' id='word_1_702' title='bbox 2701 4121 2957 4188; x_wconf 89' lang='lat' dir='ltr'><strong>ostendit,</strong></span> <span class='ocrx_word' id='word_1_703' title='bbox 2980 4120 3167 4178; x_wconf 88' lang='lat' dir='ltr'><strong>dicens</strong></span> <span class='ocrx_word' id='word_1_704' title='bbox 3184 4119 3405 4192; x_wconf 76' lang='lat' dir='ltr'><strong>(Ep/tes.</strong></span> <span class='ocrx_word' id='word_1_705' title='bbox 3434 4131 3516 4184; x_wconf 86' lang='lat' dir='ltr'><strong>tv,</strong></span> <span class='ocrx_word' id='word_1_706' title='bbox 3541 4107 3686 4180; x_wconf 72' lang='lat'><strong>4-6):</strong></span> 
     </span>
    </p>
   </div>
   <div class='ocr_carea' id='block_1_103' title="bbox 2090 4201 3691 4284">
    <p class='ocr_par' dir='ltr' id='par_1_103' title="bbox 2090 4201 3691 4284">
     <span class='ocr_line' id='line_1_103' title="bbox 2090 4201 3691 4284; baseline -0.006 -18"><span class='ocrx_word' id='word_1_707' title='bbox 2090 4210 2263 4266; x_wconf 84' lang='lat' dir='ltr'><strong>Unum</strong></span> <span class='ocrx_word' id='word_1_708' title='bbox 2315 4227 2501 4284; x_wconf 88' lang='lat' dir='ltr'><strong>corpus</strong></span> <span class='ocrx_word' id='word_1_709' title='bbox 2546 4221 2591 4267; x_wconf 79' lang='lat' dir='ltr'><strong>et</strong></span> <span class='ocrx_word' id='word_1_710' title='bbox 2634 4230 2770 4268; x_wconf 87' lang='lat' dir='ltr'><strong>unus</strong></span> <span class='ocrx_word' id='word_1_711' title='bbox 2800 4214 3041 4284; x_wconf 84' lang='lat' dir='ltr'><strong>spiritus,</strong></span> <span class='ocrx_word' id='word_1_712' title='bbox 3096 4229 3201 4267; x_wconf 83' lang='lat' dir='ltr'><strong>una</strong></span> <span class='ocrx_word' id='word_1_713' title='bbox 3247 4228 3365 4281; x_wconf 84' lang='lat' dir='ltr'><strong>spes</strong></span> <span class='ocrx_word' id='word_1_714' title='bbox 3410 4201 3691 4266; x_wconf 78' lang='lat' dir='ltr'><strong>vocationis</strong></span> 
     </span>
    </p>
   </div>
   <div class='ocr_carea' id='block_1_104' title="bbox 2086 4299 3682 4372">
    <p class='ocr_par' dir='ltr' id='par_1_104' title="bbox 2086 4299 3682 4372">
     <span class='ocr_line' id='line_1_104' title="bbox 2086 4299 3682 4372; baseline -0.005 -13"><span class='ocrx_word' id='word_1_715' title='bbox 2086 4312 2292 4367; x_wconf 60' lang='lat' dir='ltr'><strong>vestras;</strong></span> <span class='ocrx_word' id='word_1_716' title='bbox 2341 4321 2473 4359; x_wconf 87' lang='lat' dir='ltr'><strong>unus</strong></span> <span class='ocrx_word' id='word_1_717' title='bbox 2515 4302 2789 4370; x_wconf 84' lang='lat' dir='ltr'><strong>Dominus,</strong></span> <span class='ocrx_word' id='word_1_718' title='bbox 2842 4319 2946 4357; x_wconf 85' lang='lat' dir='ltr'><strong>una</strong></span> <span class='ocrx_word' id='word_1_719' title='bbox 2991 4303 3140 4371; x_wconf 79' lang='lat' dir='ltr'><strong>ﬁdes,</strong></span> <span class='ocrx_word' id='word_1_720' title='bbox 3195 4318 3359 4358; x_wconf 82' lang='lat' dir='ltr'><strong>unum</strong></span> <span class='ocrx_word' id='word_1_721' title='bbox 3394 4299 3682 4372; x_wconf 78' lang='lat' dir='ltr'><strong>baptism,</strong></span> 
     </span>
    </p>
   </div>
   <div class='ocr_carea' id='block_1_105' title="bbox 2085 4395 3687 4472">
    <p class='ocr_par' dir='ltr' id='par_1_105' title="bbox 2085 4395 3687 4472">
     <span class='ocr_line' id='line_1_105' title="bbox 2085 4395 3687 4472; baseline -0.006 -20"><span class='ocrx_word' id='word_1_722' title='bbox 2085 4413 2215 4453; x_wconf 85' lang='lat' dir='ltr'><strong>unus</strong></span> <span class='ocrx_word' id='word_1_723' title='bbox 2241 4398 2381 4453; x_wconf 84' lang='lat' dir='ltr'><strong>Deus</strong></span> <span class='ocrx_word' id='word_1_724' title='bbox 2408 4395 2508 4472; x_wconf 81' lang='grc'><strong>(5).</strong></span> <span class='ocrx_word' id='word_1_725' title='bbox 2547 4416 2566 4451; x_wconf 78' lang='grc' dir='ltr'><strong><em>ι</em></strong></span> <span class='ocrx_word' id='word_1_726' title='bbox 2605 4397 2661 4452; x_wconf 80' lang='grc'><strong>5⁸</strong></span> <span class='ocrx_word' id='word_1_727' title='bbox 2696 4415 2715 4448; x_wconf 77' lang='grc' dir='ltr'>ι</span> <span class='ocrx_word' id='word_1_728' title='bbox 2749 4395 2920 4463; x_wconf 87' lang='lat' dir='ltr'><strong>Quam</strong></span> <span class='ocrx_word' id='word_1_729' title='bbox 2950 4397 3210 4452; x_wconf 86' lang='lat' dir='ltr'><strong>unitatem</strong></span> <span class='ocrx_word' id='word_1_730' title='bbox 3239 4395 3469 4452; x_wconf 78' lang='lat' dir='ltr'><strong>firmiter</strong></span> <span class='ocrx_word' id='word_1_731' title='bbox 3499 4401 3687 4449; x_wconf 88' lang='lat' dir='ltr'><strong>tenere</strong></span> 
     </span>
    </p>
   </div>
   <div class='ocr_carea' id='block_1_106' title="bbox 2085 4481 3686 4560">
    <p class='ocr_par' dir='ltr' id='par_1_106' title="bbox 2085 4481 3686 4560">
     <span class='ocr_line' id='line_1_106' title="bbox 2085 4481 3686 4560; baseline -0.006 -15"><span class='ocrx_word' id='word_1_732' title='bbox 2085 4499 2140 4545; x_wconf 90' lang='lat' dir='ltr'><strong>et</strong></span> <span class='ocrx_word' id='word_1_733' title='bbox 2160 4489 2434 4545; x_wconf 90' lang='lat' dir='ltr'><strong>vindicare</strong></span> <span class='ocrx_word' id='word_1_734' title='bbox 2461 4488 2744 4551; x_wconf 89' lang='lat' dir='ltr'><strong>debemus,</strong></span> <span class='ocrx_word' id='word_1_735' title='bbox 2769 4489 3002 4542; x_wconf 86' lang='lat' dir='ltr'><strong>maxime</strong></span> <span class='ocrx_word' id='word_1_736' title='bbox 3018 4487 3278 4559; x_wconf 87' lang='lat' dir='ltr'><strong>episcopi,</strong></span> <span class='ocrx_word' id='word_1_737' title='bbox 3295 4489 3388 4560; x_wconf 89' lang='lat' dir='ltr'><strong>qni</strong></span> <span class='ocrx_word' id='word_1_738' title='bbox 3418 4488 3474 4542; x_wconf 92' lang='lat' dir='ltr'><strong>in</strong></span> <span class='ocrx_word' id='word_1_739' title='bbox 3501 4481 3686 4540; x_wconf 83' lang='lat' dir='ltr'><strong>Eccle-</strong></span> 
     </span>
    </p>
   </div>
   <div class='ocr_carea' id='block_1_107' title="bbox 2086 4577 3685 4652">
    <p class='ocr_par' dir='ltr' id='par_1_107' title="bbox 2086 4577 3685 4652">
     <span class='ocr_line' id='line_1_107' title="bbox 2086 4577 3685 4652; baseline -0.007 -16"><span class='ocrx_word' id='word_1_740' title='bbox 2086 4582 2164 4636; x_wconf 88' lang='lat' dir='ltr'><strong>sia</strong></span> <span class='ocrx_word' id='word_1_741' title='bbox 2193 4579 2578 4650; x_wconf 76' lang='lat' dir='ltr'><strong>przesidemus,</strong></span> <span class='ocrx_word' id='word_1_742' title='bbox 2611 4589 2671 4634; x_wconf 91' lang='lat' dir='ltr'><strong>ut</strong></span> <span class='ocrx_word' id='word_1_743' title='bbox 2689 4577 3062 4649; x_wconf 87' lang='lat' dir='ltr'><strong>episcopatum</strong></span> <span class='ocrx_word' id='word_1_744' title='bbox 3083 4580 3490 4652; x_wconf 87' lang='lat' dir='ltr'><strong>quoqueipsum</strong></span> <span class='ocrx_word' id='word_1_745' title='bbox 3519 4583 3685 4630; x_wconf 87' lang='lat' dir='ltr'><strong>unum</strong></span> 
     </span>
    </p>
   </div>
   <div class='ocr_carea' id='block_1_108' title="bbox 2161 4730 3683 4817">
    <p class='ocr_par' dir='ltr' id='par_1_108' title="bbox 2161 4730 3683 4817">
     <span class='ocr_line' id='line_1_108' title="bbox 2161 4730 3683 4817; baseline -0.005 -28"><span class='ocrx_word' id='word_1_746' title='bbox 2161 4735 2236 4805; x_wconf 82' lang='grc'><strong>(1)</strong></span> <span class='ocrx_word' id='word_1_747' title='bbox 2283 4734 2382 4816; x_wconf 84' lang='lat' dir='ltr'><strong>Ep.</strong></span> <span class='ocrx_word' id='word_1_748' title='bbox 2429 4749 2503 4802; x_wconf 77' lang='grc' dir='ltr'><strong>ιι,</strong></span> <span class='ocrx_word' id='word_1_749' title='bbox 2539 4741 2671 4817; x_wconf 76' lang='lat' dir='ltr'><strong>tom.</strong></span> <span class='ocrx_word' id='word_1_750' title='bbox 2705 4750 2778 4817; x_wconf 61' lang='lat' dir='ltr'><strong>tv,</strong></span> <span class='ocrx_word' id='word_1_751' title='bbox 2805 4733 2912 4817; x_wconf 59' lang='lat' dir='ltr'><strong>col.</strong></span> <span class='ocrx_word' id='word_1_752' title='bbox 3102 4751 3116 4788; x_wconf 90' lang='lat'><strong>:</strong></span> <span class='ocrx_word' id='word_1_753' title='bbox 3145 4733 3244 4817; x_wconf 72' lang='lat' dir='ltr'><strong>llic</strong></span> <span class='ocrx_word' id='word_1_754' title='bbox 3285 4735 3412 4817; x_wconf 71' lang='lat' dir='ltr'><strong>liber</strong></span> <span class='ocrx_word' id='word_1_755' title='bbox 3463 4730 3683 4817; x_wconf 68' lang='lat' dir='ltr'><strong>scriptus</strong></span> 
     </span>
    </p>
   </div>
   <div class='ocr_carea' id='block_1_109' title="bbox 2085 4802 3679 4886">
    <p class='ocr_par' dir='ltr' id='par_1_109' title="bbox 2085 4802 3679 4886">
     <span class='ocr_line' id='line_1_109' title="bbox 2085 4802 3679 4886; baseline -0.002 -27"><span class='ocrx_word' id='word_1_756' title='bbox 2085 4816 2154 4885; x_wconf 70' lang='lat' dir='ltr'><strong>est</strong></span> <span class='ocrx_word' id='word_1_757' title='bbox 2171 4802 2446 4886; x_wconf 67' lang='lat' dir='ltr'><strong>occasione</strong></span> <span class='ocrx_word' id='word_1_758' title='bbox 2475 4807 2762 4886; x_wconf 52' lang='lat' dir='ltr'><strong>schismata</strong></span> <span class='ocrx_word' id='word_1_759' title='bbox 2794 4805 3160 4886; x_wconf 37' lang='lat' dir='ltr'><strong>Novatianinet</strong></span> <span class='ocrx_word' id='word_1_760' title='bbox 3195 4806 3433 4886; x_wconf 74' lang='lat' dir='ltr'><strong>factionis</strong></span> <span class='ocrx_word' id='word_1_761' title='bbox 3458 4802 3679 4886; x_wconf 52' lang='lat' dir='ltr'><strong>Felicis-</strong></span> 
     </span>
    </p>
   </div>
   <div class='ocr_carea' id='block_1_110' title="bbox 2085 4870 3682 4956">
    <p class='ocr_par' dir='ltr' id='par_1_110' title="bbox 2085 4870 3682 4956">
     <span class='ocr_line' id='line_1_110' title="bbox 2085 4870 3682 4956; baseline -0.01 -19"><span class='ocrx_word' id='word_1_762' title='bbox 2085 4876 2220 4956; x_wconf 64' lang='grc' dir='ltr'><strong><em>ξὶῃιί.</em></strong></span> <span class='ocrx_word' id='word_1_763' title='bbox 2253 4877 2425 4956; x_wconf 67' lang='lat' dir='ltr'><strong>Pitpin</strong></span> <span class='ocrx_word' id='word_1_764' title='bbox 2445 4919 2462 4942; x_wconf 87' lang='lat'><strong>,</strong></span> <span class='ocrx_word' id='word_1_765' title='bbox 2482 4876 2812 4956; x_wconf 74' lang='lat' dir='ltr'><strong>_Bibl._auct.,</strong></span> <span class='ocrx_word' id='word_1_766' title='bbox 2845 4886 2944 4956; x_wconf 84' lang='lat' dir='ltr'><strong>t._r,</strong></span> <span class='ocrx_word' id='word_1_767' title='bbox 2973 4870 3347 4956; x_wconf 42' lang='lat' dir='ltr'><strong>p..260,&#39;edit.</strong></span> <span class='ocrx_word' id='word_1_768' title='bbox 3372 4878 3470 4956; x_wconf 78' lang='lat' dir='ltr'><strong>lat.</strong></span> <span class='ocrx_word' id='word_1_769' title='bbox 3495 4891 3508 4928; x_wconf 91' lang='lat'><strong>:</strong></span> <span class='ocrx_word' id='word_1_770' title='bbox 3531 4870 3682 4956; x_wconf 50' lang='lat' dir='ltr'><strong>Liber</strong></span> 
     </span>
    </p>
   </div>
   <div class='ocr_carea' id='block_1_111' title="bbox 2088 4937 3681 5016">
    <p class='ocr_par' dir='ltr' id='par_1_111' title="bbox 2088 4937 3681 5016">
     <span class='ocr_line' id='line_1_111' title="bbox 2088 4937 3681 5016; baseline -0.004 -17"><span class='ocrx_word' id='word_1_771' title='bbox 2088 4947 2168 5000; x_wconf 81' lang='lat' dir='ltr'><strong>hic</strong></span> <span class='ocrx_word' id='word_1_772' title='bbox 2195 4946 2264 4999; x_wconf 85' lang='lat' dir='ltr'><strong>ad</strong></span> <span class='ocrx_word' id='word_1_773' title='bbox 2283 4937 2582 5003; x_wconf 62' lang='lat' dir='ltr'><strong>soluendum</strong></span> <span class='ocrx_word' id='word_1_774' title='bbox 2617 4937 2898 5002; x_wconf 80' lang='lat' dir='ltr'><strong>Novatiani</strong></span> <span class='ocrx_word' id='word_1_775' title='bbox 2931 4937 3155 5000; x_wconf 70' lang='lat' dir='ltr'><strong>schisnta</strong></span> <span class='ocrx_word' id='word_1_776' title='bbox 3170 4937 3503 5016; x_wconf 73' lang='lat' dir='ltr'><strong>conscriptus</strong></span> <span class='ocrx_word' id='word_1_777' title='bbox 3560 4937 3681 4994; x_wconf 85' lang='lat' dir='ltr'><strong>Fel-</strong></span> 
     </span>
    </p>
   </div>
   <div class='ocr_carea' id='block_1_112' title="bbox 2085 5013 3688 5099">
    <p class='ocr_par' dir='ltr' id='par_1_112' title="bbox 2085 5013 3688 5099">
     <span class='ocr_line' id='line_1_112' title="bbox 2085 5013 3688 5099; baseline -0.01 -29"><span class='ocrx_word' id='word_1_778' title='bbox 2085 5017 2201 5099; x_wconf 42' lang='grc' dir='ltr'><strong>ξιιιξξ</strong></span> <span class='ocrx_word' id='word_1_779' title='bbox 2235 5018 2448 5099; x_wconf 38' lang='lat'><strong>[104,</strong></span> <span class='ocrx_word' id='word_1_780' title='bbox 2468 5020 2560 5099; x_wconf 55' lang='lat' dir='ltr'><strong>ed.</strong></span> <span class='ocrx_word' id='word_1_781' title='bbox 2593 5019 2773 5073; x_wconf 88' lang='lat' dir='ltr'><strong>Brem.</strong></span> <span class='ocrx_word' id='word_1_782' title='bbox 2798 5016 2996 5099; x_wconf 56' lang='lat' dir='ltr'><strong>Parum</strong></span> <span class='ocrx_word' id='word_1_783' title='bbox 3023 5018 3181 5098; x_wconf 51' lang='lat' dir='ltr'><strong>aliast,</strong></span> <span class='ocrx_word' id='word_1_784' title='bbox 3204 5013 3688 5099; x_wconf 36' lang='grc' dir='ltr'><strong>ἰηίιυὶιζιιυιιεῖῃὲιξ,</strong></span> 
     </span>
    </p>
   </div>
   <div class='ocr_carea' id='block_1_113' title="bbox 2084 5077 3678 5158">
    <p class='ocr_par' dir='ltr' id='par_1_113' title="bbox 2084 5077 3678 5158">
     <span class='ocr_line' id='line_1_113' title="bbox 2084 5077 3678 5158; baseline -0.006 -17"><span class='ocrx_word' id='word_1_785' title='bbox 2084 5077 2366 5158; x_wconf 46' lang='lat' dir='ltr'><strong>Bibl-SS.</strong></span> <span class='ocrx_word' id='word_1_786' title='bbox 2405 5077 2523 5141; x_wconf 69' lang='lat' dir='ltr'><strong>PP.</strong></span> <span class='ocrx_word' id='word_1_787' title='bbox 2553 5101 2595 5158; x_wconf 88' lang='lat' dir='ltr'><strong>t.</strong></span> <span class='ocrx_word' id='word_1_788' title='bbox 2621 5105 2701 5154; x_wconf 85' lang='grc' dir='ltr'><strong>ιιι,</strong></span> <span class='ocrx_word' id='word_1_789' title='bbox 2743 5104 2794 5158; x_wconf 92' lang='lat' dir='ltr'><strong>p.</strong></span> <span class='ocrx_word' id='word_1_790' title='bbox 2840 5087 2966 5147; x_wconf 57' lang='lat'><strong>19$,</strong></span> <span class='ocrx_word' id='word_1_791' title='bbox 2998 5087 3117 5154; x_wconf 84' lang='lat' dir='ltr'><strong>quin</strong></span> <span class='ocrx_word' id='word_1_792' title='bbox 3144 5077 3345 5138; x_wconf 79' lang='lat' dir='ltr'><strong>credam</strong></span> <span class='ocrx_word' id='word_1_793' title='bbox 3373 5085 3510 5158; x_wconf 66' lang='lat' dir='ltr'><strong>hunc</strong></span> <span class='ocrx_word' id='word_1_794' title='bbox 3537 5077 3678 5158; x_wconf 79' lang='lat' dir='ltr'><strong>libel-</strong></span> 
     </span>
    </p>
   </div>
   <div class='ocr_carea' id='block_1_114' title="bbox 2084 5153 3679 5240">
    <p class='ocr_par' dir='ltr' id='par_1_114' title="bbox 2084 5153 3679 5240">
     <span class='ocr_line' id='line_1_114' title="bbox 2084 5153 3679 5240; baseline -0.005 -28"><span class='ocrx_word' id='word_1_795' title='bbox 2084 5159 2189 5240; x_wconf 68' lang='lat' dir='ltr'><strong>lupt</strong></span> <span class='ocrx_word' id='word_1_796' title='bbox 2211 5158 2274 5240; x_wconf 71' lang='lat' dir='ltr'><strong>de</strong></span> <span class='ocrx_word' id='word_1_797' title='bbox 2293 5155 2501 5211; x_wconf 86' lang='lat' dir='ltr'><strong>Unitate</strong></span> <span class='ocrx_word' id='word_1_798' title='bbox 2526 5153 2766 5240; x_wconf 64' lang='lat' dir='ltr'><strong>Ecclesia}</strong></span> <span class='ocrx_word' id='word_1_799' title='bbox 2779 5153 3058 5240; x_wconf 77' lang='lat' dir='ltr'><strong>orationem</strong></span> <span class='ocrx_word' id='word_1_800' title='bbox 3083 5172 3192 5240; x_wconf 65' lang='lat' dir='ltr'><strong>esse</strong></span> <span class='ocrx_word' id='word_1_801' title='bbox 3217 5173 3368 5240; x_wconf 67' lang='lat' dir='ltr'><strong>quam</strong></span> <span class='ocrx_word' id='word_1_802' title='bbox 3394 5153 3679 5240; x_wconf 44' lang='lat' dir='ltr'><strong>Cyprianus.</strong></span> 
     </span>
    </p>
   </div>
   <div class='ocr_carea' id='block_1_115' title="bbox 2085 5218 3679 5298">
    <p class='ocr_par' dir='ltr' id='par_1_115' title="bbox 2085 5218 3679 5298">
     <span class='ocr_line' id='line_1_115' title="bbox 2085 5218 3679 5298; baseline -0.008 -16"><span class='ocrx_word' id='word_1_803' title='bbox 2085 5229 2152 5282; x_wconf 85' lang='lat' dir='ltr'><strong>ad</strong></span> <span class='ocrx_word' id='word_1_804' title='bbox 2179 5229 2468 5298; x_wconf 84' lang='lat' dir='ltr'><strong>episcopos,</strong></span> <span class='ocrx_word' id='word_1_805' title='bbox 2500 5229 2789 5298; x_wconf 85' lang='lat' dir='ltr'><strong>clerumque</strong></span> <span class='ocrx_word' id='word_1_806' title='bbox 2813 5230 2867 5282; x_wconf 85' lang='lat' dir='ltr'><strong>in</strong></span> <span class='ocrx_word' id='word_1_807' title='bbox 2883 5245 3038 5282; x_wconf 87' lang='lat' dir='ltr'><strong>causa</strong></span> <span class='ocrx_word' id='word_1_808' title='bbox 3080 5218 3370 5283; x_wconf 67' lang='lat' dir='ltr'><strong>scltisinatis</strong></span> <span class='ocrx_word' id='word_1_809' title='bbox 3400 5218 3679 5280; x_wconf 82' lang='lat' dir='ltr'><strong>Novatiani</strong></span> 
     </span>
    </p>
   </div>
   <div class='ocr_carea' id='block_1_116' title="bbox 2086 5298 3676 5381">
    <p class='ocr_par' dir='ltr' id='par_1_116' title="bbox 2086 5298 3676 5381">
     <span class='ocr_line' id='line_1_116' title="bbox 2086 5298 3676 5381; baseline -0.007 -29"><span class='ocrx_word' id='word_1_810' title='bbox 2086 5298 2298 5381; x_wconf 60' lang='lat' dir='ltr'><strong>tollendi</strong></span> <span class='ocrx_word' id='word_1_811' title='bbox 2318 5310 2651 5381; x_wconf 75' lang='lat' dir='ltr'><strong>congregatos</strong></span> <span class='ocrx_word' id='word_1_812' title='bbox 2677 5299 2852 5352; x_wconf 80' lang='lat' dir='ltr'><strong>habuit</strong></span> <span class='ocrx_word' id='word_1_813' title='bbox 2871 5300 3051 5381; x_wconf 26' lang='lat' dir='ltr'><strong>{hanc</strong></span> <span class='ocrx_word' id='word_1_814' title='bbox 3094 5301 3438 5367; x_wconf 80' lang='lat' dir='ltr'><strong>coniecturam</strong></span> <span class='ocrx_word' id='word_1_815' title='bbox 3461 5305 3676 5381; x_wconf 48' lang='lat' dir='ltr'><strong>.scquen-</strong></span> 
     </span>
    </p>
   </div>
   <div class='ocr_carea' id='block_1_117' title="bbox 2087 5365 3677 5441">
    <p class='ocr_par' dir='ltr' id='par_1_117' title="bbox 2087 5365 3677 5441">
     <span class='ocr_line' id='line_1_117' title="bbox 2087 5365 3677 5441; baseline -0.003 -19"><span class='ocrx_word' id='word_1_816' title='bbox 2087 5371 2157 5422; x_wconf 90' lang='lat' dir='ltr'><strong>tia</strong></span> <span class='ocrx_word' id='word_1_817' title='bbox 2221 5365 2448 5440; x_wconf 66' lang='lat' dir='ltr'><strong>ejusdem</strong></span> <span class='ocrx_word' id='word_1_818' title='bbox 2495 5365 2740 5424; x_wconf 76' lang='lat' dir='ltr'><strong>tractatus</strong></span> <span class='ocrx_word' id='word_1_819' title='bbox 2809 5369 2957 5424; x_wconf 81' lang='lat' dir='ltr'><strong>verba</strong></span> <span class='ocrx_word' id='word_1_820' title='bbox 3015 5387 3118 5425; x_wconf 82' lang='lat' dir='ltr'><strong>non</strong></span> <span class='ocrx_word' id='word_1_821' title='bbox 3158 5365 3343 5441; x_wconf 78' lang='lat' dir='ltr'><strong>parum</strong></span> <span class='ocrx_word' id='word_1_822' title='bbox 3395 5365 3633 5441; x_wconf 60' lang='lat' dir='ltr'><strong>roborant</strong></span> <span class='ocrx_word' id='word_1_823' title='bbox 3657 5372 3677 5412; x_wconf 73' lang='grc' dir='ltr'><strong><em>ἔ</em></strong></span> 
     </span>
    </p>
   </div>
   <div class='ocr_carea' id='block_1_118' title="bbox 2093 5433 3678 5523">
    <p class='ocr_par' dir='ltr' id='par_1_118' title="bbox 2093 5433 3678 5523">
     <span class='ocr_line' id='line_1_118' title="bbox 2093 5433 3678 5523; baseline -0.005 -33"><span class='ocrx_word' id='word_1_824' title='bbox 2093 5457 2112 5490; x_wconf 83' lang='grc'><strong><em>‹</em></strong></span> <span class='ocrx_word' id='word_1_825' title='bbox 2145 5433 2295 5523; x_wconf 61' lang='lat' dir='ltr'><strong>quam</strong></span> <span class='ocrx_word' id='word_1_826' title='bbox 2340 5442 2584 5523; x_wconf 59' lang='lat' dir='ltr'><strong>ciuitatem</strong></span> <span class='ocrx_word' id='word_1_827' title='bbox 2611 5441 2825 5523; x_wconf 69' lang='lat' dir='ltr'><strong>firmiter</strong></span> <span class='ocrx_word' id='word_1_828' title='bbox 2853 5451 3020 5523; x_wconf 70' lang='lat' dir='ltr'><strong>tenere</strong></span> <span class='ocrx_word' id='word_1_829' title='bbox 3046 5451 3093 5495; x_wconf 88' lang='lat' dir='ltr'><strong>et</strong></span> <span class='ocrx_word' id='word_1_830' title='bbox 3133 5433 3388 5523; x_wconf 58' lang='lat' dir='ltr'><strong>vividicare</strong></span> <span class='ocrx_word' id='word_1_831' title='bbox 3441 5433 3678 5516; x_wconf 71' lang='lat' dir='ltr'><strong>debemus</strong></span> 
     </span>
    </p>
   </div>
   <div class='ocr_carea' id='block_1_119' title="bbox 2087 5505 3675 5583">
    <p class='ocr_par' dir='ltr' id='par_1_119' title="bbox 2087 5505 3675 5583">
     <span class='ocr_line' id='line_1_119' title="bbox 2087 5505 3675 5583; baseline -0.003 -21"><span class='ocrx_word' id='word_1_832' title='bbox 2087 5505 2306 5566; x_wconf 72' lang='lat' dir='ltr'><strong>maxime</strong></span> <span class='ocrx_word' id='word_1_833' title='bbox 2326 5513 2550 5583; x_wconf 84' lang='lat' dir='ltr'><strong>episcopi</strong></span> <span class='ocrx_word' id='word_1_834' title='bbox 2575 5505 2661 5583; x_wconf 78' lang='lat' dir='ltr'><strong>qui</strong></span> <span class='ocrx_word' id='word_1_835' title='bbox 2689 5513 2742 5566; x_wconf 86' lang='lat' dir='ltr'><strong>in</strong></span> <span class='ocrx_word' id='word_1_836' title='bbox 2771 5511 3004 5567; x_wconf 80' lang='lat' dir='ltr'><strong>Ecclesia</strong></span> <span class='ocrx_word' id='word_1_837' title='bbox 3029 5511 3360 5583; x_wconf 72' lang='lat' dir='ltr'><strong>prwsidcmus</strong></span> <span class='ocrx_word' id='word_1_838' title='bbox 3401 5516 3458 5583; x_wconf 71' lang='lat' dir='ltr'><strong>ut</strong></span> <span class='ocrx_word' id='word_1_839' title='bbox 3479 5505 3675 5575; x_wconf 82' lang='lat' dir='ltr'><strong>cpisco-</strong></span> 
     </span>
    </p>
   </div>
   <div class='ocr_carea' id='block_1_120' title="bbox 2087 5577 3668 5713">
    <p class='ocr_par' dir='ltr' id='par_1_120' title="bbox 2087 5577 3668 5713">
     <span class='ocr_line' id='line_1_120' title="bbox 2089 5577 3668 5654; baseline -0.003 -20"><span class='ocrx_word' id='word_1_840' title='bbox 2089 5591 2260 5651; x_wconf 81' lang='lat' dir='ltr'><strong>patum</strong></span> <span class='ocrx_word' id='word_1_841' title='bbox 2283 5577 2480 5654; x_wconf 81' lang='lat' dir='ltr'><strong>quoque</strong></span> <span class='ocrx_word' id='word_1_842' title='bbox 2497 5577 2664 5653; x_wconf 78' lang='lat' dir='ltr'><strong>ipsum</strong></span> <span class='ocrx_word' id='word_1_843' title='bbox 2687 5599 2844 5638; x_wconf 85' lang='lat' dir='ltr'><strong>unum</strong></span> <span class='ocrx_word' id='word_1_844' title='bbox 2867 5577 3315 5654; x_wconf 53' lang='lat' dir='ltr'><strong>atquc&#39;indivisum</strong></span> <span class='ocrx_word' id='word_1_845' title='bbox 3337 5577 3621 5652; x_wconf 71' lang='lat' dir='ltr'><strong>probemus.</strong></span> <span class='ocrx_word' id='word_1_846' title='bbox 3651 5587 3668 5624; x_wconf 69' lang='grc' dir='ltr'><strong><em>ι</em></strong></span> 
     </span>
     <span class='ocr_line' id='line_1_121' title="bbox 2087 5653 2655 5713; baseline 0.004 -6"><span class='ocrx_word' id='word_1_847' title='bbox 2087 5653 2169 5707; x_wconf 86' lang='lat' dir='ltr'><strong>Cf.</strong></span> <span class='ocrx_word' id='word_1_848' title='bbox 2203 5661 2244 5707; x_wconf 91' lang='lat' dir='ltr'><strong>t.</strong></span> <span class='ocrx_word' id='word_1_849' title='bbox 2271 5669 2348 5713; x_wconf 85' lang='lat' dir='ltr'><strong>tv.</strong></span> <span class='ocrx_word' id='word_1_850' title='bbox 2375 5655 2480 5709; x_wconf 92' lang='lat' dir='ltr'><strong>col.</strong></span> <span class='ocrx_word' id='word_1_851' title='bbox 2524 5655 2655 5713; x_wconf 82' lang='grc'><strong>501.</strong></span> 
     </span>
    </p>
   </div>
   <div class='ocr_carea' id='block_1_121' title="bbox 2157 5669 2655 5717">
    <p class='ocr_par' dir='ltr' id='par_1_121' title="bbox 2157 5669 2655 5717">
     <span class='ocr_line' id='line_1_122' title="bbox 2157 5669 2655 5717; baseline 0.01 -13"><span class='ocrx_word' id='word_1_852' title='bbox 2157 5691 2169 5704; x_wconf 90' lang='grc'><strong>.</strong></span> <span class='ocrx_word' id='word_1_853' title='bbox 2203 5669 2244 5707; x_wconf 84' lang='grc' dir='ltr'><strong>ῐ.</strong></span> <span class='ocrx_word' id='word_1_854' title='bbox 2271 5669 2348 5717; x_wconf 79' lang='grc' dir='ltr'><strong>ιν,</strong></span> <span class='ocrx_word' id='word_1_855' title='bbox 2375 5669 2480 5709; x_wconf 84' lang='lat' dir='ltr'><strong>COI.</strong></span> <span class='ocrx_word' id='word_1_856' title='bbox 2524 5669 2655 5713; x_wconf 74' lang='lat'><strong>501.</strong></span> 
     </span>
    </p>
   </div>
   <div class='ocr_carea' id='block_1_122' title="bbox 2160 5721 3370 5867">
    <p class='ocr_par' dir='ltr' id='par_1_122' title="bbox 2160 5721 3370 5867">
     <span class='ocr_line' id='line_1_123' title="bbox 2160 5721 3370 5867; baseline 0.002 -90"><span class='ocrx_word' id='word_1_857' title='bbox 2160 5721 2245 5867; x_wconf 44' lang='lat'><strong>22;</strong></span> <span class='ocrx_word' id='word_1_858' title='bbox 2266 5723 2383 5807; x_wconf 78' lang='lat' dir='ltr'><strong>Lib.</strong></span> <span class='ocrx_word' id='word_1_859' title='bbox 2411 5725 2475 5778; x_wconf 82' lang='lat' dir='ltr'><strong>de</strong></span> <span class='ocrx_word' id='word_1_860' title='bbox 2497 5725 2705 5782; x_wconf 82' lang='lat' dir='ltr'><strong>Unitatc</strong></span> <span class='ocrx_word' id='word_1_861' title='bbox 2731 5724 2896 5791; x_wconf 86' lang='lat' dir='ltr'><strong>Eccl.,</strong></span> <span class='ocrx_word' id='word_1_862' title='bbox 2929 5733 2968 5780; x_wconf 85' lang='grc' dir='ltr'><strong>ι.</strong></span> <span class='ocrx_word' id='word_1_863' title='bbox 3001 5738 3080 5793; x_wconf 86' lang='lat' dir='ltr'><strong>tv,</strong></span> <span class='ocrx_word' id='word_1_864' title='bbox 3109 5723 3219 5779; x_wconf 88' lang='lat' dir='ltr'><strong>col.</strong></span> <span class='ocrx_word' id='word_1_865' title='bbox 3241 5722 3370 5780; x_wconf 78' lang='lat'><strong>500.</strong></span> 
     </span>
     <span class='ocr_line' id='line_1_124' title="bbox 2186 5792 2695 5854; baseline 0.006 -5"><span class='ocrx_word' id='word_1_866' title='bbox 2186 5795 2221 5849; x_wconf 76' lang='lat'><strong>3</strong></span> <span class='ocrx_word' id='word_1_867' title='bbox 2268 5792 2400 5852; x_wconf 89' lang='lat' dir='ltr'><strong>lbtd.</strong></span> <span class='ocrx_word' id='word_1_868' title='bbox 2431 5796 2537 5854; x_wconf 85' lang='lat' dir='ltr'><strong>col.</strong></span> <span class='ocrx_word' id='word_1_869' title='bbox 2569 5796 2695 5854; x_wconf 77' lang='lat' dir='ltr'><strong>50L</strong></span> 
     </span>
    </p>
   </div>
   <div class='ocr_carea' id='block_1_123' title="bbox 2186 5792 3745 5868">
    <p class='ocr_par' dir='ltr' id='par_1_123' title="bbox 2186 5792 3745 5868">
     <span class='ocr_line' id='line_1_125' title="bbox 2186 5792 3745 5868; baseline -0.003 -19"><span class='ocrx_word' id='word_1_870' title='bbox 2186 5792 2245 5866; x_wconf 66' lang='grc' dir='ltr'><strong>δ)</strong></span> <span class='ocrx_word' id='word_1_871' title='bbox 2268 5792 2400 5852; x_wconf 88' lang='lat' dir='ltr'><strong>Ibid.</strong></span> <span class='ocrx_word' id='word_1_872' title='bbox 2431 5796 2537 5854; x_wconf 86' lang='lat' dir='ltr'><strong>col.</strong></span> <span class='ocrx_word' id='word_1_873' title='bbox 2569 5796 2695 5854; x_wconf 62' lang='grc' dir='ltr'><strong>θοι.</strong></span> <span class='ocrx_word' id='word_1_874' title='bbox 3069 5792 3072 5793; x_wconf 50' lang='grc' dir='ltr'>ί</span> <span class='ocrx_word' id='word_1_875' title='bbox 3674 5823 3680 5836; x_wconf 89' lang='grc'><strong>.</strong></span> <span class='ocrx_word' id='word_1_876' title='bbox 3737 5847 3745 5868; x_wconf 16' lang='grc' dir='ltr'><em>ς</em></span> 
     </span>
    </p>
   </div>
   <div class='ocr_carea' id='block_1_124' title="bbox 3676 5875 3746 5916">
    <p class='ocr_par' dir='ltr' id='par_1_124' title="bbox 3676 5875 3746 5916">
     <span class='ocr_line' id='line_1_126' title="bbox 3676 5875 3746 5916; baseline -0.086 0"><span class='ocrx_word' id='word_1_877' title='bbox 3676 5875 3746 5916; x_wconf 66' lang='grc' dir='ltr'>ιι..)</span> 
     </span>
    </p>
   </div>
  </div>
