3876 6282
270 421 336 464 rx
1737 407 2133 466 PREFATIO.
3084 443 3088 448 -
3566 424 3599 463 κ

275 528 456 591 atque
494 519 781 576 indivisum
811 520 1108 592 probemus
1128 521 1230 595 (l).
1265 539 1284 576 ι
1309 523 1368 578 4⁸
1401 541 1419 576 ι
1455 523 1738 593 Quomodo
1762 525 1893 580 solis

278 611 447 669 multi
477 611 648 680 radii,
675 613 774 669 sed
813 611 998 670 lumen
1025 630 1223 682 unum;
1249 625 1302 671 et
1320 616 1456 672 rami
1485 615 1695 672 arboris
1718 615 1892 684 multi,

279 706 390 764 sed
419 705 584 762 robur
611 721 780 762 unum
811 707 990 764 tenaci
1022 707 1203 764 radice
1253 707 1563 774 fundatum;
1597 717 1795 763 etcum
1827 707 1895 763 de

283 799 444 857 fonte
467 815 574 855 uno
594 800 698 866 rivi
717 800 932 870 plurimi
955 800 1132 856 deﬂuu
1167 811 1289 866 it...,
1312 803 1489 856 unitas
1511 810 1688 857 tamen
1711 816 1894 858 serva-

283 903 382 950 tur
438 895 490 950 in
539 893 818 965 origine...
867 894 959 950 Sic
1019 904 1074 950 et
1111 895 1355 951 Ecclesia
1417 896 1700 951 Domini...
1728 894 1828 967 (2).
1867 913 1887 948 ι

285 987 349 1044 5°
381 1004 402 1040 σ
434 985 743 1042 Adulterari
795 1003 901 1043 non
948 997 1124 1059 potest
1167 1003 1362 1059 sponsa
1391 988 1662 1045 Christi...
1715 987 1890 1044 Unam

283 1078 503 1135 domum
522 1081 697 1148 novit,
723 1080 881 1135 unius
900 1081 1131 1136 cubiculi
1155 1081 1492 1137 sanctitatem
1513 1092 1662 1138 casto
1686 1081 1892 1152 pudore

277 1173 589 1228 custodit...
618 1173 758 1245 (5).»
792 1174 850 1228 6°
882 1192 902 1224 ι
934 1173 1050 1229 Una
1082 1183 1166 1230 est
1195 1185 1346 1230 extra
1370 1190 1531 1246 quam
1562 1174 1703 1228 haud
1733 1188 1890 1229 secus

274 1279 343 1320 ac
367 1275 525 1321 extra
555 1280 739 1321 arcam
761 1264 892 1330 Noe,
917 1281 1079 1321 nemo
1108 1266 1292 1322 salvus
1317 1266 1528 1333 evadit;
1556 1266 1758 1321 habere
1777 1266 1888 1335 jam

273 1373 386 1414 non
414 1367 597 1429 potest
653 1357 820 1413 Deum
850 1367 1080 1428 patrem,
1112 1360 1222 1429 qui.
1244 1359 1542 1415 Ecclesium
1575 1373 1681 1413 non
1728 1357 1892 1413 habet

272 1459 512 1505 matrem
535 1446 642 1522 (4).
679 1467 699 1502 ι
729 1449 798 1504 Et
819 1450 990 1505 alibi:
1028 1468 1048 1503 ι
1082 1449 1195 1506 Nec
1235 1459 1423 1519 putent
1463 1451 1564 1506 sibi
1618 1450 1744 1505 vitae
1797 1457 1891 1505 aut

271 1543 472 1598 salutis
495 1551 746 1598 constare
777 1543 1066 1610 rationem,
1095 1543 1141 1599 si
1191 1545 1461 1613 episcopis
1491 1552 1547 1598 ct
1593 1543 1889 1598 sacerdoti-

269 1631 381 1688 bus
397 1633 785 1704 obtemperare
808 1633 1152 1689 noluerint...
1173 1632 1360 1704 Neque
1381 1633 1526 1688 enim
1549 1634 1734 1689 vivere
1755 1631 1890 1688 foris

280 1733 532 1795 possunt,
556 1738 679 1780 cum
705 1723 900 1780 domus
923 1725 1018 1780 Dei
1045 1740 1148 1779 una
1171 1725 1260 1790 sit,
1290 1733 1346 1779 et
1375 1724 1577 1779 nemini
1598 1725 1744 1779 salus
1767 1738 1890 1779 esse

286 1819 396 1875 nisi
421 1821 474 1874 in
505 1817 740 1874 Ecclesia
767 1819 939 1888 possit
959 1815 1173 1890 (5).»?°
1192 1835 1213 1870 ι
1244 1817 1383 1872 Dicit
1403 1817 1662 1872 Dominus
1686 1815 1884 1889 (Joau.

284 1927 345 1979 ι,
369 1910 512 1982 30):
542 1909 651 1979 Ego
676 1919 720 1963 et
754 1907 912 1965 Pater
933 1926 1094 1964 unum
1114 1925 1306 1964 sumus.
1325 1909 1392 1963 Et
1419 1909 1611 1964 iterum
1635 1909 1702 1962 de
1727 1906 1889 1963 Patre

278 2015 335 2057 et
355 2002 497 2058 Filio
539 2013 594 2057 et
643 2000 844 2070 Spiritu
888 2015 1080 2058 saucio
1133 2002 1393 2072 scriptum
1441 2009 1524 2055 est
1577 1999 1760 2068 (Joan.
1825 2015 1884 2064 ι,

274 2113 330 2165 v,
364 2098 461 2168 7):
497 2095 565 2151 Et
593 2096 646 2151 hi
672 2106 773 2152 tres
788 2114 946 2151 unum
969 2105 1108 2152 sunt.
1138 2097 1204 2151 Et
1224 2097 1506 2167 quisquam
1535 2095 1711 2151 credit
1748 2094 1887 2149 hanc

273 2188 616 2243 unitatem...
645 2187 819 2242 scindi
863 2188 917 2242 in
965 2186 1207 2243 Ecclesia
1237 2187 1496 2258 posse...?
1524 2186 1671 2241 Hanc
1712 2187 1888 2241 unita-

277 2290 388 2336 tem
417 2279 512 2350 qui
541 2295 649 2334 non
674 2287 840 2344 tenet,
874 2279 967 2335 Dei
1005 2280 1181 2350 legem
1223 2293 1328 2334 non
1363 2287 1538 2347 tenet;
1584 2295 1690 2334 non
1741 2289 1888 2334 tenet

276 2374 459 2432 Patris
475 2386 529 2431 et
557 2375 680 2431 Filii
709 2375 894 2442 fidem,
914 2375 1079 2430 vitam
1108 2391 1216 2431 non
1239 2383 1386 2431 tenet
1408 2383 1463 2430 et
1490 2374 1716 2431 salutem
1741 2373 1878 2445 (6).»

277 2467 339 2523 8°
370 2487 390 2522 ι
426 2468 540 2524 Hoc
567 2469 791 2524 unitatis
818 2480 1284 2525 sacramentum...
1328 2468 1632 2525 ostenditur
1670 2467 1886 2538 quando

276 2560 334 2617 in
367 2562 664 2632 Evangelio
688 2563 866 2618 tunica
889 2561 1102 2617 Domini
1127 2562 1254 2618 Jesu
1274 2559 1475 2619 Christi
1501 2578 1606 2618 non
1633 2561 1887 2617 dividitur

279 2654 502 2709 omnino
523 2669 623 2709 nec
643 2653 909 2710 scinditur
931 2653 1109 2727 (7)....
1137 2654 1434 2722 lndividua,
1459 2655 1727 2725 c0pulata,
1753 2668 1885 2709 eon-

281 2759 424 2802 nexa
453 2746 687 2802 ostendit
707 2747 888 2818 populi
919 2749 1122 2815 nostri,
1153 2748 1245 2818 qui
1273 2747 1545 2802 Christum
1575 2746 1882 2811 induimus,

275 2839 627 2896 concordiam
653 2841 1095 2896 cohaerentem...
1131 2859 1150 2893 ι
1171 2840 1230 2895 9°
1254 2858 1272 2891 ‹
1299 2839 1478 2895 Monet
1502 2840 1616 2910 ipse
1635 2841 1686 2894 in
1707 2840 1883 2895 Evan-

282 2933 426 3003 gelio
454 2947 553 2987 suo
574 2939 631 2988 et
651 2931 830 2999 docet,
865 2931 1052 2987 dicens
1082 2931 1261 3006 (Joau.
1289 2949 1344 2998 x,
1376 2932 1500 3000 16):
1533 2932 1600 2987 Et
1632 2933 1727 2989 erit
1753 2949 1885 2988 unus

278 3040 410 3096 grex
449 3036 496 3080 et
538 3041 672 3079 unus
721 3035 900 3097 pastor
929 3024 1031 3096 (8).
1073 3044 1092 3076 ι
1130 3025 1220 3082 10⁸
1249 3025 1370 3080 Sint
1409 3025 1666 3080 clausula:
1713 3026 1886 3081 instar

276 3115 400 3173 haec
424 3118 513 3188 pie
555 3117 828 3188 precantis
865 3117 1028 3173 verba
1061 3136 1075 3173 :
1106 3136 1125 3170 ι
1158 3117 1298 3188 Opto
1337 3117 1619 3189 equidem,
1647 3119 1884 3175 dilectis-

277 3208 404 3264 simi
434 3207 654 3272 fratres,
683 3217 738 3264 et
762 3209 989 3264 consulo
1010 3209 1216 3281 pariter
1252 3219 1306 3266 et
1330 3210 1554 3277 suadeo,
1581 3219 1658 3279 ut,
1692 3210 1738 3266 si
1767 3209 1883 3266 fieri

278 3315 482 3376 potest,
521 3320 686 3362 nemo
710 3305 780 3363 de
826 3306 1081 3362 fratribus
1128 3316 1333 3377 pereat,
1389 3317 1444 3363 et
1496 3306 1884 3363 consentientis

275 3401 464 3472 populi
513 3416 711 3472 corpus
745 3418 908 3458 unum
937 3403 1146 3472 gremio
1174 3417 1273 3458 suo
1315 3404 1556 3474 gaudens
1604 3413 1776 3457 mater
1801 3401 1885 3456 iu-

276 3494 535 3551 cludat...
566 3497 706 3552 Deus
753 3511 890 3551 unus
935 3509 1042 3566 est,
1093 3507 1148 3553 et
1201 3497 1450 3554 Christus
1482 3513 1639 3563 unus,
1671 3506 1726 3553 et
1777 3513 1885 3553 una

278 3585 533 3643 Ecclesia
559 3591 700 3658 ejus,
729 3598 784 3645 et
823 3589 958 3646 ﬁdes
985 3606 1122 3657 una,
1173 3600 1228 3646 et
1250 3591 1402 3661 plebs
1445 3607 1548 3646 una
1576 3593 1629 3646 in
1655 3591 1884 3647 solidam

280 3684 529 3751 corporis
549 3683 853 3738 concordiae
875 3684 1081 3753 glutino
1107 3685 1355 3756 copulata
1389 3684 1484 3753 (9).
1511 3704 1530 3736 ι

357 3765 446 3821 Vl.
487 3767 547 3821 2°
589 3767 669 3823 De
707 3767 940 3823 Ecclesia
996 3787 1100 3824 una
1150 3780 1196 3824 et
1243 3770 1512 3825 catholica.
1561 3769 1686 3825 lltec
1722 3768 1885 3825 modo

280 3861 514 3932 carptim
568 3861 768 3927 allata,
835 3863 887 3917 in
949 3863 1141 3919 eodem
1212 3865 1348 3920 libro
1402 3873 1456 3921 et
1516 3865 1642 3920 alibi
1720 3865 1886 3922 habet

278 3954 586 4027 Cyprianus
635 3974 646 4008 :
725 3975 742 4008 ‹
779 3955 1024 4012 Ecclesia
1095 3973 1197 4013 una
1245 3967 1328 4014 est
1371 3974 1491 4030 quae
1544 3959 1598 4014 in
1642 3960 1883 4016 multitu-

281 4048 468 4104 dinem
493 4048 654 4104 latius
685 4050 1021 4107 incremento
1046 4050 1410 4109 ftecunditatis
1449 4054 1880 4113 extenditur.....

281 4141 569 4211 Quomodo
622 4142 752 4199 solis
821 4145 974 4199 inulti
1026 4144 1209 4213 radii,
1280 4147 1374 4201 sed
1427 4147 1607 4203 lumen
1654 4164 1820 4202 unum
1865 4166 1881 4216 ;

280 4243 338 4290 et
397 4235 530 4289 rami
584 4234 797 4290 arboris
858 4236 1060 4300 multi,
1112 4236 1208 4292 sed
1259 4236 1428 4292 robur
1480 4254 1644 4292 unum
1707 4239 1882 4294 tenaci

280 4327 469 4385 radice
508 4327 783 4384 fundatum
825 4348 837 4384 :
885 4341 940 4386 et
991 4345 1115 4386 cum
1147 4330 1214 4386 de
1253 4329 1404 4386 fonte
1448 4346 1558 4387 uno
1608 4331 1707 4387 rivi
1761 4333 1880 4403 plu-

286 4423 410 4477 rimi
453 4423 694 4478 deﬂuunt
727 4467 742 4490 ,
798 4427 1162 4482 numerositas
1223 4425 1351 4482 licet
1397 4426 1590 4483 diﬂ'usa
1637 4426 1884 4483 videatur

288 4517 621 4574 exundantis
661 4520 834 4589 capite
914 4520 1179 4591 largitate,
1252 4519 1432 4576 unitas
1513 4529 1691 4576 tamen
1766 4535 1882 4576 ser-

291 4619 446 4666 vatur
497 4612 550 4666 in
599 4612 946 4683 origine....:
997 4613 1076 4668 sic
1121 4623 1174 4670 et
1198 4613 1438 4668 Ecclesia
1489 4612 1700 4668 Domini
1761 4613 1883 4670 luce

283 4704 505 4777 perfusa
554 4720 652 4775 per
711 4705 898 4760 orbem
969 4714 1142 4761 totum
1196 4705 1380 4762 radios
1434 4721 1565 4761 suos
1617 4705 1880 4775 porrigit;

281 4814 452 4854 unum
485 4807 664 4853 tamen
687 4798 866 4853 lumen
889 4806 992 4862 est,
1025 4797 1168 4869 quod
1192 4797 1391 4868 ubique
1419 4797 1758 4865 diffunditur,
1784 4812 1886 4854 nec

283 4894 468 4948 unitas
493 4893 742 4963 corporis
771 4901 1052 4963 separatur
1077 4908 1092 4958 ;
1118 4908 1301 4948 ramos
1329 4907 1458 4949 suos
1488 4894 1539 4948 in
1573 4894 1884 4950 universam

285 4997 489 5041 terram
531 4987 685 5058 copia
714 4985 974 5041 ubertatis
1011 4986 1274 5052 extendit,
1310 4986 1638 5057 proﬂuentes
1667 4989 1886 5060 largiter

286 5081 432 5135 rivos
459 5079 618 5137 latius
637 5079 893 5151 expandit
915 5078 1098 5154 (l0)...
1125 5079 1384 5137 Ecclesiae
1405 5083 1670 5140 universae
1693 5099 1788 5155 per
1807 5093 1885 5140 to-

355 5261 440 5334 (1)
467 5259 590 5334 Lib.
622 5261 686 5315 de
715 5258 922 5334 Uititute
946 5260 1091 5317 Eccl.
1127 5271 1166 5318 ι.
1187 5277 1266 5330 tv,
1296 5259 1402 5316 col.
1435 5259 1560 5316 501.

352 5332 442 5402 (2)
472 5332 630 5396 lbid.,
659 5333 762 5387 col.
797 5333 924 5388 502.

356 5405 444 5476 (δ)
465 5403 638 5476 ipsa,
679 5404 785 5476 col.
802 5405 944 5476 sua,
976 5405 1100 5462 505.

353 5474 440 5546 (ι)
463 5475 621 5546 nua,
652 5474 759 5530 col.
797 5474 923 5532 505.

317 5597 333 5607 ,
356 5545 441 5613 (5)
475 5545 646 5611 Epist.
670 5562 799 5610 Lxu,
827 5547 936 5603 col.
962 5548 1086 5611 3'70,
1119 5548 1242 5603 571.

361 5616 444 5690 (ς)
471 5616 658 5690 ininde
691 5616 1044 5690 Unit._Eccl.,
1075 5627 1222 5684 t.1v,
1254 5617 1358 5675 col.
1392 5619 1515 5675 504.

364 5685 450 5754 ('7)
474 5685 636 5754 lbid.,
663 5689 771 5744 col.
796 5687 923 5744 504.

390 5755 448 5824 8)
473 5755 630 5824 lbid.,
653 5763 759 5814 col.
791 5759 916 5816 505.

393 5827 643 5902 arma”
667 5831 916 5902 col.3l7.

396 5897 638 5964 111)11ῆ‹1.
675 5901 782 5956 col.
814 5901 937 5971 501,
962 5902 1088 5958 sua.

2007 532 2118 578 tum
2152 523 2411 579 mundum
2438 523 2720 580 nobiscum
2765 524 2990 582 unitatis
3020 525 3236 583 vinculo
3263 527 3601 599 copulatae...

2006 614 2157 671 Unde
2168 616 2308 673 scire
2322 616 2561 673 debes...
2577 618 2774 674 frustra
2792 620 2893 675 sibi
2912 620 3141 676 blandiri
3163 636 3259 678 eos
3281 622 3391 693 qui,
3409 636 3598 693 pacem

2000 721 2123 763 cum
2171 709 2546 766 sacerdotibus
2575 711 2668 767 Dei
2695 726 2801 766 non
2829 702 3113 779 habentes,
3150 715 3417 786 obrepunt
3443 723 3496 769 et
3525 715 3604 770 la-

2002 811 2176 858 tenter
2197 803 2337 874 apud
2366 805 2628 875 quosdam
2653 809 3054 864 communicare
3070 823 3130 864 se
3155 809 3404 873 credunt,
3427 825 3603 880 quan-
3652 812 3662 825 ‘

1999 895 2070 950 do
2100 897 2498 970 Ecclesia,qu:e
2529 900 2798 956 catholica
2828 910 2883 956 et
2913 917 3015 956 una
3039 911 3143 970 est,
3173 904 3343 958 scissa
3372 917 3477 958 non
3506 906 3600 972 sit,

1999 1005 2175 1060 neque
2208 991 2400 1059 divisa,
2432 993 2528 1048 sed
2552 995 2624 1048 sit
2650 994 2834 1064 utique
2864 1009 3107 1050 connexa
3137 1004 3192 1050 et
3211 996 3598 1052 cohaerentium

1997 1083 2099 1139 sibi
2133 1085 2364 1140 invicem
2395 1086 2737 1142 sacerdotum
2761 1088 2967 1158 glutino
2995 1089 3244 1158 capulata
3266 1089 3367 1162 (l).
3393 1110 3413 1144 ι

2068 1173 2182 1232 νη.
2219 1175 2312 1231 llis
2337 1187 2392 1232 et
2438 1177 2561 1233 aliis
2590 1179 2728 1234 bene
2776 1181 2960 1235 multis
2998 1196 3119 1251 quae
3162 1182 3465 1238 meridiano
3490 1184 3605 1238 sole

1995 1269 2226 1324 clariora
2255 1280 2401 1336 sunt,
2448 1271 2704 1327 nebulam
2743 1272 3029 1330 oﬂ'undere
3077 1275 3333 1332 videntur
3374 1291 3438 1332 ea
3487 1292 3607 1345 qua:

1995 1374 2314 1432 sequuntur,
2345 1363 2487 1420 haud
2510 1366 2679 1421 semel
2711 1367 3140 1436 prazcedeutibus
3165 1384 3410 1424 annexa:
3442 1387 3460 1420 ‹
3490 1370 3608 1425 Sci—

1994 1471 2054 1512 re
2074 1456 2243 1511 debes
2271 1458 2583 1528 episcopum
2619 1459 2672 1513 in
2705 1459 2947 1515 Ecclesia
2976 1475 3097 1516 esse
3131 1471 3185 1516 et
3225 1461 3522 1517 Ecclesiam
3552 1462 3604 1516 in

1994 1549 2253 1618 episcopo
2281 1547 2386 1620 (2).
2430 1548 2559 1605 Inde
2586 1551 2731 1605 enim
2771 1551 2956 1620 plures
2987 1552 3287 1607 intulerunt
3333 1551 3606 1624 Cypriauo

1994 1639 2233 1709 ignotam
2254 1640 2421 1696 fuisse
2444 1642 2732 1712 genuinam
2753 1643 2976 1697 unitatis
2995 1643 3276 1700 catholicze
3301 1645 3603 1709 notionem,

1994 1729 2162 1784 immo
2186 1747 2309 1786 cum
2337 1733 2595 1795 sensisse.
2626 1734 2769 1803 quod
2804 1734 2966 1789 etiam
3001 1750 3144 1790 nunc
3170 1735 3323 1790 multi
3352 1735 3506 1790 bona:
3536 1737 3602 1789 fi-

1992 1823 2080 1879 dei
2108 1824 2478 1880 Prutestantes
2507 1824 2875 1892 admitterent,
2905 1827 3164 1883 unitatem
3185 1837 3467 1883 externam
3491 1828 3602 1882 Ec.

1992 1916 2176 1972 clesite
2207 1917 2279 1971 ita
2313 1917 2517 1972 sensim
2570 1917 2688 1972 sine
2715 1933 2879 1974 sensu
2905 1919 3228 1982 accrevisse.
3278 1930 3337 1974 ut
3377 1921 3603 1991 singulae

1992 2009 2258 2076 ecclesiae,
2282 2009 2457 2080 primo
2481 2010 2819 2080 solainterna
2850 2011 2972 2067 fidei
3007 2019 3064 2067 et
3091 2011 3368 2067 charitatis
3393 2013 3600 2068 unitate

1993 2103 2241 2173 vigentes
2268 2110 2323 2156 et
2345 2101 2685 2166 coadunatte,
2713 2118 2927 2159 omnem
2983 2105 3035 2158 in
3075 2118 3175 2158 suo
3219 2120 3446 2175 quaeque
3488 2107 3602 2176 epi-

1991 2207 2157 2263 scopo
2184 2193 2582 2248 communionis
2604 2193 2887 2249 catholicae
2911 2195 3022 2248 vim
3047 2202 3096 2250 et
3116 2195 3388 2249 vinculum
3406 2209 3600 2264 posue-

1992 2284 2123 2351 rint,
2144 2299 2318 2356 eoque
2337 2286 2563 2340 internae
2579 2286 2796 2342 virtutis
2813 2286 3014 2340 inﬂuxu
3029 2286 3275 2342 excitatae
3302 2286 3502 2342 fuerint
3530 2287 3599 2342 ad

1991 2377 2091 2435 sibi
2121 2378 2257 2433 alias
2284 2379 2543 2434 ecclesias
2574 2379 2766 2435 eodem
2788 2380 3005 2435 vinculo
3033 2379 3444 2448 coadunandas;
3473 2381 3599 2435 hinc

1991 2485 2122 2541 ergo
2149 2478 2428 2541 separatas
2461 2473 2692 2540 primum
2723 2471 3000 2528 Ecclesias
3023 2472 3076 2527 in
3107 2487 3274 2526 unum
3307 2486 3429 2527 sese
3467 2486 3602 2543 pau-

1992 2560 2141 2615 latim
2171 2561 2528 2628 convertisse,
2553 2563 2678 2628 sibi,
2711 2562 3022 2619 labentibus
3053 2562 3286 2629 saeculis,
3319 2563 3452 2618 alias
3472 2563 3596 2619 aliis

1991 2653 2348 2718 assimilasse,
2401 2669 2432 2707 a
2474 2653 2783 2725 pluralitate
2837 2655 2904 2710 ad
2936 2655 3194 2711 unitatem
3245 2655 3597 2724 conﬂuxisse,

1991 2760 2092 2800 nec
2143 2755 2321 2802 tamen
2377 2748 2590 2817 penitus
2643 2747 2892 2803 amisisse
2933 2749 3204 2819 primaeva:
3241 2749 3504 2806 libertatis
3543 2758 3600 2804 et

1989 2837 2344 2907 singularium
2365 2838 2812 2894 communitatum
2835 2839 2958 2908 jura
2987 2838 3388 2895 indefectibilia.

2062 2930 2411 2988 Gravissima:
2443 2932 2602 3004 hujus
2633 2933 3018 2988 controversiae
3060 2933 3396 3004 Cyprianicze
3430 2932 3596 2991 cardo

1992 3033 2138 3080 totus
2168 3025 2396 3080 vertitur
2444 3027 2496 3080 in
2545 3040 2610 3080 eo
2651 3024 2795 3096 quod
2832 3023 3136 3097 Cyprianus
3172 3024 3240 3080 de
3281 3027 3596 3096 episcopatu

1989 3118 2257 3184 senserit;
2289 3117 2454 3190 idque
2475 3119 2543 3174 ab
2561 3133 2621 3174 ea
2642 3134 2802 3189 quam
2831 3118 2934 3174 sibi
2961 3117 3234 3174 effluxerit
3259 3118 3595 3190 apostolatus

1989 3209 2106 3265 idea
2139 3209 2415 3265 derivasse
2449 3219 2616 3280 patet.
2666 3208 2968 3281 Utrumque
2998 3224 3128 3280 ergo
3158 3209 3344 3280 paucis
3372 3210 3596 3264 investi-

1988 3303 2242 3376 gandum.
2267 3304 2438 3360 Porro
2454 3303 2751 3376 Cyprianus
2772 3303 2902 3358 illud
2928 3301 3143 3374 penitus
3165 3303 3218 3358 in
3245 3312 3428 3359 mente
3453 3317 3594 3374 pra:-

1987 3407 2306 3468 conceptum
2355 3396 2583 3462 habuit,
2644 3396 2938 3467 Apostolos
2994 3396 3046 3450 in
3101 3395 3298 3465 quibus
3343 3395 3591 3452 Ecclesia

1988 3490 2234 3547 subsedit
2261 3505 2324 3546 ac
2354 3489 2614 3546 :ediﬂcata
2646 3489 2763 3555 fuit,
2814 3488 3126 3559 neutiquam
3156 3487 3322 3543 fuisse
3362 3487 3497 3542 alios
3521 3488 3589 3542 ab

1987 3582 2109 3638 aliis
2153 3582 2463 3651 sejunctos,
2523 3581 2591 3635 ab
2645 3595 2754 3635 uno
2797 3580 3012 3636 Christo
3051 3579 3280 3636 seorsim
3321 3593 3416 3634 sua
3441 3579 3587 3650 jura,

1987 3693 2140 3733 suam
2174 3684 2495 3749 potestatem
2554 3675 2849 3740 habentes;
2897 3673 3064 3728 immo
3113 3687 3244 3728 vero
3299 3686 3490 3728 omnes
3535 3682 3593 3728 et

1989 3784 2425 3842 unumquemque
2467 3769 2522 3824 in
2553 3783 2716 3824 unum
2767 3766 3019 3837 idemque
3062 3779 3259 3835 corpus
3303 3763 3586 3830 conﬂatos,

1991 3861 2060 3916 ab
2099 3861 2291 3916 eadem
2313 3859 2612 3925 voluntate,
2638 3859 2691 3914 in
2716 3858 2906 3916 eadem
2923 3858 3121 3912 virtute
3140 3856 3206 3912 ad
3233 3872 3395 3911 unum
3423 3855 3588 3910 ﬁnem

1990 3956 2340 4020 convenisse;
2370 3969 2649 4025 unumque
2683 3953 2902 4008 Petrum
2944 3966 3067 4007 esse
3100 3951 3267 4006 totius
3303 3949 3589 4022 apostolici

1989 4048 2234 4118 corporis
2278 4055 2460 4118 caput,
2507 4044 2727 4101 unitatis
2768 4051 3012 4100 centrum
3048 4053 3104 4099 et
3141 4042 3446 4113 fastigium;
3477 4055 3587 4096 non

1989 4151 2192 4198 tantum
2217 4157 2347 4212 ergo
2369 4156 2536 4195 unum
2553 4153 2675 4196 esse
2691 4137 2978 4210 apostolici
2991 4135 3204 4208 collegii
3227 4146 3406 4206 caput,
3425 4134 3521 4191 sed
3533 4143 3589 4190 et

1989 4251 2148 4292 unam
2171 4235 2523 4306 apostolicam
2557 4247 2864 4304 personam.
2886 4231 3022 4286 llinc
3037 4231 3090 4286 in
3108 4231 3224 4300 ipso
3251 4231 3590 4300 rebaptizano

1991 4329 2118 4383 tium
2157 4327 2387 4382 tumultu
2417 4327 2531 4380 btec
2556 4323 2858 4396 Cyprianus
2875 4320 2944 4376 ad
2981 4320 3302 4376 Jubaianum
3329 4337 3342 4374 :
3369 4337 3389 4372 ι
3425 4319 3590 4374 Petro

1989 4420 2221 4491 primum
2245 4417 2507 4472 Dominus
2533 4429 2696 4484 super
2723 4427 2884 4483 quem
2912 4410 3197 4465 :ediﬂcavit
3227 4409 3488 4465 Ecclesia.
3521 4409 3592 4464 Et

1993 4513 2138 4570 unde
2160 4511 2382 4568 unitatis
2403 4510 2663 4580 originem
2687 4506 2918 4562 instituit
2955 4515 3010 4562 et
3051 4504 3309 4572 ostendit,
3347 4513 3591 4576 potesta-

1993 4617 2099 4663 tem
2131 4605 2287 4661 istam
2314 4603 2485 4666 dedit,
2524 4609 2583 4656 ut
2609 4600 2662 4655 id
2705 4600 3010 4655 solveretur
3037 4599 3090 4654 in
3122 4599 3300 4666 coclis,
3327 4598 3469 4669 quod
3497 4597 3592 4653 ille

1990 4699 2240 4754 solvisset
2267 4697 2317 4751 in
2353 4693 2532 4751 terris.
2559 4693 2623 4748 Et
2655 4701 2776 4763 post
2807 4691 3261 4748 resurrectionem
3284 4705 3499 4762 quoque
3519 4688 3589 4745 ad

1990 4791 2280 4864 Apostolos
2306 4789 2564 4861 loquitur,
2593 4787 2816 4844 dicens:
2852 4786 2998 4842 Sicut
3019 4787 3155 4841 misit
3186 4801 3286 4852 me,
3313 4793 3422 4841 etc.
3450 4783 3583 4855 (5)..

1990 4885 2200 4942 Clamat
2229 4883 2521 4949 Dominus,
2551 4882 2714 4950 utqui
2737 4880 2865 4946 sitit,
2895 4880 3132 4934 veniat...
3161 4877 3228 4933 ad
3266 4877 3588 4943 Ecclesiam,

1991 4993 2110 5050 qua:
2133 4992 2237 5032 una
2263 4983 2346 5031 est
2372 4982 2428 5030 et
2457 4989 2621 5045 super
2649 4987 2812 5027 unum
2835 5012 2850 5038 ,
2892 4971 2983 5042 qui
3010 4981 3064 5026 et
3092 4970 3272 5025 claves
3293 4970 3411 5042 ejus
3429 4984 3591 5026 acce-

1991 5072 2103 5142 pit,
2136 5068 2344 5124 Domini
2387 5081 2520 5122 vnce
2569 5065 2789 5120 fundata
2830 5071 2914 5118 est
2957 5060 3055 5134 (4).
3092 5062 3325 5132 Spiritus
3370 5071 3592 5118 sanctus

1991 5175 2152 5228 unus,
2185 5168 2241 5216 et
2279 5174 2380 5214 una
2409 5157 2654 5214 Ecclesia
2699 5171 2730 5211 a
2774 5155 2991 5210 Christo
3022 5155 3262 5228 Domino.
3294 5169 3456 5225 super
3485 5153 3589 5210 Pe-

1993 5265 2133 5310 trum
2165 5252 2372 5323 origine
2397 5249 2618 5306 unitatis
2645 5257 2702 5302 et
2745 5247 2956 5302 ratione
2998 5245 3216 5302 fundata
3261 5243 3362 5318 (5).
3406 5242 3588 5313 Unde,

1989 5348 2100 5420 jam
2121 5345 2332 5402 laudata
2372 5355 2650 5400 resumere
2687 5339 2867 5411 iuvat,
2904 5357 2924 5392 ‹
2956 5348 3013 5394 ut
3043 5338 3300 5394 unitatem
3330 5334 3591 5392 manifes-

1995 5451 2156 5509 taret,
2187 5454 2347 5495 unam
2375 5433 2687 5493 cathedram
2728 5434 3027 5500 constituit,
3078 5429 3297 5487 unitatis
3341 5429 3586 5501 ejusdem

2069 5619 2152 5689 (1)
2182 5619 2283 5686 Ep.
2317 5631 2463 5689 nxtx,
2489 5624 2529 5689 ι.
2557 5630 2632 5683 tv,
2657 5614 2762 5671 col.
2786 5612 2913 5669 406.

2075 5688 2150 5759 (2)
2180 5689 2312 5743 Ibid.
2343 5688 2445 5743 loc.
2480 5688 2576 5744 cit.

2069 5751 2149 5828 ('3')
2186 5760 2355 5828 Epist.
2385 5774 2547 5814 Lxxiu
2573 5773 2627 5811 n.
2653 5758 2708 5818 7.
2744 5765 2875 5811 tom.
2907 5769 2984 5822 Ill,
3008 5752 3115 5808 col.
3140 5751 3298 5828 1114.

2074 5820 2157 5901 (1)
2184 5820 2355 5899 Epist.
2389 5845 2575 5894 Lxxnt,
2605 5844 2658 5901 ιιῨῖ
2687 5829 2776 5896 11,
2808 5836 2938 5881 tom.
2967 5820 3045 5894 in,
3078 5822 3182 5878 col.
3212 5820 3370 5878 1116.

2074 5900 2157 5970 (5)
2189 5901 2360 5974 Epist,
2389 5915 2514 5969 ιιι,
2545 5915 2599 5954 n.
2630 5900 2682 5956 '5.
