3876 6282
286 363 341 413 xl
1729 343 1932 401 PREF

2037 344 2116 402 l0.

288 468 549 540 originem
594 467 663 523 ab
706 480 812 523 uno
858 463 1200 539 incipientem
1231 476 1331 519 sua
1357 462 1680 518 auctoritate
1706 460 1884 531 dispo-

290 560 415 617 suit.
464 544 579 617 Hoc
603 556 960 628 erantutique
1001 563 1059 611 et
1093 554 1338 626 Apostoli
1379 554 1521 627 quod
1545 552 1885 617 fuitPetrus;

287 650 410 724 pari
433 650 712 708 censortio
744 646 951 720 praediti
976 645 1205 702 honoris
1230 653 1288 703 et
1316 643 1600 718 potestatis
1620 686 1635 709 ,
1667 642 1762 699 sed
1792 658 1889 697 ex-

290 734 501 803 ordium
548 742 615 799 ab
655 741 857 812 unitate
889 740 1282 812 proﬁciscitur,
1314 749 1368 795 et
1416 740 1678 809 primatus
1730 735 1891 793 Petro

294 838 470 904 datur,
503 838 561 891 ut
582 851 685 891 una
714 809 918 890 Chiisti
952 835 1195 891 Ecclesia
1218 843 1272 889 et
1291 831 1547 888 cathedra
1582 847 1685 886 una
1712 846 1894 886 mons-

290 939 487 988 tretur.
518 926 587 983 Et
616 937 863 999 pastores
894 938 1020 982 sunt
1070 942 1284 994 omnes,
1314 936 1367 980 et
1387 940 1519 996 grex
1550 941 1691 979 unus
1714 937 1897 980 oSIen-

294 1020 437 1087 ditur
473 1019 564 1087 qui
595 1006 665 1074 ab
691 1008 966 1090 Apostolis
996 1006 1247 1075 omnibus
1271 1016 1513 1072 unanimi
1537 1017 1898 1073 constansione

290 1122 566 1187 pascatur,
596 1119 655 1167 ut
684 1102 925 1168 Ecclesia
974 1102 1171 1166 CltriSti
1220 1124 1323 1164 una
1363 1118 1701 1164 monstretur
1745 1107 1846 1180 ιι).
1873 1127 1891 1159 ι

292 1186 363 1260 Ει
390 1198 574 1275 paucis
611 1201 909 1272 interiectis
947 1220 960 1256 :
1008 1221 1028 1255 ι
1061 1202 1230 1270 Quam
1266 1186 1526 1256 unitatem
1568 1200 1794 1254 ﬁrmiter
1819 1210 1899 1255 te-

294 1313 430 1354 nere
469 1307 524 1354 et
562 1288 838 1352 vindicare
869 1284 1132 1350 debemus
1157 1334 1172 1359 ,
1216 1293 1453 1349 maxime
1496 1293 1761 1364 episcopi,
1814 1294 1903 1363 qui

294 1388 352 1444 in
371 1382 609 1444 Ecclesia
635 1374 1006 1457 praesidemus,
1028 1394 1086 1440 ut
1107 1385 1478 1454 episcOpatum
1496 1399 1710 1455 quoque
1729 1383 1901 1453 ipsum

304 1497 469 1537 unum
542 1484 705 1552 atque
759 1476 1048 1534 indivisum
1100 1478 1486 1548 probemus....
1550 1474 1906 1547 Episcopatus

300 1590 439 1631 unus
457 1580 561 1639 εει,
582 1566 1019 1643 cujusasingulis
1038 1566 1091 1625 in
1115 1562 1345 1653 solidum
1366 1584 1491 1640 pars
1517 1578 1733 1624 tenetur
1763 1568 1860 1639 (2).
1878 1586 1897 1620 ι

373 1668 501 1724 Haec
517 1666 598 1724 est
618 1665 780 1738 igitur
794 1680 921 1720 vera
938 1673 989 1720 et
1003 1663 1232 1735 genuina
1250 1662 1501 1734 Cypriani
1525 1672 1637 1716 tum
1654 1659 1722 1716 de
1738 1663 1775 1715 Α
1787 1677 1908 1731 pos-

304 1758 455 1825 tolis,
477 1767 586 1814 tum
614 1755 681 1813 de
707 1755 977 1827 episcopis
994 1746 1241 1810 doctrina
1263 1772 1274 1806 :
1297 1751 1434 1809 litin
1458 1742 1617 1809 Petro
1635 1762 1913 1827 unnserat

303 1846 660 1923 apostolatus,
693 1826 765 1904 ita
791 1844 846 1904 et
874 1862 1012 1903 unus
1040 1847 1416 1931 episcopatus;
1459 1853 1517 1931 ut
1566 1846 1706 1902 inter
1733 1826 1914 1915 plures

302 1940 599 2012 Apostolos
618 1954 718 1994 una
738 1948 857 1993 erat
879 1934 1159 2001 cathedra,
1197 1938 1271 1990 ita
1305 1935 1446 1990 inter
1469 1935 1651 2004 plures
1670 1944 1917 2005 pastores

302 2048 444 2089 unus
473 2046 602 2103 grex
626 2072 641 2097 ,
672 2045 779 2084 una
804 2026 1034 2085 ecclesia
1059 2045 1075 2095 ;
1121 2024 1177 2081 u't
1202 2025 1254 2081 in
1280 2020 1579 2098 apostolico
1603 2019 1828 2097 collegio
1857 2041 1917 2080 os

304 2142 470 2183 unum
488 2133 543 2180 et
557 2138 723 2179 unum
744 2118 886 2178 Petri
908 2131 1087 2192 caput,
1100 2118 1184 2189 lita
1201 2118 1544 2192 episcopatus
1559 2134 1665 2175 una
1692 2132 1918 2188 persona

308 2229 414 2285 est,
432 2232 551 2288 quae
568 2216 597 2271 a
627 2214 853 2286 singulis
881 2212 933 2268 in
956 2204 1189 2268 solidum
1215 2204 1444 2268 obtinet.
1476 2198 1609 2266 Hine
1635 2212 1922 2281 episcopus

308 2306 366 2366 in
393 2304 638 2363 Ecclesia
662 2313 819 2363 estet
845 2303 1081 2360 Ecclesia
1106 2296 1158 2358 in
1181 2296 1457 2375 episcOpo.
1482 2290 1618 2357 Hinc
1642 2302 1922 2357 exordium

311 2401 383 2456 ab
410 2398 614 2455 unitate
645 2388 1026 2469 proﬁciscitur,
1067 2390 1264 2450 nedum
1290 2410 1318 2449 a
1342 2388 1647 2464 pluralitate
1674 2384 1725 2446 in
1760 2408 1922 2446 unum

313 2492 601 2548 coalescat.
633 2479 711 2545 Ex
742 2484 971 2559 ipsamet
998 2483 1157 2541 Petra
1185 2482 1352 2541 excisi
1374 2499 1581 2550 sumus,
1607 2480 1714 2538 non
1743 2482 1923 2539 autem

315 2599 436 2639 eam
459 2574 559 2654 ipsi
587 2580 642 2635 in
673 2579 905 2635 medium
934 2570 1248 2633 attulimus:
1279 2592 1385 2632 non
1406 2578 1488 2632 est
1518 2568 1606 2630 ille
1632 2568 1769 2645 lapis
1796 2566 1927 2628 ulti-

315 2693 439 2736 mus
460 2676 527 2733 ab
552 2671 943 2732 mdiﬁcantihus
965 2663 1249 2739 adductus,
1281 2660 1375 2727 sed
1398 2668 1448 2725 in
1468 2684 1534 2725 eo
1559 2662 1665 2724 tcta
1695 2656 1932 2722 aediﬁca—

318 2769 395 2824 tio
414 2762 745 2825 substruitur
763 2766 818 2820 et
832 2767 1125 2831 accrescit;
1157 2756 1262 2818 non
1288 2760 1372 2818 est
1398 2766 1602 2816 tantum
1629 2758 1764 2830 lapis
1781 2774 1929 2814 sum-

320 2861 441 2916 m'us
457 2870 510 2915 et
529 2846 698 2913 ultimi
723 2848 941 2925 fastigii,
957 2854 1053 2911 sed
1074 2864 1128 2911 et
1142 2842 1415 2927 angularis
1427 2844 1928 2917 etl’undamentalis,

321 2972 428 3012 non
461 2956 489 3011 a
518 2950 701 3009 multis
726 2950 973 3009 ecclesiis
994 2967 1095 3004 una
1122 2937 1385 3012 Ecclesia,
1418 2945 1514 3001 sed
1544 2945 1613 3000 ah
1628 2946 1730 2999 una
1753 2945 1935 2999 mulue

323 3046 458 3104 orla:
481 3054 624 3102 Sunt.
647 3046 753 3101 Stis
783 3060 911 3114 ergo
932 3043 1106 3113 deque
1128 3040 1357 3095 vertitur
1373 3028 1507 3092 ordo
1533 3036 1709 3093 rerum
1727 3045 1781 3090 et
1803 3036 1937 3090 ratio

328 3155 456 3196 vera
483 3130 540 3193 in
568 3128 669 3194 liae
698 3140 856 3209 quam
890 3150 921 3191 e
944 3130 1213 3206 Cypriane
1237 3138 1394 3193 Supra
1426 3128 1657 3185 efﬁctam
1681 3124 1933 3194 diximus,

330 3220 728 3288 reichristiana:
747 3226 1106 3281 successivani
1124 3218 1179 3278 et
1195 3221 1541 3278 adventitiam
1563 3214 1612 3274 in
1631 3234 1796 3275 unum
1814 3232 1936 3273 cor-

332 3342 432 3398 pus
464 3316 931 3381 coadunationeh’i.

412 3404 544 3470 Vill.
583 3402 639 3468 5⁸
664 3410 904 3466 Ecelesia
944 3409 1061 3464 haec
1111 3402 1216 3462 una
1272 3416 1324 3461 et
1373 3400 1671 3471 catholica,
1709 3402 1941 3459 Roniana

339 3520 413 3565 est
441 3506 674 3578 insuper,
713 3504 765 3560 in
798 3496 955 3560 Petro
988 3500 1234 3575 ﬂuidam,
1274 3518 1363 3555 nec
1405 3494 1465 3553 ab
1496 3499 1781 3570 apostolica
1811 3492 1945 3553 Sede

342 3598 584 3655 distincta
604 3640 620 3664 ,
648 3614 737 3652 nec
763 3615 795 3651 a
826 3600 1024 3652 summa
1055 3580 1312 3663 Pontiﬁce
1337 3590 1561 3646 diversa.

416 3684 647 3747 Meveris
674 3680 854 3745 l'orsan
890 3696 955 3743 cx
983 3690 1050 3743 eo
1080 3678 1221 3757 qdod
1254 3684 1409 3740 antea
1440 3676 1780 3739 conﬁdenter
1808 3676 1948 3738 dixi-

353 3792 472 3844 mus
492 3776 823 3856 Cyprianum
851 3795 973 3836 esse
1004 3768 1373 3847 theologorum
1402 3768 1769 3830 Romanorum
1798 3782 1947 3829 ante-

347 3876 652 3950 Signantint.
670 3868 811 3944 Quid
829 3870 969 3944 quod
993 3872 1047 3928 et
1072 3872 1264 3927 recens
1281 3862 1469 3923 auctor
1494 3866 1795 3940 anonytnus
1813 3860 1949 3921 inter

346 3962 650 4027 Germania:
699 3956 1252 4039 pseudorel'ormzitos,
1299 3958 1457 4034 longe
1484 3952 1586 4015 alia
1625 3956 1803 4015 mente
1823 3973 1949 4014 cen-

345 4061 523 4118 SUerit
561 4057 618 4114 S.
645 4056 975 4129 Cyprianum
1000 4062 1187 4110 reVera
1215 4050 1381 4107 fuiSse
1403 4052 1628 4121 primurn
1652 4050 1740 4120 qui
1760 4049 1949 4120 dogma

352 4146 507 4219 illud,
533 4160 551 4204 t
577 4138 743 4208 Unica
774 4158 859 4206 est
888 4136 1150 4213 Ecclesia,
1182 4148 1237 4200 et
1266 4146 1416 4200 eittra'
1447 4140 1593 4199 illam
1614 4152 1718 4198 non
1749 4150 1833 4198 est
1859 4156 1949 4195 sa-

352 4238 461 4310 lus,
493 4248 511 4296 i
543 4237 803 4299 invexerit
845 4234 947 4314 (3).
1001 4237 1288 4293 Enimvero
1336 4245 1461 4290 ante
1504 4238 1625 4290 eum
1677 4248 1856 4299 nemo,
1887 4246 1954 4288 ne

354 4326 563 4395 Irenaeo
613 4332 830 4407 quidem
878 4330 1144 4402 eiceipto,
1199 4322 1510 4399 prteclarius
1557 4320 1956 4383 commendavit

357 4429 648 4501 ipsa‘itim‘et
686 4422 881 4480 tPetri
932 4414 1288 4487 cathedram,
1341 4412 1637 4474 Ecclesiam
1686 4418 1956 4488 principa-

344 4518 489 4587 lem,
524 4502 667 4573 iihde
708 4514 1058 4572 sacerdotalis
1104 4512 1279 4569 unitas
1306 4512 1491 4568 exorta
1517 4522 1599 4568 est
1627 4506 1731 4585 (t),
1766 4508 1955 4566 Eccle-

364 4606 459 4670 siae
486 4609 764 4668 catholicae
818 4606 1054 4663 radicem
1084 4602 1140 4661 et
1179 4606 1455 4661 matricem
1490 4603 1589 4675 (5).
1623 4622 1642 4657 ι
1673 4606 1808 4659 Ante
1835 4612 1957 4658 enm

366 4710 547 4771 nemo,
578 4708 647 4759 ne
672 4690 1003 4758 Tertulliano
1023 4688 1241 4769 quidem
1271 4700 1517 4768 excepto,
1547 4694 1739 4768 majori
1769 4688 1962 4752 extulit

365 4792 640 4871 prm'coiiio
669 4798 689 4848 t
723 4796 993 4849 summum
1033 4788 1388 4857 Sacerdotem,
1416 4788 1727 4860 episcopum
1754 4784 1963 4859 episco-

372 4892 587 4965 porum,
623 4902 644 4943 ι
691 4888 805 4944 site
851 4873 1182 4953 Cornelium,
1215 4896 1234 4939 ι
1262 4880 1328 4941 de
1368 4876 1464 4942 Dei
1492 4886 1547 4940 et
1591 4883 1792 4941 Christi
1840 4885 1959 4954 ejus

371 4978 574 5059 judicio
598 4978 795 5037 factum
825 4972 1152 5049 episcopum,
1170 4993 1289 5033 cum
1313 4968 1538 5033 Fabiani
1565 4978 1739 5043 locus,
1773 4974 1823 5031 id
1856 4983 1958 5043 est,

377 5082 497 5135 eum
546 5068 699 5132 locus
721 5060 866 5127 Petri
895 5074 943 5126 et
973 5062 1169 5140 gradus
1197 5060 1469 5126 cathedra:
1501 5064 1850 5125 sacerdotalis
1878 5082 1968 5123 va-

378 5162 527 5228 caret
561 5156 641 5236 (6)
671 5205 688 5231 ,
740 5166 760 5216 i
815 5162 927 5217 sive
968 5160 1254 5233 ipSum'met
1305 5158 1640 5231 Stephanum
1668 5200 1683 5226 ,
1754 5177 1773 5213 ι
1808 5170 1966 5230 quem

381 5266 594 5334 oportet
622 5248 798 5312 facere
841 5252 1177 5325 pleniSsimas
1206 5251 1414 5309 litteras
1443 5253 1511 5307 ad
1538 5246 1892 5324 coepiscopos
1913 5252 1967 5310 in

709 5350 1117 5450 άελῖιιὶικβεει.
1144 5364 1252 5423 col.
1282 5358 1406 5422 501.

460 5431 541 5515 θ’)
576 5431 734 5506 ttnd.,
774 5434 876 5493 ioc.
910 5440 1003 5494 cit.

384 5519 409 5553 Γ
463 5511 755 5587 (5)_W_eder
783 5511 866 5587 die
887 5508 1179 5587 christlicfte
1202 5506 1594 5587 religion,_noc[t
1637 5504 1721 5558 die
1740 5503 1969 5587 ι’ὀςηιίεςΙι

524 5581 859 5670 Καιήοιιὶεεὴε
887 5579 1163 5670 Iahn-chi
1208 5576 1313 5631 die'
1344 5576 1628 5647 alleinselig
1673 5576 1967 5633 macltettde.

389 5660 570 5725 Leipz.
603 5652 729 5708 und.
762 5648 1181 5713 Franci‘.,i79l.

461 5726 541 5872 ξιξ
560 5724 724 5808 Epist.
739 5737 828 5784 ιν,
845 5717 1060 5844 alisiad
1078 5717 1301 5777 Cornel.
1317 5732 1415 5785 ιιι,
1436 5726 1475 5774 ι.
1494 5732 1571 5785 ιιι,
1589 5717 1693 5775 col.
1709 5715 1967 5775 818-821.

487 5798 520 5872 ξ
552 5795 745 5872 _Eptst.
776 5806 953 5872 ειη-ιι
979 5788 1146 5872 ιιιείιξξι
1175 5788 1428 5872 (ὶοιξιιιξιηΔ
1452 5805 1525 5855 tv,
1558 5798 1596 5846 t.
1619 5806 1678 5872 tt,
1706 5790 1809 5872 col:
1842 5786 1966 5872 ηρ.

463 5786 541 5872 (5)
571 5786 745 5865 Epist.
776 5806 899 5858 ην,
922 5786 1146 5855 aliasad
1175 5788 1415 5858 Cornel.,
1452 5805 1525 5855 tv,
1558 5798 1596 5846 t.
1619 5806 1678 5857 tt,
1706 5790 1809 5847 col.
1843 5786 1966 5849 710.

449 5870 531 5944 (6)
552 5866 725 5936 Epist.
742 5860 983 5933 Lu,alias
1010 5857 1075 5913 ad
1089 5857 1308 5917 Cornel.
1338 5877 1394 5932 x,
1415 5869 1454 5917 t.
1474 5875 1554 5937 tu,
1580 5864 1683 5920 col.
1710 5856 1965 5935 771,772.

3506 363 3587 408 XII

1994 459 2182 517 Galliis
2214 461 2563 530 constitutos,
2590 476 2756 533 quem
2804 477 2917 518 non
2965 462 3121 518 decet
3167 461 3273 533 pati
3323 462 3592 533 episcopis

1992 552 2221 609 illudere
2250 552 2399 609 etde
2439 553 2723 624 majestate
2767 569 2833 610 ac
2884 554 3144 626 dignitate
3171 554 3429 610 Ecclesiae
3450 553 3595 623 judi-

1992 659 2120 700 care
2141 643 2244 718 (l).
2276 664 2294 697 ι
2323 644 2432 701 Nec
2460 656 2588 702 ante
2614 661 2712 701 nec
2737 657 2860 717 post
2884 662 3011 703 eum
3027 649 3308 718 quisquam
3330 646 3510 702 acrius
3530 661 3597 701 ac

1998 736 2371 792 vehementius
2393 738 2683 792 insectavit
2708 754 2737 792 a
2757 738 2996 794 Rmuana
3035 738 3281 794 Ecclesia
3305 738 3597 794 disceden-

1999 837 2100 894 tes,
2121 827 2402 883 Novatiani
2428 829 2622 897 instar,
2647 848 2667 882 ι
2688 830 2802 901 qui,
2829 830 3114 885 discorditc
3139 829 3325 886 Furore
3342 845 3598 897 vesanus,

2003 921 2307 976 Ecclesiam
2350 922 2547 977 scindit
2576 965 2597 990 ,.
2642 923 2803 977 ﬁdem
2852 923 3104 989 destruit,
3157 938 3344 994 pacem
3397 924 3604 990 turbat,

2003 1014 2320 1071 charitatem
2370 1017 2618 1088 dissipat,
2668 1027 3069 1074 sacramentum
3121 1020 3385 1088 profanat.
3434 1020 3608 1074 Arma

2002 1110 2091 1165 ille
2141 1121 2329 1165 contra
2380 1110 2685 1165 Ecclesiam
2716 1120 2925 1180 portat,
2958 1120 3151 1167 contra
3194 1112 3609 1183 dispositionem

2008 1203 2105 1259 Dei
2155 1212 2438 1274 repugnat.
2483 1188 2663 1259 Hostis
2718 1205 2925 1268 altaris,
2969 1206 3233 1260 adversus
3276 1205 3610 1260 sacriﬁcium

2005 1295 2205 1349 Christi
2233 1295 2479 1360 rebellis,
2506 1311 2603 1365 pro
2649 1295 2759 1351 ﬁdo
2806 1295 3062 1365 perﬁdus,
3096 1312 3194 1365 pro
3226 1296 3485 1366 religione
3514 1312 3615 1350 sa-

2009 1385 2656 1459 crilegus,inohsequcns
2706 1400 2916 1451 servus,
2968 1385 3110 1440 ﬁlius
3163 1384 3382 1455 impius,
3440 1383 3618 1440 frater

2011 1478 2281 1543 inimicus,
2321 1478 2644 1546 contemptis
2694 1477 2962 1546 episcopis
3005 1485 3059 1531 et
3109 1475 3207 1531 Dei
3235 1475 3619 1531 sacerdotibus

2011 1574 2236 1642 relictis,
2251 1572 2581 1628 constituere
2607 1572 2766 1627 audet
2781 1572 2922 1626 aliud
2944 1572 3117 1626 altare
3143 1586 3359 1641 precem
3382 1569 3618 1626 alteram

2014 1665 2215 1720 illicitis
2262 1665 2483 1720 vocibus
2518 1662 2729 1730 facere,
2777 1663 3066 1719 Dominiea:
3106 1663 3295 1718 hostias
3332 1664 3623 1717 veritatem

2014 1775 2111 1831 per
2142 1759 2279 1814 falsa
2304 1752 2565 1814 sacriﬁcia
2598 1758 2880 1829 profanare
2905 1760 3010 1832 (2).
3035 1759 3203 1826 Quale
3248 1760 3501 1814 delictum
3535 1770 3628 1815 est

2016 1853 2167 1923 quod
2218 1867 2319 1907 nec
2364 1852 2634 1919 baptismo
2683 1851 2961 1922 sanguinis
2996 1861 3177 1923 potest
3214 1851 3406 1906 ablui!
3459 1854 3629 1921 quale

2019 1947 2225 2003 crimen
2249 1954 2352 2010 est,
2376 1945 2519 2016 quod
2549 1945 2809 2016 martyrio
2826 1960 2935 2001 non
2958 1954 3134 2016 potest
3160 1945 3363 2015 expiari
3392 1945 3505 2017 (3)!
3535 1944 3631 2000 1ης-

2019 2040 2311 2110 expiabilis
2358 2039 2557 2109 culpa!
2592 2039 2801 2094 macula
2848 2040 2949 2094 ista
2999 2053 3098 2094 nec
3144 2039 3403 2109 sanguine
3444 2038 3622 2094 ablui.

2025 2142 2112 2187 tur
2142 2130 2244 2205 (i).
2273 2131 2514 2186 Ardeam
2552 2130 2676 2187 licet
2702 2130 2952 2198 ﬂammis,
2982 2139 3037 2186 et
3063 2131 3273 2201 ignibus
3302 2131 3502 2198 traditi,
3536 2132 3631 2187 vel

2024 2224 2223 2294 objecti
2269 2222 2488 2288 bestiis,
2522 2223 2730 2277 animas
2768 2238 2895 2278 suas
2919 2232 3137 2293 ponant,
3167 2236 3277 2279 non
3301 2223 3405 2278 erit
3450 2223 3534 2277 illa
3562 2224 3632 2277 ﬁ-

2029 2315 2117 2371 dei
2148 2329 2371 2381 corona,
2398 2314 2494 2371 sed
2525 2330 2679 2385 paena
2709 2316 2967 2385 perﬁdiae.
2998 2315 3107 2370 Nec
3137 2317 3313 2372 exitus
3333 2317 3629 2386 gloriosus,

2027 2407 2125 2462 sed
2170 2407 2567 2477 desperationis
2595 2409 2867 2465 interitus.
2894 2408 3079 2465 Occidi
3123 2409 3247 2466 talis
3305 2418 3504 2481 potest,
3532 2425 3634 2465 co-

2029 2503 2211 2556 ronari
2247 2517 2352 2555 non
2382 2511 2561 2572 potest
2605 2500 2704 2573 (5).
2738 2520 2763 2554 ι

2054 2659 2061 2667 δ
2103 2592 2195 2648 IX.
2221 2592 2361 2661 Quid
2391 2594 2542 2663 plura
2566 2593 2590 2647 l
2623 2595 2791 2650 multo
2813 2595 2991 2666 plane,
3024 2611 3085 2651 ea
3115 2606 3311 2667 nempe
3339 2612 3458 2667 qua:
3485 2612 3663 2652 noun

2032 2684 2162 2740 dum
2213 2685 2508 2755 attigimus,
2537 2700 2599 2741 ea
2638 2702 2758 2756 quae
2813 2686 3069 2742 audacter
3122 2702 3189 2742 ex
3216 2687 3484 2759 Cypriano
3513 2695 3635 2740 sta—

2034 2777 2233 2832 tuenda
2278 2777 2674 2847 proposuimus,
2708 2777 2914 2832 nullum
2942 2780 3141 2849 quippe
3170 2779 3220 2832 in
3252 2778 3419 2848 ipsius
3445 2788 3637 2833 mente

2036 2869 2411 2925 intercessisse
2459 2868 2747 2924 discrimen
2783 2869 2922 2924 inter
2950 2869 3253 2925 Ecclesiam
3283 2885 3441 2925 unam
3463 2879 3514 2923 et
3538 2883 3638 2922 ea-

2039 2960 2321 3027 tbolieam,
2349 2970 2401 3016 et
2431 2961 2729 3020 Ecclesiam
2758 2961 3078 3029 Romanam,
3110 2964 3251 3016 inter
3280 2962 3479 3015 inuitem
3510 2962 3596 3029 epi
3629 2997 3634 3005 ι

2039 3063 2292 3129 scOpntns
2345 3065 2400 3107 et
2441 3053 2635 3109 Sedem
2691 3057 3080 3124 apostolicam,
3134 3056 3274 3108 inter
3328 3053 3547 3108 Petrum
3577 3061 3638 3107 et

2039 3150 2314 3204 Christum
2351 3150 2405 3203 in
2435 3151 2593 3205 terris
2635 3151 2916 3207 sedentem
2947 3161 3000 3206 et
3031 3150 3339 3215 docentem,
3372 3148 3510 3202 inter
3534 3147 3641 3201 Pe-

2044 3254 2188 3298 trum
2228 3255 2282 3299 ct
2334 3243 2520 3299 sedem
2571 3259 2721 3299 suam
2748 3287 2764 3311 ,
2799 3255 2855 3298 et
2908 3257 3255 3299 successores
3298 3258 3427 3297 suos
3462 3282 3476 3306 ,
3525 3257 3641 3295 uno

2044 3338 2211 3393 verbo
2261 3337 2476 3391 Petrum
2524 3336 2662 3391 inter
2706 3344 2761 3391 et
2800 3337 3039 3391 Petrum.
3074 3333 3304 3389 Attende
3364 3334 3540 3403 potius
3583 3343 3646 3388 et

2046 3430 2168 3487 audi
2199 3430 2466 3500 quomodo
2492 3432 2581 3501 qui
2607 3445 2726 3483 cum
2758 3426 3011 3483 Cornelio
3033 3428 3416 3488 communicat,
3452 3428 3564 3493 ipse
3584 3436 3648 3480 ct

2046 3540 2171 3580 cum
2222 3525 2462 3579 Ecclesia
2504 3522 2766 3576 catholica
2813 3522 3173 3575 communicet
3218 3537 3284 3574 τι
3338 3519 3645 3589 Scripsistis

2047 3619 2231 3681 etiam,
2267 3616 2459 3686 inquit,
2514 3622 2572 3667 ut
2626 3614 2929 3680 exemplum
2987 3610 3298 3667 earumdem
3342 3610 3643 3663 litterarum

2048 3708 2117 3763 ad
2154 3706 2465 3762 Cornelium
2492 3704 2751 3774 collegam
2798 3705 3039 3757 nostrum
3087 3703 3528 3767 transmitterem,
3562 3710 3640 3765 ut,

2049 3800 2293 3870 deposita
2334 3796 2480 3851 omni
2537 3795 2919 3860 Sollicitudine,
2952 3794 3064 3863 jam
3123 3794 3287 3848 sciret
3341 3803 3392 3847 te
3435 3807 3644 3858 secum,

2053 3891 2157 3945 hoc
2185 3901 2268 3945 est
2312 3904 2432 3943 cum
2462 3887 2726 3942 catholica
2760 3886 3003 3942 Ecclesia
3037 3887 3441 3940 communicare
3477 3881 3580 3956 (6).
3620 3904 3642 3936 ι

2055 3984 2192 4038 Audi
2219 3990 2273 4035 et
2302 3979 2516 4035 attende
2545 3979 2817 4049 quomodo
2845 3997 2864 4031 ς
2900 3977 3159 4033 Ecclesiae
3196 3978 3459 4033 renitatur
3479 3988 3531 4032 et
3557 3992 3648 4032 reo

2054 4076 2229 4139 sistat,
2252 4073 2280 4125 ἲ
2311 4083 2435 4126 sunt
2457 4072 2623 4141 ipsius
2651 4071 2832 4139 verba,
2864 4089 2882 4122 ι
2908 4072 2994 4141 qui
3020 4070 3328 4128 cathedram
3356 4069 3523 4138 Petri,
3552 4084 3648 4124 su-

2056 4184 2156 4241 per
2183 4183 2340 4238 quam
2397 4166 2613 4221 fundata
2644 4174 2729 4221 est
2766 4166 3031 4231 Ecclesia,
3060 4166 3260 4220 deserit
3293 4182 3308 4230 ;
3340 4166 3582 4236 quisquis
3605 4167 3653 4221 is

2057 4271 2162 4330 est,
2193 4277 2290 4316 nec
2308 4262 2420 4333 jam
2452 4262 2503 4315 in
2539 4261 2778 4315 Ecclesia
2810 4276 2868 4314 se
2908 4274 3029 4315 esse
3056 4259 3292 4314 coniidat
3320 4261 3421 4331 (7).
3460 4278 3478 4311 ι
3511 4254 3652 4317 Audi

2061 4357 2114 4409 in
2143 4340 2305 4410 Petro
2344 4365 2399 4409 et
2429 4355 2482 4408 in
2510 4353 2626 4423 ejus
2672 4353 3075 4407 successoribus
3129 4362 3291 4407 totam
3320 4368 3439 4409 eSse
3466 4353 3656 4408 Ecele~

2072 4449 2165 4505 sia:
2193 4449 2453 4503 rationem
2483 4455 2539 4502 et
2565 4444 2978 4510 institutionem,
3023 4445 3194 4514 qualis
3220 4462 3248 4498 a
3276 4444 3491 4500 Christo
3521 4459 3654 4499 eon-

2076 4544 2184 4600 dita
2232 4543 2412 4608 fuerit,
2460 4539 2844 4609 positam.Nec
2894 4540 2944 4593 id
2974 4540 3148 4594 obiter
3200 4551 3256 4594 et
3308 4541 3654 4610 properatim,

2065 4636 2161 4692 sed
2190 4634 2504 4706 frequenter
2529 4634 2645 4687 sive
2671 4633 2723 4686 in
2769 4632 3036 4703 epistolis,
3080 4631 3196 4687 sive
3246 4632 3299 4686 in
3350 4633 3569 4701 speciali
3596 4632 3659 4686 de

2069 4727 2278 4784 Unitate
2307 4725 2551 4780 Ecclesiae
2580 4724 2753 4780 libro:
2792 4742 2810 4777 ι
2849 4723 3110 4794 Loquitur
3153 4724 3411 4778 Dominus
3440 4723 3507 4778 ad
3554 4722 3655 4779 Pc-

2068 4829 2208 4875 trutn
2245 4837 2256 4872 :
2290 4817 2402 4889 Ego
2440 4817 2527 4872 tibi
2556 4817 2692 4879 dico,
2724 4818 2917 4887 inquit,
2950 4817 3068 4883 quia
3105 4826 3160 4892 tu
3187 4832 3240 4871 es
3272 4815 3482 4881 Petrus,
3505 4825 3552 4870 et
3573 4832 3659 4870 su-

2070 4930 2162 4986 per
2191 4915 2322 4967 hanc
2348 4912 2559 4968 Petram
2595 4910 2862 4981 wdi/icabo
2892 4910 3173 4964 Ecclesiam
3202 4924 3399 4973 meam;
3429 4923 3476 4963 et
3503 4920 3659 4980 parte:

2069 5008 2221 5078 inferi
2250 5023 2352 5062 non
2390 5008 2588 5061 vincent
2619 5021 2879 5059 eumn...»
2913 5002 2981 5057 Et
3008 5003 3223 5067 iterum,
3259 5019 3278 5054 ι
3316 5002 3513 5068 eidem,
3542 5011 3659 5072 post

2069 5099 2521 5156 resurrectionem
2551 5113 2724 5162 suum,
2759 5096 2888 5149 dicit
2915 5113 2928 5147 ι
2954 5093 3118 5147 Pasce
3162 5110 3277 5148 oves
3305 5111 3457 5149 meas.
3492 5094 3660 5163 Super

2077 5190 2223 5245 illum
2248 5204 2412 5243 unum
2442 5185 2671 5245 aediﬁcat
2704 5184 3002 5241 Ecclesium
3034 5200 3209 5252 suam,
3242 5195 3298 5242 et
3325 5184 3401 5241 illi
3431 5200 3656 5257 pascen-

2145 5406 2226 5481 (l)
2257 5406 2356 5481 Ep.
2382 5420 2546 5481 vall,
2575 5404 2641 5481 ad
2669 5402 2947 5481 Steph-ut.
2975 5419 3051 5472 ιιι,
3083 5398 3188 5459 col.
3217 5398 3342 5459 993.

2155 5475 2232 5553 (‘2')
2265 5475 2470 5553 Bassim
2494 5477 2668 5553 inlih.
2688 5476 2765 5553 ‘de
2796 5475 2964 5542 Unit.,
2998 5494 3054 5530 ιι.
3085 5481 3117 5531 8
3146 5484 3199 5529 et
3223 5488 3376 5544 seqq.

2156 5546 2234 5625 (δ)
2260 5547 2338 5625 υς
2366 5546 2830 5625 οιῖιιιιρρηιψίεφ,
2862 5559 2899 5603 ιι
2924 5561 3002 5602 ιν-

2163 5612 2227 5693 1)
2261 5619 2378 5674 Lib.
2407 5618 2469 5671 de
2501 5612 2641 5672 Unit.
2675 5612 2820 5671 Eccl.

2145 5625 2229 5767 ξε)
2260 5690 2417 5767 l_bid.,
2446 5688 2736 5767 col.__511._
2764 5757 2797 5767 Α

2148 5688 2229 5767 (5)
2260 5690 2417 5755 tum,
2446 5690 2548 5746 col.
2578 5688 2703 5744 5U.

2148 5767 2232 5844 (ti)
2391 5777 2479 5844 ιιι,
2500 5762 2643 5844 alias
2758 5757 2957 5844 (ξοι-ιιη
2976 5771 3030 5822 x,
3052 5755 3328 5844 titiuncgl.
3359 5754 3480 5813 768.

2257 5826 2375 5889 Lib.
2406 5826 2473 5888 de
2497 5831 2640 5888 Unit.
2679 5830 2844 5899 Eccl.,
2882 5838 2921 5885 t.
2950 5843 3024 5897 tv,
3057 5826 3163 5884 col.
3194 5827 3319 5887 500.
