3876 6282
233 369 332 412 ιιιι

230 469 335 525 das
378 465 604 522 mandat
630 480 763 523 oves
813 480 960 523 suas.
991 469 1057 524 Et
1087 471 1330 540 quamvis
1363 470 1637 541 Apostolis
1661 471 1838 527 omni-

233 562 343 619 bus
370 565 497 631 post
521 558 980 616 resurrectionem
1003 576 1157 617 suam
1183 576 1367 633 parem
1399 570 1724 631 potestatem
1742 564 1839 618 tri-

234 656 373 712 buat
393 661 450 711 et
473 652 622 709 dicat
643 652 827 710 :Sicul
853 656 993 710 misit
1014 673 1094 710 me
1124 655 1303 725 Pater,
1318 665 1364 711 et
1381 672 1473 728 ego
1493 658 1637 713 mitto
1657 672 1841 724 000...;

236 758 447 816 tamen,
478 753 539 803 ut
587 745 851 803 unitatem
903 748 1298 816 manifestaret,
1331 762 1491 804 unam
1530 748 1840 806 cathedram

238 840 545 906 censtituit,
600 837 829 893 unitatis
865 838 1112 909 ejusdem
1164 840 1429 911 originem
1469 840 1537 896 ab
1565 855 1673 896 uno
1701 840 1835 897 inci-

237 935 477 1006 pientem
509 947 607 988 sua
648 932 970 988 auctoritate
1012 933 1300 1003 disposuit.
1331 933 1443 989 Hoc
1473 942 1628 988 erant
1656 942 1711 989 et
1738 949 1843 989 cte-

238 1027 340 1083 teri
364 1024 614 1094 Apostoli
633 1025 777 1096 quod
808 1024 909 1080 fuit
938 1025 1155 1094 Petrus,
1189 1027 1302 1096 pari
1328 1027 1605 1083 consortio
1632 1027 1840 1097 praediti

230 1132 286 1179 et
332 1122 561 1176 honoris
592 1130 649 1178 et
682 1123 1001 1193 potestatis;
1058 1122 1154 1179 sed
1186 1122 1468 1179 exordium
1513 1123 1581 1179 ab
1636 1124 1841 1180 unitate

228 1213 617 1284 proﬁciscitur,
646 1222 701 1267 et
726 1214 993 1282 primatus
1025 1214 1184 1269 Petro
1215 1213 1392 1281 datur,
1424 1224 1483 1269 ut
1510 1231 1615 1270 una
1640 1213 1839 1271 Chrisﬁ

226 1306 474 1362 Ecclesia
505 1315 561 1362 et
584 1305 840 1361 cathedra
870 1322 973 1361 una
1005 1316 1336 1363 monstretur
1360 1306 1465 1379 (1).
1497 1327 1516 1361 ι
1582 1347 1587 1355 .

304 1399 439 1455 Η.Έο
465 1399 518 1453 in
564 1399 687 1467 ipso
714 1399 1114 1469 rebaptismatis
1145 1402 1395 1468 tumultu,
1427 1410 1487 1455 ut
1513 1400 1675 1456 modo
1703 1400 1838 1456 dixi-

228 1502 381 1557 mus,
404 1488 471 1544 ad
498 1486 821 1544 Jubaianum
850 1490 1056 1554 scribit,
1091 1491 1280 1547 dicens
1313 1510 1325 1545 :
1362 1509 1380 1543 ι
1416 1491 1579 1548 Petro
1609 1494 1838 1560 primum

225 1580 521 1647 Dominus,
552 1595 720 1650 super
749 1598 908 1653 quem
940 1580 1236 1637 aadiﬁeavit
1280 1580 1602 1650 Ecclesiam,
1622 1592 1675 1640 et
1699 1583 1841 1640 unde

227 1666 458 1728 unitatis
513 1674 781 1744 originem
832 1675 1068 1730 instituit
1125 1683 1180 1731 et
1225 1676 1485 1743 ostendit,
1516 1685 1839 1746 potestatem

237 1764 401 1819 istam
428 1763 597 1830 dedit,
629 1774 686 1819 ut
727 1765 779 1820 id
811 1764 1114 1822 solveretur
1160 1766 1213 1821 in
1242 1767 1396 1823 caelis
1421 1767 1561 1838 quod
1609 1768 1699 1824 ille
1724 1769 1839 1824 sol-

249 1856 424 1912 visset
450 1858 502 1911 in
533 1856 687 1913 terris
732 1856 834 1930 (9.).
864 1858 1074 1915 Clamat
1106 1859 1364 1916 Dominus
1408 1868 1466 1917 ut
1488 1862 1574 1932 qui
1609 1863 1737 1929 silit,
1758 1878 1842 1918 ve-

238 1952 357 2009 niat
406 1963 457 2007 et
483 1953 616 2008 bibat
648 1952 715 2009 de
755 1953 1070 2010 ﬂuminibus
1109 1968 1264 2026 aqua:
1296 1955 1438 2011 vivte
1472 1972 1595 2027 quae
1630 1956 1698 2012 de
1723 1957 1841 2027 ejus

234 2055 430 2100 ventre
509 2044 803 2100 ﬂuxerunt.
858 2045 980 2112 Quo
1048 2054 1313 2101 venturus
1384 2056 1466 2102 est
1531 2048 1621 2118 qui
1680 2048 1843 2103 sitit?

230 2149 494 2196 utrumne
524 2140 592 2193 ad
619 2136 996 2207 haereticos...,
1027 2146 1095 2194 ait
1126 2142 1191 2195 ad
1220 2138 1546 2209 Ecclesiam,
1586 2154 1704 2212 quae
1736 2152 1840 2197 una

234 2242 322 2289 est
341 2242 399 2286 et
416 2244 583 2303 super
604 2247 790 2298 unum,
819 2218 909 2302 qui
937 2242 993 2287 et
1016 2230 1196 2287 claves
1223 2233 1342 2302 ejus
1362 2234 1590 2303 accepit,
1627 2233 1841 2288 Domini

230 2339 370 2380 voce
396 2323 618 2378 fundata
646 2322 776 2379 est?
806 2322 933 2378 Haec
963 2331 1047 2378 est
1076 2338 1178 2378 una
1209 2338 1329 2393 qua:
1351 2331 1499 2379 tenet
1520 2332 1575 2379 et
1600 2324 1844 2394 possidet

232 2432 460 2473 omnem
513 2418 698 2486 sponsi
723 2416 809 2472 sui
841 2424 893 2471 et
919 2414 1123 2471 domini
1169 2424 1487 2486 potestatem
1530 2415 1628 2490 (5).
1664 2435 1682 2470 ι
1718 2418 1844 2473 Haec

233 2510 432 2568 eadem
467 2508 610 2565 intra
650 2502 1153 2581 Carthaginensium
1194 2508 1522 2582 synodorum
1555 2510 1843 2566 conciones

234 2614 296 2661 et
313 2604 554 2671 decreta,
582 2604 672 2661 vel
712 2605 1061 2674 semetipsum
1110 2602 1464 2658 damnaturus
1492 2604 1689 2671 sanxit,
1717 2618 1843 2659 cum

240 2697 382 2754 dixit
422 2717 436 2752 :
479 2716 497 2751 ι
526 2696 765 2770 Spiritus
819 2707 1038 2752 sanctus
1093 2713 1253 2767 unus,
1293 2706 1348 2753 et
1392 2712 1498 2752 una
1544 2696 1783 2752 Ecclesia
1812 2711 1841 2751 a

235 2790 465 2849 Christo
495 2792 728 2849 Domino
758 2808 919 2864 super
949 2791 1166 2848 Petrum
1188 2790 1397 2864 origine
1428 2792 1648 2849 unitatis
1671 2800 1726 2848 et
1751 2808 1843 2852 ra-

236 2885 408 2942 tionis
434 2885 647 2941 iundata
678 2886 781 2959 (4).
814 2906 833 2939 ι

314 2975 389 3031 X.
421 2976 634 3032 Nullum
687 2993 797 3032 non
854 2988 1139 3035 moverunt
1166 2977 1398 3050 lapidem
1432 2979 1574 3048 quia
1605 2977 1711 3034 ﬁde
1739 2977 1842 3034 Ro-

237 3086 403 3128 mana
434 3070 772 3140 defecerunt,
799 3080 857 3127 ut
884 3070 1025 3128 hanc
1057 3072 1485 3129 testimoniorum
1515 3071 1710 3127 molem
1734 3070 1843 3128 dis-

233 3161 441 3233 sipent.
492 3163 618 3229 Alii,
668 3163 831 3219 dente
858 3163 1039 3218 invido
1078 3164 1241 3221 verba
1272 3164 1422 3234 quasi
1464 3164 1839 3231 corradentes,

234 3256 499 3312 nonnulla
529 3257 804 3312 excidisse
827 3259 878 3312 in
903 3258 1177 3313 nonnullis
1193 3258 1470 3314 codicibus
1499 3272 1843 3329 summopere

229 3347 466 3420 jactant.
500 3348 699 3417 Quidni
748 3362 875 3404 vero
913 3346 1080 3406 refert
1120 3346 1378 3405 exciderit
1422 3364 1485 3406 ex
1522 3350 1604 3405 bis
1634 3362 1736 3406 una
1767 3351 1844 3406 al-

237 3451 431 3499 terave
458 3442 672 3509 vocula,
699 3441 995 3498 dummodo
1020 3452 1165 3497 stent
1185 3441 1424 3497 caetera?
1452 3441 1606 3498 Stant
1639 3457 1771 3503 vero
1787 3451 1843 3498 et

233 3536 397 3605 plura
424 3543 606 3600 ;stant
633 3536 831 3590 invicta
859 3545 911 3589 et
941 3534 1328 3589 ineluctabilia.
1350 3534 1452 3588 Alii
1481 3546 1700 3589 sensum
1730 3533 1839 3589 dis-

238 3635 519 3699 torquent,
552 3635 627 3691 et,
670 3626 886 3681 Petrum
914 3624 1061 3680 velut
1100 3625 1459 3680 umbraticum
1506 3626 1715 3695 signum
1745 3637 1842 3693 pro

239 3716 425 3776 derisu
479 3712 761 3785 habentes,
790 3714 862 3773 nil
896 3718 994 3773 nisi
1023 3733 1248 3772 vacuum
1278 3714 1514 3787 episc0pi
1558 3714 1847 3786 cujuslibet

240 3821 432 3883 typum
461 3812 514 3866 in
542 3827 610 3867 eo
633 3810 1067 3881 deprehendunt,
1097 3821 1189 3863 aut
1211 3808 1495 3878 quamdam
1522 3807 1636 3864 fere
1663 3808 1845 3862 evani-

238 3908 366 3963 dam
394 3908 562 3962 totius
591 3906 936 3976 episcopatus
985 3904 1295 3974 lmaginem,
1350 3903 1501 3972 cujus
1534 3901 1600 3955 ad
1630 3914 1846 3955 succes-

236 4018 398 4061 sores
428 4017 526 4057 nec
556 4001 690 4057 levis
735 3999 922 4056 umbra
976 3998 1303 4069 pertrmtsiit.
1329 3996 1451 4063 Alii,
1495 4012 1557 4050 ac
1581 3995 1846 4066 prarcipue

236 4095 391 4151 inter
434 4102 704 4149 nostrates
747 4093 1062 4163 gallicanos,
1094 4090 1360 4146 subtiliori
1384 4086 1618 4158 quodam
1652 4086 1844 4141 intuitu

236 4186 445 4245 Sedem
496 4202 527 4240 a
556 4186 781 4241 sedente
826 4186 1215 4248 discernentes,
1261 4180 1521 4253 quidquid
1571 4187 1842 4245 sanctum,

237 4294 501 4351 magnum
533 4293 596 4333 ac
640 4274 950 4348 primarium
979 4282 1062 4329 est
1103 4272 1228 4330 Sedi
1261 4273 1427 4328 cii'use
1461 4269 1725 4338 tribuunt,
1760 4287 1845 4326 se-

238 4375 504 4432 dentibus
520 4381 699 4427 autem
721 4367 1470 4431 Pontiﬁcibusinﬁrmitatem,
1494 4364 1842 4420 imbecillita-

241 4476 380 4532 tem,
402 4478 646 4521 errorem
664 4463 992 4528 condonant,
1012 4475 1213 4530 easque
1231 4457 1584 4529 prurientium
1605 4455 1846 4511 scholas-

244 4559 476 4613 ticorum
502 4558 663 4612 tricas
691 4553 1052 4610 venerandam
1076 4551 1454 4622 antiquitatem
1486 4558 1548 4603 ac
1571 4547 1626 4604 in
1656 4547 1845 4620 primis

241 4652 577 4725 Cyprianum
634 4648 794 4720 pleno
839 4642 1087 4716 amplexu
1135 4644 1431 4714 excepisse,
1489 4640 1706 4706 fovisse,
1752 4640 1847 4696 do-

240 4747 429 4803 cuisse
455 4751 847 4800 contestantur.
877 4741 1052 4798 Testis
1081 4749 1257 4795 tamen
1290 4744 1407 4793 esto
1447 4739 1563 4807 ipse
1606 4734 1849 4807 pontifex

246 4850 300 4897 et
348 4848 576 4910 martyr,
621 4837 711 4909 qui
755 4834 868 4890 inec
921 4843 1104 4906 aperte
1148 4838 1458 4887 asseverat:
1493 4829 1546 4885 1³
1574 4827 1844 4884 Christum

243 4930 506 4987 fundasse
538 4928 799 4985 unitatem
833 4918 957 4983 ﬁdei
986 4936 1037 4983 et
1068 4922 1470 4981 communionis
1492 4921 1769 4979 catholicae
1792 4921 1847 4977 in

246 5025 413 5081 Petro
438 5040 454 5089 ;
479 5023 541 5078 2°
571 5023 625 5077 in
658 5022 804 5078 Petri
836 5021 1009 5076 locum
1037 5020 1367 5075 successisse
1392 5011 1632 5089 legitimo
1662 5025 1716 5072 et
1745 5015 1848 5088 ple-

247 5116 475 5174 nissimo
490 5117 617 5187 jure
638 5114 977 5183 Cornelium,
1004 5113 1247 5179 Lucium,
1271 5111 1604 5182 Stephanum
1631 5126 1645 5175 ;
1676 5108 1733 5165 5'
1755 5108 1847 5180 qui

245 5228 373 5269 cum
401 5210 505 5266 illis
537 5208 879 5273 nominatim,
904 5223 1003 5263 nec
1049 5214 1255 5262 tantum
1297 5221 1416 5260 eum
1460 5205 1675 5260 illorum
1708 5202 1847 5261 Sede

242 5306 484 5363 inaniter
515 5306 573 5360 in
599 5303 878 5359 abstracto
904 5301 1266 5371 apprehensa,
1290 5300 1672 5365 communicat,
1700 5314 1848 5354 com-

240 5399 530 5456 municare
553 5409 679 5452 cum
709 5394 948 5450 Ecclesia
978 5394 1240 5449 catholica
1270 5408 1284 5460 ;
1318 5393 1377 5447 4°
1408 5392 1498 5463 qui
1528 5404 1657 5447 vero
1695 5391 1762 5448 ab
1785 5390 1849 5447 iis

354 5576 406 5641 Ι)
435 5570 499 5633 L.
528 5577 594 5632 de
618 5572 764 5632 Unit.
795 5573 1021 5641 Eccles.,
1050 5583 1093 5631 t.
1123 5590 1199 5639 tv,
1228 5573 1331 5631 col.
1359 5571 1485 5629 500.

354 5582 375 5635 Ι
435 5580 499 5633 L.
528 5580 594 5632 de
618 5580 764 5632 Unit.
795 5580 1021 5641 Eadem,
1050 5583 1093 5631 t.
1123 5590 1199 5639 tv,
1228 5589 1274 5630 Ct

239 5657 274 5726 ξ
433 5649 531 5726 Ep.
566 5662 762 5711 uxtn,
796 5655 836 5702 t.
866 5663 943 5712 ιιι,
973 5645 1274 5726 (ιρι-11]).

328 5715 410 5791 (5)
452 5715 553 5789 Ep.
575 5733 764 5791 ιιυιιιι,
791 5728 933 5791 t._nt,
951 5715 1254 5791 eol._ii_16.

242 5785 411 5920 3.3:)
435 5785 958 5920 c(aurium,‘V’Carthag.
1003 5788 1104 5846 sub
1141 5786 1309 5862 Cypr.
1337 5804 1388 5855 v,
1430 5788 1498 5847 de
1538 5785 1742 5858 Baptis.
1764 5802 1801 5844 ιι
1834 5827 1850 5859 ,

320 5880 404 5935 ιιι,
435 5878 541 5922 cci.
573 5878 740 5927 auso.

1696 353 1951 414 PREFA
1960 355 2091 413 T10.
2564 356 2591 378 ⁵

3450 372 3543 415 ιη

1952 471 2326 540 Pontiﬁcibus,
2361 487 2469 529 non
2522 482 2731 530 tantum
2770 475 2839 530 ab
2891 475 3107 531 illorum
3136 476 3280 532 sedis
3329 476 3539 540 umbra.

1949 568 2280 634 discesserit,
2296 584 2416 624 eum
2436 568 2730 624 Ecclesiam
2747 569 2989 636 seidisse,
3008 568 3170 626 ﬁdem
3185 569 3541 640 destruxisse,

1948 671 2139 719 contra
2187 663 2482 719 Ecclesiam
2514 672 2567 719 et
2599 664 2694 719 Dei
2739 663 3144 735 dispositionem
3193 678 3542 737 repugnasse,

1949 770 2048 827 pro
2075 756 2184 812 ﬁde
2209 757 2499 828 perﬁdum,
2544 771 2645 813 nec
2670 757 2739 812 ab
2779 758 3009 827 ipsemet
3038 758 3161 814 ﬁdei
3187 772 3309 814 cum
3337 765 3546 828 marty-

1948 850 2031 904 rio
2054 849 2401 905 confessione
2426 849 2776 921 expiandum.
2811 849 2937 905 llaac
2979 850 3111 905 satis
3142 860 3303 905 sunto
3337 850 3404 905 ad
3436 858 3546 904 sta-

1946 941 2223 1006 tuendam,
2275 952 2334 997 ut
2383 943 2681 1006 voluimus,
2723 942 3147 1012 propositionem
3179 951 3418 998 nostram
3449 958 3463 994 :
3493 942 3547 995 in

1947 1043 2130 1089 mente
2157 1049 2354 1106 nempe
2387 1035 2640 1107 Cypriani
2693 1035 2993 1090 Ecclesiam
3040 1050 3201 1090 unam
3244 1044 3300 1090 et
3325 1034 3561 1091 catholi-t

1946 1140 2066 1181 eam
2092 1141 2198 1181 non
2229 1127 2395 1181 fuisse
2422 1141 2451 1179 a
2484 1126 2726 1181 Romana
2754 1125 2885 1181 sede
2914 1125 3235 1195 seiunctam.

2018 1216 2109 1271 XI.
2137 1217 2195 1272 4°
2226 1217 2465 1272 Ecclesia
2503 1216 2620 1273 haec
2668 1230 2795 1282 una,
2827 1216 3115 1281 catholica,
3165 1217 3409 1272 Romana
3432 1257 3445 1281 ,
3480 1217 3547 1272 ad

1948 1316 2183 1363 mentem
2205 1306 2485 1380 Cypriani,
2506 1324 2624 1362 aera
2643 1318 2715 1363 est
2736 1317 2783 1362 et
2806 1310 2955 1363 unica
2978 1308 3099 1377 ﬁdei
3120 1308 3296 1379 regula
3330 1309 3551 1363 certissi-

1946 1415 2049 1466 ma,
2082 1416 2171 1454 nec
2199 1401 2387 1455 erroris
2410 1400 2568 1455 ullius
2598 1399 2713 1455 labe
2748 1400 3057 1454 inluminata
3105 1415 3196 1454 nec
3238 1399 3552 1455 inluminau-

1948 1489 2089 1545 dam.

2018 1584 2166 1649 Haec,
2198 1586 2299 1640 etsi
2330 1586 2573 1656 pluribus
2617 1587 2726 1642 sint
2787 1587 3015 1659 prodigii
3046 1587 3264 1655 similia,
3294 1602 3362 1643 ex
3391 1595 3551 1643 antea

1947 1674 2104 1730 dictis
2153 1676 2321 1732 ﬂuere
2370 1692 2434 1733 ac
2491 1679 2807 1734 necessario
2878 1679 3095 1735 tramite
3146 1680 3340 1734 deduci
3383 1687 3551 1748 patet.

1940 1768 2137 1840 Nonne
2183 1770 2252 1825 ibi
2304 1769 2409 1825 erit
2450 1770 2573 1825 lidei
2615 1771 2798 1842 regula
2851 1786 2977 1826 vera
3009 1779 3066 1827 et
3116 1772 3295 1838 unica,
3349 1771 3438 1826 ubi
3471 1779 3555 1827 est

1952 1882 1974 1916 ι
2005 1878 2106 1918 una
2135 1873 2190 1918 et
2238 1865 2472 1933 perfecta
2519 1863 2616 1919 Dei
2660 1863 2906 1919 columba
2932 1880 2947 1926 ;
2986 1881 3005 1915 ι
3031 1863 3120 1918 ubi
3154 1881 3173 1915 ι
3205 1877 3343 1918 unus
3373 1863 3555 1918 Domi-

1948 1969 2071 2020 nus,
2103 1968 2205 2008 una
2263 1954 2417 2019 ﬁdes,
2449 1969 2589 2009 unus
2621 1955 2803 2019 Deus;
2838 1973 2858 2007 ι
2893 1954 2983 2009 ubi
3021 1972 3041 2006 ι
3082 1969 3225 2010 unus
3256 1964 3340 2010 est
3384 1970 3447 2010 ac
3476 1958 3555 2010 in-

1947 2047 2157 2103 divisus
2183 2047 2561 2118 episcOpatus;
2590 2066 2610 2100 ι
2640 2047 2730 2103 ubi
2754 2066 2774 2100 ι
2803 2047 3147 2103 immaculata
3176 2061 3376 2117 sponsa
3398 2047 3555 2104 Chri-

1949 2142 2039 2208 sti,
2075 2154 2179 2195 una
2209 2140 2354 2196 illius
2384 2140 2603 2206 domus,
2636 2140 2797 2195 unius
2827 2139 3061 2195 cubiculi
3089 2141 3378 2208 sanctitas;
3416 2160 3435 2194 ι
3465 2140 3559 2197 ubi

1954 2251 1974 2286 ι
2013 2248 2116 2288 una
2160 2232 2289 2287 vitae
2343 2240 2399 2288 et
2437 2232 2625 2287 salutis
2654 2233 2794 2287 ratio
2825 2249 2840 2299 ;
2879 2250 2898 2284 ι
2935 2233 3073 2288 adeo
3112 2242 3170 2288 ut
3202 2251 3222 2285 ι
3252 2242 3403 2289 extra
3434 2250 3555 2290 eam

1948 2342 2110 2382 nemo
2142 2327 2327 2397 vivere
2380 2326 2572 2396 possit,
2603 2340 2703 2381 nec
2733 2325 2901 2381 Deum
2924 2366 2932 2374 .
2958 2325 3155 2383 habeat
3192 2327 3407 2384 Patrem
3465 2326 3559 2398 qui

1949 2434 2066 2475 eam
2104 2434 2211 2474 non
2242 2418 2403 2474 habet
2454 2428 2718 2485 matrem;
2755 2433 2855 2474 nec
2899 2418 2995 2474 Dei
3035 2419 3233 2490 legem,
3257 2433 3358 2475 nec
3384 2420 3558 2477 Patris

1948 2521 2006 2568 et
2036 2512 2155 2567 Filii
2183 2511 2343 2568 ﬁdem
2379 2520 2556 2569 teneat
2581 2514 2670 2581 qui
2698 2528 2816 2568 eam
2849 2529 2955 2568 non
2986 2522 3135 2570 tenet
3161 2518 3375 2570 unicam
3428 2515 3559 2573 ﬁdei

1947 2605 2243 2677 regulam?
2276 2622 2296 2656 ›
2329 2604 2520 2660 Nonne
2570 2620 2676 2660 una
2724 2613 2810 2660 est
2859 2616 2913 2662 et
2962 2622 3089 2661 vera
3126 2615 3181 2663 et
3206 2607 3409 2662 erroris
3463 2623 3530 2663 ex

1949 2712 2073 2768 pers
2100 2698 2225 2752 ﬁdei
2253 2699 2458 2769 regula,
2487 2698 2575 2752 illa
2597 2697 2839 2754 Ecclesia
2858 2714 3000 2770 quae,
3031 2718 3049 2751 ‹
3065 2700 3276 2755 Domini
3299 2700 3420 2756 luce
3441 2716 3557 2771 per-

1947 2790 2087 2858 fusa,
2118 2805 2215 2861 per
2239 2791 2425 2846 orbem
2458 2800 2627 2846 totum
2673 2789 2856 2846 radios
2882 2806 3013 2846 suos
3039 2792 3285 2863 porrigit,
3314 2808 3435 2864 quae
3458 2807 3557 2862 per

1948 2892 2120 2938 totum
2176 2881 2365 2937 orbem
2409 2880 2630 2938 unitatis
2656 2882 2873 2937 vinculo
2918 2884 3200 2953 copulatur
3229 2900 3245 2950 ;
3282 2903 3301 2937 ι
3333 2883 3446 2950 illa,
3475 2883 3557 2939 in-

1949 2992 2135 3049 quam,
2166 2976 2409 3031 Ecclesia
2458 2992 2586 3044 una,
2642 2975 2931 3042 catholica,
2964 2976 3228 3043 Romana,
3261 2996 3280 3029 ι
3314 2976 3456 3033 unde
3481 2992 3562 3034 sa-

1947 3069 2238 3127 cerdotalis
2268 3070 2445 3124 unitas
2470 3078 2658 3125 exorta
2686 3078 2792 3135 est,
2822 3067 3174 3126 ecclesiarum
3203 3070 3445 3125 omnium
3475 3086 3558 3125 ra-

1948 3163 2037 3218 dix
2065 3172 2120 3218 et
2165 3162 2384 3229 matrix,
2415 3176 2445 3215 a
2471 3176 2575 3232 qua
2600 3175 2765 3217 nemo
2814 3160 3063 3229 discedit,
3095 3161 3221 3229 quin
3277 3161 3439 3216 ﬁdem
3466 3162 3561 3217 dc-

1947 3262 2142 3319 struat,
2198 3252 2497 3308 Ecclesiam
2551 3251 2783 3318 scindat,
2836 3267 3026 3323 pacem
3077 3254 3278 3322 turbet,
3322 3268 3471 3309 arma
3501 3256 3555 3310 in

1949 3346 2118 3401 Deum
2150 3344 2306 3414 ferat,
2336 3345 2539 3403 Christi
2590 3345 2810 3400 rebellis
2847 3345 3040 3400 evadat
3087 3355 3142 3400 et
3171 3361 3269 3415 pre
3296 3346 3402 3402 ﬁde
3431 3362 3558 3417 per-

1947 3440 2087 3495 ﬁdus
2116 3455 2132 3504 ;
2167 3458 2187 3492 ι
2218 3439 2330 3507 illa,
2362 3439 2604 3510 inquam,
2634 3436 3002 3493 Romanorum
3029 3437 3348 3495 Pontiﬁcum
3399 3454 3559 3496 unam

1948 3544 2001 3591 et
2028 3533 2363 3589 infallibilem
2408 3533 2533 3587 ﬁdei
2576 3533 2853 3603 regulam,
2892 3533 3210 3604 quibuscum
3252 3535 3557 3590 communi-

1947 3644 2073 3685 care
2095 3628 2319 3699 perinde
2345 3642 2407 3683 ac
2433 3628 2500 3682 sit
2531 3627 2939 3682 communicare
2963 3627 3245 3682 catholica:
3264 3627 3556 3691 Ecclesiae;

1946 3722 2271 3792 quibuscum
2298 3718 2668 3786 constituitur,
2695 3728 2756 3773 ut
2780 3720 2836 3772 in
2861 3733 2965 3773 uno
2984 3717 3167 3784 Petro,
3190 3719 3365 3773 omnis
3389 3716 3558 3772 aediﬁ-

1949 3815 2091 3870 catio
2120 3813 2381 3869 Ecclesia:
2410 3827 2574 3882 quam
2626 3825 2732 3866 non
2760 3811 2978 3865 vincent
3020 3819 3193 3880 portae
3225 3811 3378 3866 inferi
3409 3827 3424 3878 ;
3456 3826 3557 3866 una

1950 3918 2149 3974 nempe
2203 3902 2480 3969 cathedra,
2532 3902 2750 3957 unitatis
2803 3900 3017 3970 ejudem
3072 3903 3246 3974 origo,
3299 3903 3557 3972 primatus

1950 3996 2113 4053 Petro
2142 3995 2320 4063 datus,
2352 4008 2411 4051 ut
2456 4009 2559 4050 una
2584 3995 2786 4050 Christi
2818 3994 3056 4049 Ecclesia
3085 4004 3141 4049 et
3165 3994 3426 4050 cathedra
3455 4010 3557 4051 una

1951 4099 2303 4148 monstretur.
2332 4088 2472 4158 Quid
2500 4088 2642 4159 quod
2672 4102 2780 4143 non
2833 4095 3044 4143 tantum
3080 4089 3162 4142 via
3193 4087 3556 4154 deductionis,

1950 4186 2048 4243 sed
2088 4186 2219 4257 ipsis
2268 4182 2525 4255 Cypriani
2554 4181 2735 4238 verbis
2784 4180 2900 4236 haec
2938 4180 3129 4236 eadem
3160 4179 3415 4235 Ecclesia:
3443 4180 3555 4235 Ro-

1951 4293 2128 4334 manae
2176 4275 2469 4330 auctoritas
2522 4272 2824 4329 infallibilis
2850 4279 3037 4342 aperte
3088 4270 3447 4339 praedicatur?
3474 4271 3556 4325 En

1950 4371 2098 4425 enim
2150 4383 2214 4424 os
2261 4381 2423 4421 omne
2475 4364 2861 4434 refragantium
2913 4362 3208 4416 obtrudunt
3252 4361 3557 4416 clarissima

1951 4462 2069 4517 hrec
2092 4459 2161 4515 ad
2185 4457 2493 4515 Cornelium
2516 4470 2711 4526 papam
2738 4452 2807 4509 de
2829 4452 3144 4508 Novatianis
3162 4462 3222 4507 et
3248 4462 3557 4524 perempto-

1951 4556 2033 4612 ria
2063 4553 2230 4610 verba
2261 4569 2274 4604 :
2305 4569 2323 4602 ι
2362 4550 2496 4605 Post
2520 4548 2623 4604 ista
2646 4546 2825 4601 adhuc
2852 4547 3070 4617 insuper
3096 4544 3560 4615 pseudoepiscopo

1950 4647 2054 4704 sibi
2082 4646 2152 4700 ab
2181 4641 2453 4699 haereticis
2481 4640 2754 4696 constituo
2781 4639 3040 4709 navigare
3060 4636 3261 4692 audent
3286 4645 3340 4691 et
3367 4634 3437 4691 ad
3462 4636 3559 4691 Pe-

1953 4741 2020 4795 tri
2051 4738 2363 4796 cathedram
2392 4742 2553 4806 atque
2578 4733 2645 4787 ad
2678 4732 2978 4788 Ecclesiam
3006 4728 3384 4802 principalem,
3414 4727 3571 4805 unde

1953 4828 2133 4887 unitas
2161 4826 2520 4885 sacerdotalis
2546 4836 2738 4881 exorta
2765 4831 2870 4891 est,
2896 4837 2927 4875 a
2958 4820 3317 4877 schismaticis
3349 4828 3405 4877 et
3428 4836 3556 4891 pro-

1953 4927 2093 4984 fanis
2145 4926 2353 4980 litteras
2381 4922 2542 4986 ferre,
2572 4932 2672 4974 nec
2719 4918 2959 4988 cogitare
3011 4930 3105 4970 eos
3129 4931 3250 4971 esse
3280 4914 3555 4970 Romanos
3588 4974 3593 4978 ,

1954 5034 2182 5091 quorum
2229 5016 2364 5072 ﬁdes
2412 5011 2673 5083 Apostolo
2721 5008 3046 5080 prredicante
3075 5007 3284 5063 laudata
3327 5016 3414 5064 est
3443 5025 3459 5074 ;
3487 5006 3556 5064 ad

1954 5130 2090 5184 quos
2137 5108 2359 5181 perﬁdia
2412 5104 2617 5161 habere
2665 5101 2902 5158 nondum
2956 5102 3148 5171 potuit,
3201 5102 3364 5156 immo
3404 5100 3553 5156 nullo

1955 5219 2208 5278 umquam
2240 5214 2482 5272 tempore
2509 5198 2708 5254 habere
2735 5196 2902 5267 possit
2929 5208 3205 5251 accessum
3227 5195 3358 5266 (1).»
3379 5186 3553 5249 Nemo

1954 5315 2087 5357 sane
2112 5306 2196 5355 est
2222 5296 2595 5365 theologorum
2618 5291 2876 5345 Romamn
2904 5288 3033 5346 Sedi
3058 5287 3550 5343 addietissimorum

1955 5391 2046 5464 qui
2097 5388 2165 5446 de
2205 5387 2449 5443 Romana
2487 5380 2866 5439 infallibilitate
2910 5379 3125 5437 uberius
3157 5386 3209 5433 et
3239 5376 3550 5447 praeclarius

1956 5484 2172 5542 dixerit.

2028 5576 2146 5634 ΧΠ.
2187 5575 2306 5633 Jam
2335 5573 2487 5646 plura
2513 5570 2931 5643 supersedemus
2971 5567 3278 5625 testimonia
3328 5566 3548 5641 aiferre.

1959 5670 2152 5728 Paucis
2182 5677 2361 5736 tamen
2392 5681 2553 5738 quam
2579 5665 2689 5722 cito
2718 5661 3111 5721 occurrendum
3150 5672 3234 5719 est
3284 5662 3429 5720 tritas
3456 5677 3551 5734 per

2036 5848 2113 5929 (l)
2140 5848 2239 5923 Ep.
2270 5862 2359 5921 av,
2384 5845 2519 5915 alias
2541 5844 2616 5915 ad
2639 5844 2806 5905 Corn.
2828 5859 2929 5918 xu,
2959 5852 3001 5904 t.
3030 5853 3106 5918 ut,
3136 5842 3244 5903 col.
3271 5842 3401 5911 818.
