3876 6282
375 400 446 440 xv
1830 364 1992 423 PRAS

2101 362 2219 419 I‘IU.
3571 356 3657 397 xvt

373 497 615 556 omnium
647 509 739 551 ora
759 492 1052 564 ohjectioni
1083 505 1149 547 ex
1180 487 1400 545 dissidio
1426 484 1677 560 Cypriani
1697 498 1817 540 cum
1839 482 1960 539 Ste-

375 590 557 662 phano
585 590 811 644 obortae.

449 683 567 741 Non
594 682 753 739 nobis
779 681 993 736 animus
1023 688 1123 744 est,
1157 689 1257 731 nec
1277 674 1386 729 ulla
1410 687 1542 728 sane
1567 670 1861 727 necessitas
1886 668 1968 723 in-

376 776 604 837 cumbit,
623 775 684 831 S.
703 773 1036 844 Stephanum
1050 768 1200 840 quasi
1220 764 1424 822 erroris
1445 773 1539 819 aut
1557 762 1799 819 criminis
1814 774 1966 814 reum

375 866 705 926 defendendi
733 884 747 920 :
771 864 920 920 fuere
938 871 1022 918 sat
1035 860 1183 915 multi
1205 858 1297 930 qui
1326 858 1464 912 hanc
1485 855 1815 927 provinciam
1832 861 1969 908 stre-

375 980 484 1020 nue
509 977 797 1033 accepere,
831 960 904 1014 uti
945 955 1129 1011 videre
1157 964 1239 1010 est
1267 954 1319 1008 in
1350 952 1451 1007 hoc
1487 951 1602 1021 ipso
1646 963 1847 1020 opere;
1886 954 1972 1001 sat

376 1055 531 1111 multi
562 1054 631 1109 ab
653 1052 849 1123 iniquis
875 1047 1050 1103 Vossii
1071 1089 1086 1114 ,
1113 1044 1378 1102 Blondclli
1403 1085 1419 1109 ,
1457 1042 1722 1112 Basnagii,
1753 1040 1968 1095 Antonii

376 1146 449 1202 de
476 1141 1003 1207 Dominis,Launoii,
1032 1138 1265 1210 aninii,
1289 1146 1418 1202 etc.,
1441 1134 1699 1190 conviciis
1724 1142 1969 1188 sanctum

376 1237 665 1308 Martyretn
720 1232 1093 1298 vindicantes,
1146 1228 1374 1285 ﬁrmiter
1421 1235 1659 1283 statuere
1687 1240 1811 1281 eum
1861 1238 1971 1278 non

375 1332 547 1387 solum
566 1331 618 1385 in
644 1328 892 1384 hmresim
924 1342 1030 1380 non
1047 1322 1329 1389 cecidisse,
1357 1321 1452 1377 sed
1485 1332 1594 1375 tum
1616 1317 1969 1389 antiquitatis,

373 1435 490 1480 tum
521 1421 761 1479 veritatis
803 1430 1128 1475 assertorem
1152 1458 1166 1480 ,
1197 1430 1295 1471 nec
1323 1430 1354 1469 a
1382 1428 1510 1469 vera
1555 1412 1816 1467 doctrinae
1845 1409 1927 1464 via
1954 1451 1968 1477 ,

374 1534 478 1574 nec
507 1532 536 1572 a
562 1528 713 1573 recto
738 1513 952 1569 tramite
977 1509 1273 1582 apostolico
1301 1505 1625 1563 declinasse.

443 1631 585 1687 XIII.
630 1629 797 1685 Multo
845 1627 1015 1697 magis
1063 1623 1295 1680 tuendus
1333 1619 1638 1694 Cyprianus
1685 1616 1975 1688 caeterique

370 1722 771 1796 rebaptismatis
810 1720 1086 1776 fautores:
1114 1718 1207 1773 alii
1237 1716 1393 1771 aliam
1422 1719 1561 1769 viam
1590 1713 1690 1769 sibi
1727 1712 1797 1767 ad
1833 1711 1976 1765 hunc

370 1818 536 1877 ﬁnem
566 1830 850 1882 stravere;
882 1814 1125 1888 plerique
1164 1808 1302 1867 nihil
1329 1810 1431 1864 nisi
1475 1807 1875 1879 disciplinarem
1922 1806 1975 1860 in

370 1927 436 1969 re
462 1912 700 1968 nondum
730 1908 953 1965 deﬁnita
1010 1920 1222 1961 naevum
1261 1901 1703 1973 deprehendere,
1759 1900 1833 1953 nil
1873 1897 1978 1953 nisi

369 2006 428 2061 in
479 2019 642 2059 unum
665 2000 1004 2062 Pontiﬁcem,
1047 1998 1196 2052 salva
1223 2009 1450 2052 summae
1477 1992 1633 2049 Sedis
1674 1990 1975 2061 majestate,

372 2096 659 2163 oﬁ'eusam,
694 2093 974 2150 catholicae
1000 2089 1393 2153 communioni,
1426 2086 1653 2157 zeloque
1683 2083 1980 2154 episcopali

369 2192 556 2262 aliquo
602 2188 764 2245 modo
812 2182 1349 2241 accommodandam.
1380 2180 1582 2245 Porro,
1639 2179 1694 2232 in
1722 2175 1978 2249 Cypriani

369 2298 536 2339 causa
566 2278 934 2343 defendenda,
966 2275 1172 2332 nullum
1205 2272 1519 2344 peritiorem
1541 2312 1556 2336 ,
1581 2269 1783 2325 nullum
1814 2268 1980 2324 bene-

370 2374 741 2432 volentiorem
769 2380 1055 2442 patronum
1091 2381 1252 2440 quam
1283 2362 1642 2434 Augusﬁnum
1684 2374 1983 2432 agnoscen-

368 2476 491 2533 tes,
549 2465 750 2535 duplici
809 2472 1015 2518 tantum
1055 2475 1163 2531 quo
1211 2470 1341 2512 usus
1382 2465 1497 2522 est,
1558 2453 1817 2509 utendum
1862 2467 1986 2508 esse

373 2570 697 2633 argumento
742 2557 1093 2613 arbitramur.
1140 2555 1248 2609 Aut
1275 2553 1421 2609 enim
1471 2565 1593 2605 cum
1627 2548 1720 2603 illo
1756 2545 1987 2602 candide

379 2651 748 2709 conﬁtendum
802 2662 1056 2720 peccasse
1098 2644 1464 2717 Cyprianum,
1503 2656 1769 2713 suamque
1809 2640 1988 2694 minus

374 2755 587 2803 rectam
616 2743 941 2801 sententiam
972 2748 1160 2812 postea
1189 2737 1516 2803 correxisse,
1548 2735 1617 2789 ab
1646 2748 1823 2805 eoque
1852 2747 1987 2802 prae-

375 2849 551 2906 terea,
583 2836 727 2909 quod
753 2844 873 2891 erat
890 2830 1289 2891 emendandum
1319 2842 1578 2900 purgasse
1604 2826 1821 2881 Patrem
1850 2823 1988 2880 falce

378 2933 682 3006 passionis;
740 2938 834 2985 aut
881 2937 1068 2997 aperte
1123 2922 1546 2981 asseverandum
1599 2935 1700 2976 nec
1752 2918 1991 2974 sensisse

384 3040 488 3081 nec
510 3023 797 3094 scripsisse
820 3019 1148 3091 Cyprianum
1168 3030 1287 3085 qua:
1307 3014 1355 3069 ei
1388 3012 1741 3083 epistolarum
1772 3024 1991 3065 suarum

388 3120 623 3174 audaces
678 3114 1119 3185 interpollatores
1144 3110 1571 3178 adscripserunt.
1604 3105 1774 3160 Immo
1804 3103 1992 3158 audia-

387 3227 512 3269 mus
531 3211 591 3268 S.
616 3210 901 3265 Doctorem
924 3207 976 3261 in
1001 3203 1245 3277 Epistola
1273 3201 1343 3256 ad
1364 3198 1711 3255 Vincentium:
1735 3193 1992 3268 «Cypria.

385 3321 495 3362 nus
535 3303 773 3360 sensisse
828 3298 985 3355 aliter
1034 3297 1103 3352 de
1141 3294 1459 3364 Baptismo,
1509 3305 1668 3362 quam
1718 3288 1892 3344 forma
1939 3295 1996 3343 et

388 3394 724 3455 consuetudo
745 3391 978 3448 habebat
1006 3388 1297 3454 Ecclesiae,
1336 3401 1442 3441 non
1474 3384 1527 3439 in
1555 3381 1831 3440 canonicis
1852 3422 1866 3445 ,
1901 3380 1996 3436 sed

391 3491 446 3546 in
488 3488 601 3545 suis
653 3496 710 3542 et
763 3486 816 3540 in
868 3482 1083 3539 concilii
1135 3479 1329 3535 litteris
1356 3473 2000 3544 invenitur;correxisse

393 3590 574 3637 autem
622 3579 777 3634 istam
834 3573 1161 3631 sententiam
1189 3586 1297 3627 non
1328 3569 1601 3625 invenitur
1629 3584 1643 3621 :
1678 3580 1785 3621 non
1814 3565 2001 3619 incon-

397 3680 657 3744 gruenter
670 3680 847 3723 tamen
865 3666 933 3722 de
948 3664 1038 3720 tali
1051 3666 1168 3719 viro
1186 3659 1601 3719 existimandum
1620 3667 1704 3714 est
1720 3656 1863 3728 quod
1881 3671 2003 3711 cor-

397 3764 619 3827 rexerit,
637 3771 691 3818 et
703 3761 932 3816 fortasse
949 3771 1302 3829 suppressum
1322 3756 1390 3809 sit
1407 3754 1477 3809 ab
1489 3753 1566 3808 eis
1583 3751 1673 3822 qui
1692 3750 1796 3804 hoc
1815 3760 2003 3803 errore

397 3860 624 3916 nimium
674 3853 927 3911 delectati
957 3860 1103 3916 sunt,
1132 3859 1187 3905 et
1214 3857 1362 3903 tanto
1389 3847 1543 3901 velut
1570 3842 1871 3914 patrocinio
1915 3855 2004 3896 ca-

401 3966 525 4008 rere
543 3950 850 4005 noluerunt.
871 3944 1206 4014 Quamquam
1231 3955 1336 3995 non
1354 3937 1534 3994 desint
1557 3935 1646 4006 qui
1663 3933 1768 3989 hoc
1784 3931 2005 4004 Cypria-

403 4057 534 4098 num
576 4053 799 4111 prorsus
846 4052 953 4092 non
995 4035 1233 4091 sensisse
1258 4028 1607 4091 contendant,
1634 4028 1731 4083 sed
1758 4026 1859 4082 sub
1889 4025 2006 4096 ejus

405 4134 627 4191 nomine
656 4149 685 4187 a
731 4126 1213 4203 prmsumptoribus
1249 4136 1411 4195 atque
1448 4122 1800 4177 mendacibus
1840 4119 2007 4176 fuisse

312 4278 325 4284 -
406 4224 736 4289 confictam;
796 4236 968 4292 neque
1017 4219 1162 4274 enim
1202 4216 1282 4271 sic
1333 4216 1508 4285 potuit
1536 4214 1815 4283 integritas
1848 4222 2009 4282 atque

408 4317 601 4374 notitia
646 4316 947 4371 litterarum
981 4308 1138 4363 unius
1178 4304 1473 4376 quamlibet
1515 4304 1740 4359 illustris
1771 4303 2009 4374 episcopi

408 4407 695 4469 custodiri,
721 4399 1177 4475 quemadmodum
1199 4396 1462 4469 scriptura
1486 4396 1768 4462 canonica,
1801 4403 1880 4451 tot
1906 4395 2010 4449 liu-

410 4516 636 4573 guarum
666 4498 880 4562 litteris,
913 4504 967 4550 ct
990 4493 1181 4549 ordine
1202 4533 1217 4556 ,
1242 4500 1298 4547 et
1322 4489 1663 4546 successione
1691 4488 2012 4544 celebratio-

413 4595 501 4648 nis
527 4588 908 4648 ecelesiasticae
941 4583 1263 4647 custoditur,
1293 4591 1482 4638 contra
1508 4596 1670 4653 quam
1700 4590 1879 4636 tamen
1905 4595 2012 4636 non

414 4686 707 4744 defuerunt
757 4684 848 4755 qui
902 4680 1001 4735 sub
1045 4677 1357 4734 nominibus
1412 4674 1791 4746 Apostolorum
1843 4674 2012 4730 multa

411 4781 789 4851 conﬁngerent
817 4793 830 4830 :
862 4774 1061 4831 frustra
1089 4770 1305 4843 quidem
1325 4811 1341 4837 ,
1370 4769 1493 4841 quia
1519 4768 1608 4824 illa
1637 4768 1715 4824 sic
1735 4783 2013 4824 commen-

415 4873 538 4929 data
556 4913 572 4937 ,
601 4871 680 4935 sic
707 4868 980 4924 celebrata
1006 4908 1022 4933 ,
1053 4864 1132 4920 sic
1158 4872 1283 4918 nota
1313 4869 1396 4918 est
1423 4878 1436 4916 :
1464 4875 1647 4916 verum
1679 4860 1808 4930 quid
1839 4860 2011 4931 possit

413 4963 676 5020 adversus
701 4962 929 5023 litteras,
963 4972 1069 5012 non
1092 4954 1351 5011 canonica
1377 4952 1695 5009 auctoritate
1725 4951 1973 5007 fundatas
1992 4991 2008 5018 ,

415 5057 581 5113 etiam
636 5052 762 5107 hinc
801 5048 1194 5106 demonstravit
1245 5045 1423 5117 impiae
1475 5054 1703 5100 conatus
1744 5042 2014 5110 audaciai,

417 5147 563 5221 quod
587 5154 644 5202 et
667 5144 928 5200 adversus
956 5156 1049 5198 eas
1068 5156 1190 5213 quae
1213 5148 1356 5196 tanta
1379 5139 1585 5195 notitiae
1612 5135 1754 5192 mole
1793 5135 2018 5190 firmata:

421 5248 569 5305 sunt,
619 5251 743 5293 sese
804 5236 1014 5306 erigere
1063 5249 1171 5289 non
1220 5229 1582 5304 praetermisit.
1612 5227 1783 5282 Porro
1835 5233 2017 5281 autem

421 5330 744 5404 Cyprianus,
773 5338 864 5383 aut
893 5343 997 5382 non
1025 5325 1196 5382 sensit
1220 5323 1442 5380 omnino
1466 5319 1608 5391 quod
1632 5333 1753 5374 eum
1784 5316 2019 5373 sensisse

419 5426 702 5491 recitatis;
730 5434 821 5479 aut
842 5423 946 5480 hoc
976 5433 1158 5496 postea
1189 5420 1426 5478 correxit
1454 5418 1506 5472 in
1538 5417 1721 5487 regula
1740 5414 2016 5481 veritatis;

421 5530 515 5577 aut
569 5518 712 5575 hunc
748 5520 901 5591 quasi
955 5534 1165 5575 naevum
1213 5513 1300 5569 sui
1356 5508 1727 5568 candidissimi
1786 5507 2020 5577 pectoris

412 5614 697 5685 cooperuit
740 5616 903 5672 ubere
954 5610 1238 5671 charitatis
1263 5650 1279 5673 ,
1308 5607 1435 5662 dum
1467 5604 1724 5659 unitatem
1764 5601 2020 5658 Ecclesia:

421 5716 538 5763 toto
581 5707 712 5764 orbe
755 5708 1079 5775 crescentis,
1134 5712 1194 5763 et
1237 5698 1613 5773 c0piosissimc
1655 5695 1931 5763 defendit,
1964 5704 2019 5752 et

422 5802 952 5872 perseverantissime
997 5801 1171 5860 tenuit
1227 5794 1497 5851 vinculum
1538 5790 1687 5862 pacis
1714 5806 1729 5849 :
1761 5790 2019 5860 scriptum

414 5904 498 5951 est
522 5895 662 5953 enim
690 5910 703 5949 :
734 5892 970 5954 Charitas
996 5892 1235 5974 cooperit
1260 5884 1643 5947 multitudinem
1671 5890 2009 5954 peccatorum.

2071 478 2301 536 accessit
2329 475 2433 531 huc
2451 472 2635 539 etiam,
2659 468 2799 541 quod
2830 476 3099 537 tamquam
3141 466 3474 518 sarmentum
3521 458 3661 514 frue-

2072 572 2469 636 tuosissimum,
2517 567 2564 623 si
2614 563 2743 637 quid
2793 563 2848 618 in
2896 575 2962 616 eo
3004 558 3181 614 fuerat
3225 551 3660 618 emendandum,

2070 664 2320 739 purgavit
2342 663 2503 719 Pater
2527 658 2664 715 falce
2704 655 2972 728 passionis
3001 672 3014 707 :
3046 650 3377 707 Sarmentum
3397 647 3555 711 enim,
3587 646 3665 701 ait

2073 738 2357 824 Dominus,
2383 753 2520 826 quod
2544 753 2598 806 in
2626 766 2706 805 me
2728 749 2814 804 dat
2836 748 3062 819 fructum
3085 786 3102 812 ,
3132 751 3313 813 purgat
3340 739 3473 795 illud
3505 738 3664 800 Pater

2072 868 2213 906 meus
2237 892 2253 917 ,
2299 858 2358 904 ut
2398 847 2646 913 maiorem
2691 845 2913 914 fractum
2952 836 3160 906 πίεται.
3187 832 3385 891 Unde?
3410 832 3510 887 nisi
3543 831 3666 902 quia

2076 945 2288 999 haerens
2340 941 2392 995 in
2430 937 2718 995 diﬁ‘usione
2768 935 2927 999 vitis,
2981 929 3214 986 radicem
3269 941 3376 981 non
3431 923 3669 980 deseruit

2075 1033 2316 1090 unitatis.
2346 1031 2502 1094 Nam,
2525 1029 2625 1084 etsi
2653 1024 2890 1082 traderet
2915 1035 3112 1092 corpus
3138 1034 3296 1075 suum
3325 1027 3386 1073 ut
3416 1015 3665 1082 arderet,

2075 1129 2392 1186 charitatem
2437 1133 2615 1181 autem
2670 1136 2778 1177 non
2847 1118 3103 1182 haberet,
3156 1112 3290 1169 nihil
3343 1111 3393 1168 ei
3444 1108 3672 1182 prodes-

2076 1229 2158 1276 set
2186 1216 2287 1292 (l).
2326 1236 2344 1270 ι

2149 1469 2240 1543 (l)_
2260 1467 2523 1543 Pluribus
2545 1463 3003 1543 recenter_v_isum
3049 1468 3134 1543 est
3175 1455 3681 1543 haudexiguimo.

2076 1527 2245 1597 menii
2260 1555 2382 1595 esse
2396 1538 2526 1593 illud
2545 1535 2824 1606 Augustini
2838 1532 3055 1589 dubium
3075 1531 3142 1606 de
3168 1527 3679 1606 γνῃσιότῃτιερὶςιο-

2080 1612 2254 1667 larum
2294 1597 2739 1682 CyprianicaFum
2769 1607 3011 1682 in_c_.au_sa_
3034 1597 3502 1682 rebaptizantiutn.
3533 1597 3682 1682 inter

2079 1699 2176 1738 eos
2195 1667 2394 1752 primas
2413 1690 2593 1750 partes
2611 1688 2795 1752 tenent
2818 1675 2934 1752 PP;
2948 1672 3322 1752 Mjfsul'itls,.cl
3349 1667 3680 1752 Μίδεω-μοι-

2078 1738 2329 1810 kenbuhr
2355 1794 2370 1819 ,
2402 1738 2634 1820 uterque
2663 1748 2873 1820 ordinis
2902 1746 2958 1801 S.
2989 1743 3261 1820 Francisci
3286 1784 3300 1805 ,
3330 1752 3385 1796 et
3413 1741 3473 1796 P.
3504 1738 3682 1820 Tour—

2081 1825 2300 1882 nemine
2328 1812 2369 1878 ε’
2387 1812 2648 1878 societate
2675 1819 2801 1874 Jesu
2826 1835 2842 1883 ;
2878 1831 3105 1885 quorum
3143 1815 3289 1884 prior
3314 1821 3379 1885 et
3408 1812 3682 1885 posterior

2081 1897 2136 1952 in
2167 1895 2412 1951 eamdem
2439 1892 2763 1948 sententiam
2788 1931 2802 1951 ,
2832 1882 3025 1944 eodem
3068 1882 3341 1954 tempore.
3370 1882 3524 1939 inscii
3554 1897 3685 1954 con-

2084 1982 2291 2023 venere
2313 1977 2370 2022 et
2399 1966 2690 2033 scripsere.
2716 1960 2999 2033 Edidimus
3020 1953 3314 2033 ad_calc_e_m
3337 1955 3496 2033 hujus
3528 1953 3685 2007 volu-

2082 2038 2247 2094 minis
2304 2025 2630 2104 przecipuam
2679 2032 2749 2087 Μ.
2805 2029 3183 2104 Molkenbnhr_
3209 2025 3683 2104 dissertationem,

2084 2108 2228 2163 haud
2259 2096 2356 2163 abs
2380 2122 2441 2162 re
2472 2096 2651 2161 forsan
2682 2103 2785 2159 erit
2813 2101 3080 2171 praecipua
3110 2100 3212 2154 PP.
3235 2096 3597 2171 Tonrnemine
3631 2106 3688 2152 et

2084 2180 2317 2235 Missorii
2370 2187 2688 2249 argumenta
2742 2166 2822 2229 eo'
2861 2166 3205 2249 loci:_cursi_m
3261 2166 3688 2249 relegereihaec

2086 2251 2248 2321 longe
2277 2238 2617 2321 brevioraac
2641 2247 2754 2321 fere
2782 2242 3053 2314 generalia
3082 2242 3242 2321 habet
3266 2243 3414 2310 prior
3440 2256 3453 2292 :
3485 2238 3540 2321 if
3566 2239 3685 2293 Divi

2086 2310 2373 2391 Augustini
2414 2319 2577 2375 dubia
2627 2310 2882 2391 refricat,
2925 2329 3045 2383 qtne
3101 2311 3290 2391 modo”
3314 2310 3686 2391 exposuimus.

2085 2392 2144 2448 2°
2175 2380 2383 2462 ‘Longe
2415 2406 2447 2445 a
2502 2404 2636 2444 vero
2673 2388 2917 2462 alienum
2945 2380 3203 2462 autumat
3217 2380 3579 2462 “Cyprianum
3619 2395 3689 2436 eo

2089 2451 2459 2519 conviciorum
2489 2470 2644 2516 aceto
2671 2461 2721 2513 in
2750 2471 3019 2511 summum
3050 2451 3365 2509 Pontilicém
3393 2451 3687 2518 exarsisse,

2090 2536 2287 2605 quippe
2316 2535 2407 2604 qui
2435 2542 2543 2587 tam
2567 2530 2946 2605 vehementer,
2960 2536 3017 2580 ut
3039 2525 3295 2605 vidimus,
3314 2523 3691 2605 scitistnatieos

2092 2593 2472 2674 increpaverit.
2528 2603 2585 2659 3°
2625 2601 2845 2674 Multum
2895 2596 3193 2674 diversain
3227 2596 3321 2674 _his
3350 2593 3692 2674 Cyprianicis

2094 2666 2352 2747 principia
2399 2675 2659 2747 doctrinae
2684 2686 2764 2747 ac_
2788 2669 3081 2747 in_c:eteris
3117 2668 3270 2747 libris
3294 2667 3543 2747 genuinis
3578 2666 3691 2743 de-

2093 2737 2403 2820 prehendit.
2435 2747 2493 2801 4⁸
2521 2742 2952 2820 Immo__duriora
2996 2740 3400 2820 Donatistarum
3437 2737 3695 2820 dogmata
3772 2773 3781 2781 -

2092 2807 2279 2888 aperte
2306 2819 2580 2873 docuisset
2601 2816 2658 2873 S.
2686 2814 2885 2885 Martyr
2910 2830 2925 2867 :
2958 2810 3099 2866 unde
3120 2811 3469 2888 vehementer
3493 2807 3695 2888 harum

2093 2881 2394 2946 litterarum
2408 2902 2685 2944 auctorem
2701 2881 2887 2939 verum
2910 2898 3033 2939 esse
3053 2883 3339 2951 quemdam
3357 2881 3697 2951 Donatistam

2094 2963 2314 3018 criticus
2344 2970 2530 3016 noster
2560 2958 3001 3027 suspicatur,nec
3026 2949 3178 3027 istius
3193 2951 3341 3027 Vmo_di
3370 2949 3571 3027 fraudis
3594 2965 3699 3027 eos

2096 3032 2384 3088 haereticos
2426 3046 2549 3087 esse
2574 3021 2843 3085 immunes
2872 3026 3125 3080 ostendit.
3169 3025 3227 3080 5°
3259 3024 3518 3077 Eamclem
3564 3021 3700 3075 ada-

2098 3105 2325 3159 tnussim
2354 3101 2759 3157 similitudinem
2792 3108 2903 3153 tum
2938 3098 2991 3151 in
3032 3096 3116 3150 his
3150 3094 3394 3160 epistolis
3419 3090 3698 3165 Cypriane

2097 3175 2409 3245 adscriptis,
2436 3185 2545 3228 tum
2578 3173 2630 3227 in
2665 3187 2727 3226 ea
2756 3184 2876 3245 qtae
2908 3166 3202 3245 F_i_rmil_iani
3223 3165 3439 3245 nomine
3460 3165 3701 3245 circo!!!-

2099 3233 2299 3312 fertur,
2323 3233 2433 3298 tum
2458 3247 2509 3299 in
2537 3233 2821 3298 sententiis
2860 3249 2913 3294 et
2943 3238 3146 3312 litteris
3172 3235 3522 3312 conciliorum
3549 3233 3701 3312 Afri—

2099 3306 2359 3372 canorum
2375 3329 2710 3384 nequaquam
2729 3310 3100 3368 intercessisse
3119 3307 3345 3384 firmiter
3357 3306 3547 3384 credit,
3563 3307 3698 3376 quin

2102 3388 2294 3442 horum
2350 3378 2607 3443 similium
2654 3391 3127 3440 monumentorum
3176 3378 3317 3434 idem
3360 3379 3431 3432 sit
3464 3387 3520 3432 et
3556 3392 3701 3433 unus

2101 3467 2309 3514 auctor.
2364 3458 2421 3514 6°
2471 3458 2697 3513 Planum
2749 3455 2819 3510 de
2870 3468 2936 3508 ea
2989 3451 3356 3506 controversia
3422 3447 3701 3504 silentium

2103 3530 2276 3585 Pontii
2295 3529 2538 3585 diaconis
2563 3528 2616 3582 in
2638 3527 2756 3581 Vita
2779 3523 3034 3596 Cypriani
3064 3521 3376 3596 nonnullius
3400 3533 3527 3596 esse
3537 3519 3699 3596 pretii

2102 3602 2170 3656 ad
2197 3617 2347 3656 suam
2374 3600 2694 3656 sententiam
2718 3589 3035 3651 (irritandam
3058 3594 3158 3647 snh
3181 3592 3343 3646 ﬁnem
3366 3606 3478 3645 sua:
3496 3589 3704 3646 disser-

2104 3673 2413 3728 tatiuucttlac
2442 3668 2836 3725 animadvertit.
2866 3665 2886 3733 (
2908 3664 3153 3719 Mémot're
3182 3663 3245 3717 de
3279 3662 3322 3716 Τ
3324 3666 3544 3723 révourc,
3567 3677 3700 3716 ann.

2106 3744 2268 3817 1854,
2291 3753 2415 3797 tom.
2445 3758 2519 3808 tv,
2549 3744 2684 3804 déc.,
2716 3757 2766 3807 p.
2796 3734 3139 3817 #452262.
3174 3734 3193 3817 )
3218 3733 3536 3789 —Missorii
3555 3746 3705 3817 nunc

2107 3802 2376 3885 pra‘cipna
2411 3802 2727 3885 argumenta
2771 3809 2946 3885 obiter
2990 3802 3416 3885 perstringentus
3459 3802 3705 3885 :_positis

2108 3874 2291 3940 inultis
2333 3874 2691 3939 axiomatihus
2742 3874 3007 3950 praeviis,
3040 3892 3105 3950 ex
3139 3874 3435 3950 septtiplice
3478 3874 3705 3950 theore-

2110 3969 2253 4011 male
2283 3964 2449 4009 totam
2483 3955 2675 4009 thesim
2717 3948 2868 4005 suam
2897 3949 3137 4004 instruit.
3184 3950 3243 4002 ια
3273 3949 3350 4002 Ex
3394 3948 3705 4001 Donatista-

2108 4043 2227 4081 rum
2279 4034 2575 4099 systemate
2606 4021 2795 4099 ‘infert
2833 4036 2995 4099 Amera
3050 4020 3249 4099 horum
3321 4018 3704 4099 hmreticorntn

2109 4088 2412 4153 comme'nta
2441 4110 2563 4151 esse
2596 4092 2944 4166 Cyprianicas
2978 4090 3267 4166 epistolas;
3309 4106 3404 4145 eos
3434 4089 3576 4166 enim
3606 4088 3710 4143 de-

2110 4168 2398 4240 prehendit
2423 4177 2535 4223 tum
2566 4159 2692 4222 esse
2711 4164 2993 4240 calumnite
3017 4159 3409 4240 peritissimos,
3441 4159 3709 4240 allectatae

2112 4230 2447 4303 sanctitatis,
2496 4250 2767 4307 certaeque
2814 4230 3128 4302 impietatis.
3183 4232 3331 4287 falsa:
3360 4230 3709 4307 doctrinm‘ct

2113 4311 2339 4366 modica:
2359 4301 2601 4366 scientiae
2627 4349 2640 4371 ,
2667 4301 2776 4361 t'um
2807 4301 3142 4373 excogitasse
3163 4319 3405 4358 errorem
3454 4301 3705 4366 fallaciis,

2115 4385 2252 4437 adeo
2266 4382 2522 4446 obsitum,
2540 4390 2596 4434 nt
2611 4385 2674 4434 sit
2696 4378 2977 4448 perpaucis
2989 4375 3212 4439 obvius;
3239 4373 3379 4448 unde
3392 4386 3440 4428 et
3462 4374 3707 4427 locorum

2114 4456 2275 4519 ratio,
2307 4465 2360 4507 et
2392 4446 2858 4520 tetuporum'ordo
2877 4488 2897 4520 ,7
2923 4456 2977 4500 et
3005 4461 3184 4500 rerum
3206 4446 3374 4500 series
3397 4486 3411 4508 ,
3442 4453 3497 4499 et
3519 4458 3713 4520 perso-

2116 4515 2304 4579 narum
2333 4515 2635 4592 disitositio,
2658 4529 2712 4575 et
2732 4519 2991 4592 doctrinae
3012 4525 3183 4592 ortus,
3215 4529 3552 4592 progressus,
3585 4515 3712 4592 egi-

2118 4606 2308 4666 tusque
2323 4587 2653 4666 explicatur;
2672 4606 2735 4645 ac
2755 4591 2982 4666 multum
2998 4588 3196 4666 exinde
3217 4589 3441 4666 patescit
3460 4587 3712 4640 Donatis-

2119 4658 2291 4721 tarum
2338 4658 2645 4734 pertinacia
2689 4661 2917 4726 stolida,
2973 4663 3211 4725 astutia,
3263 4658 3709 4734 falsiloquentia,

2121 4729 2556 4803 incredibilisque
2583 4735 2636 4789 in
2677 4734 2912 4803 antiquis
2943 4731 3308 4786 monumentis
3346 4729 3711 4803 depravandis

2118 4806 2359 4862 audacia.
2415 4797 2482 4860 26
2530 4805 2611 4860 Ex
2658 4797 2939 4874 Augustini
2976 4810 3299 4875 systemate,
3330 4797 3709 4875 sett'_Cypriani

2118 4877 2433 4933 defensione
2462 4892 2622 4946 supra
2658 4871 2841 4939 allata,
2873 4871 3275 4946 ostendit,_sive
3301 4871 3579 4946 absolute,
3592 4873 3712 4946 sive

2121 4950 2465 5022 hypothetiee
2530 4941 2892 5022 intelligatun
2923 4945 3040 5000 haec
3111 4941 3405 5022 defensio_,
3442 4942 3713 5022 similiter

2118 5011 2438 5093 reﬁciendas
2485 5035 2608 5076 esse
2643 5011 2992 5093 cyprianicas
3023 5014 3317 5093 epistolas.
3352 5014 3414 5093 ἵξο
3440 5011 3519 5067 Ex
3553 5012 3710 5068 libris

2119 5084 2383 5157 S."0ptati
2407 5134 2422 5160 ,
2448 5108 2543 5147 seu
2573 5084 2750 5161 potius
2768 5106 2835 5145 ex
2880 5088 2988 5161 alto
3017 5084 3194 5156 Optati
3215 5084 3462 5161 silentio,
3487 5097 3712 5161 asserta:

2122 5155 2460 5219 eonﬁation'is
2508 5155 2743 5231 Stt'spicio
2792 5155 3157 5231 conﬁrmatur.
3201 5158 3287 5231 At:
3312 5155 3712 5231 h1x__no_nnu_llis

2126 5235 2248 5290 aliis
2286 5234 2427 5290 idem
2457 5226 2743 5292 evincitur.
2772 5246 2966 5298 nempe
2990 5244 3055 5283 ex
3083 5228 3221 5282 diae.
3253 5226 3431 5282 Pontii
3453 5227 3667 5280 silentio
3691 5269 3708 5293 ,

2125 5321 2192 5361 ex
2219 5308 2471 5369 anonymi
2502 5306 2569 5360 de
2597 5303 2973 5359 hwreticorum
3006 5301 3388 5369 reltaptismate
3417 5298 3709 5361 sententia,

2123 5392 2190 5432 ex
2221 5370 2437 5432 Eusebii
2462 5393 2585 5431 cum
2616 5374 2760 5429 Afris
2784 5415 2798 5438 ,
2832 5383 2887 5428 et
2913 5370 3110 5426 Rufﬁni
3138 5387 3259 5426 cum
3288 5370 3520 5426 Eusebio
3547 5383 3711 5438 repu-

2121 5449 2358 5519 gnantia.
2390 5447 2449 5504 5°
2467 5445 2757 5519 Speciatim
2798 5443 2864 5498 ad
2894 5443 3109 5519 concilii
3140 5440 3579 5519 Cartltaginensis
3604 5455 3709 5519 vri,

2122 5510 2257 5574 alias
2285 5535 2362 5581 ιιι,
2385 5510 2762 5573 confictionem
2785 5516 3131 5571 asserendam
3155 5510 3529 5582 expenduntur
3549 5510 3712 5582 duliia

2122 5580 2436 5658 Augustini,
2469 5600 2767 5657 tempormn
2809 5580 3286 5658 perturbat_a_ra_tio
3306 5625 3320 5650 ,
3369 5595 3491 5638 octo
3509 5580 3713 5658 praefa-

2124 5652 2282 5717 tionis
2311 5662 2446 5718 loca.
2466 5652 2741 5716 conclusio
2762 5652 3002 5726 epistolae
3028 5653 3093 5708 ad
3125 5653 3466 5726 Jubaianum.
3501 5652 3560 5708 6°
3578 5653 3714 5726 Tota

2122 5734 2414 5789 resumitur
2436 5730 2765 5801 impugnatio
2802 5724 2885 5801 ’in_
2912 5727 3169 5794 epistolas
3218 5725 3566 5801 Cyprianicas
3618 5724 3713 5778 de-

2125 5804 2424 5875 Baptismo,
2458 5796 2954 5875 absunidaque,_sive
2975 5796 3446 5875 contntttnia,_sive
3474 5797 3708 5867 propria,

2125 5865 2495 5941 recensentur,
2518 5865 2789 5943 respuitur
2804 5868 3003 5925 'ﬁctum
3024 5865 3282 5936 Stephani
3302 5865 3617 5936 decretum,
3647 5882 3713 5923 ac
