3876 6282
195 367 324 408 XVII

768 532 1178 592 ARTICULUS.
1223 534 1309 594 111.

365 754 436 796 bl
475 753 575 794 USU
616 751 808 792 SANCTI
848 752 1092 793 CYPRIANI
1133 754 1184 793 ΙΝ
1225 754 1291 794 RB
1330 754 1700 798 DISCIPLINARI.

318 961 360 1016 1.
397 959 560 1016 Nemo
583 973 695 1012 non
719 958 880 1013 sentit
899 973 1058 1026 quam
1082 957 1406 1013 uberrimam
1430 975 1610 1014 rerum
1635 960 1840 1017 utilium

241 1055 448 1124 copiam
475 1050 829 1121 suppeditent
853 1050 966 1103 divi
995 1049 1250 1121 Cypriani
1281 1065 1468 1118 Opera,
1500 1052 1616 1106 sive
1645 1053 1713 1107 de
1742 1069 1840 1108 ex-

238 1147 456 1219 egeticis
475 1143 872 1216 quaestionibus
893 1144 1262 1219 consulautur,
1283 1144 1394 1199 sive
1425 1144 1490 1199 ad
1522 1146 1839 1201 stabilienda

232 1239 492 1296 Ecclesia
510 1237 768 1307 dogmata
791 1235 1148 1302 adducantur,
1164 1236 1277 1291 sive
1306 1237 1356 1290 in
1378 1237 1458 1292 eis
1483 1251 1603 1290 vera
1630 1252 1838 1294 morum

222 1330 409 1388 atatis
435 1345 549 1385 sua:
579 1328 790 1400 efﬁgies
817 1328 884 1382 ad
912 1329 1089 1383 vivum
1113 1331 1466 1400 exprimatur,
1491 1330 1604 1385 sive
1631 1341 1838 1402 tempo-

219 1439 350 1479 rum
392 1423 554 1487 ratio,
582 1437 956 1492 annorumque
999 1423 1166 1487 vices,
1203 1423 1548 1493 virorumque
1593 1424 1836 1479 clarissi-

217 1533 446 1573 morum
474 1529 704 1587 persona
727 1514 794 1569 de
826 1515 1031 1568 tumulo
1057 1515 1322 1569 excitetur
1352 1515 1405 1568 in
1437 1515 1668 1570 medium
1695 1516 1837 1570 redi-

217 1613 369 1668 viva.
403 1615 681 1675 Attamen,
706 1609 923 1664 omissis
943 1624 1063 1678 quae
1093 1607 1157 1662 ad
1180 1605 1432 1680 Cypriani
1464 1624 1615 1663 usum
1647 1625 1839 1680 exege-

222 1708 421 1774 ticum,
453 1705 838 1776 dogmatieum,
863 1703 1147 1763 moralem,
1172 1703 1556 1756 liistoricumve
1579 1703 1832 1770 attinent,

228 1815 306 1855 ne
346 1798 558 1870 longius
587 1795 1000 1866 precandi-lines
1025 1795 1305 1860 excedam,
1369 1795 1611 1850 nonnihil
1655 1796 1837 1866 profu-

224 1899 419 1946 turum
469 1904 632 1959 pauca
672 1889 735 1943 de
780 1888 1022 1958 ejusdem
1081 1903 1180 1942 usu
1236 1888 1286 1941 in
1346 1903 1406 1942 re
1456 1887 1785 1956 disciplinari
1815 1931 1830 1956 ,

220 1997 405 2051 eaque
451 1991 634 2037 cuncta
662 1980 1051 2051 propemodum
1103 1996 1133 2035 e
1183 1981 1243 2034 D.
1295 1979 1544 2048 Lumperi
1603 1979 1834 2036 Historia

212 2075 714 2146 theologica-critica
768 2073 983 2128 Patrum
1036 2073 1116 2143 il)
1178 2083 1398 2142 accepta
1439 2073 1614 2128 obiter
1669 2075 1832 2128 attin-

209 2184 346 2240 gere
371 2169 544 2224 visum
566 2176 669 2224 est.

292 2285 527 2341 Sanctus
573 2285 861 2355 episcopus
896 2283 1338 2354 Carthaginensis
1380 2291 1435 2338 et
1478 2292 1685 2356 martyr
1729 2282 1833 2356 Cy-

212 2383 446 2453 prianus
472 2381 716 2435 omnium
749 2390 1061 2435 sanctorum
1091 2379 1308 2432 Patrum
1335 2379 1541 2448 primus
1564 2377 1632 2432 de
1661 2378 1830 2432 disci-

217 2475 370 2546 plina
403 2474 663 2529 Ecclesiae
697 2472 970 2527 uberrime
997 2470 1291 2533 disseruit;
1319 2471 1369 2524 in
1400 2469 1519 2540 ejus
1551 2470 1826 2540 operibus,

217 2569 500 2640 przecipue
535 2581 663 2621 vero
691 2565 742 2618 in
766 2564 1044 2632 Epistolis,
1077 2565 1372 2617 innumera:
1404 2572 1620 2616 exstant
1651 2563 1830 2631 magni

222 2659 492 2715 momenti
535 2655 924 2712 instructiones
975 2663 1137 2725 atque
1179 2655 1496 2720 sententias,
1528 2669 1593 2708 ex
1635 2653 1831 2723 quibus

215 2755 443 2808 illorum
473 2761 775 2820 temporum
804 2748 1091 2817 disciplina
1131 2747 1498 2801 ecclesiastica
1521 2787 1536 2811 ,
1569 2745 1830 2801 exterior-

217 2863 330 2918 que
364 2847 625 2902 Ecclesiae
655 2855 828 2900 status
857 2845 978 2898 luce
997 2842 1292 2896 meridiana
1314 2841 1514 2895 clarius
1545 2839 1828 2908 cognosci-

219 2947 333 2994 tur.
365 2940 488 3009 Agit
531 2940 673 2993 enim
714 2952 820 2992 non
873 2937 1047 2991 solum
1077 2938 1146 2989 de
1187 2933 1471 3004 disciplina
1523 2932 1575 2986 in
1608 2940 1825 3000 genere,

216 3033 321 3090 sed
345 3043 401 3088 et
423 3033 472 3087 in
501 3032 809 3100 particulari
841 3031 984 3085 circa
1006 3037 1341 3084 sacramenta
1376 3023 1824 3091 administranda,

212 3136 536 3198 peccatores
572 3123 949 3192 corripiendos
985 3131 1041 3177 et
1075 3120 1528 3186 reconciliandos,
1558 3118 1626 3173 de
1663 3115 1828 3172 disci-

213 3221 367 3292 plina
401 3219 638 3291 antiquae
679 3210 1145 3288 Ecclesize'quoad
1187 3216 1586 3286 paenitentiam,
1622 3214 1688 3269 de
1739 3213 1824 3268 in-

215 3313 620 3385 dulgenliarum
652 3325 752 3366 usu
795 3321 960 3382 utque
1007 3311 1210 3376 abusu,
1252 3310 1482 3380 aliisque
1523 3307 1827 3379 disciplina:

217 3405 613 3463 ecclesiasticae
637 3402 874 3476 punctis.

219 3671 922 3745 pseudo-Cypriani_secum
977 3679 1192 3745 etcum
1247 3671 1520 3744 Cypriano
1570 3675 1824 3745 antilogia

219 3745 562 3813 prepouitur.
605 3745 666 3796 7°
724 3743 944 3796 Demnm
977 3743 1251 3798 Missorins
1295 3743 1586 3814 explodere
1641 3743 1827 3802 nititur

217 3814 651 3870 adversariorum
702 3823 992 3868 momenta.
1037 3845 1106 3854 —
1141 3815 1265 3869 Haec
1321 3833 1426 3870 non
1475 3817 1672 3883 judicis
1727 3833 1826 3873 nec

218 3887 506 3940 assertoris
540 3887 739 3948 animo,
771 3885 865 3938 sed
891 3886 1042 3938 testis
1068 3887 1407 3940 solummodo
1432 3900 1522 3940 aut
1551 3890 1827 3944 eollatoris

217 3957 443 4011 indubia
477 3955 581 4010 ﬁde
620 3956 833 4025 Collegi.
865 3955 960 4008 Fr.
999 3957 1185 4027 Raym.
1235 3957 1462 4012 tllissorii
1508 3960 1825 4026 Disputatio-

216 4045 309 4082 nes
343 4027 532 4101 Critiae
555 4027 762 4101 in_du_as
786 4027 1023 4101 celeberr.
1049 4045 1166 4101 ενι).
1195 4027 1489 4101 Firmiliani
1509 4043 1553 4082 et
1577 4029 1824 4101 Cypriani

217 4101 340 4169 adn.
366 4099 562 4153 Περι-ει.
584 4098 646 4154 S.
675 4099 924 4164 Stephani
1041 4097 1221 4167 Ejustl.
1257 4100 1458 4169 Disput.
1486 4102 1537 4154 in
1565 4097 1729 4167 Epist.
1755 4103 1824 4156 ad

219 4168 547 4242 Pompeium.
562 4210 597 4222 ..
621 4187 720 4239 qua
744 4171 884 4242 illam
907 4187 1010 4222 una
1031 4186 1143 4222 cum
1165 4169 1282 4223 aliis
1309 4168 1528 4242 quinque
1543 4186 1587 4225 et
1607 4174 1823 4228 concilio

217 4240 610 4311 Cartltaginensi
655 4243 798 4294 tertio
841 4241 1082 4312 hactenus
1131 4258 1222 4308 pro
1268 4240 1590 4312 Cyprianicis
1639 4246 1823 4300 habitis

216 4330 356 4366 nunc
389 4315 608 4381 primum
629 4312 892 4376 adiudicat
934 4329 993 4365 ac
1044 4311 1325 4366 Donatistis
1379 4316 1594 4380 tribuit;
1647 4315 1818 4372 Venet.

218 4385 388 4449 iii-4",
417 4383 554 4438 4755
595 4381 715 4436 Vid.
739 4385 859 4437 ini‘r.
891 4383 958 4438 de
990 4383 1570 4454 eademdisquisitione
1596 4388 1822 4442 aliorum

221 4468 387 4522 Opera
421 4455 558 4508 inter
589 4455 774 4507 Annal.
813 4456 968 4508 litter.

300 4523 368 4579 Ut
401 4534 455 4577 ut
479 4527 550 4578 sit
579 4525 645 4578 de
672 4525 772 4579 huc
811 4526 1043 4583 Missorii
1082 4530 1565 4596 argumentatione,
1597 4531 1682 4585 cui
1713 4532 1824 4585 sul-

215 4594 496 4670 fragantur
521 4598 758 4670 doctiss.
810 4597 1046 4652 ΜιιΓθυΙΙὶ
1077 4601 1129 4654 ἱιι
1151 4594 1338 4670 ’ΛῙι-ἱεα
1365 4618 1544 4665 sacra;
1573 4601 1662 4656 Fr.
1694 4602 1825 4656 Mol-

217 4666 490 4731 keolnthr,
518 4668 570 4722 in
607 4667 818 4722 Disserl.
853 4670 1102 4733 laudatis:
1135 4666 1364 4725 eximius
1400 4673 1740 4727 Hehermann
1770 4674 1822 4729 in

217 4737 632 4793 Institutionibus
645 4738 984 4814 Theologicis,
1011 4744 1074 4797 de
1085 4741 1399 4808 Baptismate
1416 4761 1434 4798 :
1453 4745 1692 4814 quisquis
1709 4744 1824 4800 ha'c

222 4820 423 4864 attente
444 4811 814 4884 perpenderit,
838 4812 986 4884 haud
1015 4829 1144 4868 sane
1170 4816 1376 4882 ineptas
1406 4811 1525 4870 esSe
1557 4811 1824 4884 reputabit

225 4883 613 4943 cavillationes,
643 4897 740 4936 nec
763 4883 1198 4951 indignabundus
1225 4900 1345 4940 cum
1376 4883 1823 4942 Mai-tinoilionth

220 4953 571 5028 exclamabit:
591 4951 803 5028 Insigne
817 4958 1100 5025 exemplum
1122 4956 1346 5027 fallacia:
1365 4973 1478 5028 qua!
1496 4957 1684 5011 dicitur
1697 4961 1825 5026 prti-

225 5024 383 5098 tionis
392 5025 626 5094 principii
644 5025 664 5076 !
674 5096 680 5098 _
691 5028 772 5093 [ac
797 5024 968 5079 autent
985 5024 1219 5098 esse,‘qui
1241 5024 1531 5097 liujusntodi
1547 5024 1823 5098 argumen-

223 5096 290 5147 tis
317 5096 522 5170 scientes
546 5096 916 5170 prudentesque
935 5098 988 5150 in
1018 5096 1166 5152 rebus
1188 5100 1317 5153 tanti
1347 5101 1583 5153 mommti
1602 5096 1678 5154 usi
1695 5103 1818 5170 sint,

221 5165 357 5219 unde
367 5168 453 5225 ﬁat
471 5167 762 5242 totinsﬁdei
778 5165 998 5242 historia:
1016 5170 1266 5232 interitus,
1283 5172 1458 5232 quidni
1479 5170 1638 5226 Deum
1654 5165 1824 5242 depre-

219 5253 309 5312 cer
334 5239 772 5312 mutuniatis,”
793 5241 856 5291 sit
879 5242 929 5293 in
950 5243 1125 5309 futuro
1154 5244 1338 5298 stuculo
1369 5259 1482 5295 cum
1502 5255 1603 5296 tam
1635 5239 1824 5312 iniquis

217 5320 264 5363 et
291 5309 536 5385 improbis
552 5311 1090 5385 sophistis.’—:Annot.
1121 5312 1396 5385 inAFirmil.
1417 5314 1485 5366 ad
1514 5315 1574 5368 S.
1600 5309 1821 5385 Cypria-

219 5382 521 5457 numepist:
560 5383 621 5457 in
649 5390 778 5457 toni.
805 5399 836 5457 _t_
866 5382 1341 5457 Scriptor.7Ercles.
1374 5401 1578 5454 opuscc.
1607 5382 1817 5457 prtecip.

217 5470 270 5521 ρ.
297 5451 426 5506 260.
449 5452 535 5506 Cf.
559 5453 681 5506 iter.
716 5451 1090 5521 Molkenbnhr,
1129 5456 1180 5508 in
1216 5451 1824 5524 Ephetncridibustheo-

220 5523 428 5592 logicis.
453 5527 555 5577 sub
580 5525 682 5576 hoc
710 5524 866 5577 titulo
896 5543 908 5576 :
943 5525 1038 5577 Die
1055 5523 1447 5580 mastiaur’srlie
1469 5528 1702 5582 literatur
1721 5532 1823 5584 sei-

223 5593 522 5668 tungshe‘it.
548 5595 610 5668 Ξ,
639 5595 798 5668 1822,
826 5595 876 5668 lt.
911 5597 964 5660 4,
998 5595 1156 5650 48:23.
1187 5628 1251 5636 -—
1285 5600 1340 5650 D.
1372 5597 1658 5668 Wolfgang
1692 5600 1825 5656 Fro-

221 5663 420 5718 chlicb.
447 5664 511 5718 0.
543 5665 599 5720 S.
639 5665 698 5719 Β.
725 5666 777 5719 in
814 5665 1154 5735 lnquisitione
1190 5671 1364 5722 critica
1397 5671 1448 5723 in
1477 5663 1598 5723 life.
1630 5663 1815 5726 Euseb.

223 5735 421 5790 Poson.
450 5736 604 5792 1808.
637 5736 843 5792 Videsis
869 5739 1094 5793 annales
1120 5739 1410 5796 litterarios
1436 5741 1571 5796 infra
1595 5743 1698 5797 col.
1727 5745 1814 5800 '24.

290 5871 369 5942 (l)
396 5870 553 5928 Tom.
589 5887 684 5940 xu,
711 5887 761 5944 p.
798 5873 994 5936 lallﬁ,
1025 5874 1246 5944 passim.

1696 335 2081 417 pateram.

3408 383 3543 425 XVII!

2295 524 2316 585 ἓ
2342 525 2381 575 Ι.
2413 551 2472 560 -
2496 523 2572 574 De
2596 524 2860 590 Disciplina
2883 529 2932 578 in
2956 541 3168 592 genere.

2023 722 2086 776 ll.
2115 742 2132 773 ‹
2163 723 2220 777 In
2245 722 2536 794 Scripturis
2563 727 2764 780 sanctis
2792 727 3098 797 frequenter
3124 736 3176 783 et
3206 727 3404 799 ubique
3431 728 3544 784 dis-

1949 815 2145 884 ciplina
2167 817 2496 884 prmeipitur,
2529 837 2548 870 ι
2585 818 2758 889 inquit
2782 819 2839 874 S.
2872 818 3173 891 Cyprianus
3202 821 3254 876 in
3276 836 3374 876 suo
3405 830 3544 878 trac-

1951 913 2063 960 tatu
2085 906 2148 961 de
2177 905 2366 960 Habitu
2403 907 2664 979 Virginum
2695 909 2796 981 (l),
2829 928 2847 961 ι
2870 920 2920 964 et
2955 909 3358 967 fundamentum
3381 927 3544 969 omne

1947 997 2226 1066 religionis
2257 1013 2319 1054 ac
2353 999 2474 1053 fidei
2507 1002 2573 1054 de
2598 1001 2975 1057 observatione
2999 1017 3060 1058 ac
3087 1003 3279 1058 timore
3303 1003 3545 1074 proﬁsci-

1946 1089 2137 1144 scitur.
2177 1109 2194 1140 ι
2227 1119 2294 1128 -
2318 1088 2480 1144 Facili
2508 1090 2723 1162 negatio
2753 1091 3108 1161 dignoscitur,
3142 1094 3272 1148 nihil
3313 1105 3417 1150 tam
3449 1111 3544 1152 ne-

1946 1183 2241 1236 cessarium
2270 1197 2391 1236 esse
2417 1184 2685 1253 prmcipue
2704 1184 2755 1238 in
2780 1184 2922 1239 bello
2948 1185 3359 1254 persecutionis,
3378 1202 3538 1257 quam

1946 1274 2184 1329 debitam
2217 1277 2564 1331 severitatem
2595 1278 2763 1332 divini
2795 1280 2996 1350 vigoris
3027 1288 3230 1342 tenere,
3260 1295 3420 1350 quam
3449 1281 3541 1350 qui

1943 1370 2235 1436 remiserit,
2268 1369 2443 1441 inquit
2474 1371 2750 1427 Romanus
2777 1371 2972 1428 Clerus
3006 1373 3086 1445 (2)
3132 1373 3198 1428 ad
3230 1373 3287 1428 S.
3317 1372 3542 1445 Cypria-

1945 1477 2069 1515 num
2113 1463 2389 1531 scribens,
2424 1464 2662 1519 instabili
2708 1481 2892 1520 rerum
2925 1480 3085 1521 cursu
3134 1473 3280 1521 erret
3327 1481 3544 1535 semper

1945 1571 2169 1610 necesse
2196 1566 2313 1624 est,
2344 1569 2396 1612 et
2431 1557 2537 1612 huc
2573 1567 2734 1628 atque
2761 1560 2886 1614 illuc
2925 1559 3092 1614 variis
3124 1559 3346 1614 incertis
3370 1573 3540 1630 nego-

1945 1648 2142 1702 tiorum
2187 1650 2599 1718 tempestatibus
2625 1651 2940 1721 dissipetur,
2966 1661 3020 1707 et
3046 1652 3202 1721 quasi
3227 1660 3442 1707 extorto
3471 1650 3541 1708 de

1943 1740 2196 1794 manibus
2223 1743 2572 1796 consiliorum
2607 1742 2996 1810 gubernaculo,
3033 1745 3212 1798 navim
3251 1743 3539 1798 ecclesias-

1943 1833 2063 1888 ticae
2091 1834 2282 1888 salutis
2315 1835 2488 1888 illidat
2519 1835 2572 1889 in
2596 1835 2871 1904 scopulos,
2897 1845 2954 1888 ut
2982 1846 3263 1906 appareat,
3294 1851 3398 1890 non
3437 1835 3538 1890 ali-

1943 1938 2024 1984 ter
2054 1929 2212 1983 saluti
2254 1928 2642 1983 ecclesiasticae
2667 1928 2874 1982 consuli
2907 1943 3085 1997 posse,
3121 1928 3222 1982 nisi
3265 1928 3309 1982 si
3351 1927 3443 1998 qui
3487 1937 3542 1984 et

1939 2029 2129 2075 contra
2162 2019 2332 2088 ipsam
2380 2020 2618 2085 faciunt,
2653 2022 2804 2090 quasi
2834 2019 3051 2090 quidam
3085 2020 3299 2076 adversi
3342 2021 3540 2076 ﬂuctus

1939 2113 2295 2183 repellantur,
2317 2122 2372 2166 et
2394 2113 2692 2182 disciplina:
2707 2113 2878 2182 ipsius
2894 2128 3109 2182 semper
3121 2112 3385 2170 custodita
3401 2113 3540 2168 ratio

1938 2206 2093 2276 quasi
2133 2207 2374 2260 salutare
2404 2205 2620 2275 aliquod
2657 2204 3084 2274 gubernaculum
3125 2206 3178 2260 in
3220 2214 3539 2276 tempestate

1938 2308 2205 2354 servetur.
2260 2300 2551 2370 Oporterct
2601 2298 2822 2370 insuper
2883 2298 3142 2353 Ecclesiae
3192 2298 3536 2369 disciplinam

1938 2394 2260 2448 uniformem
2311 2408 2454 2458 esse,
2478 2403 2736 2462 quantum
2782 2391 2900 2446 ﬁeri
2928 2400 3126 2460 potest,
3161 2391 3213 2446 in
3252 2390 3538 2462 prmcipuis

1937 2488 2120 2554 rebus,
2153 2487 2310 2542 sicuti
2340 2487 2393 2541 in
2419 2486 2736 2556 poenitentia
2767 2503 2779 2539 :
2814 2485 2957 2554 quod
2984 2501 3114 2540 sane
3144 2486 3407 2540 monitum
3437 2500 3538 2542 suo

1936 2582 2085 2635 clero
2128 2579 2332 2650 przcbet
2380 2577 2438 2631 S.
2487 2577 2788 2648 Cyprianus
2837 2577 3064 2646 epistola
3107 2593 3202 2631 sua
3261 2578 3535 2648 trigesima

1935 2681 2124 2743 quarta
2173 2671 2274 2743 (5).
2302 2669 2517 2725 Mandat
2566 2671 2811 2738 insuper,
2843 2669 2983 2724 hanc
3025 2669 3254 2724 consilio
3293 2671 3534 2725 omnium

1936 2762 2328 2832 Episcoporum
2372 2777 2496 2816 esse
2527 2760 3006 2830 praescribendam,
3038 2772 3096 2816 ut
3123 2778 3185 2817 ex
3213 2761 3533 2833 quibusdam

1935 2856 2058 2910 aliis
2094 2855 2204 2910 suis
2235 2853 2492 2925 Epistolis
2520 2846 2806 2923 colligitur
2827 2853 2934 2925 (4).
2968 2854 3093 2908 llaec
3123 2854 3287 2909 habet
3313 2865 3534 2911 sanctus

1935 2949 2232 3022 Cyprianus
2262 2949 2328 3003 de
2355 2949 2639 3017 disciplina
2679 2948 2730 3000 in
2759 2962 2978 3016 genere.
3010 2946 3304 3002 Videamus
3345 2947 3528 3016 modo,

1935 3060 2052 3114 qua:
2083 3042 2152 3098 de
2191 3041 2477 3111 disciplina
2514 3042 2566 3095 in
2602 3039 2909 3111 particulari
2939 3040 2990 3094 in
3027 3039 3143 3110 ejus
3190 3039 3406 3110 scriptis
3431 3040 3530 3097 de-

1933 3140 2362 3212 prehenduntur.

2149 3319 2261 3383 §Il.
2288 3346 2348 3357 —
2364 3318 2440 3370 De
2476 3318 2744 3384 Disciplina
2767 3321 2926 3384 quoad
2948 3321 3258 3384 baptismum.

2001 3489 2086 3544 Ill.
2123 3489 2414 3543 Benedictio
2442 3505 2586 3560 aqua:
2609 3507 2724 3560 quae
2743 3491 2813 3546 ad
2827 3491 3145 3563 Baptismum
3165 3494 3407 3549 inservire
3435 3495 3528 3548 de-

1932 3582 2032 3636 bet.
2055 3610 2126 3620 —
2147 3580 2388 3634 Primum
2412 3624 2426 3647 ,
2461 3580 2606 3650 quod
2632 3582 3014 3638 observatione
3045 3585 3264 3656 dignum
3295 3587 3531 3641 occurrit

1931 3675 1984 3728 in
2016 3682 2230 3730 vetusto
2278 3674 2381 3728 hoc
2420 3674 2580 3729 Patre
2616 3675 2792 3744 quoad
2839 3677 3169 3744 Baptismum
3215 3688 3335 3744 est,
3386 3679 3528 3748 quod

1930 3780 2028 3820 suo
2061 3781 2177 3818 :cvo
2215 3765 2323 3834 jam
2370 3780 2562 3835 aquam
2593 3765 2852 3836 Baptismi
2889 3768 3269 3823 benedictione
3296 3768 3530 3825 donabat

1930 3859 2237 3929 episcopus.
2269 3876 2288 3909 ι
2319 3859 2545 3930 Oportet
2574 3874 2726 3929 ergo,
2760 3879 2778 3910 ι
2819 3862 2991 3932 inquit
3039 3862 3196 3917 divus
3226 3861 3528 3933 Cyprianus

1930 3950 2172 4020 Epistola
2202 3967 2328 4014 va,
2358 3967 2476 4021 quae
2505 3961 2589 4007 est
2617 3952 2681 4006 ad
2714 3953 3022 4008 Januarium
3055 3965 3108 4008 et
3131 3964 3358 4010 caeteros
3386 3958 3528 4026 epis-

1929 4057 2095 4110 c0pos
2145 4042 2424 4109 Numidas,
2484 4062 2503 4094 ‹
2541 4045 2791 4099 mundari
2845 4055 2901 4100 et
2955 4046 3281 4102 sanctiﬁcari
3335 4063 3524 4116 aquam

1931 4134 2080 4204 prius
2111 4150 2140 4189 a
2171 4136 2475 4204 sacerdote,
2511 4146 2570 4191 ut
2622 4139 2793 4206 possit
2841 4139 3112 4208 Baptismo
3154 4156 3252 4194 suo
3309 4152 3526 4210 peccata

1932 4226 2187 4292 hominis,
2223 4229 2312 4298 qui
2358 4229 2678 4298 baptizatur,
2706 4231 2928 4285 abluere
2955 4231 3056 4301 (5).
3094 4252 3112 4282 ι
3149 4232 3318 4303 Qu:.tn
3359 4233 3524 4287 disci-

1931 4320 2134 4388 plinam
2165 4322 2451 4374 conlirmat
2489 4321 2578 4373 ille
2609 4320 2709 4372 hoc
2742 4320 3046 4375 Ezechielis
3077 4323 3297 4376 oraculo
3349 4339 3364 4377 :
3423 4322 3524 4394 Ef-

1931 4415 2146 4483 fundam
2172 4430 2326 4482 super
2381 4429 2464 4466 vos
2518 4429 2705 4482 aquam
2758 4412 3022 4477 mundam,
3053 4423 3099 4467 et
3124 4414 3526 4470 emundabimini

1929 4508 1993 4560 ab
2015 4507 2245 4560 omnibus
2275 4507 2670 4570 inquinamentis
2699 4507 2892 4574 vestris,
2917 4516 2964 4560 et
3012 4508 3074 4560 ab
3115 4509 3345 4564 omnibus
3376 4510 3527 4566 idolis

1929 4599 2106 4653 vestris
2135 4599 2386 4652 mandabo
2415 4615 2501 4653 vos
2532 4597 2633 4672 (6).
2663 4619 2682 4651 ι

2002 4691 2094 4745 IV.
2124 4691 2414 4746 Exoreisnti
2457 4693 2509 4746 in
2553 4691 2842 4762 Baptisnto.
2867 4725 2937 4736 -—
2982 4695 3241 4767 Baptismi
3267 4711 3527 4752 excreme-

1932 4787 2076 4840 niam
2122 4785 2503 4856 przccedebant
2534 4787 2823 4841 exorcismi
2846 4830 2861 4854 ,
2893 4799 3052 4857 prout
3097 4789 3312 4843 tradunt
3343 4796 3524 4860 patres

1930 4877 2492 4934 celeberrimiconcilii
2512 4876 2975 4952 Carthaginensis,
2993 4882 3146 4952 cujus
3161 4883 3323 4937 veluti
3347 4883 3522 4937 anima

1931 4967 2087 5025 divus
2111 4967 2412 5041 Cyprianus
2461 4981 2579 5026 erat.
2631 4982 2684 5027 et
2716 4971 3033 5027 habebatur.
3065 4972 3206 5048 Lege
3241 4990 3361 5046 qum
3417 4962 3525 5032 tra-

2006 5169 2080 5242 (1)
2113 5170 2172 5226 S.
2201 5169 2479 5246 Cypria_n.,
2513 5173 2574 5228 de
2600 5171 2886 5243 Disciplina
2917 5185 2964 5229 et
3001 5175 3194 5232 Habitu
3231 5175 3517 5246 Virginum,

1929 5256 2114 5311 parum
2144 5252 2264 5311 post
2287 5244 2514 5308 initium,
2541 5261 2580 5298 t.
2613 5260 2688 5308 tv,
2720 5246 2825 5300 col.
2855 5247 2953 5301 441
2988 5264 3038 5304 Β.

2006 5310 2082 5384 (2)
2117 5310 2284 5380 Idem,
2319 5315 2417 5384 Ep.
2449 5331 2597 5380 xxxt,
2631 5323 2669 5368 t.
2701 5331 2774 5382 Iv,
2802 5333 2852 5372 c.
2888 5319 2994 5374 503
3023 5337 3075 5373 Α.

2003 5387 2085 5454 (5)
2123 5385 2292 5448 Epist.
2323 5401 2508 5450 xxvut,
2535 5395 2664 5439 tom.
2693 5403 2764 5450 tv,
2795 5403 2842 5442 c.
2871 5390 2968 5445 501
2999 5408 3052 5444 Α.

2004 5455 2086 5527 (4)
2133 5455 2446 5529 Vidc_Epp.
2498 5465 2753 5529 xulem.
2806 5476 2878 5522 IV,
2913 5477 2962 5515 c.
3006 5462 3132 5524 275,
3175 5459 3240 5513 ad
3285 5459 3514 5529 plebem,

1930 5535 1972 5581 ι.
2017 5526 2087 5592 tv,
2115 5542 2163 5580 c.
2196 5526 2343 5588 256;
2379 5543 2501 5592 XIII,
2532 5528 2600 5580 ad
2638 5528 2839 5583 Clerum
2880 5548 3051 5595 suum,
3085 5543 3122 5583 t.
3178 5547 3249 5595 tv,
3286 5526 3344 5586 'c.
3377 5533 3514 5596 260;

1928 5614 2049 5660 XIX,
2082 5599 2150 5650 ad
2189 5597 2529 5671 Cltaltlonittnt
2552 5641 2565 5664 ,
2611 5616 2793 5660 xxvm,
2825 5604 2892 5654 (ιιι
2923 5601 3155 5671 Presbyt.
3188 5614 3232 5655 ct
3275 5602 3515 5669 Diacou.,

1931 5679 2167 5792 ιοιρόἐν,
2210 5683 2260 5722 c.
2307 5668 2444 5735 500;
2495 5687 2656 5735 XXXI,
2687 5671 2821 5725 Cleri
2870 5668 3098 5727 Romani
3129 5675 3197 5727 att
3243 5668 3514 5744 Cyprian.,

1931 5755 2031 5792 c.a
2117 5779 2127 5792 .

1929 5755 1979 5795 c.
2005 5741 2127 5794 507.

2025 5810 2079 5884 5)
2110 5809 2386 5884 Cyprian.,
2411 5813 2510 5884 Ep.
2546 5830 2666 5877 Lxx,
2704 5824 2742 5869 t.
2776 5830 2848 5880 Ill,
2885 5829 2932 5870 c.
2970 5813 3104 5870 1050
3131 5833 3183 5870 Α.

2026 5881 2082 5949 2)
2115 5881 2383 5947 Ezechiel,
2411 5881 2591 5949 xixvr,
2622 5885 2711 5940 “23.
