3876 6282
410 356 501 403 ιιι
1855 338 2237 405 ΡΒΑΞΈἎΤΙΟ.
2604 392 2617 403 .
3629 366 3704 408 xx

411 463 543 518 dunt
562 459 806 517 Caecilius
826 459 894 543 de
916 461 1075 530 Bilta,
1096 471 1225 518 tom.
1250 477 1323 533 ιιι,
1342 461 1454 543 col.
1473 460 1635 541 test;
1658 459 2002 518 Crescentius

410 556 479 613 de
508 556 651 612 Cirta
681 555 785 611 col.
819 542 978 622 1058,
1032 555 1282 611 editionis
1310 552 1672 619 Oxoniensis;
1723 563 1779 609 et
1807 553 2004 609 Lucius

412 648 482 707 de
510 648 802 713 Thebeste,
831 649 922 723 qui
951 663 1139 704 omnes
1167 648 1235 704 de
1265 646 1365 702 hac
1397 650 1546 719 praxi
1573 655 1857 702 testantur.
1892 647 2004 703 Mos

411 744 529 798 erat
556 739 758 812 pariter
794 741 1127 797 exorcismos
1154 739 1432 796 instituere
1462 750 1624 810 super
1653 754 1750 794 eos
1775 738 1863 810 qui
1902 738 2003 794 'ob-

410 833 548 890 sessi
572 828 729 889 erant
765 838 795 888 a
842 824 1138 900 daemoniis,
1169 831 1259 903 qui
1288 828 1515 904 adjurati
1562 828 1615 886 in
1646 832 1862 889 nomine
1892 831 2002 887 veri

411 916 507 988 Dei
533 932 727 988 cedere
754 928 1104 1001 cogebantur,
1133 936 1186 983 et
1215 920 1283 983 de
1316 920 1421 983 illis
1451 926 1773 998 corporibus
1799 926 2000 983 exiere.

418 1044 436 1077 ι
468 1024 531 1082 lli
559 1032 737 1082 tamen
758 1021 987 1092 adjurati
1009 1037 1108 1094 per
1131 1014 1295 1076 Deum
1317 1037 1501 1076 verum
1528 1038 1556 1074 a
1582 1021 1758 1089 nobis,
1792 1042 1809 1074 ι
1840 1023 2007 1089 inquit

412 1114 471 1179 S.
496 1120 798 1193 Cyprianus
814 1115 865 1170 in
885 1130 985 1170 suo
1004 1122 1233 1169 tractatu
1256 1115 1323 1169 de
1335 1108 1583 1170 Vanitate
1612 1113 1880 1168 [dolorum
1903 1115 2001 1188 (l),

419 1228 440 1263 ι
472 1208 648 1265 statim
677 1209 895 1271 cedunt,
922 1218 975 1262 et
998 1206 1065 1262 de
1108 1206 1346 1262 obsessis
1377 1207 1700 1278 corporibus
1734 1209 1883 1263 exire
1915 1223 2005 1263 co-

392 1296 630 1374 'guntur.
664 1292 858 1357 Videas
890 1299 1033 1367 illos,
1072 1316 1090 1351 ι
1125 1298 1474 1372 subjungitS.
1503 1300 1721 1363 Doctor,
1763 1317 1782 1351 ι
1824 1310 2005 1355 nostra

413 1407 565 1460 voce,
598 1401 651 1447 et
678 1392 994 1463 operatione
1044 1391 1339 1462 majestatis
1373 1384 1604 1458 occulta,
1634 1386 1815 1462 flagris
1847 1391 2003 1459 cardi,

415 1474 538 1559 igne
572 1485 793 1549 torreri;
816 1485 1149 1540 incremento
1177 1500 1348 1554 pinnae
1375 1487 1720 1558 propagantis
1761 1487 2001 1554 extendi,

414 1570 639 1652 ejulare,
662 1593 900 1650 gemere,
930 1576 1247 1648 deprecari;
1280 1580 1421 1635 unde
1445 1583 1683 1650 veniant,
1711 1591 1766 1636 et
1792 1580 2008 1649 quando

414 1662 719 1739 discedunt,
754 1671 885 1740 ipsis
931 1669 1136 1738 etiam,
1167 1671 1257 1742 qui
1305 1687 1363 1727 se
1410 1672 1594 1728 colunt
1640 1674 2004 1737 audientibus,

414 1754 692 1829 conﬁteri;
725 1774 781 1820 et
809 1756 890 1819 vel
917 1762 1171 1821 exsiliunt
1188 1766 1390 1833 statim,
1426 1766 1510 1821 vel
1534 1778 1861 1822 evanescunt
1881 1783 2005 1838 gra-

418 1846 611 1925 datim,
642 1867 803 1929 prout
850 1856 981 1913 [ldos
1024 1858 1276 1928 patientis
1311 1852 1558 1930 adjuvat,
1589 1869 1681 1915 aut
1709 1860 1880 1931 gratia
1918 1874 2003 1914 cu-

416 1940 587 2004 rantis
625 1950 848 2021 aspirat.
889 1968 907 2002 ι
939 1946 1286 2005 Habehantur
1329 1946 1489 2021 igitur
1522 1948 1751 2021 duplicis
1796 1948 2009 2022 generis

416 2032 740 2108 exorcismi;
776 2040 827 2095 hi
863 2034 1082 2115 quidem
1121 2055 1284 2112 super
1320 2057 1415 2098 eos
1448 2043 1537 2114 qui
1568 2044 2011 2116 prmparabantur

420 2130 729 2206 Baptismo,
772 2128 850 2189 illi
883 2149 1013 2191 vero
1059 2150 1222 2207 super
1272 2148 1691 2206 energumenos.
1742 2134 1909 2191 Primi
1955 2137 2008 2192 in

421 2225 652 2283 ecclesia
685 2224 1100 2299 peragebantur,
1143 2242 1327 2283 coram
1359 2220 1645 2296 fidelibus;
1686 2226 1878 2301 reliqui
1909 2224 2007 2285 ibi-

421 2310 544 2375 dem
565 2318 924 2375 communiter
944 2334 1051 2375 non
1075 2319 1487 2392 peragebantur,
1505 2314 1650 2393 quia,
1672 2331 1728 2375 ut
1749 2314 2002 2391 vidimus,

417 2411 619 2469 etlmiei
665 2413 986 2486 quandoque
1034 2412 1133 2486 ipsi
1180 2413 1427 2472 aderant.
1473 2414 1763 2471 Exorcisttc
1802 2408 2004 2486 itaque,

416 2506 669 2577 quoniam
689 2507 767 2562 sic
792 2522 928 2579 opus
953 2518 1100 2575 erat,
1138 2507 1205 2563 ad
1230 2508 1348 2564 illos
1370 2506 1671 2580 migrabant
1698 2504 1789 2582 qui
1816 2523 2007 2565 eorum

417 2592 728 2671 indigebant
754 2598 1072 2656 ministerio.

488 2684 553 2747 ν.
584 2686 806 2764 Signum
827 2692 991 2747 crucis
1021 2693 1074 2747 in
1092 2696 1260 2763 fronte
1280 2708 1454 2748 eorum
1472 2692 1559 2765 qui
1576 2688 2009 2749 abluebantur.—

418 2770 642 2857 Signum
671 2782 850 2840 crucis
877 2782 930 2839 in
961 2780 1137 2840 fronte
1163 2799 1349 2841 eorum
1378 2778 1468 2857 qui
1498 2776 1860 2856 tingebantur,
1889 2782 2005 2841 erat

417 2868 522 2931 alia
562 2875 885 2931 cmremonia
926 2866 1166 2934 adhibita
1206 2875 1257 2929 in
1300 2873 1590 2932 collatione
1616 2866 1897 2946 Baptismi.
1935 2872 2009 2935 De

417 2962 519 3023 hac
574 2968 724 3038 praxi
781 2965 1147 3023 testimonium
1216 2960 1465 3038 perhibet
1521 2964 2007 3024 luculentissimum

416 3069 635 3117 sanctus
666 3059 965 3132 Cyprianus
997 3059 1057 3113 ιο
1090 3054 1143 3115 in
1174 3076 1272 3115 suo
1303 3068 1534 3115 tractatu
1566 3061 1632 3116 de
1664 3054 1853 3130 Lapsis
1888 3077 1900 3115 :
1936 3054 2009 3114 ibi

417 3154 684 3226 siquidem
725 3154 793 3210 de
834 3155 942 3210 illis
971 3154 1136 3209 verba
1165 3154 1369 3210 faciens
1405 3154 1493 3224 qui
1530 3155 1579 3208 in
1631 3153 2010 3223 persecutione

419 3249 763 3304 confessores
789 3247 1125 3315 exstiterant,
1151 3248 1227 3301 ait
1259 3246 1463 3307 frontes
1492 3245 1672 3303 crucis
1697 3247 2010 3317 signo-cou-

419 3352 677 3396 secratas.
712 3357 729 3392 ι
760 3332 935 3395 Frons
975 3355 1097 3393 cum
1128 3330 1284 3408 signo
1321 3336 1411 3392 Dei
1444 3353 1595 3407 pura,
1623 3324 1822 3392 diaboli
1852 3351 2011 3392 coro-

418 3448 540 3489 nam
588 3431 729 3491 ferre
756 3449 863 3490 non
910 3433 1115 3505 potuit,
1163 3446 1381 3491 corona:
1424 3433 1635 3491 Domini
1674 3447 1732 3489 se
1767 3447 2010 3489 reserva-

417 3512 495 3583 vit
516 3520 619 3597 (2).
642 3544 661 3577 ι
687 3524 750 3585 2°
772 3524 829 3581 1n
852 3532 1081 3583 tractatu
1109 3525 1178 3583 de
1201 3524 1417 3583 Uuitate
1447 3524 1706 3581 Ecclesiae
1732 3524 2007 3581 disserens

415 3615 484 3673 de
512 3615 661 3685 Ozia,
685 3618 774 3689 qui
802 3608 970 3689 lepra:
994 3618 1251 3677 varietate
1282 3619 1336 3675 in
1367 3618 1544 3675 fronte
1573 3619 1877 3675 maculatus
1901 3628 2004 3688 est,

416 3708 580 3770 tradit
605 3706 742 3767 hanc
766 3725 887 3766 esse
916 3725 1033 3769 eam
1057 3710 1306 3781 corporis
1333 3720 1540 3779 partem
1563 3750 1577 3774 ,
1608 3709 1697 3765 ubi
1730 3709 2009 3782 signantur

417 3802 506 3873 qui
534 3800 794 3873 Baptismi
823 3817 960 3874 aqua
1004 3802 1295 3859 abluuntur
1337 3818 1351 3857 :
1390 3820 1408 3856 ι
1449 3799 1553 3856 Ubi
1580 3801 1885 3872 signantur,
1915 3802 2007 3872 qui

419 3894 706 3952 Dominum
732 3902 1111 3966 promerentur
1142 3893 1242 3968 (5).
1282 3913 1301 3948 ι
1333 3894 1395 3949 50
1419 3892 1476 3950 In
1505 3903 1733 3950 tractatu
1751 3892 2007 3950 adversus

418 3988 821 4048 Demetrianum
852 3990 1193 4060 apertissime
1220 4004 1341 4045 cum
1367 3980 1648 4045 Ezechiele
1681 3987 1759 4061 (4)
1788 3988 2003 4053 asserit,

418 4079 562 4152 quod
590 4079 625 4136 ii
676 4081 778 4141 soli
810 4072 943 4137 salvi
972 4091 1131 4138 erunt
1181 4082 1272 4153 qui
1308 4081 1483 4139 renati
1533 4088 1588 4136 et
1629 4081 1787 4151 signo
1811 4076 2008 4137 Christi

417 4176 610 4247 signati
633 4175 830 4233 fuerint
860 4176 966 4250 (5).
1002 4193 1020 4228 ι

489 4268 579 4325 VI.
615 4261 844 4327 Edito’ris
881 4266 1187 4325 Oxoniensis
1230 4279 1351 4327 nota
1396 4268 1492 4325 hac
1525 4284 1678 4337 super
1717 4284 1772 4323 re
1809 4266 2009 4340 refelli-

418 4371 520 4419 tur.
553 4393 623 4404 —
648 4362 1061 4419 Observavimus
1101 4361 1211 4433 jam
1257 4361 1310 4419 in
1366 4361 1734 4431 superioribus
1756 4361 1914 4417 tomis
1944 4377 2013 4419 ex

418 4454 693 4517 nonnullis
719 4455 984 4517 Patribus,
1000 4440 1417 4527 praecipue'vero
1441 4468 1505 4511 ex
1525 4450 1879 4518 Tertulliauo,
1898 4455 2006 4523 sig-

418 4561 546 4601 num
577 4545 751 4602 erucis
772 4546 912 4616 apud
929 4555 1143 4600 veteres
1165 4544 1352 4601 ﬁdeles
1377 4543 1815 4616 frequentissimo
1836 4547 1888 4601 in
1914 4561 2012 4601 usu

419 4638 603 4697 fuisse.
635 4636 958 4699 Oxoniensis
988 4630 1103 4692 divi
1125 4635 1379 4710 Cypriani
1419 4637 1594 4697 editor
1620 4638 1850 4709 idipsum
1882 4639 2013 4693 fate-

421 4742 530 4801 tur,
560 4742 615 4795 et
644 4732 804 4789 tradit
828 4732 880 4793 in
907 4730 1139 4803 quadam
1166 4742 1291 4787 nota
1323 4732 1375 4788 in
1400 4747 1565 4791 unum
1592 4747 1657 4790 ex
1685 4748 1844 4802 supra
1872 4733 2013 4788 reci-

423 4826 545 4885 tatis
572 4824 630 4881 S.
667 4824 909 4885 Doctoris
939 4822 1305 4881 testimonium
1335 4842 1348 4882 :
1389 4843 1407 4877 ι
1428 4822 1545 4881 Non
1571 4834 1775 4883 tantum
1804 4826 1909 4900 (ii),
1934 4827 2014 4881 in—

421 4927 502 4974 ter
538 4916 795 4986 Baptismi
827 4916 1088 4974 solemnia
1110 4958 1126 4985 ,
1166 4916 1431 4977 frontibus
1471 4918 1647 4975 crucis
1667 4918 1877 4991 signum
1910 4920 2012 4975 im-

419 5006 727 5081 primebant
773 5004 1099 5077 Christiani,
1147 5007 1243 5065 sed
1285 5008 1355 5065 ad
1400 5024 1617 5067 omnem
1666 5026 2011 5083 progressum

520 5192 571 5264 t)
601 5191 885 5264 Cyprian..
935 5192 1028 5251 lib.
1076 5189 1139 5246 de
1184 5189 1384 5249 Idolor.
1443 5186 1695 5262 Vanitat.,
1744 5200 1875 5249 tom.
1929 5209 2016 5261 tv,

420 5279 469 5375 (ξ’
494 5266 879 5410 ῗὲἵέέριίειιιε,
910 5334 1001 5410 lib.
1022 5336 1093 5410 tte
1112 5332 1322 5410 Lapsis,
1347 5350 1397 5392 c.
1423 5326 1529 5392 466
1557 5342 1609 5391 t3.

437 5367 447 5375 α
494 5353 573 5410 (ι)
604 5353 879 5417 cyprum,
910 5353 1001 5392 ιιι).
1030 5353 1093 5391 ae
1116 5353 1322 5463 Lais“,
1347 5353 1397 5392 c.
1423 5353 1529 5392 eoo
1557 5353 1609 5391 Β.

520 5406 575 5478 5)
610 5406 898 5491 Ιαωπηὴιι.
933 5409 995 5464 de
1018 5404 1165 5500 (fuit.
1226 5408 1415 5475 ἐρισι,
1450 5416 1488 5461 ι.
1514 5423 1589 5475 tv,
1620 5419 1668 5461 c.
1698 5404 1874 5465 514A.

420 5497 435 5545 ἰ
906 5486 1178 5619 ,lxirttt’ctat.
1246 5550 1364 5622 adu.
1415 5544 1791 5622 Demetrium,
1831 5557 1868 5604 t.

420 5486 435 5545 i
496 5476 574 5551 (ᾧ)
614 5476 883 5544 Ezechiel,
912 5497 983 5551 lx,
1020 5485 1074 5538 6.

518 5488 552 5534 4
615 5488 883 5544 Ezecttiel,
912 5497 983 5551 ix,
1020 5488 1074 5538 6.

518 5488 574 5676 ᾖ
629 5551 922 5623 Cyprian.,
968 5561 1178 5610 tractat.
1246 5550 1364 5605 adu.
1415 5544 1772 5610 Demetrium,
1831 5557 1868 5604 t.
1934 5566 2015 5620 tv,

557 5622 625 5676 26
665 5639 726 5676 It:
758 5630 810 5676 et
866 5624 1249 5676 Testimonium.
1294 5621 1413 5676 lib..
1463 5636 1521 5676 ll.
1563 5635 1682 5676 can.
1726 5619 1821 5676 22.
1866 5630 1904 5676 ι.
1938 5639 2015 5676 IV.

421 5634 471 5747 (ἐ.
665 5619 726 5689 ii;
758 5630 810 5679 et
866 5624 1249 5692 Testimonior.,
1294 5621 1413 5689 lib.,
1463 5636 1521 5688 ιι,
1563 5635 1682 5691 cap.
1726 5619 1821 5690 22,
1866 5630 1904 5678 t.
1938 5639 2019 5692 tv,

467 5732 479 5744 .
644 5711 697 5750 Α.

419 5832 478 5895 Η
488 5761 573 5889 ι(6)
596 5764 741 5824 Edit.
763 5765 1073 5832 Bremensis
1092 5763 1252 5833 Joan.
1270 5762 1407 5822 Felli
1423 5759 1595 5819 Oxon.
1612 5763 1879 5839 episcop,
1896 5778 2019 5837 pag.

2113 470 2271 533 atque
2298 470 2631 535 promotum,
2665 462 2729 520 ad
2757 478 2969 523 omnem
3014 464 3216 523 aditum
3265 474 3316 521 et
3354 465 3583 534 exitum,
3632 469 3700 526 ad

2116 555 2364 609 vestitum
2406 565 2458 610 et
2489 555 2784 610 calceatum
2805 596 2819 621 ,
2852 552 2917 610 ad
2947 550 3179 621 lavacra,
3212 556 3280 611 ad
3328 573 3543 614 mensas
3567 599 3581 625 ,
3633 561 3702 615 ad

2113 646 2316 712 limina,
2347 646 2411 701 ad
2441 646 2653 711 cubilia,
2683 647 2749 702 ad
2796 648 3004 714 sedilia,
3030 661 3369 719 quacumque
3406 649 3529 703 illos
3565 665 3702 705 cou-

2111 734 2344 794 versatio
2374 746 2608 806 exercet,
2641 736 2871 794 frontem
2899 739 3090 796 Crucis
3106 740 3380 812 signaculo
3399 740 3697 799 terebantu

2114 831 2313 887 Verum
2342 831 2523 886 subdit
2553 832 2836 902 episcopus
2868 834 2967 888 iste
2987 876 3000 899 ,
3030 835 3120 903 qui
3157 835 3295 890 inter
3334 835 3705 894 Protestantes

2112 923 2254 980 haud
2278 926 2524 980 ultimum
2557 927 2733 981 locum
2764 927 2944 994 habet,
2978 928 3120 998 quod
3151 929 3384 984 nondum
3409 931 3587 986 cultus
3617 949 3705 988 re-

2112 1016 2332 1087 ligiosus
2368 1018 2723 1086 praestabatur
2756 1016 2917 1075 Cruci
2947 1038 2959 1074 :
2998 1038 3017 1072 ι
3051 1020 3463 1076 [uterimcultus
3493 1025 3710 1095 religio.

2111 1126 2205 1168 sus
2224 1111 2437 1165 aberat:
2462 1130 2481 1165 ι
2505 1112 2747 1183 hancque
2771 1113 3057 1168 falsitatem
3080 1124 3132 1169 ut
3155 1116 3493 1187 comprobet,
3518 1132 3710 1187 quem-

2112 1203 2236 1260 dam
2259 1204 2463 1275 profert
2491 1215 2701 1261 textum
2742 1206 2958 1261 Minucii
2996 1208 3034 1262 Ρ
3040 1208 3211 1271 elicis,
3240 1210 3290 1262 in
3319 1223 3425 1278 quo
3452 1209 3711 1267 Octavius

2113 1297 2363 1352 observat
2401 1309 2452 1353 et
2497 1300 2691 1354 asserit
2730 1297 3063 1354 Christianos
3104 1317 3441 1371 nequaquam
3480 1303 3714 1361 adorare

2113 1389 2338 1445 Crucem
2381 1411 2393 1446 :
2433 1411 2452 1443 ι
2481 1390 2683 1447 Cruces
2723 1409 2825 1447 nec
2869 1393 3116 1449 colimus.
3156 1414 3175 1447 ι
3210 1396 3380 1462 Quem
3423 1411 3554 1451 sane
3589 1406 3714 1452 tex-

2114 1493 2225 1537 tum
2256 1498 2355 1538 suo
2385 1485 2505 1539 loco
2549 1484 2741 1553 protuli
2774 1496 2827 1540 et
2860 1486 3155 1555 explicavi,
3199 1487 3412 1557 illicque
3449 1489 3714 1545 lectorem

2113 1578 2331 1630 remitto
2362 1575 2459 1647 (l).
2499 1575 2673 1631 Unum
2698 1576 3043 1632 solummodo
3075 1577 3161 1633 hic
3186 1578 3413 1645 addam,
3446 1596 3604 1635 usum
3635 1582 3716 1636 vi-

2113 1664 2312 1721 delicet
2336 1665 2562 1736 alicujus
2595 1667 2670 1721 rei
2705 1667 2758 1719 in
2786 1683 3126 1738 quocumque
3157 1669 3433 1739 religionis
3457 1682 3580 1730 actu
3612 1674 3718 1743 sig-

2112 1774 2241 1814 num
2272 1773 2413 1824 esse,
2443 1774 2550 1831 quo
2572 1759 2746 1829 majus
2774 1776 2878 1814 nou
2910 1760 3070 1815 datur
3095 1761 3238 1816 aliud
3270 1762 3507 1833 religiosi
3537 1766 3718 1822 cultus

2114 1868 2238 1923 erga
2263 1869 2375 1908 rem
2403 1853 2671 1910 eamdem.
2694 1853 2793 1910 Ast
2812 1854 3137 1910 Oxouieosis
3157 1856 3447 1926 episcopus
3464 1899 3479 1923 ,
3498 1858 3718 1915 Tertul-

2115 1944 2241 1999 liani
2274 1947 2596 2001 auctoritate
2627 1957 2867 2011 coaetus,
2910 1946 3126 2021 fatetur,
3153 1942 3494 2006 Christianos
3525 1953 3719 2021 primis

2116 2037 2378 2095 Ecclesiae
2399 2038 2612 2093 saeculis
2638 2039 2689 2092 id
2718 2040 3020 2109 peregisse:
3040 2036 3304 2095 Catholici
3324 2054 3453 2111 ergo
3468 2042 3519 2095 in
3542 2044 3717 2112 cultu,

2114 2146 2275 2200 quem
2308 2141 2568 2200 praastant
2594 2131 2781 2197 Cruci,
2815 2131 3096 2186 beatorum
3144 2132 3358 2188 illorum
3408 2144 3717 2205 temporum

2111 2222 2323 2295 praxim
2351 2223 2511 2277 hodie
2533 2234 2850 2294 sequuntur.

2188 2313 2298 2370 Vll.
2342 2314 2438 2369 Sal
2473 2316 2523 2369 in
2559 2332 2645 2369 ore
2677 2331 2851 2368 eorum
2884 2316 2969 2387 qui
2999 2314 3411 2387 baptizabantur.
3436 2349 3506 2361 -—-
3534 2319 3717 2376 Caere-

2116 2410 2416 2463 moniarum
2462 2408 2717 2477 Baptismi
2763 2425 2864 2464 una
2911 2412 3116 2483 pariter
3143 2420 3246 2479 est,
3277 2412 3418 2484 quod
3451 2414 3531 2468 sal
3558 2415 3716 2483 poni-

2115 2504 2206 2556 tur
2248 2502 2299 2555 in
2331 2515 2445 2567 ore,
2481 2510 2573 2555 aut
2602 2496 2765 2571 super
2809 2502 2988 2571 lingua
3045 2502 3187 2558 illius
3226 2504 3315 2574 qui
3362 2504 3714 2576 baptizatur;

2114 2594 2350 2666 dumque
2378 2594 2429 2649 id
2454 2597 2659 2667 peragit
2695 2596 2941 2652 minister
2974 2595 3088 2652 haec
3114 2596 3318 2668 profert
3338 2600 3499 2654 verba
3529 2618 3541 2655 :
3570 2601 3715 2657 «Ac-

2114 2691 2235 2761 cipe
2265 2689 2435 2746 salem
2462 2690 2761 2760 sapientiae,
2794 2699 2898 2747 etc.
2927 2707 2947 2743 ι
2998 2689 3111 2762 Ego
3150 2700 3329 2745 autem
3360 2706 3506 2760 reor,
3537 2694 3718 2763 inquit

2116 2784 2185 2841 cl.
2221 2783 2529 2840 Bernardus
2557 2782 2844 2849 Marecball
2868 2791 3051 2839 noster
3075 2782 3175 2856 (ἓ),
3217 2783 3355 2840 hanc
3383 2785 3585 2855 praxim
3617 2786 3719 2841 de-

2116 2875 2316 2944 signari
2348 2876 2398 2930 in
2428 2874 2783 2931 celeberrimo
2806 2874 3035 2929 concilio
3054 2874 3484 2947 Carthaginensi,
3506 2875 3573 2931 de
3600 2892 3719 2945 quo

2116 2967 2365 3035 superius
2397 2965 2559 3021 verba
2595 2965 2725 3033 feci;
2759 2967 2809 3021 in
2840 2981 2906 3022 eo
2935 2967 3201 3038 siquidem
3243 2967 3441 3023 Lucius
3485 2964 3555 3022 de
3580 2966 3717 3024 Cas-

2118 3058 2395 3128 trogalba,
2424 3068 2482 3114 ut
2511 3058 2701 3130 probet
2728 3058 3105 3115 scliismaticos
3137 3059 3369 3131 legitime
3398 3074 3506 3119 non
3536 3059 3717 3130 bapti-

2115 3167 2261 3221 zare,
2284 3166 2377 3205 eos
2404 3149 2477 3206 ait
2503 3168 2608 3205 non
2646 3165 2803 3222 posse
2832 3151 2961 3207 dare
2984 3152 3151 3207 salem
3181 3151 3459 3222 sapientia:
3490 3152 3716 3222 spirita-

2117 3244 2184 3303 lis
2212 3263 2224 3298 :
2266 3262 2284 3295 ι
2313 3243 2697 3301 Scltismaticos
2729 3261 2833 3299 non
2868 3258 3027 3315 posse
3051 3244 3272 3299 condire
3312 3244 3573 3316 sapientia
3603 3246 3717 3315 spi-

2116 3332 2293 3394 rituali
2322 3381 2337 3405 ,
2386 3355 2505 3394 cum
2549 3341 2648 3410 ipsi
2675 3342 2742 3396 ab
2770 3341 3009 3396 Ecclesia
3052 3341 3366 3399 recedentes
3394 3341 3714 3399 iufatuati...

2119 3432 2242 3487 facti
2273 3433 2381 3488 sint
2408 3431 2489 3505 (5)
2518 3452 2535 3485 ι
2562 3432 2768 3501 Quibus
2793 3449 2922 3488 sane
2950 3420 3126 3488 verbis
3168 3434 3474 3503 respexisse
3502 3435 3719 3491 videtur

2130 3533 2239 3578 tum
2262 3524 2636 3579 casremoniam
2661 3525 2730 3579 de
2747 3540 2850 3594 qua
2878 3539 3056 3579 sermo
3083 3536 3187 3593 est,
3219 3534 3329 3579 tum
3361 3525 3475 3581 haec
3503 3527 3670 3582 verba
3702 3546 3713 3582 :

2134 3636 2152 3670 ι
2182 3618 2379 3688 Accipe
2406 3620 2574 3676 salem
2604 3619 2900 3687 sapientim.
2940 3638 2958 3670 ι

2190 3710 2325 3766 νιιι.
2355 3712 2788 3783 Interrogationes
2829 3713 2881 3766 in
2913 3711 3199 3782 Baptismo.
3243 3738 3313 3755 -ι-
3339 3716 3380 3767 Α
3424 3715 3720 3785 neopliytis

2115 3810 2424 3882 priusquam
2455 3809 2504 3862 in
2542 3822 2678 3879 aqua
2710 3806 3187 3879 immergercntur,
3221 3806 3597 3882 lnquircbatur
3628 3812 3717 3867 in-

2118 3896 2199 3958 ter
2220 3910 2437 3969 cietera,
2469 3917 2593 3957 num
2621 3900 2905 3957 crederent
2935 3902 3096 3956 vitam
3127 3913 3406 3973 :eternam,
3440 3915 3496 3961 et
3524 3907 3721 3962 remis.

2116 3994 2326 4051 sionem
2357 4002 2699 4063 peccatorum
2730 4010 2824 4063 per
2850 4004 3090 4049 sanctam
3125 3992 3447 4049 Ecclesium.
3480 3997 3601 4066 Ipse
3632 3998 3725 4052 tli-

2117 4098 2216 4142 vus
2236 4086 2534 4160 Cyprianus
2556 4086 3036 4142 luculentissimum
3060 4088 3126 4144 de
3148 4088 3245 4143 hac
3266 4103 3326 4143 re
3346 4090 3721 4146 testimonium

2120 4179 2367 4253 perhibet
2395 4178 2632 4251 Epistola
2664 4195 2810 4243 Lux,
2828 4181 3133 4251 energicam
3155 4179 3388 4251 prtefata:
3407 4181 3721 4250 interroga-

2123 4271 2283 4327 tionis
2321 4272 2427 4327 vim
2473 4262 2738 4328 adhibens
2766 4310 2781 4337 ,
2830 4284 2886 4327 ut
2936 4271 3187 4326 ostendat
3231 4272 3721 4342 interrogationem

2121 4369 2262 4425 hanc
2285 4384 2389 4423 non
2408 4383 2567 4440 posse
2591 4367 2661 4423 ab
2682 4367 2786 4423 illis
2822 4365 2935 4421 fieri
2972 4366 3063 4436 qui
3095 4366 3163 4422 ab
3187 4365 3444 4422 Ecclesia!
3470 4382 3723 4423 commu-

2123 4462 2285 4517 nione
2314 4470 2438 4515 sunt
2462 4460 2693 4532 separati
2720 4477 2731 4512 :
2756 4477 2774 4511 ι
2805 4458 2937 4513 Nam
2960 4472 3083 4514 cum
3098 4457 3283 4514 dicunt
3307 4472 3326 4511 ι
3357 4458 3439 4531 (S.
3460 4455 3721 4531 Cypriani

2124 4553 2389 4625 ipsissima
2418 4561 2544 4608 sunt
2573 4552 2757 4618 verba,
2788 4552 2877 4622 qui
2905 4550 2974 4607 de
3014 4550 3281 4608 haereticis
3310 4562 3367 4607 et
3405 4551 3722 4608 schismati-

2121 4648 2200 4703 cis
2234 4645 2493 4717 loquitur)
2526 4662 2538 4700 :
2571 4664 2589 4699 t
2622 4643 2813 4701 Credis
2855 4645 3228 4700 remissionem
3271 4652 3614 4714 peccatorum
3667 4652 3725 4700 et

2123 4741 2287 4796 vitam
2314 4747 2572 4794 teternam
2620 4752 2717 4811 per
2746 4745 2985 4794 sanctam
3022 4734 3353 4793 Ecclesiam?
3384 4738 3725 4791 mentiuntur

2122 4824 2178 4891 in
2196 4832 2636 4904 interrogatione,
2656 4829 2871 4903 quando
2889 4847 2996 4886 non
3013 4829 3243 4885 habeant
3260 4826 3554 4884 Ecclesiam
3576 4828 3682 4901 (4).
3695 4848 3715 4883 ι

2124 4924 2295 4997 Hujus
2316 4925 2556 4996 ejusdem
2584 4914 2990 4981 consuetudinis
3004 4922 3129 4976 alibi
3156 4916 3397 4975 meminit
3429 4920 3577 4975 hisce
3600 4936 3723 4976 ver-

2084 5092 2091 5097 ‘
2123 5017 2246 5075 bis:
2284 5034 2303 5070 ι
2340 5016 2456 5086 Ipsa
2486 5016 2831 5087 interrogatio
2859 5028 2978 5085 quae
3017 5012 3076 5067 fit
3110 5012 3164 5066 in
3210 5010 3522 5085 Baptismo,
3566 5014 3723 5069 teSIis

2125 5119 2209 5165 est
2232 5108 2393 5181 hujus
2421 5109 2663 5165 veritatis
2692 5107 2858 5182 (quod
2898 5106 3011 5162 sola
3054 5102 3291 5161 Ecclesia
3330 5107 3556 5161 remittit
3591 5123 3722 5178 pec-

2124 5203 2303 5275 cata):
2331 5217 2475 5269 nam,
2504 5217 2626 5259 cum
2648 5201 2875 5257 dicimus
2900 5216 2912 5253 :
2936 5197 3126 5254 Credis
3154 5195 3209 5253 in
3234 5197 3400 5255 vitam
3416 5208 3677 5255 aeternam
3703 5240 3720 5269 ,

3554 5320 3559 5325 η
3606 5318 3613 5329 λ
3622 5316 3718 5333 ,εφη

3674 5358 3714 5375 ΦΑ

2199 5403 2275 5481 (l)
2399 5402 2653 5481 Lumper,
2673 5398 2953 5481 Historiam
2978 5392 3225 5481 Τίιςυζςς.
3255 5396 3429 5454 Critia.
3460 5407 3600 5470 part.
3621 5415 3720 5469 vti,

2126 5472 2266 5536 sect.
2294 5474 2351 5542 2,
2376 5472 2581 5546 cap.2,
2602 5484 2713 5546 rart_.
2741 5475 2793 5539 7,
2822 5487 2943 5546 pag.
2971 5472 3238 5546 ξξὸ-[ὃρ.

2202 5548 2307 5622 (ἓ)Δ
2324 5538 2631 5622 ΜειρρΙιιιἸΙ.
2662 5538 2926 5622 Concord.
2960 5538 3065 5597 SS.
3108 5539 3230 5595 PP.
3272 5549 3309 5596 t.
3343 5555 3401 5608 ιι,
3440 5556 3562 5613 pag.
3592 5540 3719 5611 liii,

2130 5617 2268 5677 edit.
2286 5618 2403 5674 Lat.
2438 5618 2625 5672 Venet.
2658 5617 2813 5672 t767.

2200 5690 2280 5819 (52;)
2312 5686 2491 5745 Concit
2517 5689 2816 5759 Lari/iugi".
2852 5702 2944 5752 vn,
2985 5698 3079 5746 seu
3111 5698 3167 5740 ιιι
3198 5683 3260 5740 de
3284 5681 3466 5756 Bapt.,
3486 5693 3527 5740 t.
3559 5700 3638 5753 ut,
3668 5699 3720 5741 c.

2297 5778 2350 5817 Β.

2129 5763 2269 5821 1058
2297 5778 2350 5817 Β.

2129 5898 2143 5909 ι
2204 5830 2281 5911 (4)
2311 5830 2569 5906 Cyprian.
2596 5831 2698 5905 Ep.
2724 5843 2871 5893 Lm.
