3876 6282
166 425 254 467 In
1606 402 1997 462 PBEFATIO.

168 530 221 580 et
245 516 628 578 remissionem
653 525 998 589 peccatorum
1024 518 1237 574 nonnisi
1282 518 1335 574 in
1359 518 1603 575 Ecclesia
1628 518 1785 589 dari,

170 613 314 688 apud
344 610 631 669 haereticos
660 619 841 669 autem
867 652 884 677 ,
926 610 1017 666 ubi
1065 610 1301 672 Ecclesia
1350 625 1461 666 non
1506 612 1613 676 sit,
1664 625 1772 667 non

174 725 342 784 posse
368 713 584 780 peccata
614 703 813 760 dimitti
842 703 969 776 (1)?
1006 722 1025 755 ι

250 804 346 861 1X.
380 800 762 857 Abrenuntiatio
784 797 994 865 uacula,
1012 798 1219 869 ejusque
1239 797 1433 852 deliciis
1460 813 1520 850 ac
1546 796 1768 867 pompis.

182 928 255 939 —-
281 888 412 949 Illud
460 891 664 962 pariter
695 888 1008 960 exigebatur
1033 902 1062 943 a
1088 887 1397 960 neophytis,
1430 898 1484 942 ut
1507 888 1776 943 abrenun-

183 992 373 1046 tiarent
409 982 661 1050 diabolo,
701 983 904 1038 mundo
943 983 1165 1054 ejusque
1205 983 1412 1038 deliciis
1443 998 1507 1038 ac
1542 984 1767 1055 pompis.

182 1083 441 1140 Probatur
472 1077 525 1133 id
559 1077 987 1132 luculentissima
1014 1075 1341 1141 auctoritate,
1358 1075 1466 1130 divi
1495 1076 1771 1147 Cypriani,

181 1175 345 1247 quiin
384 1178 621 1226 tractatu
650 1170 719 1224 de
752 1168 947 1224 Habitu
980 1168 1291 1239 Virginum,
1335 1167 1546 1224 divitias
1590 1170 1776 1224 mundi

178 1278 279 1322 tam
311 1260 744 1321 contemnendas
784 1276 904 1315 esse
948 1260 1150 1330 inquit,
1192 1275 1350 1330 quam
1397 1258 1626 1313 mundus
1664 1260 1776 1333 ipse

170 1359 539 1416 contemnitur
576 1354 780 1428 «(cujus
817 1353 1026 1424 pompis
1065 1362 1119 1408 et
1156 1352 1366 1407 deliciis
1388 1351 1498 1422 jam
1532 1361 1657 1406 tunc
1687 1368 1766 1407 re-

168 1449 541 1507 nuntiavintus
568 1446 703 1519 (2).»
742 1465 760 1497 ε
781 1446 992 1501 Saecula
1014 1465 1033 1497 ι
1070 1444 1237 1516 inquit
1268 1444 1374 1499 alio
1405 1445 1522 1500 loco
1541 1445 1622 1518 (ὅ)
1643 1464 1661 1496 (
1688 1461 1775 1500 re-

170 1545 644 1609 nuntiaret-amns,
676 1557 798 1597 cum
824 1540 1073 1609 baptizati
1096 1554 1300 1593 sumus.
1325 1558 1344 1590 ι
1374 1538 1440 1592 Ει
1463 1539 1514 1593 in
1548 1548 1776 1593 tractatu

176 1642 246 1699 de
274 1640 487 1711 Lapsis,
518 1634 781 1708 quosdam
813 1634 1144 1689 Christianos
1174 1644 1280 1688 tam
1310 1647 1592 1702 perversos
1620 1634 1775 1687 adin-

175 1747 375 1790 ventos
398 1730 562 1786 fuisse
593 1726 907 1793 admiratur,
936 1727 1025 1794 qui
1052 1725 1167 1779 ausi
1191 1725 1296 1780 sint
1326 1726 1637 1780 renuntiare
1651 1725 1777 1781 .Iesu

178 1825 404 1882 Christo
424 1868 437 1892 ,
466 1825 556 1895 qui
578 1824 682 1893 jam
711 1820 927 1876 diabolo
956 1828 1011 1875 et
1054 1820 1252 1876 saecqu
1294 1819 1541 1874 renuntia
1565 1826 1773 1873 verant.

184 1938 205 1971 r
240 1919 427 1982 Stare,
467 1934 485 1968 )
520 1914 686 1985 inquit
712 1919 931 1967 sanctus
961 1911 1158 1966 Doctor
1180 1909 1282 1981 (4),
1303 1918 1333 1961 1
1364 1907 1471 1963 illic
1493 1908 1662 1977 potuit
1684 1908 1779 1963 Dei

168 2027 441 2069 servus...
477 2020 531 2064 et
560 2007 873 2064 renuntiare
900 2004 1139 2071 Christo,
1174 2004 1265 2074 qui
1291 2003 1400 2072 jam
1430 2002 1648 2057 diabolo
1690 2017 1772 2057 re-

167 2106 517 2162 nuntiaverat
543 2111 601 2158 et
624 2101 846 2155 saeculo.
883 2119 902 2152 ›

242 2197 313 2252 Χ.
342 2195 644 2267 Baptismus
669 2192 887 2247 collatus
918 2207 1006 2254 per
1033 2189 1424 2244 immersionem.
1444 2218 1513 2228 -—
1537 2187 1594 2242 In
1628 2199 1780 2241 more

168 2286 411 2362 positum
432 2297 552 2344 erat
572 2287 761 2358 primis
785 2284 1042 2341 Ecclesiae
1066 2284 1297 2346 saeculis,
1321 2283 1442 2337 utin
1463 2295 1597 2352 aqua
1622 2281 1655 2334 ii
1680 2280 1780 2334 im-

171 2392 560 2455 mergercntur
581 2381 671 2451 qui
702 2379 1133 2450 baptizabantur,
1158 2375 1609 2447 quemadmodum
1633 2372 1776 2429 erui-

170 2486 260 2531 tur
286 2491 357 2531 ex
391 2472 634 2543 Epistola
649 2486 772 2527 ωαχ
787 2469 1181 2541 diviCypriani,
1196 2484 1316 2539 qua:
1335 2477 1417 2523 est
1437 2467 1503 2521 ad
1532 2465 1780 2536 Magnum

172 2568 283 2637 (5).
320 2556 525 2621 Nullibi
556 2573 737 2619 autem
776 2563 829 2617 in
861 2561 1230 2617 vetustissimo
1261 2559 1361 2614 hoc
1394 2560 1548 2614 Patre
1580 2557 1782 2614 mentio

178 2652 421 2716 occurrit
461 2657 622 2713 trium
673 2656 1116 2722 immersionum,
1159 2655 1258 2710 etsi
1302 2663 1453 2709 certo
1481 2653 1682 2707 certius
1713 2652 1784 2705 sit

177 2752 282 2807 has
310 2750 366 2806 in
396 2767 498 2805 usu
528 2747 714 2817 fuisse,
744 2759 799 2804 et
823 2760 950 2803 ante
972 2757 1026 2803 et
1058 2755 1174 2817 post
1201 2746 1345 2801 illius
1379 2755 1640 2814 tempora.
1679 2742 1782 2796 lla-

177 2844 375 2900 hemus
414 2840 517 2898 hac
545 2858 708 2912 super
747 2857 808 2896 re
850 2839 1082 2895 indubia:
1127 2830 1249 2894 tidei
1298 2838 1623 2904 testimonia,
1670 2834 1785 2891 Cle-

187 2948 426 2992 mentem
458 2922 878 2991 Alexandrinntn
899 2932 979 3004 (6)
996 2940 1051 2987 et
1068 2931 1457 2988 Tertullianum
1486 2928 1587 3002 (7).
1611 2928 1783 2997 Quin-

185 3028 531 3102 quagesimns
559 3028 743 3082 Canon
769 3020 1113 3094 Apostolicus
1148 3022 1364 3078 mandat
1393 3021 1647 3092 deinceps
1685 3022 1780 3076 de-

178 3119 513 3194 positionem
562 3114 833 3188 episc0pi,
879 3126 971 3171 aut
999 3116 1338 3188 presbyteri,
1381 3115 1470 3186 qui
1500 3131 1601 3169 una
1634 3112 1786 3170 adhi-

182 3213 299 3268 bita
339 3211 694 3267 immersionc
722 3208 1009 3268 utebantur
1047 3207 1147 3282 (8).
1187 3208 1340 3263 Nunc
1372 3208 1627 3279 temporis
1656 3221 1787 3263 vero

182 3307 465 3377 Baptisma
489 3304 766 3360 confertur
797 3296 1082 3357 infusioue.

258 3397 353 3453 XI.
388 3395 685 3467 Baptismus
732 3392 949 3450 collatus
992 3413 1082 3466 per
1128 3396 1442 3466 infusionem
1483 3402 1568 3447 aut
1614 3410 1790 3464 asper-

183 3492 405 3548 sionem.
436 3519 511 3530 --
550 3482 666 3543 Hoc
720 3488 880 3542 modo
938 3486 1069 3542 alias
1116 3488 1525 3558 baptizabantur
1560 3488 1744 3558 aegroti
1771 3526 1788 3555 ,

185 3600 327 3656 quos
362 3582 585 3653 quidem
618 3581 738 3636 ideo
768 3581 1112 3652 appellabant
1159 3581 1370 3635 clinicos
1400 3597 1420 3645 ;
1474 3581 1680 3651 absque
1725 3594 1791 3634 eo

128 3739 141 3749 ο
186 3670 337 3744 quod
381 3672 469 3733 vel
514 3673 847 3727 levissimum
888 3671 1123 3725 oriretur
1152 3669 1376 3726 dubium
1407 3670 1474 3726 de
1514 3671 1792 3725 validitate

188 3764 455 3835 Baptismi
510 3762 605 3818 tali
645 3773 802 3834 pacto
837 3762 1036 3818 collati.
1073 3765 1233 3817 Divus
1272 3760 1574 3836 Cyprianus
1596 3762 1663 3819 de
1689 3763 1793 3819 hoc

188 3857 478 3912 articulos
507 3855 700 3928 Magno
747 3857 1056 3923 consultus,
1101 3848 1391 3928 respondet
1430 3871 1524 3911 eos
1578 3859 1665 3925 qui
1717 3857 1794 3912 sic

188 3949 580 4021 haptizantur,
623 3948 718 4003 Dei
762 3949 984 4019 gratiam
1019 3949 1279 4018 recipere,
1312 3964 1417 4002 non
1440 3964 1597 4002 secus
1619 3963 1682 4002 ac
1705 3946 1796 4019 qui

189 4043 247 4098 in
284 4058 433 4114 aqua
456 4041 694 4097 immersi
727 4046 850 4096 sunt
881 4041 979 4113 (9).
1013 4040 1236 4109 Deinde,
1273 4040 1494 4112 prolatis
1524 4042 1796 4096 nonnullis

192 4139 602 4208 Scripturarum
638 4137 889 4202 oraculis,
925 4137 976 4190 in
1017 4136 1210 4207 quibus
1240 4149 1420 4190 sermo
1450 4134 1533 4189 est
1563 4133 1630 4189 de
1661 4135 1798 4188 iniu.

189 4232 358 4289 sione
404 4236 461 4286 et
502 4228 814 4299 aspersione
871 4243 1058 4300 aqua),
1113 4227 1385 4283 Concludit
1428 4228 1797 4298 aspersionem

191 4339 360 4397 aqua:
390 4326 562 4380 instar
586 4322 835 4379 salutaris
865 4321 1066 4377 Iavncri
1094 4321 1341 4376 obtinere
1366 4339 1379 4374 :
1413 4339 1432 4372 ι
1457 4310 1613 4377 Unde
1643 4334 1800 4395 appa-

192 4428 310 4482 ret,
337 4415 703 4486 aspersionem
735 4422 948 4484 quoque
980 4424 1133 4482 aqua:
1173 4413 1343 4468 instar
1373 4412 1621 4467 salutaris
1652 4406 1797 4466 obti-

196 4524 363 4566 nere.
394 4522 414 4560 ι
445 4508 608 4579 Cujus
644 4509 721 4562 rei
755 4508 935 4577 paucis
972 4505 1268 4576 intcrjcctis
1300 4506 1437 4561 hanc
1467 4502 1675 4578 profert
1710 4522 1798 4561 ra-

201 4604 438 4668 tionem,
468 4604 607 4675 quod
639 4602 845 4658 scilicet
876 4603 1065 4656 iterum
1095 4619 1199 4657 non
1232 4602 1678 4673 baptizabantur,
1710 4598 1801 4673 qui

196 4700 275 4755 ita
308 4696 522 4752 fuerant
547 4697 819 4768 baptizati;
848 4695 1149 4750 iterandum
1176 4694 1436 4766 siquidem
1459 4695 1648 4752 fuisset
1668 4692 1802 4766 Bap-

196 4791 389 4859 tisma,
415 4785 463 4844 si
489 4789 712 4843 dubium
743 4787 956 4858 aliquod
985 4796 1161 4843 ortum
1188 4784 1377 4841 fuisset
1403 4786 1470 4842 de
1495 4787 1638 4841 illius
1666 4787 1804 4858 Bap-

209 4884 356 4939 tismi
414 4881 717 4938 validitate.
776 4879 1050 4952 Improbat
1085 4880 1244 4936 etiam
1297 4881 1439 4951 quod
1487 4880 1802 4936 clinicorum

282 5043 365 5115 (i)
391 5042 647 5115 Cyprian.
678 5040 782 5111 Ep.
808 5056 938 5115 ur,
964 5050 1206 5115 tom._ttt,
1240 5056 1290 5098 c.
1320 5039 1462 5098 1040
1487 5056 1545 5096 Α.

283 5112 370 5185 (2)
399 5112 497 5181 ld.,
529 5122 761 5185 tractatu
789 5114 851 5167 de
880 5112 1075 5168 Habitu
1111 5112 1332 5185 Πτερίη..
1359 5122 1398 5167 ι.
1426 5126 1502 5178 IV,
1525 5126 1576 5167 c.
1613 5112 1721 5170 “6
1749 5129 1800 5169 ιι.

286 5184 366 5253 (5)
397 5187 500 5252 ld.,
532 5184 635 5253 Ep.
664 5192 915 5253 vn,tom.
941 5200 1016 5251 tv,
1045 5200 1095 5240 c.
1119 5184 1220 5241 241
1254 5202 1307 5240 Α.

286 5194 344 5246 l5
397 5194 500 5252 ld.,
532 5194 635 5253 Ep.
664 5200 756 5251 vn,
783 5194 915 5238 tom.
941 5200 1016 5251 tv,
1045 5200 1095 5240 c.
1119 5194 1220 5241 241
1254 5202 1307 5240 Α.

276 5194 366 5332 (4;
392 5257 470 5332 Id.
494 5257 612 5332 libr,
648 5255 711 5308 de
750 5252 955 5332 Lapsis,
992 5265 1029 5310 t.
1060 5272 1137 5324 tv,
1168 5272 1222 5332 c.
1245 5255 1349 5332 554
1390 5272 1423 5310 Α
1455 5265 1508 5332 et
1531 5270 1582 5312 ο.
1615 5254 1721 5312 467
1748 5273 1801 5332 Α.

196 5326 315 5387 διὰ
340 5326 428 5399 qui
448 5327 639 5382 mon
668 5329 984 5382 renuntiasse
1003 5344 1056 5382 se
1076 5329 1300 5385 meminit
1326 5369 1341 5392 ,
1387 5327 1586 5382 nullum
1631 5326 1803 5382 saeculi

190 5406 343 5457 diem
369 5402 528 5453 novit.

276 5468 364 5545 (5)
388 5470 496 5545 l_d.,
526 5470 799 5545 Ep_._1.xrx.
816 5539 829 5545 _
854 5476 869 5487 ‘

273 5536 362 5615 (6)
389 5536 906 5615 Clem._Alexandr.,
930 5539 1024 5594 lib.
1045 5556 1078 5594 v
1101 5540 1511 5615 Srromat,,__p_ag.
1541 5536 1807 5598 690.Vidc

198 5611 429 5683 Histor.
453 5613 674 5683 theolog.
702 5615 888 5679 critic.,
920 5621 1057 5683 part.
1084 5628 1138 5675 γ,
1176 5628 1295 5682 pag.
1329 5611 1451 5667 I55.

283 5684 371 5755 (Ἰ)
401 5678 741 5755 'l‘ertulltan.,
771 5684 886 5736 adv.
913 5678 1216 5751 Praxeaml,
1247 5678 1366 5753 cap.
1402 5682 1494 5738 26.
1528 5681 1646 5739 Vld.
1665 5678 1803 5739 Hist.

196 5753 331 5812 crit.
366 5753 590 5822 theolog.
616 5764 753 5825 part.
783 5770 851 5817 vr,
887 5771 1004 5825 pag.
1024 5756 1167 5825 A635.

306 5772 331 5806 η.
366 5772 590 5822 mcowg.
651 5772 753 5807 art.
783 5772 851 5817 vr,
887 5772 1004 5825 pag.
1040 5772 1100 5811 oo

306 5826 369 5897 8)
400 5827 579 5897 Conon
613 5772 840 5897 gpostol.
861 5842 961 5897 cap
973 5823 1100 5897 .726.

195 5940 213 5978 ί
281 5890 367 5978 (9)
398 5890 682 5971 Cyprianq
711 5890 812 5970 Ep.
845 5890 1216 5977 ad'Magnum.

3358 416 3467 474 xxii

1882 521 2101 579 nomine
2119 524 2476 594 appellentur,
2498 540 2561 581 ac
2591 527 3075 600 mandatillos'utij
3096 536 3255 587 veros
3276 528 3465 586 Chris-

1880 615 2053 671 tianos
2099 616 2521 673 considerandos
2564 632 2721 687 esse,
2753 621 2892 676 sicut
2931 630 2985 678 et
3011 631 3272 691 caeteros,
3308 630 3364 677 et
3411 623 3467 679 in

1879 707 2024 761 nulla
2064 724 2122 763 re
2144 725 2178 762 a
2206 710 2419 765 caeteris
2447 711 2694 767 ﬁdelibus
2718 714 3017 771 censendos
3046 726 3168 772 esse
3193 717 3457 772 diversos.

1879 797 2130 855 Fatcmur
2186 800 2554 870 nihilominus,
2612 804 2795 859 Roma:
2834 820 2864 860 a
2913 807 3181 863 clericatu.
3225 822 3320 863 eos
3370 794 3462 864 re;

1874 889 2047 961 jectos
2074 892 2258 961 fuisse,
2289 895 2378 966 qui
2402 896 2653 963 haptizati
2682 895 2895 952 fuerant
2915 912 3008 968 per
3029 899 3351 955 inlusionem
3380 901 3465 956 vel

1878 1000 1975 1056 per
1996 986 2394 1056 aspersionem;
2428 990 2530 1044 hoc
2560 988 2822 1060 siquidetn
2877 1006 3041 1045 unum
3082 1000 3164 1047 est
3210 1008 3278 1047 ex
3324 991 3466 1048 vitiis

1879 1076 2233 1132 ordinationis
2263 1078 2563 1145 Novatiani,
2588 1082 2729 1150 quod
2755 1078 3042 1138 Cornelius
3069 1083 3211 1152 Papa
3252 1083 3469 1141 adducit

1881 1166 1933 1221 in
1962 1181 2055 1221 sua
2091 1167 2328 1238 Epistola
2355 1166 2422 1225 ad
2450 1170 2672 1225 Fabium
2706 1173 3029 1243 Episcopum
3069 1171 3469 1231 Antiocttenum

1883 1259 1982 1335 (l).
2008 1262 2306 1319 Concilium
2328 1263 2525 1334 pariter
2549 1263 2986 1322 Neocaesariense
3022 1264 3102 1337 (Ξ)
3129 1282 3158 1320 a
3194 1268 3477 1339 presbyte-

1881 1368 1998 1412 ratu
2027 1356 2263 1411 excludit
2300 1356 2529 1425 clinicos,
2584 1373 2650 1412 eo
2682 1360 2801 1428 quia
2828 1360 2984 1427 juxta
3019 1369 3255 1415 mentem
3313 1360 3473 1429 hujus

1884 1449 2109 1506 Concilii
2133 1465 2321 1506 eorum
2351 1450 2484 1506 ﬁdes
2512 1466 2617 1506 non
2639 1462 2784 1508 esset
2812 1453 3134 1519 voluntaria,
3153 1452 3246 1508 sed
3274 1468 3304 1507 a
3329 1468 3476 1509 rnor-

1887 1540 1955 1597 tis
1996 1553 2141 1597 metu
2199 1543 2569 1613 perﬁceretur.
2622 1541 2888 1600 Caeterum
2951 1545 3342 1601 observandum
3390 1556 3477 1603 est

1884 1630 2153 1702 Baptistna
2203 1649 2296 1703 per
2337 1632 2662 1689 iut‘usiouem
2708 1635 2762 1689 in
2795 1635 2915 1691 solo
2963 1651 3092 1692 casu
3136 1637 3476 1694 necessitatis

1882 1724 2045 1804 fuisse
2073 1725 2348 1780 collatum.

1954 1818 2070 1874 XII.
2099 1816 2372 1875 Unctiones
2398 1818 2743 1889 Buptisnu‘.—
2764 1820 2891 1877 Post
2921 1822 3320 1877 immersionem
3337 1823 3473 1893 bap-

1885 1914 2076 1970 tizatus
2108 1914 2427 1983 angebatur.
2454 1933 2472 1965 ι
2503 1912 2640 1985 Ungi
2669 1930 2882 1984 quoque
2915 1930 3136 1970 necesse
3160 1924 3245 1970 est
3268 1931 3414 1983 eum,
3446 1935 3479 1969 »ν

1884 2008 2056 2078 inquit
2103 2009 2518 2081 episcopus(5),
2551 2026 2570 2061 ι
2624 2008 2715 2078 qui
2755 2008 3058 2079 baptizatus
3106 2008 3197 2074 sit,
3250 2017 3328 2076 ut,
3379 2024 3475 2067 ac-

1883 2107 2038 2171 cepto
2067 2098 2387 2166 chrismate,
2419 2098 2474 2155 id
2504 2109 2587 2156 est
2635 2100 2909 2167 unctione,
2945 2115 3066 2157 esse
3117 2109 3309 2156 unctus
3356 2100 3475 2169 Dei,

1883 2202 1937 2247 et
1964 2191 2162 2247 habere
2191 2190 2247 2246 in
2276 2205 2337 2246 se
2363 2192 2590 2263 gratiam
2621 2191 2823 2247 Christi
2847 2195 3037 2261 possit.
3070 2210 3091 2244 ι
3124 2190 3483 2249 Consecratio

1885 2282 2045 2353 hujus
2071 2274 2378 2338 chrismatis
2422 2282 2777 2353 peragebatur
2820 2297 2983 2353 super
3021 2282 3191 2339 altare
3229 2300 3323 2354 per
3350 2299 3491 2355 gra-.

1884 2380 2077 2433 tiarutn
2133 2377 2375 2433 actiones
2425 2394 2437 2430 :
2486 2395 2507 2430 ι
2544 2376 2712 2432 Porro
2748 2387 2929 2432 autem
2970 2376 3310 2432 Eucharistia
3351 2386 3474 2446 est,

1886 2471 2028 2526 unde
2064 2469 2319 2539 baptizati
2361 2480 2632 2538 unguntur
2655 2512 2668 2532 ,
2698 2469 2875 2524 oleum
2906 2468 2961 2523 in
2991 2469 3141 2523 altari
3175 2467 3479 2524 sanctiﬁca-

1886 2572 1996 2621 tum
2019 2561 2122 2636 (4).
2149 2580 2168 2615 ι
2205 2563 2383 2618 Prima
2415 2562 2637 2632 hujusce
2664 2562 2924 2633 postremi
2959 2569 3134 2617 textus
3155 2562 3315 2617 verba
3344 2568 3479 2616 non-

1884 2656 2023 2712 nihil
2046 2656 2313 2726 implicata
2336 2655 2605 2710 videntur.
2634 2654 2885 2710 Sentium
2913 2655 3129 2725 quidem
3156 2652 3476 2709 vocabulum

1888 2748 1992 2805 hoe
2021 2748 2347 2804 Eucharistia
2381 2748 2701 2804 sumendum
2740 2762 2862 2803 esse
2894 2750 2947 2805 in
2981 2749 3198 2818 proprio
3227 2764 3326 2804 suo
3355 2763 3482 2803 sen-

1888 2856 1974 2908 su,
2007 2841 2259 2896 videlicet
2277 2856 2372 2911 pro
2399 2840 2748 2897 Sacramento
2764 2839 2983 2903 altaris;
3020 2838 3161 2893 unde
3184 2838 3481 2908 conjiciunt

1890 2934 1945 2991 in
1968 2934 2184 3004 antiqua
2215 2932 2459 2989 Ecclesia
2493 2948 2614 2987 cum
2656 2932 2932 3002 Bnptismo
2957 2931 3209 2986 collatam
3234 2931 3402 2986 fuisse
3427 2939 3482 2987 et

1891 3025 2282 3081 Eucharistiam
2323 3025 2432 3079 illic
2462 3021 2580 3095 (5).;
2631 3023 2719 3077 alii
2761 3036 2888 3078 vero
2929 3032 3143 3077 tuentur
3185 3023 3481 3093 gratiarum

1890 3117 2158 3173 actionem
2190 3115 2562 3170 tantummodo
2589 3116 2675 3170 illa
2705 3126 2835 3169 voce
2872 3106 3180 3184 signiﬁcari.

1962 3212 2100 3268 XIII.
2129 3212 2373 3266 Osculum
2392 3225 2566 3266 recens
2582 3209 2851 3281 baptizatus
2881 3210 3074 3263 datum.
3105 3234 3176 3248 -ι-
3213 3207 3484 3264 Habemus

1892 3324 1959 3370 ex
1985 3308 2211 3378 epistola
2242 3309 2349 3362 divi
2374 3306 2623 3380 Cypriani
2652 3306 2716 3360 ad
2746 3305 2935 3362 Fidum
2965 3347 2978 3369 ,
3023 3303 3278 3377 Baptismi
3305 3305 3488 3360 minis-

1895 3411 2035 3457 trum
2090 3401 2441 3457 consuevisse
2489 3401 2619 3454 dare
2673 3400 2913 3454 osculum
2966 3402 3151 3455 recens
3198 3397 3486 3469 baptizato.

1895 3494 2267 3551 Contendebat
2295 3492 2457 3548 Fidus
2492 3492 2631 3563 quod
2658 3533 2674 3559 ,
2714 3506 2835 3547 cum
2873 3492 3152 3561 vestigium
3182 3492 3399 3546 iut‘autls
3435 3491 3489 3547 in

1897 3587 2085 3656 primis
2138 3594 2319 3655 partus
2368 3584 2448 3639 sui
2503 3585 2691 3638 diebus
2743 3583 3021 3640 constituti
3069 3582 3329 3639 mundum
3383 3600 3489 3640 non

1897 3686 2071 3741 esset,
2108 3677 2330 3732 horrere
2356 3675 2587 3731 debebat
2617 3676 2982 3746 unusquisque
3010 3690 3132 3729 eum
3163 3675 3489 3742 exosculari,

1899 3768 2142 3838 adeoque
2172 3767 2315 3838 quod
2347 3776 2514 3838 gratia
2546 3768 2881 3837 haptismalis
2914 3767 3090 3823 eidem
3122 3767 3354 3822 conferri
3388 3782 3492 3823 non

1901 3871 2130 3931 poterat.
2185 3860 2405 3926 Verum,
2439 3861 2729 3930 respondet
2755 3870 2973 3915 sanctus
3012 3861 3346 3931 Episcopus,
3397 3872 3496 3916 nec

1900 3954 2094 4025 aliquis
2124 3964 2362 4008 nostrum
2391 3953 2442 4007 id
2470 3954 2629 4009 debet
2662 3954 2914 4019 horrere,
2959 3955 3098 4022 quod
3143 3956 3278 4008 Deus
3305 3953 3495 4024 digna-

1900 4055 1988 4101 tus
2008 4055 2092 4101 est
2120 4046 2294 4101 facere
2322 4063 2334 4100 :
2376 4063 2394 4096 ι
2426 4044 2651 4113 Quando
2678 4047 2730 4099 in
2756 4044 2945 4100 osculo
2966 4044 3182 4100 infantis
3212 4046 3498 4115 unusquiso

1900 4153 2007 4210 que
2036 4146 2277 4193 nostrum
2318 4152 2415 4207 pro
2458 4152 2553 4192 sua
2584 4136 2843 4208 religione
2882 4139 3024 4207 ipsas
3053 4137 3229 4192 adhuc
3254 4144 3500 4192 recentes

1903 4233 1999 4289 Dei
2030 4247 2222 4289 manus
2250 4233 2411 4289 debet
2440 4230 2695 4302 cogitare,
2730 4239 2834 4285 etc.
2870 4230 2985 4302 (d)._
3011 4249 3029 4283 ι

1977 4322 2117 4378 XIV.
2160 4322 2499 4391 Conﬁrmatio
2536 4320 2828 4376 immediate
2854 4330 2964 4391 post
2993 4319 3313 4391 Baptismttm
3341 4320 3502 4375 colla-

1905 4424 2054 4470 ta.—-
2084 4413 2407 4484 Plerumque
2428 4413 2696 4483 Baptisma
2729 4413 3053 4482 sequebatur
3082 4413 3328 4483 proxime
3360 4412 3501 4467 Cou-

1905 4506 2159 4562 tlrmatio.
2199 4505 2280 4561 Ex
2306 4503 2427 4560 divo
2456 4504 2723 4576 Cypriano
2750 4504 3120 4575 idpnanifcsto
3150 4513 3395 4571 constat;
3425 4505 3503 4562 ait

1905 4601 2050 4656 enim
2074 4632 2091 4665 ς
2132 4598 2273 4669 quod
2318 4598 2371 4652 in
2398 4596 2638 4652 Ecclesia
2671 4597 2924 4663 baptizatl
2969 4598 3271 4668 praepositis
3310 4596 3502 4652 odere-

1905 4690 2119 4755 bautur,
2152 4689 2243 4760 qui
2273 4689 2604 4759 recipiebant
2632 4689 2889 4759 Spiritum
2912 4699 3176 4757 sanctum,
3203 4697 3257 4744 et
3290 4704 3383 4758 per
3407 4703 3501 4744 eo-

1906 4800 2025 4840 rum
2068 4784 2369 4842 orationem
2400 4797 2464 4838 ac
2486 4796 2679 4838 manus
2712 4783 3111 4854 impositionem
3141 4783 3501 4854 perlicieban-

1986 5019 2062 5094 (I)
2094 5020 2290 5085 Euseb.
2320 5020 2391 5077 Η.
2422 5020 2514 5092 Ε..
2544 5022 2636 5079 lib.
2663 5039 2738 5086 vr.
2761 5037 2879 5094 cap.
2912 5022 3002 5078 45.
3027 5019 3147 5078 Vid.
3170 5020 3309 5077 Hist.
3360 5025 3502 5079 tlteo~

1914 5093 2017 5165 [ορ.
2055 5096 2238 5166 cri_tic.,
2282 5103 2415 5164 part.
2464 5111 2539 5160 χι,
2586 5112 2703 5166 pag.
2737 5093 3062 5166 i7.’Videsis
3105 5103 3159 5148 et
3207 5094 3503 5150 doetissimi

1915 5164 2086 5220 nostri
2115 5164 2412 5220 Constantii
2439 5164 2600 5220 notas
2619 5164 2675 5232 5,
2705 5175 2755 5230 4,
2784 5166 2817 5220 5
2846 5174 2900 5221 et
2927 5166 2992 5232 6,
3023 5165 3077 5219 in
3108 5167 3245 5220 hanc
3268 5166 3503 5220 Cornelii

1909 5239 1977 5295 ad
2008 5235 2223 5290 Fabium
2267 5235 2555 5305 Epistulam
2597 5237 2738 5306 apud
2786 5237 2973 5305 Mansi,
3014 5247 3143 5293 tom.
3173 5239 3223 5303 Ι,
3273 5237 3495 5291 Collect.

1910 5306 2224 5371 Concdior.,
2258 5311 2494 5364 column.
2527 5307 2633 5362 825
2659 5307 2871 5364 “-824.

1983 5378 2062 5451 (2)
2092 5380 2244 5451 Apud
2268 5378 2453 5443 Mansi,
2486 5377 2691 5432 Collect.
2723 5376 2942 5451 Concil.,
2974 5389 3101 5435 tom.
3132 5394 3199 5444 ll,
3231 5379 3335 5451 col.
3362 5379 3497 5451 541,

1910 5449 2118 5509 canone
2150 5450 2236 5514 12,
2266 5459 2320 5505 et
2340 5461 2534 5521 notant
2559 5450 2902 5521 Illustrissitui
2932 5450 3251 5521 Albaspintei
3282 5450 3333 5504 in
3362 5449 3502 5506 hunc

1910 5537 2175 5578 canonetn
2223 5524 2273 5575 in
2301 5519 2942 5592 ςίιηβοιιεεε.,(30ηεὶιίοη
2974 5516 3190 5592 Mansi,
3219 5534 3339 5592 pag.
3371 5523 3496 5577 552.

1983 5592 2062 5737 (5)
2089 5594 2364 5665 Cyprian.,
2396 5590 2496 5662 Ep,
2528 5602 2657 5659 Lttx,
2687 5602 2725 5646 t.
2752 5608 2843 5659 tn,
2875 5609 2924 5648 c.
2957 5591 3115 5661 1040,
3142 5602 3194 5646 Α.

2008 5666 2065 5737 4)
2094 5664 2372 5737 ωηλωία.
2452 5735 2481 5737 μ
2825 5734 2838 5737 _
2912 5674 2915 5677 λ
2997 5735 3008 5737 _

2119 5670 2195 5728 d.,
2222 5665 2351 5717 ibid.
2912 5674 2915 5677 ‘

2094 5670 2484 5810 lti'i’dimgaluzii
2535 5746 2717 5810 notam
2746 5737 2799 5810 in
2825 5734 2982 5810 hunc
2997 5735 3171 5810 locum
3198 5736 3289 5807 qui
3320 5733 3501 5810 legen-

1911 5806 2185 5865 dilm'esse
2210 5810 2394 5862 censet
2417 5808 2526 5862 oleo
2552 5809 2603 5862 in
2632 5806 2786 5860 altari
2815 5806 3158 5876 sanetiﬁrato.
3218 5806 3225 5807 ί
3380 5806 3389 5808 ⁷
3471 5807 3474 5813 ’

1985 5885 2067 5963 (6)
2091 5884 2345 5967 Cyprian.
2376 5884 2477 5965 Ep.
2504 5884 2572 5941 ad
2599 5882 2816 5955 Fidum,
2846 5893 2974 5961 tom.
2994 5899 3074 5959 nt,
3102 5898 3153 5942 c.
3182 5880 3320 5959 1017
3345 5898 3400 5955 Α.
