  <div class='ocr_page' id='page_1' title='image "/cluster/home/n/w/nwhite01/storage/ocr_20150623/3/uva.x000669812/023.png"; bbox 0 0 3866 6278; ppageno 0'>
   <div class='ocr_carea' id='block_1_1' title="bbox 410 419 541 478">
    <p class='ocr_par' dir='ltr' id='par_1_1' title="bbox 410 419 541 478">
     <span class='ocr_line' id='line_1_1' title="bbox 410 419 541 478; baseline -0.015 -1"><span class='ocrx_word' id='word_1_1' title='bbox 410 419 541 478; x_wconf 68' lang='grc' dir='ltr'>χχιιι</span> 
     </span>
    </p>
   </div>
   <div class='ocr_carea' id='block_1_2' title="bbox 414 535 2006 618">
    <p class='ocr_par' dir='ltr' id='par_1_2' title="bbox 414 535 2006 618">
     <span class='ocr_line' id='line_1_2' title="bbox 414 535 2006 618; baseline 0.008 -28"><span class='ocrx_word' id='word_1_2' title='bbox 414 542 522 591; x_wconf 91' lang='lat' dir='ltr'><strong>tur.</strong></span> <span class='ocrx_word' id='word_1_3' title='bbox 557 553 576 588; x_wconf 74' lang='grc' dir='ltr'><strong>ι</strong></span> <span class='ocrx_word' id='word_1_4' title='bbox 602 535 759 604; x_wconf 80' lang='lat' dir='ltr'><strong>Quod</strong></span> <span class='ocrx_word' id='word_1_5' title='bbox 787 551 927 594; x_wconf 90' lang='lat' dir='ltr'><strong>nunc</strong></span> <span class='ocrx_word' id='word_1_6' title='bbox 955 551 1168 610; x_wconf 91' lang='lat' dir='ltr'><strong>quoque</strong></span> <span class='ocrx_word' id='word_1_7' title='bbox 1192 540 1334 613; x_wconf 88' lang='lat' dir='ltr'><strong>apud</strong></span> <span class='ocrx_word' id='word_1_8' title='bbox 1363 557 1460 598; x_wconf 87' lang='lat' dir='ltr'><strong>nos</strong></span> <span class='ocrx_word' id='word_1_9' title='bbox 1486 543 1726 614; x_wconf 79' lang='lat' dir='ltr'><strong>geritur;</strong></span> <span class='ocrx_word' id='word_1_10' title='bbox 1761 549 1927 618; x_wconf 90' lang='lat' dir='ltr'><strong>utqui</strong></span> <span class='ocrx_word' id='word_1_11' title='bbox 1957 550 2006 604; x_wconf 90' lang='lat' dir='ltr'><strong>in</strong></span> 
     </span>
    </p>
   </div>
   <div class='ocr_carea' id='block_1_3' title="bbox 413 627 2010 704">
    <p class='ocr_par' dir='ltr' id='par_1_3' title="bbox 413 627 2010 704">
     <span class='ocr_line' id='line_1_3' title="bbox 413 627 2010 704; baseline 0.004 -16"><span class='ocrx_word' id='word_1_12' title='bbox 413 627 656 688; x_wconf 81' lang='lat' dir='ltr'><strong>Ecclesia</strong></span> <span class='ocrx_word' id='word_1_13' title='bbox 697 629 1030 698; x_wconf 68' lang='lat' dir='ltr'><strong>oderantur,</strong></span> <span class='ocrx_word' id='word_1_14' title='bbox 1083 644 1137 688; x_wconf 92' lang='lat' dir='ltr'><strong>et</strong></span> <span class='ocrx_word' id='word_1_15' title='bbox 1185 649 1283 704; x_wconf 89' lang='lat' dir='ltr'><strong>per</strong></span> <span class='ocrx_word' id='word_1_16' title='bbox 1327 646 1566 692; x_wconf 90' lang='lat' dir='ltr'><strong>nostram</strong></span> <span class='ocrx_word' id='word_1_17' title='bbox 1609 639 1907 695; x_wconf 88' lang='lat' dir='ltr'><strong>orationem</strong></span> <span class='ocrx_word' id='word_1_18' title='bbox 1947 656 2010 696; x_wconf 91' lang='lat' dir='ltr'><strong>ac</strong></span> 
     </span>
    </p>
   </div>
   <div class='ocr_carea' id='block_1_4' title="bbox 413 724 2010 806">
    <p class='ocr_par' dir='ltr' id='par_1_4' title="bbox 413 724 2010 806">
     <span class='ocr_line' id='line_1_4' title="bbox 413 724 2010 806; baseline 0.006 -26"><span class='ocrx_word' id='word_1_19' title='bbox 413 737 606 781; x_wconf 87' lang='lat' dir='ltr'><strong>manus</strong></span> <span class='ocrx_word' id='word_1_20' title='bbox 649 724 1044 796; x_wconf 90' lang='lat' dir='ltr'><strong>impositionem</strong></span> <span class='ocrx_word' id='word_1_21' title='bbox 1092 727 1351 798; x_wconf 79' lang='lat' dir='ltr'><strong>Spiritum</strong></span> <span class='ocrx_word' id='word_1_22' title='bbox 1393 739 1639 787; x_wconf 90' lang='lat' dir='ltr'><strong>sanctum</strong></span> <span class='ocrx_word' id='word_1_23' title='bbox 1677 748 2010 806; x_wconf 85' lang='lat' dir='ltr'><strong>consequan-</strong></span> 
     </span>
    </p>
   </div>
   <div class='ocr_carea' id='block_1_5' title="bbox 414 817 1817 898">
    <p class='ocr_par' dir='ltr' id='par_1_5' title="bbox 414 817 1817 898">
     <span class='ocr_line' id='line_1_5' title="bbox 414 817 1817 898; baseline 0.006 -27"><span class='ocrx_word' id='word_1_24' title='bbox 414 821 521 882; x_wconf 89' lang='lat' dir='ltr'><strong>tur,</strong></span> <span class='ocrx_word' id='word_1_25' title='bbox 553 825 606 872; x_wconf 90' lang='lat' dir='ltr'><strong>et</strong></span> <span class='ocrx_word' id='word_1_26' title='bbox 635 817 911 888; x_wconf 84' lang='lat' dir='ltr'><strong>signaculo</strong></span> <span class='ocrx_word' id='word_1_27' title='bbox 941 819 1222 877; x_wconf 90' lang='lat' dir='ltr'><strong>Dominico</strong></span> <span class='ocrx_word' id='word_1_28' title='bbox 1248 835 1635 880; x_wconf 91' lang='lat' dir='ltr'><strong>consumentur</strong></span> <span class='ocrx_word' id='word_1_29' title='bbox 1662 824 1764 898; x_wconf 84' lang='lat' dir='ltr'><strong>(t).</strong></span> <span class='ocrx_word' id='word_1_30' title='bbox 1798 846 1817 880; x_wconf 74' lang='grc' dir='ltr'><strong>ι</strong></span> 
     </span>
    </p>
   </div>
   <div class='ocr_carea' id='block_1_6' title="bbox 487 928 2012 1005">
    <p class='ocr_par' dir='ltr' id='par_1_6' title="bbox 487 928 2012 1005">
     <span class='ocr_line' id='line_1_6' title="bbox 487 928 2012 1005; baseline 0.009 -21"><span class='ocrx_word' id='word_1_31' title='bbox 487 928 604 986; x_wconf 84' lang='lat' dir='ltr'><strong>XV.</strong></span> <span class='ocrx_word' id='word_1_32' title='bbox 653 930 915 1004; x_wconf 75' lang='lat' dir='ltr'><strong>Baptizati</strong></span> <span class='ocrx_word' id='word_1_33' title='bbox 956 936 1180 1005; x_wconf 76' lang='lat' dir='ltr'><strong>infantes</strong></span> <span class='ocrx_word' id='word_1_34' title='bbox 1234 938 1287 992; x_wconf 88' lang='lat' dir='ltr'><strong>in</strong></span> <span class='ocrx_word' id='word_1_35' title='bbox 1333 940 1612 995; x_wconf 86' lang='lat' dir='ltr'><strong>nativitatis</strong></span> <span class='ocrx_word' id='word_1_36' title='bbox 1657 941 1887 996; x_wconf 73' lang='lat' dir='ltr'><strong>exordio.</strong></span> <span class='ocrx_word' id='word_1_37' title='bbox 1942 974 2012 983; x_wconf 94' lang='lat'><strong><em>—</em></strong></span> 
     </span>
    </p>
   </div>
   <div class='ocr_carea' id='block_1_7' title="bbox 413 1020 2011 1103">
    <p class='ocr_par' dir='ltr' id='par_1_7' title="bbox 413 1020 2011 1103">
     <span class='ocr_line' id='line_1_7' title="bbox 413 1020 2011 1103; baseline 0.008 -25"><span class='ocrx_word' id='word_1_38' title='bbox 413 1020 613 1080; x_wconf 76' lang='lat' dir='ltr'><strong>Morem</strong></span> <span class='ocrx_word' id='word_1_39' title='bbox 646 1025 880 1081; x_wconf 78' lang='lat' dir='ltr'><strong>infames</strong></span> <span class='ocrx_word' id='word_1_40' title='bbox 909 1027 962 1082; x_wconf 93' lang='lat' dir='ltr'><strong>in</strong></span> <span class='ocrx_word' id='word_1_41' title='bbox 1006 1029 1299 1085; x_wconf 86' lang='lat' dir='ltr'><strong>nativitatis</strong></span> <span class='ocrx_word' id='word_1_42' title='bbox 1329 1031 1555 1088; x_wconf 79' lang='lat' dir='ltr'><strong>exordio</strong></span> <span class='ocrx_word' id='word_1_43' title='bbox 1585 1033 1887 1103; x_wconf 88' lang='lat' dir='ltr'><strong>baptizandi</strong></span> <span class='ocrx_word' id='word_1_44' title='bbox 1911 1034 2011 1090; x_wconf 76' lang='lat' dir='ltr'><strong>du~</strong></span> 
     </span>
    </p>
   </div>
   <div class='ocr_carea' id='block_1_8' title="bbox 410 1114 2013 1197">
    <p class='ocr_par' dir='ltr' id='par_1_8' title="bbox 410 1114 2013 1197">
     <span class='ocr_line' id='line_1_8' title="bbox 410 1114 2013 1197; baseline 0.009 -28"><span class='ocrx_word' id='word_1_45' title='bbox 410 1114 537 1185; x_wconf 88' lang='lat' dir='ltr'><strong>plici</strong></span> <span class='ocrx_word' id='word_1_46' title='bbox 579 1117 631 1172; x_wconf 90' lang='lat' dir='ltr'><strong>in</strong></span> <span class='ocrx_word' id='word_1_47' title='bbox 665 1119 783 1174; x_wconf 94' lang='lat' dir='ltr'><strong>loco</strong></span> <span class='ocrx_word' id='word_1_48' title='bbox 809 1131 1198 1178; x_wconf 74' lang='lat' dir='ltr'><strong>commemorat</strong></span> <span class='ocrx_word' id='word_1_49' title='bbox 1229 1124 1388 1179; x_wconf 91' lang='lat' dir='ltr'><strong>divus</strong></span> <span class='ocrx_word' id='word_1_50' title='bbox 1421 1123 1745 1197; x_wconf 85' lang='lat' dir='ltr'><strong>Cyprianus,</strong></span> <span class='ocrx_word' id='word_1_51' title='bbox 1775 1128 1826 1182; x_wconf 93' lang='lat' dir='ltr'><strong>in</strong></span> <span class='ocrx_word' id='word_1_52' title='bbox 1876 1137 2013 1184; x_wconf 79' lang='lat' dir='ltr'><strong>trac~</strong></span> 
     </span>
    </p>
   </div>
   <div class='ocr_carea' id='block_1_9' title="bbox 408 1210 2013 1290">
    <p class='ocr_par' dir='ltr' id='par_1_9' title="bbox 408 1210 2013 1290">
     <span class='ocr_line' id='line_1_9' title="bbox 408 1210 2013 1290; baseline 0.007 -26"><span class='ocrx_word' id='word_1_53' title='bbox 408 1216 526 1264; x_wconf 86' lang='lat' dir='ltr'><strong>tatu</strong></span> <span class='ocrx_word' id='word_1_54' title='bbox 575 1210 782 1267; x_wconf 74' lang='lat' dir='ltr'><strong>scilicet</strong></span> <span class='ocrx_word' id='word_1_55' title='bbox 835 1212 904 1268; x_wconf 91' lang='lat' dir='ltr'><strong>de</strong></span> <span class='ocrx_word' id='word_1_56' title='bbox 953 1213 1142 1284; x_wconf 86' lang='lat' dir='ltr'><strong>Lapsis</strong></span> <span class='ocrx_word' id='word_1_57' title='bbox 1165 1257 1180 1280; x_wconf 87' lang='lat'><strong>,</strong></span> <span class='ocrx_word' id='word_1_58' title='bbox 1229 1216 1318 1271; x_wconf 89' lang='lat' dir='ltr'><strong>ubi</strong></span> <span class='ocrx_word' id='word_1_59' title='bbox 1367 1217 1597 1273; x_wconf 90' lang='lat' dir='ltr'><strong>scribit:</strong></span> <span class='ocrx_word' id='word_1_60' title='bbox 1635 1236 1654 1270; x_wconf 74' lang='grc' dir='ltr'><strong>ι</strong></span> <span class='ocrx_word' id='word_1_61' title='bbox 1685 1220 1762 1274; x_wconf 83' lang='lat' dir='ltr'><strong>Ac</strong></span> <span class='ocrx_word' id='word_1_62' title='bbox 1793 1235 1860 1275; x_wconf 89' lang='lat' dir='ltr'><strong>ne</strong></span> <span class='ocrx_word' id='word_1_63' title='bbox 1886 1220 2013 1290; x_wconf 94' lang='lat' dir='ltr'><strong>quid</strong></span> 
     </span>
    </p>
   </div>
   <div class='ocr_carea' id='block_1_10' title="bbox 411 1301 2017 1382">
    <p class='ocr_par' dir='ltr' id='par_1_10' title="bbox 411 1301 2017 1382">
     <span class='ocr_line' id='line_1_10' title="bbox 411 1301 2017 1382; baseline 0.006 -27"><span class='ocrx_word' id='word_1_64' title='bbox 411 1301 628 1358; x_wconf 89' lang='lat' dir='ltr'><strong>deesset</strong></span> <span class='ocrx_word' id='word_1_65' title='bbox 658 1303 724 1358; x_wconf 87' lang='lat' dir='ltr'><strong>ad</strong></span> <span class='ocrx_word' id='word_1_66' title='bbox 767 1306 1009 1362; x_wconf 85' lang='lat' dir='ltr'><strong>criminis</strong></span> <span class='ocrx_word' id='word_1_67' title='bbox 1036 1308 1311 1363; x_wconf 87' lang='lat' dir='ltr'><strong>cumulum</strong></span> <span class='ocrx_word' id='word_1_68' title='bbox 1335 1351 1350 1377; x_wconf 97' lang='lat'><strong>,</strong></span> <span class='ocrx_word' id='word_1_69' title='bbox 1404 1309 1638 1366; x_wconf 84' lang='lat' dir='ltr'><strong>infantes</strong></span> <span class='ocrx_word' id='word_1_70' title='bbox 1681 1327 1895 1382; x_wconf 92' lang='lat' dir='ltr'><strong>quoque</strong></span> <span class='ocrx_word' id='word_1_71' title='bbox 1924 1328 2017 1382; x_wconf 90' lang='lat' dir='ltr'><strong>pa-</strong></span> 
     </span>
    </p>
   </div>
   <div class='ocr_carea' id='block_1_11' title="bbox 411 1397 2018 1472">
    <p class='ocr_par' dir='ltr' id='par_1_11' title="bbox 411 1397 2018 1472">
     <span class='ocr_line' id='line_1_11' title="bbox 411 1397 2018 1472; baseline 0.007 -23"><span class='ocrx_word' id='word_1_72' title='bbox 411 1404 623 1450; x_wconf 81' lang='lat' dir='ltr'><strong>rentum</strong></span> <span class='ocrx_word' id='word_1_73' title='bbox 654 1397 902 1453; x_wconf 89' lang='lat' dir='ltr'><strong>manibus</strong></span> <span class='ocrx_word' id='word_1_74' title='bbox 932 1401 1016 1454; x_wconf 86' lang='lat' dir='ltr'><strong>vel</strong></span> <span class='ocrx_word' id='word_1_75' title='bbox 1051 1401 1310 1472; x_wconf 89' lang='lat' dir='ltr'><strong>impositi,</strong></span> <span class='ocrx_word' id='word_1_76' title='bbox 1337 1401 1421 1458; x_wconf 86' lang='lat' dir='ltr'><strong>vel</strong></span> <span class='ocrx_word' id='word_1_77' title='bbox 1450 1405 1686 1468; x_wconf 75' lang='lat' dir='ltr'><strong>attraCti,</strong></span> <span class='ocrx_word' id='word_1_78' title='bbox 1716 1406 2018 1461; x_wconf 88' lang='lat' dir='ltr'><strong>amiserunt</strong></span> 
     </span>
    </p>
   </div>
   <div class='ocr_carea' id='block_1_12' title="bbox 411 1489 2017 1563">
    <p class='ocr_par' dir='ltr' id='par_1_12' title="bbox 411 1489 2017 1563">
     <span class='ocr_line' id='line_1_12' title="bbox 411 1489 2017 1563; baseline 0.009 -22"><span class='ocrx_word' id='word_1_79' title='bbox 411 1489 618 1559; x_wconf 82' lang='lat' dir='ltr'><strong>parvuli</strong></span> <span class='ocrx_word' id='word_1_80' title='bbox 682 1491 824 1560; x_wconf 90' lang='lat' dir='ltr'><strong>quod</strong></span> <span class='ocrx_word' id='word_1_81' title='bbox 878 1494 930 1546; x_wconf 92' lang='lat' dir='ltr'><strong>in</strong></span> <span class='ocrx_word' id='word_1_82' title='bbox 990 1494 1166 1563; x_wconf 92' lang='lat' dir='ltr'><strong>primo</strong></span> <span class='ocrx_word' id='word_1_83' title='bbox 1211 1496 1390 1550; x_wconf 90' lang='lat' dir='ltr'><strong>statim</strong></span> <span class='ocrx_word' id='word_1_84' title='bbox 1458 1499 1752 1552; x_wconf 86' lang='lat' dir='ltr'><strong>nativitatis</strong></span> <span class='ocrx_word' id='word_1_85' title='bbox 1795 1501 2017 1556; x_wconf 83' lang='lat' dir='ltr'><strong>exordio</strong></span> 
     </span>
    </p>
   </div>
   <div class='ocr_carea' id='block_1_13' title="bbox 409 1579 2016 1662">
    <p class='ocr_par' dir='ltr' id='par_1_13' title="bbox 409 1579 2016 1662">
     <span class='ocr_line' id='line_1_13' title="bbox 409 1579 2016 1662; baseline 0.009 -28"><span class='ocrx_word' id='word_1_86' title='bbox 409 1579 623 1637; x_wconf 91' lang='lat' dir='ltr'><strong>fuerant</strong></span> <span class='ocrx_word' id='word_1_87' title='bbox 651 1586 950 1639; x_wconf 90' lang='lat' dir='ltr'><strong>consecuti.</strong></span> <span class='ocrx_word' id='word_1_88' title='bbox 985 1605 1004 1638; x_wconf 74' lang='grc' dir='ltr'><strong>ι</strong></span> <span class='ocrx_word' id='word_1_89' title='bbox 1040 1585 1104 1641; x_wconf 86' lang='lat' dir='ltr'><strong>Et</strong></span> <span class='ocrx_word' id='word_1_90' title='bbox 1128 1587 1180 1642; x_wconf 92' lang='lat' dir='ltr'><strong>in</strong></span> <span class='ocrx_word' id='word_1_91' title='bbox 1207 1588 1431 1658; x_wconf 90' lang='lat' dir='ltr'><strong>epistola</strong></span> <span class='ocrx_word' id='word_1_92' title='bbox 1463 1587 1530 1643; x_wconf 91' lang='lat' dir='ltr'><strong>ad</strong></span> <span class='ocrx_word' id='word_1_93' title='bbox 1571 1588 1762 1646; x_wconf 89' lang='lat' dir='ltr'><strong>Fidum</strong></span> <span class='ocrx_word' id='word_1_94' title='bbox 1797 1591 1896 1662; x_wconf 78' lang='lat'>(‘2),</span> <span class='ocrx_word' id='word_1_95' title='bbox 1928 1593 2016 1648; x_wconf 91' lang='lat' dir='ltr'><strong>ubi</strong></span> 
     </span>
    </p>
   </div>
   <div class='ocr_carea' id='block_1_14' title="bbox 412 1675 2016 1754">
    <p class='ocr_par' dir='ltr' id='par_1_14' title="bbox 412 1675 2016 1754">
     <span class='ocr_line' id='line_1_14' title="bbox 412 1675 2016 1754; baseline 0.007 -25"><span class='ocrx_word' id='word_1_96' title='bbox 412 1675 599 1731; x_wconf 85' lang='lat' dir='ltr'><strong>scribit</strong></span> <span class='ocrx_word' id='word_1_97' title='bbox 648 1677 792 1734; x_wconf 92' lang='lat' dir='ltr'><strong>hunc</strong></span> <span class='ocrx_word' id='word_1_98' title='bbox 840 1679 891 1733; x_wconf 93' lang='lat' dir='ltr'><strong>in</strong></span> <span class='ocrx_word' id='word_1_99' title='bbox 935 1679 1154 1734; x_wconf 92' lang='lat' dir='ltr'><strong>modum</strong></span> <span class='ocrx_word' id='word_1_100' title='bbox 1199 1700 1210 1734; x_wconf 95' lang='lat'>:</span> <span class='ocrx_word' id='word_1_101' title='bbox 1275 1700 1293 1733; x_wconf 73' lang='grc' dir='ltr'><strong>ι</strong></span> <span class='ocrx_word' id='word_1_102' title='bbox 1325 1681 1576 1738; x_wconf 90' lang='lat' dir='ltr'><strong>Universi</strong></span> <span class='ocrx_word' id='word_1_103' title='bbox 1617 1683 2016 1754; x_wconf 90' lang='lat' dir='ltr'><strong>judicavimus,</strong></span> 
     </span>
    </p>
   </div>
   <div class='ocr_carea' id='block_1_15' title="bbox 411 1766 2015 1848">
    <p class='ocr_par' dir='ltr' id='par_1_15' title="bbox 411 1766 2015 1848">
     <span class='ocr_line' id='line_1_15' title="bbox 411 1766 2015 1848; baseline 0.007 -28"><span class='ocrx_word' id='word_1_104' title='bbox 411 1766 542 1822; x_wconf 90' lang='lat' dir='ltr'><strong>nulli</strong></span> <span class='ocrx_word' id='word_1_105' title='bbox 573 1767 852 1825; x_wconf 81' lang='lat' dir='ltr'><strong>hominum</strong></span> <span class='ocrx_word' id='word_1_106' title='bbox 906 1780 1034 1826; x_wconf 90' lang='lat' dir='ltr'><strong>nato</strong></span> <span class='ocrx_word' id='word_1_107' title='bbox 1075 1773 1501 1830; x_wconf 87' lang='lat' dir='ltr'><strong>misericordiam</strong></span> <span class='ocrx_word' id='word_1_108' title='bbox 1545 1777 1638 1832; x_wconf 90' lang='lat' dir='ltr'><strong>Dei</strong></span> <span class='ocrx_word' id='word_1_109' title='bbox 1684 1789 1739 1832; x_wconf 90' lang='lat' dir='ltr'><strong>et</strong></span> <span class='ocrx_word' id='word_1_110' title='bbox 1788 1779 2015 1848; x_wconf 77' lang='lat' dir='ltr'><strong>gratiam</strong></span> 
     </span>
    </p>
   </div>
   <div class='ocr_carea' id='block_1_16' title="bbox 411 1861 2012 1940">
    <p class='ocr_par' dir='ltr' id='par_1_16' title="bbox 411 1861 2012 1940">
     <span class='ocr_line' id='line_1_16' title="bbox 411 1861 2012 1940; baseline 0.008 -25"><span class='ocrx_word' id='word_1_111' title='bbox 411 1874 533 1917; x_wconf 85' lang='lat' dir='ltr'><strong>esse</strong></span> <span class='ocrx_word' id='word_1_112' title='bbox 553 1861 1016 1934; x_wconf 71' lang='lat' dir='ltr'><strong>denegandam...</strong></span> <span class='ocrx_word' id='word_1_113' title='bbox 1050 1866 1186 1923; x_wconf 90' lang='lat' dir='ltr'><strong>Esse</strong></span> <span class='ocrx_word' id='word_1_114' title='bbox 1219 1869 1361 1938; x_wconf 90' lang='lat' dir='ltr'><strong>apud</strong></span> <span class='ocrx_word' id='word_1_115' title='bbox 1403 1885 1592 1926; x_wconf 91' lang='lat' dir='ltr'><strong>omnes</strong></span> <span class='ocrx_word' id='word_1_116' title='bbox 1613 1873 1730 1928; x_wconf 92' lang='lat' dir='ltr'><strong>sive</strong></span> <span class='ocrx_word' id='word_1_117' title='bbox 1760 1873 2012 1940; x_wconf 75' lang='lat' dir='ltr'><strong>infantes,</strong></span> 
     </span>
    </p>
   </div>
   <div class='ocr_carea' id='block_1_17' title="bbox 411 1953 2018 2036">
    <p class='ocr_par' dir='ltr' id='par_1_17' title="bbox 411 1953 2018 2036">
     <span class='ocr_line' id='line_1_17' title="bbox 411 1953 2018 2036; baseline 0.009 -27"><span class='ocrx_word' id='word_1_118' title='bbox 411 1953 525 2010; x_wconf 85' lang='lat' dir='ltr'><strong>sive</strong></span> <span class='ocrx_word' id='word_1_119' title='bbox 572 1958 804 2024; x_wconf 83' lang='lat' dir='ltr'><strong>majores</strong></span> <span class='ocrx_word' id='word_1_120' title='bbox 832 1969 980 2028; x_wconf 88' lang='lat' dir='ltr'><strong>natu,</strong></span> <span class='ocrx_word' id='word_1_121' title='bbox 1036 1977 1197 2016; x_wconf 88' lang='lat' dir='ltr'><strong>unam</strong></span> <span class='ocrx_word' id='word_1_122' title='bbox 1253 1962 1417 2018; x_wconf 89' lang='lat' dir='ltr'><strong>divini</strong></span> <span class='ocrx_word' id='word_1_123' title='bbox 1465 1966 1704 2022; x_wconf 89' lang='lat' dir='ltr'><strong>muneris</strong></span> <span class='ocrx_word' id='word_1_124' title='bbox 1743 1968 2018 2036; x_wconf 65' lang='lat' dir='ltr'><strong>aequalita-</strong></span> 
     </span>
    </p>
   </div>
   <div class='ocr_carea' id='block_1_18' title="bbox 413 2038 2019 2128">
    <p class='ocr_par' dir='ltr' id='par_1_18' title="bbox 413 2038 2019 2128">
     <span class='ocr_line' id='line_1_18' title="bbox 413 2038 2019 2128; baseline 0.008 -27"><span class='ocrx_word' id='word_1_125' title='bbox 413 2052 644 2102; x_wconf 79' lang='lat' dir='ltr'><strong>tem.....</strong></span> <span class='ocrx_word' id='word_1_126' title='bbox 674 2049 805 2104; x_wconf 87' lang='lat' dir='ltr'><strong>Nam</strong></span> <span class='ocrx_word' id='word_1_127' title='bbox 839 2051 1000 2116; x_wconf 91' lang='lat' dir='ltr'><strong>Deus,</strong></span> <span class='ocrx_word' id='word_1_128' title='bbox 1027 2061 1084 2106; x_wconf 92' lang='lat' dir='ltr'><strong>ut</strong></span> <span class='ocrx_word' id='word_1_129' title='bbox 1113 2067 1398 2122; x_wconf 87' lang='lat' dir='ltr'><strong>personam</strong></span> <span class='ocrx_word' id='word_1_130' title='bbox 1431 2071 1536 2110; x_wconf 90' lang='lat' dir='ltr'><strong>non</strong></span> <span class='ocrx_word' id='word_1_131' title='bbox 1569 2038 1784 2128; x_wconf 83' lang='lat' dir='ltr'><strong>accipit,</strong></span> <span class='ocrx_word' id='word_1_132' title='bbox 1812 2059 1892 2114; x_wconf 91' lang='lat' dir='ltr'><strong>sic</strong></span> <span class='ocrx_word' id='word_1_133' title='bbox 1921 2074 2019 2116; x_wconf 88' lang='lat' dir='ltr'><strong>nec</strong></span> 
     </span>
    </p>
   </div>
   <div class='ocr_carea' id='block_1_19' title="bbox 415 2146 2019 2221">
    <p class='ocr_par' dir='ltr' id='par_1_19' title="bbox 415 2146 2019 2221">
     <span class='ocr_line' id='line_1_19' title="bbox 415 2146 2019 2221; baseline 0.011 -30"><span class='ocrx_word' id='word_1_134' title='bbox 415 2146 628 2194; x_wconf 55' lang='lat' dir='ltr'><strong>aetatem</strong></span> <span class='ocrx_word' id='word_1_135' title='bbox 655 2158 670 2208; x_wconf 93' lang='lat'><strong>;</strong></span> <span class='ocrx_word' id='word_1_136' title='bbox 714 2156 836 2197; x_wconf 93' lang='lat' dir='ltr'><strong>cum</strong></span> <span class='ocrx_word' id='word_1_137' title='bbox 875 2157 934 2198; x_wconf 89' lang='lat' dir='ltr'><strong>se</strong></span> <span class='ocrx_word' id='word_1_138' title='bbox 981 2146 1232 2201; x_wconf 80' lang='lat' dir='ltr'><strong>omnibus</strong></span> <span class='ocrx_word' id='word_1_139' title='bbox 1258 2147 1324 2201; x_wconf 93' lang='lat' dir='ltr'><strong>ad</strong></span> <span class='ocrx_word' id='word_1_140' title='bbox 1351 2149 1589 2204; x_wconf 61' lang='lat' dir='ltr'><strong>caalesris</strong></span> <span class='ocrx_word' id='word_1_141' title='bbox 1618 2151 1805 2221; x_wconf 74' lang='lat' dir='ltr'><strong>gratia:</strong></span> <span class='ocrx_word' id='word_1_142' title='bbox 1830 2167 2019 2208; x_wconf 89' lang='lat' dir='ltr'><strong>conse-</strong></span> 
     </span>
    </p>
   </div>
   <div class='ocr_carea' id='block_1_20' title="bbox 415 2229 1840 2312">
    <p class='ocr_par' dir='ltr' id='par_1_20' title="bbox 415 2229 1840 2312">
     <span class='ocr_line' id='line_1_20' title="bbox 415 2229 1840 2312; baseline 0.006 -28"><span class='ocrx_word' id='word_1_143' title='bbox 415 2229 711 2299; x_wconf 86' lang='lat' dir='ltr'><strong>eutionem,</strong></span> <span class='ocrx_word' id='word_1_144' title='bbox 735 2233 1042 2304; x_wconf 67' lang='lat' dir='ltr'><strong>aequalitate</strong></span> <span class='ocrx_word' id='word_1_145' title='bbox 1071 2236 1284 2304; x_wconf 88' lang='lat' dir='ltr'><strong>librata,</strong></span> <span class='ocrx_word' id='word_1_146' title='bbox 1311 2240 1550 2309; x_wconf 72' lang='lat' dir='ltr'><strong>prazbeat</strong></span> <span class='ocrx_word' id='word_1_147' title='bbox 1576 2251 1804 2312; x_wconf 85' lang='lat' dir='ltr'><strong>patrem.</strong></span> <span class='ocrx_word' id='word_1_148' title='bbox 1835 2285 1840 2292; x_wconf 92' lang='lat'><strong>.</strong></span> 
     </span>
    </p>
   </div>
   <div class='ocr_carea' id='block_1_21' title="bbox 663 2411 1755 2479">
    <p class='ocr_par' dir='ltr' id='par_1_21' title="bbox 663 2411 1755 2479">
     <span class='ocr_line' id='line_1_21' title="bbox 663 2411 1755 2479; baseline 0.004 -15"><span class='ocrx_word' id='word_1_149' title='bbox 663 2412 690 2476; x_wconf 64' lang='grc' dir='ltr'>δ</span> <span class='ocrx_word' id='word_1_150' title='bbox 721 2411 812 2464; x_wconf 87' lang='lat' dir='ltr'><strong>IIl.</strong></span> <span class='ocrx_word' id='word_1_151' title='bbox 837 2439 900 2449; x_wconf 96' lang='lat'><strong><em>—</em></strong></span> <span class='ocrx_word' id='word_1_152' title='bbox 920 2413 1190 2478; x_wconf 79' lang='lat' dir='ltr'><strong>Disciplina</strong></span> <span class='ocrx_word' id='word_1_153' title='bbox 1207 2415 1365 2479; x_wconf 88' lang='lat' dir='ltr'><strong>quoad</strong></span> <span class='ocrx_word' id='word_1_154' title='bbox 1386 2415 1755 2468; x_wconf 78' lang='lat' dir='ltr'><strong>Eucharistiam.</strong></span> 
     </span>
    </p>
   </div>
   <div class='ocr_carea' id='block_1_22' title="bbox 489 2579 2019 2658">
    <p class='ocr_par' dir='ltr' id='par_1_22' title="bbox 489 2579 2019 2658">
     <span class='ocr_line' id='line_1_22' title="bbox 489 2579 2019 2658; baseline 0.006 -21"><span class='ocrx_word' id='word_1_155' title='bbox 489 2579 633 2637; x_wconf 80' lang='lat' dir='ltr'><strong>XVI.</strong></span> <span class='ocrx_word' id='word_1_156' title='bbox 656 2580 866 2638; x_wconf 75' lang='lat' dir='ltr'><strong>Fideles</strong></span> <span class='ocrx_word' id='word_1_157' title='bbox 910 2600 1026 2638; x_wconf 86' lang='lat' dir='ltr'><strong>cum</strong></span> <span class='ocrx_word' id='word_1_158' title='bbox 1069 2583 1330 2656; x_wconf 74' lang='lat' dir='ltr'><strong>Episcopo</strong></span> <span class='ocrx_word' id='word_1_159' title='bbox 1369 2586 1424 2640; x_wconf 89' lang='lat' dir='ltr'><strong>in</strong></span> <span class='ocrx_word' id='word_1_160' title='bbox 1459 2603 1617 2640; x_wconf 89' lang='lat' dir='ltr'><strong>unum</strong></span> <span class='ocrx_word' id='word_1_161' title='bbox 1638 2590 2019 2658; x_wconf 80' lang='lat' dir='ltr'><strong>conveniebant,</strong></span> 
     </span>
    </p>
   </div>
   <div class='ocr_carea' id='block_1_23' title="bbox 418 2671 2021 2740">
    <p class='ocr_par' dir='ltr' id='par_1_23' title="bbox 418 2671 2021 2740">
     <span class='ocr_line' id='line_1_23' title="bbox 418 2671 2021 2740; baseline 0.007 -14"><span class='ocrx_word' id='word_1_162' title='bbox 418 2681 475 2726; x_wconf 86' lang='lat' dir='ltr'><strong>nt</strong></span> <span class='ocrx_word' id='word_1_163' title='bbox 501 2671 884 2740; x_wconf 69' lang='lat' dir='ltr'><strong>Eucharistiam</strong></span> <span class='ocrx_word' id='word_1_164' title='bbox 911 2675 1237 2731; x_wconf 82' lang='lat' dir='ltr'><strong>celebrarent.</strong></span> <span class='ocrx_word' id='word_1_165' title='bbox 1265 2705 1337 2717; x_wconf 88' lang='lat'><strong>—</strong></span> <span class='ocrx_word' id='word_1_166' title='bbox 1355 2676 1571 2734; x_wconf 82' lang='lat' dir='ltr'><strong>Fideles</strong></span> <span class='ocrx_word' id='word_1_167' title='bbox 1595 2681 1941 2737; x_wconf 88' lang='lat' dir='ltr'><strong>consuevisse</strong></span> <span class='ocrx_word' id='word_1_168' title='bbox 1969 2683 2021 2737; x_wconf 93' lang='lat' dir='ltr'><strong>in</strong></span> 
     </span>
    </p>
   </div>
   <div class='ocr_carea' id='block_1_24' title="bbox 420 2767 2023 2844">
    <p class='ocr_par' dir='ltr' id='par_1_24' title="bbox 420 2767 2023 2844">
     <span class='ocr_line' id='line_1_24' title="bbox 420 2767 2023 2844; baseline 0.004 -22"><span class='ocrx_word' id='word_1_169' title='bbox 420 2779 587 2822; x_wconf 90' lang='lat' dir='ltr'><strong>unum</strong></span> <span class='ocrx_word' id='word_1_170' title='bbox 629 2781 750 2822; x_wconf 92' lang='lat' dir='ltr'><strong>cum</strong></span> <span class='ocrx_word' id='word_1_171' title='bbox 781 2767 1038 2838; x_wconf 89' lang='lat' dir='ltr'><strong>episcopo</strong></span> <span class='ocrx_word' id='word_1_172' title='bbox 1068 2769 1397 2835; x_wconf 89' lang='lat' dir='ltr'><strong>convenire,</strong></span> <span class='ocrx_word' id='word_1_173' title='bbox 1441 2778 1499 2824; x_wconf 92' lang='lat' dir='ltr'><strong>ut</strong></span> <span class='ocrx_word' id='word_1_174' title='bbox 1543 2771 1721 2826; x_wconf 93' lang='lat' dir='ltr'><strong>divina</strong></span> <span class='ocrx_word' id='word_1_175' title='bbox 1767 2774 2023 2844; x_wconf 88' lang='lat' dir='ltr'><strong>mysteria</strong></span> 
     </span>
    </p>
   </div>
   <div class='ocr_carea' id='block_1_25' title="bbox 418 2858 2024 2933">
    <p class='ocr_par' dir='ltr' id='par_1_25' title="bbox 418 2858 2024 2933">
     <span class='ocr_line' id='line_1_25' title="bbox 418 2858 2024 2933; baseline 0.003 -18"><span class='ocrx_word' id='word_1_176' title='bbox 418 2858 801 2925; x_wconf 90' lang='lat' dir='ltr'><strong>celebrarent,</strong></span> <span class='ocrx_word' id='word_1_177' title='bbox 847 2875 912 2916; x_wconf 79' lang='lat' dir='ltr'><strong>ex</strong></span> <span class='ocrx_word' id='word_1_178' title='bbox 961 2869 1189 2915; x_wconf 90' lang='lat' dir='ltr'><strong>tractatu</strong></span> <span class='ocrx_word' id='word_1_179' title='bbox 1237 2860 1344 2916; x_wconf 89' lang='lat' dir='ltr'><strong>divi</strong></span> <span class='ocrx_word' id='word_1_180' title='bbox 1385 2859 1637 2933; x_wconf 82' lang='lat' dir='ltr'><strong>Cypriani</strong></span> <span class='ocrx_word' id='word_1_181' title='bbox 1673 2862 1739 2918; x_wconf 88' lang='lat' dir='ltr'><strong>de</strong></span> <span class='ocrx_word' id='word_1_182' title='bbox 1767 2861 2024 2921; x_wconf 85' lang='lat' dir='ltr'><strong>Oratione</strong></span> 
     </span>
    </p>
   </div>
   <div class='ocr_carea' id='block_1_26' title="bbox 421 2949 2021 3024">
    <p class='ocr_par' dir='ltr' id='par_1_26' title="bbox 421 2949 2021 3024">
     <span class='ocr_line' id='line_1_26' title="bbox 421 2949 2021 3024; baseline 0.001 -16"><span class='ocrx_word' id='word_1_183' title='bbox 421 2949 700 3008; x_wconf 84' lang='lat' dir='ltr'><strong>Dominica</strong></span> <span class='ocrx_word' id='word_1_184' title='bbox 745 2952 954 3008; x_wconf 81' lang='lat' dir='ltr'><strong>eruitur</strong></span> <span class='ocrx_word' id='word_1_185' title='bbox 983 2952 1063 3024; x_wconf 80' lang='grc'><strong>(5)</strong></span> <span class='ocrx_word' id='word_1_186' title='bbox 1118 2972 1130 3005; x_wconf 90' lang='lat'>:</span> <span class='ocrx_word' id='word_1_187' title='bbox 1193 2969 1211 3004; x_wconf 72' lang='grc' dir='ltr'><strong>ι</strong></span> <span class='ocrx_word' id='word_1_188' title='bbox 1268 2952 1337 3006; x_wconf 85' lang='lat' dir='ltr'><strong>Et</strong></span> <span class='ocrx_word' id='word_1_189' title='bbox 1364 2952 1600 3022; x_wconf 88' lang='lat' dir='ltr'><strong>quando,</strong></span> <span class='ocrx_word' id='word_1_190' title='bbox 1635 2974 1653 3005; x_wconf 72' lang='grc' dir='ltr'><strong>ι</strong></span> <span class='ocrx_word' id='word_1_191' title='bbox 1705 2954 1876 3024; x_wconf 89' lang='lat' dir='ltr'><strong>inquit</strong></span> <span class='ocrx_word' id='word_1_192' title='bbox 1901 2955 2021 3023; x_wconf 88' lang='lat' dir='ltr'><strong>ille,</strong></span> 
     </span>
    </p>
   </div>
   <div class='ocr_carea' id='block_1_27' title="bbox 428 3043 2024 3112">
    <p class='ocr_par' dir='ltr' id='par_1_27' title="bbox 428 3043 2024 3112">
     <span class='ocr_line' id='line_1_27' title="bbox 428 3043 2024 3112; baseline 0.002 -14"><span class='ocrx_word' id='word_1_193' title='bbox 428 3061 447 3098; x_wconf 72' lang='grc' dir='ltr'><strong>ι</strong></span> <span class='ocrx_word' id='word_1_194' title='bbox 481 3045 534 3098; x_wconf 95' lang='lat' dir='ltr'><strong>in</strong></span> <span class='ocrx_word' id='word_1_195' title='bbox 565 3059 730 3099; x_wconf 92' lang='lat' dir='ltr'><strong>unum</strong></span> <span class='ocrx_word' id='word_1_196' title='bbox 760 3059 882 3100; x_wconf 93' lang='lat' dir='ltr'><strong>cum</strong></span> <span class='ocrx_word' id='word_1_197' title='bbox 931 3043 1187 3099; x_wconf 79' lang='lat' dir='ltr'><strong>fratribus</strong></span> <span class='ocrx_word' id='word_1_198' title='bbox 1225 3045 1582 3099; x_wconf 88' lang='lat' dir='ltr'><strong>convenimus</strong></span> <span class='ocrx_word' id='word_1_199' title='bbox 1604 3089 1618 3112; x_wconf 94' lang='lat'><strong>,</strong></span> <span class='ocrx_word' id='word_1_200' title='bbox 1669 3055 1724 3099; x_wconf 89' lang='lat' dir='ltr'><strong>et</strong></span> <span class='ocrx_word' id='word_1_201' title='bbox 1763 3046 2024 3102; x_wconf 88' lang='lat' dir='ltr'><strong>sacriﬁcia</strong></span> 
     </span>
    </p>
   </div>
   <div class='ocr_carea' id='block_1_28' title="bbox 423 3134 2026 3208">
    <p class='ocr_par' dir='ltr' id='par_1_28' title="bbox 423 3134 2026 3208">
     <span class='ocr_line' id='line_1_28' title="bbox 423 3134 2026 3208; baseline 0.001 -16"><span class='ocrx_word' id='word_1_202' title='bbox 423 3135 605 3192; x_wconf 91' lang='lat' dir='ltr'><strong>divina</strong></span> <span class='ocrx_word' id='word_1_203' title='bbox 651 3150 774 3191; x_wconf 93' lang='lat' dir='ltr'><strong>cum</strong></span> <span class='ocrx_word' id='word_1_204' title='bbox 835 3134 932 3191; x_wconf 88' lang='lat' dir='ltr'><strong>Dei</strong></span> <span class='ocrx_word' id='word_1_205' title='bbox 985 3135 1266 3191; x_wconf 87' lang='lat' dir='ltr'><strong>sacerdote</strong></span> <span class='ocrx_word' id='word_1_206' title='bbox 1317 3135 1679 3191; x_wconf 86' lang='lat' dir='ltr'><strong>celebramus.</strong></span> <span class='ocrx_word' id='word_1_207' title='bbox 1718 3157 1736 3189; x_wconf 72' lang='grc' dir='ltr'><strong>ι</strong></span> <span class='ocrx_word' id='word_1_208' title='bbox 1794 3137 2026 3208; x_wconf 86' lang='lat' dir='ltr'><strong>Hujusce</strong></span> 
     </span>
    </p>
   </div>
   <div class='ocr_carea' id='block_1_29' title="bbox 423 3227 2026 3298">
    <p class='ocr_par' dir='ltr' id='par_1_29' title="bbox 423 3227 2026 3298">
     <span class='ocr_line' id='line_1_29' title="bbox 423 3227 2026 3298; baseline 0 -12"><span class='ocrx_word' id='word_1_209' title='bbox 423 3236 721 3286; x_wconf 88' lang='lat' dir='ltr'><strong>conventus</strong></span> <span class='ocrx_word' id='word_1_210' title='bbox 751 3228 901 3284; x_wconf 93' lang='lat' dir='ltr'><strong>locus</strong></span> <span class='ocrx_word' id='word_1_211' title='bbox 929 3227 1301 3298; x_wconf 84' lang='lat' dir='ltr'><strong>appellabatur</strong></span> <span class='ocrx_word' id='word_1_212' title='bbox 1345 3247 1363 3278; x_wconf 86' lang='grc'><em>‹</em></span> <span class='ocrx_word' id='word_1_213' title='bbox 1394 3227 1750 3297; x_wconf 86' lang='lat' dir='ltr'><strong>Dominicum,</strong></span> <span class='ocrx_word' id='word_1_214' title='bbox 1785 3248 1804 3282; x_wconf 73' lang='grc' dir='ltr'><strong>ι</strong></span> <span class='ocrx_word' id='word_1_215' title='bbox 1859 3231 1934 3284; x_wconf 91' lang='lat' dir='ltr'><strong>uti</strong></span> <span class='ocrx_word' id='word_1_216' title='bbox 1960 3246 2026 3286; x_wconf 79' lang='lat' dir='ltr'><strong>ex</strong></span> 
     </span>
    </p>
   </div>
   <div class='ocr_carea' id='block_1_30' title="bbox 421 3319 2026 3394">
    <p class='ocr_par' dir='ltr' id='par_1_30' title="bbox 421 3319 2026 3394">
     <span class='ocr_line' id='line_1_30' title="bbox 421 3319 2026 3394; baseline 0.001 -17"><span class='ocrx_word' id='word_1_217' title='bbox 421 3319 615 3378; x_wconf 87' lang='lat' dir='ltr'><strong>eodem</strong></span> <span class='ocrx_word' id='word_1_218' title='bbox 665 3320 787 3376; x_wconf 89' lang='lat' dir='ltr'><strong>divo</strong></span> <span class='ocrx_word' id='word_1_219' title='bbox 836 3319 1105 3392; x_wconf 90' lang='lat' dir='ltr'><strong>Cypriano</strong></span> <span class='ocrx_word' id='word_1_220' title='bbox 1143 3321 1260 3376; x_wconf 88' lang='lat' dir='ltr'><strong>erui</strong></span> <span class='ocrx_word' id='word_1_221' title='bbox 1309 3335 1466 3391; x_wconf 88' lang='lat' dir='ltr'><strong>posse</strong></span> <span class='ocrx_word' id='word_1_222' title='bbox 1521 3321 1732 3378; x_wconf 88' lang='lat' dir='ltr'><strong>videtur</strong></span> <span class='ocrx_word' id='word_1_223' title='bbox 1765 3363 1781 3388; x_wconf 94' lang='lat'><strong>,</strong></span> <span class='ocrx_word' id='word_1_224' title='bbox 1829 3323 1920 3394; x_wconf 90' lang='lat' dir='ltr'><strong>qui</strong></span> <span class='ocrx_word' id='word_1_225' title='bbox 1974 3325 2026 3379; x_wconf 94' lang='lat' dir='ltr'><strong>in</strong></span> 
     </span>
    </p>
   </div>
   <div class='ocr_carea' id='block_1_31' title="bbox 426 3411 2029 3485">
    <p class='ocr_par' dir='ltr' id='par_1_31' title="bbox 426 3411 2029 3485">
     <span class='ocr_line' id='line_1_31' title="bbox 426 3411 2029 3485; baseline 0.001 -17"><span class='ocrx_word' id='word_1_226' title='bbox 426 3420 658 3468; x_wconf 86' lang='lat' dir='ltr'><strong>tractatu</strong></span> <span class='ocrx_word' id='word_1_227' title='bbox 685 3411 752 3468; x_wconf 92' lang='lat' dir='ltr'><strong>de</strong></span> <span class='ocrx_word' id='word_1_228' title='bbox 776 3411 952 3481; x_wconf 89' lang='lat' dir='ltr'><strong>Opere</strong></span> <span class='ocrx_word' id='word_1_229' title='bbox 975 3420 1030 3465; x_wconf 91' lang='lat' dir='ltr'><strong>et</strong></span> <span class='ocrx_word' id='word_1_230' title='bbox 1059 3412 1416 3485; x_wconf 89' lang='lat' dir='ltr'><strong>Eleemosyna</strong></span> <span class='ocrx_word' id='word_1_231' title='bbox 1451 3413 1705 3470; x_wconf 89' lang='lat' dir='ltr'><strong>mulieres</strong></span> <span class='ocrx_word' id='word_1_232' title='bbox 1732 3413 1925 3470; x_wconf 89' lang='lat' dir='ltr'><strong>divites</strong></span> <span class='ocrx_word' id='word_1_233' title='bbox 1952 3415 2029 3471; x_wconf 92' lang='lat' dir='ltr'><strong>sic</strong></span> 
     </span>
    </p>
   </div>
   <div class='ocr_carea' id='block_1_32' title="bbox 425 3499 2027 3576">
    <p class='ocr_par' dir='ltr' id='par_1_32' title="bbox 425 3499 2027 3576">
     <span class='ocr_line' id='line_1_32' title="bbox 425 3499 2027 3576; baseline 0.001 -16"><span class='ocrx_word' id='word_1_234' title='bbox 425 3503 716 3574; x_wconf 86' lang='lat' dir='ltr'><strong>alloquitur</strong></span> <span class='ocrx_word' id='word_1_235' title='bbox 737 3501 818 3576; x_wconf 74' lang='grc'><strong>(4)</strong></span> <span class='ocrx_word' id='word_1_236' title='bbox 845 3522 857 3557; x_wconf 91' lang='lat'>:</span> <span class='ocrx_word' id='word_1_237' title='bbox 888 3521 908 3556; x_wconf 71' lang='grc' dir='ltr'><strong>ι</strong></span> <span class='ocrx_word' id='word_1_238' title='bbox 941 3504 1206 3575; x_wconf 87' lang='lat' dir='ltr'><strong>Locuples</strong></span> <span class='ocrx_word' id='word_1_239' title='bbox 1227 3516 1282 3560; x_wconf 85' lang='lat' dir='ltr'><strong>et</strong></span> <span class='ocrx_word' id='word_1_240' title='bbox 1306 3505 1458 3562; x_wconf 88' lang='lat' dir='ltr'><strong>dives</strong></span> <span class='ocrx_word' id='word_1_241' title='bbox 1485 3520 1578 3572; x_wconf 92' lang='lat' dir='ltr'><strong>es;</strong></span> <span class='ocrx_word' id='word_1_242' title='bbox 1611 3499 1667 3561; x_wconf 86' lang='lat' dir='ltr'><strong>et</strong></span> <span class='ocrx_word' id='word_1_243' title='bbox 1691 3506 2027 3561; x_wconf 89' lang='lat' dir='ltr'><strong>Dominicum</strong></span> 
     </span>
    </p>
   </div>
   <div class='ocr_carea' id='block_1_33' title="bbox 426 3600 2030 3674">
    <p class='ocr_par' dir='ltr' id='par_1_33' title="bbox 426 3600 2030 3674">
     <span class='ocr_line' id='line_1_33' title="bbox 426 3600 2030 3674; baseline -0.002 -17"><span class='ocrx_word' id='word_1_244' title='bbox 426 3600 705 3657; x_wconf 90' lang='lat' dir='ltr'><strong>celebrare</strong></span> <span class='ocrx_word' id='word_1_245' title='bbox 732 3610 784 3656; x_wconf 90' lang='lat' dir='ltr'><strong>te</strong></span> <span class='ocrx_word' id='word_1_246' title='bbox 805 3601 1000 3668; x_wconf 90' lang='lat' dir='ltr'><strong>credis,</strong></span> <span class='ocrx_word' id='word_1_247' title='bbox 1027 3617 1149 3674; x_wconf 66' lang='lat' dir='ltr'><strong>quae</strong></span> <span class='ocrx_word' id='word_1_248' title='bbox 1169 3601 1461 3658; x_wconf 89' lang='lat' dir='ltr'><strong>corbonam</strong></span> <span class='ocrx_word' id='word_1_249' title='bbox 1488 3601 1709 3655; x_wconf 89' lang='lat' dir='ltr'><strong>omnino</strong></span> <span class='ocrx_word' id='word_1_250' title='bbox 1737 3615 1843 3654; x_wconf 91' lang='lat' dir='ltr'><strong>non</strong></span> <span class='ocrx_word' id='word_1_251' title='bbox 1861 3601 2030 3670; x_wconf 87' lang='lat' dir='ltr'><strong>respi-</strong></span> 
     </span>
    </p>
   </div>
   <div class='ocr_carea' id='block_1_34' title="bbox 427 3692 2030 3768">
    <p class='ocr_par' dir='ltr' id='par_1_34' title="bbox 427 3692 2030 3768">
     <span class='ocr_line' id='line_1_34' title="bbox 427 3692 2030 3768; baseline -0.002 -17"><span class='ocrx_word' id='word_1_252' title='bbox 427 3696 542 3763; x_wconf 90' lang='lat' dir='ltr'><strong>cis;</strong></span> <span class='ocrx_word' id='word_1_253' title='bbox 582 3711 702 3768; x_wconf 85' lang='lat' dir='ltr'><strong>quae</strong></span> <span class='ocrx_word' id='word_1_254' title='bbox 749 3697 800 3751; x_wconf 93' lang='lat' dir='ltr'><strong>in</strong></span> <span class='ocrx_word' id='word_1_255' title='bbox 829 3696 1164 3751; x_wconf 91' lang='lat' dir='ltr'><strong>Dominicum</strong></span> <span class='ocrx_word' id='word_1_256' title='bbox 1209 3695 1328 3751; x_wconf 90' lang='lat' dir='ltr'><strong>sine</strong></span> <span class='ocrx_word' id='word_1_257' title='bbox 1372 3692 1635 3749; x_wconf 90' lang='lat' dir='ltr'><strong>sacriﬁcio</strong></span> <span class='ocrx_word' id='word_1_258' title='bbox 1675 3693 1860 3757; x_wconf 85' lang='lat' dir='ltr'><strong>venis;</strong></span> <span class='ocrx_word' id='word_1_259' title='bbox 1910 3708 2030 3763; x_wconf 71' lang='lat' dir='ltr'><strong>quae</strong></span> 
     </span>
    </p>
   </div>
   <div class='ocr_carea' id='block_1_35' title="bbox 427 3785 1952 3858">
    <p class='ocr_par' dir='ltr' id='par_1_35' title="bbox 427 3785 1952 3858">
     <span class='ocr_line' id='line_1_35' title="bbox 427 3785 1952 3858; baseline -0.001 -18"><span class='ocrx_word' id='word_1_260' title='bbox 427 3796 634 3857; x_wconf 88' lang='lat' dir='ltr'><strong>partem</strong></span> <span class='ocrx_word' id='word_1_261' title='bbox 663 3788 733 3844; x_wconf 92' lang='lat' dir='ltr'><strong>de</strong></span> <span class='ocrx_word' id='word_1_262' title='bbox 758 3788 1040 3854; x_wconf 90' lang='lat' dir='ltr'><strong>sacriﬁcio,</strong></span> <span class='ocrx_word' id='word_1_263' title='bbox 1066 3787 1209 3858; x_wconf 92' lang='lat' dir='ltr'><strong>quod</strong></span> <span class='ocrx_word' id='word_1_264' title='bbox 1241 3801 1444 3858; x_wconf 88' lang='lat' dir='ltr'><strong>pauper</strong></span> <span class='ocrx_word' id='word_1_265' title='bbox 1469 3785 1685 3850; x_wconf 88' lang='lat' dir='ltr'><strong>obtulit,</strong></span> <span class='ocrx_word' id='word_1_266' title='bbox 1713 3786 1900 3840; x_wconf 87' lang='lat' dir='ltr'><strong>sumis.</strong></span> <span class='ocrx_word' id='word_1_267' title='bbox 1933 3804 1952 3838; x_wconf 75' lang='grc' dir='ltr'><strong>ι</strong></span> 
     </span>
    </p>
   </div>
   <div class='ocr_carea' id='block_1_36' title="bbox 499 3879 2031 3949">
    <p class='ocr_par' dir='ltr' id='par_1_36' title="bbox 499 3879 2031 3949">
     <span class='ocr_line' id='line_1_36' title="bbox 499 3879 2031 3949; baseline 0.001 -15"><span class='ocrx_word' id='word_1_268' title='bbox 499 3879 662 3936; x_wconf 73' lang='lat' dir='ltr'><strong>XVII.</strong></span> <span class='ocrx_word' id='word_1_269' title='bbox 693 3880 914 3949; x_wconf 85' lang='lat' dir='ltr'><strong>Tempus</strong></span> <span class='ocrx_word' id='word_1_270' title='bbox 935 3881 1222 3936; x_wconf 87' lang='lat' dir='ltr'><strong>celebrandi</strong></span> <span class='ocrx_word' id='word_1_271' title='bbox 1234 3891 1466 3935; x_wconf 86' lang='lat' dir='ltr'><strong>sanctum</strong></span> <span class='ocrx_word' id='word_1_272' title='bbox 1494 3881 1900 3949; x_wconf 86' lang='lat' dir='ltr'><strong>sacri/icium.-—</strong></span> <span class='ocrx_word' id='word_1_273' title='bbox 1915 3881 2031 3936; x_wconf 87' lang='lat' dir='ltr'><strong>Divi</strong></span> 
     </span>
    </p>
   </div>
   <div class='ocr_carea' id='block_1_37' title="bbox 428 3971 2030 4046">
    <p class='ocr_par' dir='ltr' id='par_1_37' title="bbox 428 3971 2030 4046">
     <span class='ocr_line' id='line_1_37' title="bbox 428 3971 2030 4046; baseline -0.002 -16"><span class='ocrx_word' id='word_1_274' title='bbox 428 3971 684 4046; x_wconf 86' lang='lat' dir='ltr'><strong>Cypriani</strong></span> <span class='ocrx_word' id='word_1_275' title='bbox 733 3983 893 4030; x_wconf 58' lang='lat' dir='ltr'><strong>actate</strong></span> <span class='ocrx_word' id='word_1_276' title='bbox 946 3974 1282 4030; x_wconf 87' lang='lat' dir='ltr'><strong>Eucharistia</strong></span> <span class='ocrx_word' id='word_1_277' title='bbox 1340 3975 1645 4030; x_wconf 87' lang='lat' dir='ltr'><strong>celebratur</strong></span> <span class='ocrx_word' id='word_1_278' title='bbox 1692 3983 1801 4028; x_wconf 92' lang='lat' dir='ltr'><strong>tum</strong></span> <span class='ocrx_word' id='word_1_279' title='bbox 1861 3984 2030 4029; x_wconf 85' lang='lat' dir='ltr'><strong>matu-</strong></span> 
     </span>
    </p>
   </div>
   <div class='ocr_carea' id='block_1_38' title="bbox 430 4065 2034 4136">
    <p class='ocr_par' dir='ltr' id='par_1_38' title="bbox 430 4065 2034 4136">
     <span class='ocr_line' id='line_1_38' title="bbox 430 4065 2034 4136; baseline -0.001 -15"><span class='ocrx_word' id='word_1_280' title='bbox 430 4065 570 4130; x_wconf 88' lang='lat' dir='ltr'><strong>tino,</strong></span> <span class='ocrx_word' id='word_1_281' title='bbox 604 4072 718 4119; x_wconf 88' lang='lat' dir='ltr'><strong>tum</strong></span> <span class='ocrx_word' id='word_1_282' title='bbox 768 4067 1079 4136; x_wconf 88' lang='lat' dir='ltr'><strong>vespertino</strong></span> <span class='ocrx_word' id='word_1_283' title='bbox 1135 4075 1398 4136; x_wconf 90' lang='lat' dir='ltr'><strong>tempore.</strong></span> <span class='ocrx_word' id='word_1_284' title='bbox 1455 4065 1720 4120; x_wconf 87' lang='lat' dir='ltr'><strong>Probatur</strong></span> <span class='ocrx_word' id='word_1_285' title='bbox 1765 4065 1818 4120; x_wconf 90' lang='lat' dir='ltr'><strong>id</strong></span> <span class='ocrx_word' id='word_1_286' title='bbox 1874 4066 2034 4135; x_wconf 87' lang='lat' dir='ltr'><strong>Epis-</strong></span> 
     </span>
    </p>
   </div>
   <div class='ocr_carea' id='block_1_39' title="bbox 431 4156 2034 4228">
    <p class='ocr_par' dir='ltr' id='par_1_39' title="bbox 431 4156 2034 4228">
     <span class='ocr_line' id='line_1_39' title="bbox 431 4156 2034 4228; baseline 0.001 -16"><span class='ocrx_word' id='word_1_287' title='bbox 431 4156 539 4212; x_wconf 86' lang='lat' dir='ltr'><strong>toia</strong></span> <span class='ocrx_word' id='word_1_288' title='bbox 567 4157 900 4226; x_wconf 79' lang='lat' dir='ltr'><strong>sexagesima</strong></span> <span class='ocrx_word' id='word_1_289' title='bbox 931 4157 1088 4212; x_wconf 89' lang='lat' dir='ltr'><strong>tertia</strong></span> <span class='ocrx_word' id='word_1_290' title='bbox 1119 4157 1344 4228; x_wconf 84' lang='lat' dir='ltr'><strong>hujusce</strong></span> <span class='ocrx_word' id='word_1_291' title='bbox 1375 4157 1547 4212; x_wconf 89' lang='lat' dir='ltr'><strong>sancti</strong></span> <span class='ocrx_word' id='word_1_292' title='bbox 1575 4157 1854 4223; x_wconf 88' lang='lat' dir='ltr'><strong>Doctoris;</strong></span> <span class='ocrx_word' id='word_1_293' title='bbox 1897 4158 1949 4212; x_wconf 93' lang='lat' dir='ltr'><strong>in</strong></span> <span class='ocrx_word' id='word_1_294' title='bbox 1971 4174 2034 4215; x_wconf 87' lang='lat' dir='ltr'><strong>ea</strong></span> 
     </span>
    </p>
   </div>
   <div class='ocr_carea' id='block_1_40' title="bbox 429 4247 2032 4321">
    <p class='ocr_par' dir='ltr' id='par_1_40' title="bbox 429 4247 2032 4321">
     <span class='ocr_line' id='line_1_40' title="bbox 429 4247 2032 4321; baseline 0.001 -16"><span class='ocrx_word' id='word_1_295' title='bbox 429 4247 698 4321; x_wconf 86' lang='lat' dir='ltr'><strong>siquidem</strong></span> <span class='ocrx_word' id='word_1_296' title='bbox 740 4259 929 4305; x_wconf 89' lang='lat' dir='ltr'><strong>contra</strong></span> <span class='ocrx_word' id='word_1_297' title='bbox 959 4265 1054 4306; x_wconf 90' lang='lat' dir='ltr'><strong>eos</strong></span> <span class='ocrx_word' id='word_1_298' title='bbox 1080 4250 1352 4306; x_wconf 86' lang='lat' dir='ltr'><strong>disserens</strong></span> <span class='ocrx_word' id='word_1_299' title='bbox 1373 4251 1461 4321; x_wconf 92' lang='lat' dir='ltr'><strong>qui</strong></span> <span class='ocrx_word' id='word_1_300' title='bbox 1492 4250 1742 4305; x_wconf 87' lang='lat' dir='ltr'><strong>nolebant</strong></span> <span class='ocrx_word' id='word_1_301' title='bbox 1767 4251 1949 4305; x_wconf 90' lang='lat' dir='ltr'><strong>vinum</strong></span> <span class='ocrx_word' id='word_1_302' title='bbox 1981 4252 2032 4306; x_wconf 93' lang='lat' dir='ltr'><strong>in</strong></span> 
     </span>
    </p>
   </div>
   <div class='ocr_carea' id='block_1_41' title="bbox 433 4339 2037 4410">
    <p class='ocr_par' dir='ltr' id='par_1_41' title="bbox 433 4339 2037 4410">
     <span class='ocr_line' id='line_1_41' title="bbox 433 4339 2037 4410; baseline -0.001 -11"><span class='ocrx_word' id='word_1_303' title='bbox 433 4339 602 4399; x_wconf 84' lang='lat' dir='ltr'><strong>ealice</strong></span> <span class='ocrx_word' id='word_1_304' title='bbox 645 4340 930 4398; x_wconf 81' lang='lat' dir='ltr'><strong>infundere</strong></span> <span class='ocrx_word' id='word_1_305' title='bbox 974 4342 1029 4397; x_wconf 90' lang='lat' dir='ltr'><strong>in</strong></span> <span class='ocrx_word' id='word_1_306' title='bbox 1078 4341 1364 4398; x_wconf 83' lang='lat' dir='ltr'><strong>sacrificiis</strong></span> <span class='ocrx_word' id='word_1_307' title='bbox 1411 4342 1708 4410; x_wconf 89' lang='lat' dir='ltr'><strong>matutinis,</strong></span> <span class='ocrx_word' id='word_1_308' title='bbox 1749 4358 1816 4398; x_wconf 91' lang='lat' dir='ltr'><strong>ne</strong></span> <span class='ocrx_word' id='word_1_309' title='bbox 1852 4341 2037 4398; x_wconf 87' lang='lat' dir='ltr'><strong>ﬁdeles</strong></span> 
     </span>
    </p>
   </div>
   <div class='ocr_carea' id='block_1_42' title="bbox 430 4433 2032 4504">
    <p class='ocr_par' dir='ltr' id='par_1_42' title="bbox 430 4433 2032 4504">
     <span class='ocr_line' id='line_1_42' title="bbox 430 4433 2032 4504; baseline 0.001 -17"><span class='ocrx_word' id='word_1_310' title='bbox 430 4441 557 4504; x_wconf 87' lang='lat' dir='ltr'><strong>post</strong></span> <span class='ocrx_word' id='word_1_311' title='bbox 587 4435 1018 4490; x_wconf 89' lang='lat' dir='ltr'><strong>communionem</strong></span> <span class='ocrx_word' id='word_1_312' title='bbox 1047 4435 1228 4489; x_wconf 88' lang='lat' dir='ltr'><strong>vinum</strong></span> <span class='ocrx_word' id='word_1_313' title='bbox 1258 4435 1563 4490; x_wconf 88' lang='lat' dir='ltr'><strong>redolentes</strong></span> <span class='ocrx_word' id='word_1_314' title='bbox 1607 4433 1675 4489; x_wconf 89' lang='lat' dir='ltr'><strong>ab</strong></span> <span class='ocrx_word' id='word_1_315' title='bbox 1701 4434 1930 4489; x_wconf 88' lang='lat' dir='ltr'><strong>ethnicis</strong></span> <span class='ocrx_word' id='word_1_316' title='bbox 1951 4435 2032 4490; x_wconf 85' lang='lat' dir='ltr'><strong>di-</strong></span> 
     </span>
    </p>
   </div>
   <div class='ocr_carea' id='block_1_43' title="bbox 432 4526 2028 4597">
    <p class='ocr_par' dir='ltr' id='par_1_43' title="bbox 432 4526 2028 4597">
     <span class='ocr_line' id='line_1_43' title="bbox 432 4526 2028 4597; baseline 0.003 -18"><span class='ocrx_word' id='word_1_317' title='bbox 432 4534 860 4595; x_wconf 84' lang='lat' dir='ltr'><strong>guoscerentur;</strong></span> <span class='ocrx_word' id='word_1_318' title='bbox 890 4526 1006 4582; x_wconf 65' lang='lat' dir='ltr'><strong>haec</strong></span> <span class='ocrx_word' id='word_1_319' title='bbox 1032 4527 1196 4583; x_wconf 91' lang='lat' dir='ltr'><strong>habet</strong></span> <span class='ocrx_word' id='word_1_320' title='bbox 1223 4526 1304 4596; x_wconf 84' lang='grc'><strong>(5)</strong></span> <span class='ocrx_word' id='word_1_321' title='bbox 1335 4544 1348 4582; x_wconf 86' lang='lat'><strong>:</strong></span> <span class='ocrx_word' id='word_1_322' title='bbox 1385 4546 1405 4578; x_wconf 74' lang='grc' dir='ltr'>σ</span> <span class='ocrx_word' id='word_1_323' title='bbox 1435 4527 1518 4581; x_wconf 80' lang='lat' dir='ltr'><strong>An</strong></span> <span class='ocrx_word' id='word_1_324' title='bbox 1564 4527 1652 4581; x_wconf 91' lang='lat' dir='ltr'><strong>illa</strong></span> <span class='ocrx_word' id='word_1_325' title='bbox 1691 4528 1883 4597; x_wconf 87' lang='lat' dir='ltr'><strong>aliquis</strong></span> <span class='ocrx_word' id='word_1_326' title='bbox 1927 4529 2028 4585; x_wconf 88' lang='lat' dir='ltr'><strong>sibi</strong></span> 
     </span>
    </p>
   </div>
   <div class='ocr_carea' id='block_1_44' title="bbox 435 4618 2026 4690">
    <p class='ocr_par' dir='ltr' id='par_1_44' title="bbox 435 4618 2026 4690">
     <span class='ocr_line' id='line_1_44' title="bbox 435 4618 2026 4690; baseline 0.001 -16"><span class='ocrx_word' id='word_1_327' title='bbox 435 4618 894 4688; x_wconf 87' lang='lat' dir='ltr'><strong>contemplatione</strong></span> <span class='ocrx_word' id='word_1_328' title='bbox 922 4618 1215 4683; x_wconf 89' lang='lat' dir='ltr'><strong>blanditur,</strong></span> <span class='ocrx_word' id='word_1_329' title='bbox 1241 4619 1406 4688; x_wconf 90' lang='lat' dir='ltr'><strong>quod,</strong></span> <span class='ocrx_word' id='word_1_330' title='bbox 1439 4619 1540 4674; x_wconf 91' lang='lat' dir='ltr'><strong>etsi</strong></span> <span class='ocrx_word' id='word_1_331' title='bbox 1573 4634 1731 4675; x_wconf 91' lang='lat' dir='ltr'><strong>mane</strong></span> <span class='ocrx_word' id='word_1_332' title='bbox 1751 4635 1888 4690; x_wconf 87' lang='lat' dir='ltr'><strong>aqua</strong></span> <span class='ocrx_word' id='word_1_333' title='bbox 1916 4621 2026 4675; x_wconf 93' lang='lat' dir='ltr'><strong>sola</strong></span> 
     </span>
    </p>
   </div>
   <div class='ocr_carea' id='block_1_45' title="bbox 436 4709 2030 4783">
    <p class='ocr_par' dir='ltr' id='par_1_45' title="bbox 436 4709 2030 4783">
     <span class='ocr_line' id='line_1_45' title="bbox 436 4709 2030 4783; baseline 0.002 -16"><span class='ocrx_word' id='word_1_334' title='bbox 436 4709 623 4767; x_wconf 71' lang='lat' dir='ltr'><strong>offerri</strong></span> <span class='ocrx_word' id='word_1_335' title='bbox 653 4710 887 4776; x_wconf 88' lang='lat' dir='ltr'><strong>videtur,</strong></span> <span class='ocrx_word' id='word_1_336' title='bbox 928 4721 1106 4766; x_wconf 89' lang='lat' dir='ltr'><strong>tamen</strong></span> <span class='ocrx_word' id='word_1_337' title='bbox 1137 4727 1258 4767; x_wconf 89' lang='lat' dir='ltr'><strong>cum</strong></span> <span class='ocrx_word' id='word_1_338' title='bbox 1289 4711 1354 4766; x_wconf 88' lang='lat' dir='ltr'><strong>ad</strong></span> <span class='ocrx_word' id='word_1_339' title='bbox 1393 4713 1713 4768; x_wconf 71' lang='lat' dir='ltr'><strong>cmnandum</strong></span> <span class='ocrx_word' id='word_1_340' title='bbox 1760 4715 2030 4783; x_wconf 89' lang='lat' dir='ltr'><strong>venimus,</strong></span> 
     </span>
    </p>
   </div>
   <div class='ocr_carea' id='block_1_46' title="bbox 435 4803 2034 4879">
    <p class='ocr_par' dir='ltr' id='par_1_46' title="bbox 435 4803 2034 4879">
     <span class='ocr_line' id='line_1_46' title="bbox 435 4803 2034 4879; baseline 0.003 -21"><span class='ocrx_word' id='word_1_341' title='bbox 435 4805 664 4859; x_wconf 79' lang='lat' dir='ltr'><strong>mixtum</strong></span> <span class='ocrx_word' id='word_1_342' title='bbox 704 4803 930 4879; x_wconf 78' lang='lat' dir='ltr'><strong>calicem</strong></span> <span class='ocrx_word' id='word_1_343' title='bbox 961 4803 1340 4860; x_wconf 81' lang='lat' dir='ltr'><strong>offerimus?...</strong></span> <span class='ocrx_word' id='word_1_344' title='bbox 1377 4825 1396 4858; x_wconf 75' lang='grc' dir='ltr'><strong>ι</strong></span> <span class='ocrx_word' id='word_1_345' title='bbox 1449 4804 1810 4862; x_wconf 85' lang='lat' dir='ltr'><strong>Nihilominus</strong></span> <span class='ocrx_word' id='word_1_346' title='bbox 1844 4822 1905 4862; x_wconf 87' lang='lat' dir='ltr'><strong>ea</strong></span> <span class='ocrx_word' id='word_1_347' title='bbox 1949 4817 2034 4863; x_wconf 90' lang='lat' dir='ltr'><strong>est</strong></span> 
     </span>
    </p>
   </div>
   <div class='ocr_carea' id='block_1_47' title="bbox 437 4895 2032 4970">
    <p class='ocr_par' dir='ltr' id='par_1_47' title="bbox 437 4895 2032 4970">
     <span class='ocr_line' id='line_1_47' title="bbox 437 4895 2032 4970; baseline 0.003 -19"><span class='ocrx_word' id='word_1_348' title='bbox 437 4895 689 4968; x_wconf 86' lang='lat' dir='ltr'><strong>Cypriani</strong></span> <span class='ocrx_word' id='word_1_349' title='bbox 714 4912 887 4964; x_wconf 90' lang='lat' dir='ltr'><strong>mens,</strong></span> <span class='ocrx_word' id='word_1_350' title='bbox 910 4897 1054 4968; x_wconf 91' lang='lat' dir='ltr'><strong>quod</strong></span> <span class='ocrx_word' id='word_1_351' title='bbox 1100 4899 1363 4952; x_wconf 91' lang='lat' dir='ltr'><strong>matutino</strong></span> <span class='ocrx_word' id='word_1_352' title='bbox 1395 4899 1591 4969; x_wconf 90' lang='lat' dir='ltr'><strong>potius,</strong></span> <span class='ocrx_word' id='word_1_353' title='bbox 1627 4915 1785 4970; x_wconf 88' lang='lat' dir='ltr'><strong>quam</strong></span> <span class='ocrx_word' id='word_1_354' title='bbox 1809 4915 2032 4970; x_wconf 85' lang='lat' dir='ltr'><strong>vesper-</strong></span> 
     </span>
    </p>
   </div>
   <div class='ocr_carea' id='block_1_48' title="bbox 439 4989 2035 5060">
    <p class='ocr_par' dir='ltr' id='par_1_48' title="bbox 439 4989 2035 5060">
     <span class='ocr_line' id='line_1_48' title="bbox 439 4989 2035 5060; baseline 0.003 -17"><span class='ocrx_word' id='word_1_355' title='bbox 439 4989 552 5043; x_wconf 89' lang='lat' dir='ltr'><strong>tino</strong></span> <span class='ocrx_word' id='word_1_356' title='bbox 584 4998 824 5060; x_wconf 89' lang='lat' dir='ltr'><strong>tempore</strong></span> <span class='ocrx_word' id='word_1_357' title='bbox 869 4989 1192 5045; x_wconf 88' lang='lat' dir='ltr'><strong>sacriﬁcium</strong></span> <span class='ocrx_word' id='word_1_358' title='bbox 1223 4989 1547 5046; x_wconf 87' lang='lat' dir='ltr'><strong>celebretur.</strong></span> <span class='ocrx_word' id='word_1_359' title='bbox 1596 4991 1676 5046; x_wconf 81' lang='lat' dir='ltr'><strong>Ad</strong></span> <span class='ocrx_word' id='word_1_360' title='bbox 1727 4991 1855 5045; x_wconf 91' lang='lat' dir='ltr'><strong>illud</strong></span> <span class='ocrx_word' id='word_1_361' title='bbox 1904 5007 2035 5047; x_wconf 85' lang='lat' dir='ltr'><strong>vero</strong></span> 
     </span>
    </p>
   </div>
   <div class='ocr_carea' id='block_1_49' title="bbox 440 5081 2033 5154">
    <p class='ocr_par' dir='ltr' id='par_1_49' title="bbox 440 5081 2033 5154">
     <span class='ocr_line' id='line_1_49' title="bbox 440 5081 2033 5154; baseline 0.003 -18"><span class='ocrx_word' id='word_1_362' title='bbox 440 5081 582 5154; x_wconf 90' lang='lat' dir='ltr'><strong>quod</strong></span> <span class='ocrx_word' id='word_1_363' title='bbox 613 5083 778 5152; x_wconf 85' lang='lat' dir='ltr'><strong>aliqui</strong></span> <span class='ocrx_word' id='word_1_364' title='bbox 805 5083 1462 5153; x_wconf 88' lang='lat' dir='ltr'><strong>objiciebant,Dominum</strong></span> <span class='ocrx_word' id='word_1_365' title='bbox 1493 5084 1701 5140; x_wconf 90' lang='lat' dir='ltr'><strong>scilicet</strong></span> <span class='ocrx_word' id='word_1_366' title='bbox 1724 5099 1828 5138; x_wconf 93' lang='lat' dir='ltr'><strong>non</strong></span> <span class='ocrx_word' id='word_1_367' title='bbox 1853 5099 2033 5153; x_wconf 90' lang='lat' dir='ltr'><strong>mane,</strong></span> 
     </span>
    </p>
   </div>
   <div class='ocr_carea' id='block_1_50' title="bbox 441 5176 2038 5246">
    <p class='ocr_par' dir='ltr' id='par_1_50' title="bbox 441 5176 2038 5246">
     <span class='ocr_line' id='line_1_50' title="bbox 441 5176 2038 5246; baseline 0.003 -15"><span class='ocrx_word' id='word_1_368' title='bbox 441 5176 537 5232; x_wconf 91' lang='lat' dir='ltr'><strong>sed</strong></span> <span class='ocrx_word' id='word_1_369' title='bbox 567 5185 689 5246; x_wconf 89' lang='lat' dir='ltr'><strong>post</strong></span> <span class='ocrx_word' id='word_1_370' title='bbox 715 5191 926 5232; x_wconf 78' lang='lat' dir='ltr'><strong>ccenam</strong></span> <span class='ocrx_word' id='word_1_371' title='bbox 959 5178 1184 5232; x_wconf 77' lang='lat' dir='ltr'><strong>mixtum</strong></span> <span class='ocrx_word' id='word_1_372' title='bbox 1221 5177 1445 5234; x_wconf 90' lang='lat' dir='ltr'><strong>calicem</strong></span> <span class='ocrx_word' id='word_1_373' title='bbox 1471 5179 1765 5244; x_wconf 86' lang='lat' dir='ltr'><strong>obtulisse;</strong></span> <span class='ocrx_word' id='word_1_374' title='bbox 1807 5178 1924 5234; x_wconf 76' lang='lat' dir='ltr'><strong>bzec</strong></span> <span class='ocrx_word' id='word_1_375' title='bbox 1953 5196 2038 5235; x_wconf 90' lang='lat' dir='ltr'><strong>re-</strong></span> 
     </span>
    </p>
   </div>
   <div class='ocr_carea' id='block_1_51' title="bbox 441 5269 2040 5342">
    <p class='ocr_par' dir='ltr' id='par_1_51' title="bbox 441 5269 2040 5342">
     <span class='ocr_line' id='line_1_51' title="bbox 441 5269 2040 5342; baseline 0 -19"><span class='ocrx_word' id='word_1_376' title='bbox 441 5270 594 5339; x_wconf 86' lang='lat' dir='ltr'><strong>ponit</strong></span> <span class='ocrx_word' id='word_1_377' title='bbox 619 5277 838 5323; x_wconf 89' lang='lat' dir='ltr'><strong>sanctus</strong></span> <span class='ocrx_word' id='word_1_378' title='bbox 867 5269 1165 5340; x_wconf 78' lang='lat' dir='ltr'><strong>Episc0pus</strong></span> <span class='ocrx_word' id='word_1_379' title='bbox 1191 5289 1203 5324; x_wconf 89' lang='lat'><strong>:</strong></span> <span class='ocrx_word' id='word_1_380' title='bbox 1233 5271 1506 5328; x_wconf 86' lang='lat' dir='ltr'><strong>Christum</strong></span> <span class='ocrx_word' id='word_1_381' title='bbox 1537 5273 1733 5328; x_wconf 83' lang='lat' dir='ltr'><strong>offerre</strong></span> <span class='ocrx_word' id='word_1_382' title='bbox 1755 5273 2040 5342; x_wconf 87' lang='lat' dir='ltr'><strong>oportebat</strong></span> 
     </span>
    </p>
   </div>
   <div class='ocr_carea' id='block_1_52' title="bbox 443 5362 2041 5438">
    <p class='ocr_par' dir='ltr' id='par_1_52' title="bbox 443 5362 2041 5438">
     <span class='ocr_line' id='line_1_52' title="bbox 443 5362 2041 5438; baseline 0.005 -25"><span class='ocrx_word' id='word_1_383' title='bbox 443 5362 585 5416; x_wconf 80' lang='lat' dir='ltr'><strong>circa</strong></span> <span class='ocrx_word' id='word_1_384' title='bbox 613 5376 898 5432; x_wconf 85' lang='lat' dir='ltr'><strong>vesperam</strong></span> <span class='ocrx_word' id='word_1_385' title='bbox 932 5363 1061 5432; x_wconf 90' lang='lat' dir='ltr'><strong>diei,</strong></span> <span class='ocrx_word' id='word_1_386' title='bbox 1089 5364 1287 5422; x_wconf 88' lang='lat' dir='ltr'><strong>utbora</strong></span> <span class='ocrx_word' id='word_1_387' title='bbox 1309 5367 1422 5438; x_wconf 92' lang='lat' dir='ltr'><strong>ipsa</strong></span> <span class='ocrx_word' id='word_1_388' title='bbox 1451 5364 1698 5421; x_wconf 88' lang='lat' dir='ltr'><strong>sacriﬁcii</strong></span> <span class='ocrx_word' id='word_1_389' title='bbox 1727 5365 2041 5422; x_wconf 80' lang='lat' dir='ltr'><strong>ostenderet</strong></span> 
     </span>
    </p>
   </div>
   <div class='ocr_carea' id='block_1_53' title="bbox 518 5514 2038 5642">
    <p class='ocr_par' dir='ltr' id='par_1_53' title="bbox 518 5514 2038 5642">
     <span class='ocr_line' id='line_1_53' title="bbox 518 5514 2038 5642; baseline 0.005 -72"><span class='ocrx_word' id='word_1_390' title='bbox 518 5514 598 5586; x_wconf 90' lang='grc'><strong>(1)</strong></span> <span class='ocrx_word' id='word_1_391' title='bbox 619 5515 804 5642; x_wconf 56' lang='lat' dir='ltr'><strong>(‘3&#39;er</strong></span> <span class='ocrx_word' id='word_1_392' title='bbox 826 5519 924 5591; x_wconf 88' lang='lat' dir='ltr'><strong>Ep.</strong></span> <span class='ocrx_word' id='word_1_393' title='bbox 944 5535 1082 5576; x_wconf 80' lang='lat' dir='ltr'><strong>xxm</strong></span> <span class='ocrx_word' id='word_1_394' title='bbox 1102 5521 1170 5574; x_wconf 87' lang='lat' dir='ltr'><strong>ad</strong></span> <span class='ocrx_word' id='word_1_395' title='bbox 1193 5519 1461 5584; x_wconf 79' lang='lat' dir='ltr'><strong>Jubaian..</strong></span> <span class='ocrx_word' id='word_1_396' title='bbox 1487 5531 1618 5576; x_wconf 88' lang='lat' dir='ltr'><strong>tom.</strong></span> <span class='ocrx_word' id='word_1_397' title='bbox 1645 5535 1722 5585; x_wconf 88' lang='grc' dir='ltr'>ιιι,</span> <span class='ocrx_word' id='word_1_398' title='bbox 1748 5532 1798 5572; x_wconf 91' lang='lat' dir='ltr'><strong>c.</strong></span> <span class='ocrx_word' id='word_1_399' title='bbox 1823 5517 1965 5576; x_wconf 85' lang='grc'><strong>1115</strong></span> <span class='ocrx_word' id='word_1_400' title='bbox 1986 5539 2038 5578; x_wconf 78' lang='grc' dir='ltr'><strong>Α.</strong></span> 
     </span>
     <span class='ocr_line' id='line_1_54' title="bbox 518 5585 1505 5642; baseline 0 0"><span class='ocrx_word' id='word_1_401' title='bbox 518 5586 589 5642; x_wconf 66' lang='lat' dir='ltr'><strong>l9)</strong></span> <span class='ocrx_word' id='word_1_402' title='bbox 621 5585 640 5640; x_wconf 84' lang='grc' dir='ltr'>Ι</span> <span class='ocrx_word' id='word_1_403' title='bbox 685 5627 698 5640; x_wconf 92' lang='grc'><strong>.</strong></span> <span class='ocrx_word' id='word_1_404' title='bbox 728 5589 826 5642; x_wconf 86' lang='lat' dir='ltr'><strong>Et).</strong></span> <span class='ocrx_word' id='word_1_405' title='bbox 858 5609 962 5642; x_wconf 77' lang='lat' dir='ltr'><strong>LIX.</strong></span> <span class='ocrx_word' id='word_1_406' title='bbox 996 5601 1122 5642; x_wconf 86' lang='lat' dir='ltr'><strong>tom.</strong></span> <span class='ocrx_word' id='word_1_407' title='bbox 1149 5607 1237 5642; x_wconf 82' lang='lat' dir='ltr'><strong>tu-</strong></span> <span class='ocrx_word' id='word_1_408' title='bbox 1269 5609 1317 5642; x_wconf 70' lang='grc' dir='ltr'><strong>(ι.</strong></span> <span class='ocrx_word' id='word_1_409' title='bbox 1347 5593 1505 5642; x_wconf 83' lang='grc'><strong>1016.</strong></span> 
     </span>
    </p>
   </div>
   <div class='ocr_carea' id='block_1_54' title="bbox 509 5585 1505 5660">
    <p class='ocr_par' dir='ltr' id='par_1_54' title="bbox 509 5585 1505 5660">
     <span class='ocr_line' id='line_1_55' title="bbox 509 5585 1505 5660; baseline 0.009 -22"><span class='ocrx_word' id='word_1_410' title='bbox 509 5585 589 5660; x_wconf 72' lang='lat'>(2)</span> <span class='ocrx_word' id='word_1_411' title='bbox 621 5585 698 5660; x_wconf 79' lang='lat' dir='ltr'><strong>Id.</strong></span> <span class='ocrx_word' id='word_1_412' title='bbox 728 5585 826 5660; x_wconf 87' lang='lat' dir='ltr'><strong>Ep.</strong></span> <span class='ocrx_word' id='word_1_413' title='bbox 857 5585 962 5656; x_wconf 71' lang='grc' dir='ltr'>ιζικ,</span> <span class='ocrx_word' id='word_1_414' title='bbox 996 5601 1122 5646; x_wconf 83' lang='grc' dir='ltr'>ιοηι.</span> <span class='ocrx_word' id='word_1_415' title='bbox 1149 5607 1238 5657; x_wconf 81' lang='grc' dir='ltr'>ιιι,</span> <span class='ocrx_word' id='word_1_416' title='bbox 1269 5609 1317 5648; x_wconf 91' lang='lat' dir='ltr'><strong>c.</strong></span> <span class='ocrx_word' id='word_1_417' title='bbox 1347 5593 1505 5649; x_wconf 88' lang='grc'><strong>1016.</strong></span> 
     </span>
    </p>
   </div>
   <div class='ocr_carea' id='block_1_55' title="bbox 451 5659 2042 5787">
    <p class='ocr_par' dir='ltr' id='par_1_55' title="bbox 451 5659 2042 5787">
     <span class='ocr_line' id='line_1_56' title="bbox 451 5659 2042 5787; baseline 0.007 -74"><span class='ocrx_word' id='word_1_418' title='bbox 451 5742 480 5783; x_wconf 70' lang='lat' dir='ltr'><strong>c</strong></span> <span class='ocrx_word' id='word_1_419' title='bbox 526 5659 802 5787; x_wconf 30' lang='lat' dir='ltr'><strong>(squidem,</strong></span> <span class='ocrx_word' id='word_1_420' title='bbox 833 5672 1042 5719; x_wconf 87' lang='lat' dir='ltr'><strong>tractat.</strong></span> <span class='ocrx_word' id='word_1_421' title='bbox 1083 5665 1144 5718; x_wconf 82' lang='lat' dir='ltr'><strong>de</strong></span> <span class='ocrx_word' id='word_1_422' title='bbox 1173 5664 1418 5719; x_wconf 83' lang='lat' dir='ltr'><strong>Oratione</strong></span> <span class='ocrx_word' id='word_1_423' title='bbox 1445 5663 1717 5720; x_wconf 86' lang='lat' dir='ltr'><strong>Dominica</strong></span> <span class='ocrx_word' id='word_1_424' title='bbox 1742 5707 1756 5733; x_wconf 89' lang='lat'><strong>,</strong></span> <span class='ocrx_word' id='word_1_425' title='bbox 1803 5677 1935 5725; x_wconf 92' lang='lat' dir='ltr'><strong>tom.</strong></span> <span class='ocrx_word' id='word_1_426' title='bbox 1969 5684 2042 5734; x_wconf 82' lang='lat' dir='ltr'><strong>tv,</strong></span> 
     </span>
    </p>
   </div>
   <div class='ocr_carea' id='block_1_56' title="bbox 453 5803 2042 5939">
    <p class='ocr_par' dir='ltr' id='par_1_56' title="bbox 453 5803 2042 5939">
     <span class='ocr_line' id='line_1_57' title="bbox 524 5803 2042 5931; baseline 0.005 -75"><span class='ocrx_word' id='word_1_427' title='bbox 524 5803 805 5931; x_wconf 42' lang='lat' dir='ltr'><strong>(galdem.</strong></span> <span class='ocrx_word' id='word_1_428' title='bbox 830 5814 1039 5860; x_wconf 86' lang='lat' dir='ltr'><strong>tractat.</strong></span> <span class='ocrx_word' id='word_1_429' title='bbox 1068 5806 1127 5860; x_wconf 83' lang='lat' dir='ltr'><strong>de</strong></span> <span class='ocrx_word' id='word_1_430' title='bbox 1163 5804 1328 5874; x_wconf 85' lang='lat' dir='ltr'><strong>Opere</strong></span> <span class='ocrx_word' id='word_1_431' title='bbox 1347 5814 1392 5859; x_wconf 89' lang='lat' dir='ltr'><strong>et</strong></span> <span class='ocrx_word' id='word_1_432' title='bbox 1422 5805 1778 5879; x_wconf 83' lang='lat' dir='ltr'><strong>Eleemosyna,</strong></span> <span class='ocrx_word' id='word_1_433' title='bbox 1805 5819 1934 5866; x_wconf 90' lang='lat' dir='ltr'><strong>tom.</strong></span> <span class='ocrx_word' id='word_1_434' title='bbox 1969 5826 2042 5880; x_wconf 81' lang='lat' dir='ltr'><strong>tv,</strong></span> 
     </span>
     <span class='ocr_line' id='line_1_58' title="bbox 453 5892 713 5939; baseline 0.004 -10"><span class='ocrx_word' id='word_1_435' title='bbox 453 5900 500 5939; x_wconf 73' lang='grc' dir='ltr'>ο,</span> <span class='ocrx_word' id='word_1_436' title='bbox 665 5892 713 5930; x_wconf 82' lang='lat' dir='ltr'><strong>n.</strong></span> 
     </span>
    </p>
   </div>
   <div class='ocr_carea' id='block_1_57' title="bbox 527 5944 1755 6028">
    <p class='ocr_par' dir='ltr' id='par_1_57' title="bbox 527 5944 1755 6028">
     <span class='ocr_line' id='line_1_59' title="bbox 527 5944 1755 6028; baseline -0.009 -22"><span class='ocrx_word' id='word_1_437' title='bbox 527 5950 612 6028; x_wconf 72' lang='grc' dir='ltr'><strong>(ἵ)</strong></span> <span class='ocrx_word' id='word_1_438' title='bbox 641 5947 889 6018; x_wconf 81' lang='lat' dir='ltr'><strong>Cyprian.</strong></span> <span class='ocrx_word' id='word_1_439' title='bbox 923 5944 1025 6014; x_wconf 89' lang='lat' dir='ltr'><strong>Ep.</strong></span> <span class='ocrx_word' id='word_1_440' title='bbox 1064 5961 1211 6011; x_wconf 76' lang='lat' dir='ltr'><strong>um,</strong></span> <span class='ocrx_word' id='word_1_441' title='bbox 1241 5955 1373 6001; x_wconf 89' lang='lat' dir='ltr'><strong>tom.</strong></span> <span class='ocrx_word' id='word_1_442' title='bbox 1410 5967 1484 6012; x_wconf 74' lang='lat' dir='ltr'><strong>tv,</strong></span> <span class='ocrx_word' id='word_1_443' title='bbox 1518 5950 1682 6005; x_wconf 67' lang='lat'><strong>(3,586</strong></span> <span class='ocrx_word' id='word_1_444' title='bbox 1706 5967 1755 6004; x_wconf 67' lang='grc' dir='ltr'><strong>ιι,</strong></span> 
     </span>
    </p>
   </div>
   <div class='ocr_carea' id='block_1_58' title="bbox 1855 433 2246 492">
    <p class='ocr_par' dir='ltr' id='par_1_58' title="bbox 1855 433 2246 492">
     <span class='ocr_line' id='line_1_60' title="bbox 1855 433 2246 492; baseline 0.008 -5"><span class='ocrx_word' id='word_1_445' title='bbox 1855 433 2246 492; x_wconf 67' lang='grc' dir='ltr'><strong>ΡΒΑΞΡΑΊἸΟ.</strong></span> 
     </span>
    </p>
   </div>
   <div class='ocr_carea' id='block_1_59' title="bbox 3566 456 3705 499">
    <p class='ocr_par' dir='ltr' id='par_1_59' title="bbox 3566 456 3705 499">
     <span class='ocr_line' id='line_1_61' title="bbox 3566 456 3705 499; baseline 0.007 -1"><span class='ocrx_word' id='word_1_446' title='bbox 3566 456 3705 499; x_wconf 68' lang='grc' dir='ltr'>χιιι*</span> 
     </span>
    </p>
   </div>
   <div class='ocr_carea' id='block_1_60' title="bbox 2113 551 3704 626">
    <p class='ocr_par' dir='ltr' id='par_1_60' title="bbox 2113 551 3704 626">
     <span class='ocr_line' id='line_1_62' title="bbox 2113 551 3704 626; baseline 0.006 -20"><span class='ocrx_word' id='word_1_447' title='bbox 2113 567 2384 620; x_wconf 84' lang='lat' dir='ltr'><strong>occasum,</strong></span> <span class='ocrx_word' id='word_1_448' title='bbox 2402 561 2457 608; x_wconf 87' lang='lat' dir='ltr'><strong>et</strong></span> <span class='ocrx_word' id='word_1_449' title='bbox 2479 568 2759 626; x_wconf 85' lang='lat' dir='ltr'><strong>vesperam</strong></span> <span class='ocrx_word' id='word_1_450' title='bbox 2772 551 2966 612; x_wconf 71' lang='lat' dir='ltr'><strong>&#39;mundi</strong></span> <span class='ocrx_word' id='word_1_451' title='bbox 2990 573 3004 612; x_wconf 90' lang='lat'><strong>:</strong></span> <span class='ocrx_word' id='word_1_452' title='bbox 3027 575 3045 609; x_wconf 72' lang='grc' dir='ltr'><strong>ι</strong></span> <span class='ocrx_word' id='word_1_453' title='bbox 3066 556 3174 614; x_wconf 88' lang='lat' dir='ltr'><strong>Nos</strong></span> <span class='ocrx_word' id='word_1_454' title='bbox 3199 566 3377 613; x_wconf 88' lang='lat' dir='ltr'><strong>autem</strong></span> <span class='ocrx_word' id='word_1_455' title='bbox 3399 557 3704 615; x_wconf 80' lang='lat' dir='ltr'><strong>Resurrec-</strong></span> 
     </span>
    </p>
   </div>
   <div class='ocr_carea' id='block_1_61' title="bbox 2114 646 3196 706">
    <p class='ocr_par' dir='ltr' id='par_1_61' title="bbox 2114 646 3196 706">
     <span class='ocr_line' id='line_1_63' title="bbox 2114 646 3196 706; baseline 0.005 -7"><span class='ocrx_word' id='word_1_456' title='bbox 2114 646 2314 700; x_wconf 91' lang='lat' dir='ltr'><strong>tionem</strong></span> <span class='ocrx_word' id='word_1_457' title='bbox 2349 646 2560 703; x_wconf 92' lang='lat' dir='ltr'><strong>Domini</strong></span> <span class='ocrx_word' id='word_1_458' title='bbox 2590 664 2746 706; x_wconf 88' lang='lat' dir='ltr'><strong>mane</strong></span> <span class='ocrx_word' id='word_1_459' title='bbox 2777 649 3136 706; x_wconf 88' lang='lat' dir='ltr'><strong>celebramus.</strong></span> <span class='ocrx_word' id='word_1_460' title='bbox 3177 671 3196 704; x_wconf 73' lang='grc' dir='ltr'><strong>ι</strong></span> 
     </span>
    </p>
   </div>
   <div class='ocr_carea' id='block_1_62' title="bbox 2185 738 3704 815">
    <p class='ocr_par' dir='ltr' id='par_1_62' title="bbox 2185 738 3704 815">
     <span class='ocr_line' id='line_1_64' title="bbox 2185 738 3704 815; baseline 0.007 -23"><span class='ocrx_word' id='word_1_461' title='bbox 2185 738 2350 794; x_wconf 75' lang='lat' dir='ltr'><strong>XVII.</strong></span> <span class='ocrx_word' id='word_1_462' title='bbox 2414 741 2656 808; x_wconf 84' lang='lat' dir='ltr'><strong>Quotidie</strong></span> <span class='ocrx_word' id='word_1_463' title='bbox 2709 743 3035 811; x_wconf 77' lang='lat' dir='ltr'><strong>offerebatur,</strong></span> <span class='ocrx_word' id='word_1_464' title='bbox 3089 754 3137 799; x_wconf 89' lang='lat' dir='ltr'><strong>et</strong></span> <span class='ocrx_word' id='word_1_465' title='bbox 3187 747 3364 815; x_wconf 79' lang='lat' dir='ltr'><strong>ﬁdeles</strong></span> <span class='ocrx_word' id='word_1_466' title='bbox 3418 745 3704 802; x_wconf 76' lang='lat' dir='ltr'><strong>Eucharis-</strong></span> 
     </span>
    </p>
   </div>
   <div class='ocr_carea' id='block_1_63' title="bbox 2115 833 3705 904">
    <p class='ocr_par' dir='ltr' id='par_1_63' title="bbox 2115 833 3705 904">
     <span class='ocr_line' id='line_1_65' title="bbox 2115 833 3705 904; baseline 0.006 -19"><span class='ocrx_word' id='word_1_467' title='bbox 2115 833 2238 886; x_wconf 90' lang='lat' dir='ltr'><strong>tiam</strong></span> <span class='ocrx_word' id='word_1_468' title='bbox 2263 834 2616 889; x_wconf 84' lang='lat' dir='ltr'><strong>sumebant.—</strong></span> <span class='ocrx_word' id='word_1_469' title='bbox 2637 834 2891 904; x_wconf 82' lang='lat' dir='ltr'><strong>Quotidie</strong></span> <span class='ocrx_word' id='word_1_470' title='bbox 2913 848 3157 894; x_wconf 89' lang='lat' dir='ltr'><strong>sanctum</strong></span> <span class='ocrx_word' id='word_1_471' title='bbox 3185 838 3515 895; x_wconf 82' lang='lat' dir='ltr'><strong>offerebatur</strong></span> <span class='ocrx_word' id='word_1_472' title='bbox 3537 841 3705 895; x_wconf 87' lang='lat' dir='ltr'><strong>sacri-</strong></span> 
     </span>
    </p>
   </div>
   <div class='ocr_carea' id='block_1_64' title="bbox 2115 924 3707 1005">
    <p class='ocr_par' dir='ltr' id='par_1_64' title="bbox 2115 924 3707 1005">
     <span class='ocr_line' id='line_1_66' title="bbox 2115 924 3707 1005; baseline 0.007 -27"><span class='ocrx_word' id='word_1_473' title='bbox 2115 924 2322 980; x_wconf 89' lang='lat' dir='ltr'><strong>ﬁcium.</strong></span> <span class='ocrx_word' id='word_1_474' title='bbox 2352 945 2370 978; x_wconf 85' lang='grc'><strong>‹</strong></span> <span class='ocrx_word' id='word_1_475' title='bbox 2400 927 2500 994; x_wconf 87' lang='lat' dir='ltr'><strong>Qui</strong></span> <span class='ocrx_word' id='word_1_476' title='bbox 2528 928 2791 986; x_wconf 77' lang='lat' dir='ltr'><strong>Sacriﬁcia</strong></span> <span class='ocrx_word' id='word_1_477' title='bbox 2815 931 3058 1000; x_wconf 89' lang='lat' dir='ltr'><strong>quotidie</strong></span> <span class='ocrx_word' id='word_1_478' title='bbox 3086 930 3448 1000; x_wconf 78' lang='lat' dir='ltr'><strong>Celebramus,</strong></span> <span class='ocrx_word' id='word_1_479' title='bbox 3485 952 3504 986; x_wconf 80' lang='grc' dir='ltr'><strong>ι</strong></span> <span class='ocrx_word' id='word_1_480' title='bbox 3535 933 3707 1005; x_wconf 90' lang='lat' dir='ltr'><strong>inquit</strong></span> 
     </span>
    </p>
   </div>
   <div class='ocr_carea' id='block_1_65' title="bbox 2118 1016 3711 1097">
    <p class='ocr_par' dir='ltr' id='par_1_65' title="bbox 2118 1016 3711 1097">
     <span class='ocr_line' id='line_1_67' title="bbox 2118 1016 3711 1097; baseline 0.004 -23"><span class='ocrx_word' id='word_1_481' title='bbox 2118 1016 2493 1090; x_wconf 89' lang='lat' dir='ltr'><strong>S.Cyprianus</strong></span> <span class='ocrx_word' id='word_1_482' title='bbox 2511 1019 2749 1092; x_wconf 87' lang='lat' dir='ltr'><strong>Epistola</strong></span> <span class='ocrx_word' id='word_1_483' title='bbox 2773 1022 2838 1076; x_wconf 90' lang='lat' dir='ltr'><strong>ad</strong></span> <span class='ocrx_word' id='word_1_484' title='bbox 2866 1021 3174 1078; x_wconf 90' lang='lat' dir='ltr'><strong>Cornelium</strong></span> <span class='ocrx_word' id='word_1_485' title='bbox 3201 1039 3390 1094; x_wconf 90' lang='lat' dir='ltr'><strong>papam</strong></span> <span class='ocrx_word' id='word_1_486' title='bbox 3420 1026 3518 1097; x_wconf 83' lang='lat' dir='ltr'><strong>(l).</strong></span> <span class='ocrx_word' id='word_1_487' title='bbox 3550 1024 3711 1081; x_wconf 84' lang='lat' dir='ltr'><strong>Fide-</strong></span> 
     </span>
    </p>
   </div>
   <div class='ocr_carea' id='block_1_66' title="bbox 2117 1111 3711 1187">
    <p class='ocr_par' dir='ltr' id='par_1_66' title="bbox 2117 1111 3711 1187">
     <span class='ocr_line' id='line_1_68' title="bbox 2117 1111 3711 1187; baseline 0.004 -22"><span class='ocrx_word' id='word_1_488' title='bbox 2117 1111 2197 1166; x_wconf 91' lang='lat' dir='ltr'><strong>les</strong></span> <span class='ocrx_word' id='word_1_489' title='bbox 2223 1114 2460 1184; x_wconf 89' lang='lat' dir='ltr'><strong>quotidie</strong></span> <span class='ocrx_word' id='word_1_490' title='bbox 2483 1114 2872 1170; x_wconf 87' lang='lat' dir='ltr'><strong>Eucharistiam</strong></span> <span class='ocrx_word' id='word_1_491' title='bbox 2889 1116 3192 1181; x_wconf 87' lang='lat' dir='ltr'><strong>sumebant,</strong></span> <span class='ocrx_word' id='word_1_492' title='bbox 3250 1117 3351 1172; x_wconf 91' lang='lat' dir='ltr'><strong>nisi</strong></span> <span class='ocrx_word' id='word_1_493' title='bbox 3398 1118 3578 1187; x_wconf 77' lang='lat' dir='ltr'><strong>gravis</strong></span> <span class='ocrx_word' id='word_1_494' title='bbox 3608 1118 3711 1172; x_wconf 86' lang='lat' dir='ltr'><strong>ali-</strong></span> 
     </span>
    </p>
   </div>
   <div class='ocr_carea' id='block_1_67' title="bbox 2115 1206 3711 1281">
    <p class='ocr_par' dir='ltr' id='par_1_67' title="bbox 2115 1206 3711 1281">
     <span class='ocr_line' id='line_1_69' title="bbox 2115 1206 3711 1281; baseline 0.004 -23"><span class='ocrx_word' id='word_1_495' title='bbox 2115 1219 2218 1275; x_wconf 92' lang='lat' dir='ltr'><strong>qua</strong></span> <span class='ocrx_word' id='word_1_496' title='bbox 2257 1206 2412 1276; x_wconf 86' lang='lat' dir='ltr'><strong>culpa</strong></span> <span class='ocrx_word' id='word_1_497' title='bbox 2461 1209 2856 1263; x_wconf 62' lang='lat' dir='ltr'><strong>intercessisset</strong></span> <span class='ocrx_word' id='word_1_498' title='bbox 2885 1207 2966 1281; x_wconf 70' lang='lat'>(2)</span> <span class='ocrx_word' id='word_1_499' title='bbox 2998 1227 3011 1264; x_wconf 91' lang='lat'>:</span> <span class='ocrx_word' id='word_1_500' title='bbox 3043 1227 3061 1260; x_wconf 73' lang='grc' dir='ltr'><strong>ι</strong></span> <span class='ocrx_word' id='word_1_501' title='bbox 3101 1208 3255 1264; x_wconf 92' lang='lat' dir='ltr'><strong>lluuc</strong></span> <span class='ocrx_word' id='word_1_502' title='bbox 3282 1221 3463 1265; x_wconf 88' lang='lat' dir='ltr'><strong>autem</strong></span> <span class='ocrx_word' id='word_1_503' title='bbox 3512 1225 3711 1281; x_wconf 77' lang='lat' dir='ltr'><strong>panezn</strong></span> 
     </span>
    </p>
   </div>
   <div class='ocr_carea' id='block_1_68' title="bbox 2119 1296 3713 1372">
    <p class='ocr_par' dir='ltr' id='par_1_68' title="bbox 2119 1296 3713 1372">
     <span class='ocr_line' id='line_1_70' title="bbox 2119 1296 3713 1372; baseline 0.005 -23"><span class='ocrx_word' id='word_1_504' title='bbox 2119 1296 2272 1351; x_wconf 81' lang='lat' dir='ltr'><strong>nobis</strong></span> <span class='ocrx_word' id='word_1_505' title='bbox 2316 1297 2552 1368; x_wconf 89' lang='lat' dir='ltr'><strong>quotidie</strong></span> <span class='ocrx_word' id='word_1_506' title='bbox 2596 1299 2948 1369; x_wconf 88' lang='lat' dir='ltr'><strong>postulamus,</strong></span> <span class='ocrx_word' id='word_1_507' title='bbox 2994 1315 3061 1355; x_wconf 90' lang='lat' dir='ltr'><strong>ne</strong></span> <span class='ocrx_word' id='word_1_508' title='bbox 3096 1301 3256 1372; x_wconf 88' lang='lat' dir='ltr'><strong>qui...</strong></span> <span class='ocrx_word' id='word_1_509' title='bbox 3317 1299 3713 1357; x_wconf 84' lang='lat' dir='ltr'><strong>Eucharistiam</strong></span> 
     </span>
    </p>
   </div>
   <div class='ocr_carea' id='block_1_69' title="bbox 2119 1392 3716 1464">
    <p class='ocr_par' dir='ltr' id='par_1_69' title="bbox 2119 1392 3716 1464">
     <span class='ocr_line' id='line_1_71' title="bbox 2119 1392 3716 1464; baseline 0.004 -18"><span class='ocrx_word' id='word_1_510' title='bbox 2119 1392 2358 1462; x_wconf 90' lang='lat' dir='ltr'><strong>quotidie</strong></span> <span class='ocrx_word' id='word_1_511' title='bbox 2397 1393 2463 1447; x_wconf 89' lang='lat' dir='ltr'><strong>ad</strong></span> <span class='ocrx_word' id='word_1_512' title='bbox 2507 1393 2686 1448; x_wconf 90' lang='lat' dir='ltr'><strong>cibum</strong></span> <span class='ocrx_word' id='word_1_513' title='bbox 2741 1395 2930 1450; x_wconf 89' lang='lat' dir='ltr'><strong>salutis</strong></span> <span class='ocrx_word' id='word_1_514' title='bbox 2985 1396 3298 1464; x_wconf 87' lang='lat' dir='ltr'><strong>accipimus,</strong></span> <span class='ocrx_word' id='word_1_515' title='bbox 3327 1396 3716 1453; x_wconf 68' lang='lat' dir='ltr'><strong>intercedente</strong></span> 
     </span>
    </p>
   </div>
   <div class='ocr_carea' id='block_1_70' title="bbox 2118 1485 3717 1559">
    <p class='ocr_par' dir='ltr' id='par_1_70' title="bbox 2118 1485 3717 1559">
     <span class='ocr_line' id='line_1_72' title="bbox 2118 1485 3717 1559; baseline 0.005 -21"><span class='ocrx_word' id='word_1_516' title='bbox 2118 1485 2299 1556; x_wconf 89' lang='lat' dir='ltr'><strong>aliquo</strong></span> <span class='ocrx_word' id='word_1_517' title='bbox 2329 1487 2579 1556; x_wconf 82' lang='lat' dir='ltr'><strong>graviore</strong></span> <span class='ocrx_word' id='word_1_518' title='bbox 2629 1486 2919 1553; x_wconf 89' lang='lat' dir='ltr'><strong>delicto...,</strong></span> <span class='ocrx_word' id='word_1_519' title='bbox 2950 1503 2978 1540; x_wconf 91' lang='lat' dir='ltr'><strong>a</strong></span> <span class='ocrx_word' id='word_1_520' title='bbox 3000 1486 3203 1543; x_wconf 74' lang='lat' dir='ltr'><strong>Chrisﬁ</strong></span> <span class='ocrx_word' id='word_1_521' title='bbox 3225 1503 3456 1558; x_wconf 89' lang='lat' dir='ltr'><strong>corpore</strong></span> <span class='ocrx_word' id='word_1_522' title='bbox 3494 1505 3717 1559; x_wconf 81' lang='lat' dir='ltr'><strong>separe-</strong></span> 
     </span>
    </p>
   </div>
   <div class='ocr_carea' id='block_1_71' title="bbox 2122 1579 3715 1652">
    <p class='ocr_par' dir='ltr' id='par_1_71' title="bbox 2122 1579 3715 1652">
     <span class='ocr_line' id='line_1_73' title="bbox 2122 1579 3715 1652; baseline 0.004 -20"><span class='ocrx_word' id='word_1_523' title='bbox 2122 1593 2296 1634; x_wconf 69' lang='lat' dir='ltr'><strong>mur.»</strong></span> <span class='ocrx_word' id='word_1_524' title='bbox 2329 1579 2579 1646; x_wconf 86' lang='lat' dir='ltr'><strong>Quotidie</strong></span> <span class='ocrx_word' id='word_1_525' title='bbox 2605 1580 2828 1636; x_wconf 90' lang='lat' dir='ltr'><strong>calicem</strong></span> <span class='ocrx_word' id='word_1_526' title='bbox 2857 1581 3132 1651; x_wconf 74' lang='lat' dir='ltr'><strong>sanguinis-</strong></span> <span class='ocrx_word' id='word_1_527' title='bbox 3178 1580 3376 1637; x_wconf 91' lang='lat' dir='ltr'><strong>Christi</strong></span> <span class='ocrx_word' id='word_1_528' title='bbox 3435 1583 3715 1652; x_wconf 85' lang='lat' dir='ltr'><strong>bibebant,</strong></span> 
     </span>
    </p>
   </div>
   <div class='ocr_carea' id='block_1_72' title="bbox 2127 1671 3717 1743">
    <p class='ocr_par' dir='ltr' id='par_1_72' title="bbox 2127 1671 3717 1743">
     <span class='ocr_line' id='line_1_74' title="bbox 2127 1671 3717 1743; baseline 0.006 -23"><span class='ocrx_word' id='word_1_529' title='bbox 2127 1671 2595 1735; x_wconf 68' lang='lat' dir='ltr'><strong>«considerantes,</strong></span> <span class='ocrx_word' id='word_1_530' title='bbox 2633 1690 2653 1724; x_wconf 72' lang='grc' dir='ltr'><strong>ι</strong></span> <span class='ocrx_word' id='word_1_531' title='bbox 2691 1673 2851 1728; x_wconf 83' lang='lat' dir='ltr'><strong>verba</strong></span> <span class='ocrx_word' id='word_1_532' title='bbox 2879 1683 3000 1727; x_wconf 90' lang='lat' dir='ltr'><strong>sunt</strong></span> <span class='ocrx_word' id='word_1_533' title='bbox 3023 1673 3264 1743; x_wconf 89' lang='lat' dir='ltr'><strong>ejusdem</strong></span> <span class='ocrx_word' id='word_1_534' title='bbox 3293 1675 3466 1730; x_wconf 89' lang='lat' dir='ltr'><strong>sancti</strong></span> <span class='ocrx_word' id='word_1_535' title='bbox 3516 1675 3717 1731; x_wconf 86' lang='lat' dir='ltr'><strong>Docto-</strong></span> 
     </span>
    </p>
   </div>
   <div class='ocr_carea' id='block_1_73' title="bbox 2122 1763 3718 1837">
    <p class='ocr_par' dir='ltr' id='par_1_73' title="bbox 2122 1763 3718 1837">
     <span class='ocr_line' id='line_1_75' title="bbox 2122 1763 3718 1837; baseline 0.004 -19"><span class='ocrx_word' id='word_1_536' title='bbox 2122 1764 2196 1818; x_wconf 91' lang='lat' dir='ltr'><strong>ris</strong></span> <span class='ocrx_word' id='word_1_537' title='bbox 2217 1763 2317 1835; x_wconf 90' lang='grc'><strong>(5),</strong></span> <span class='ocrx_word' id='word_1_538' title='bbox 2355 1763 2589 1819; x_wconf 73' lang='grc' dir='ltr'><strong>«ἱάοἱιοο</strong></span> <span class='ocrx_word' id='word_1_539' title='bbox 2620 1779 2679 1820; x_wconf 90' lang='lat' dir='ltr'><strong>se</strong></span> <span class='ocrx_word' id='word_1_540' title='bbox 2699 1765 2940 1836; x_wconf 89' lang='lat' dir='ltr'><strong>quotidie</strong></span> <span class='ocrx_word' id='word_1_541' title='bbox 2964 1767 3184 1821; x_wconf 89' lang='lat' dir='ltr'><strong>calicem</strong></span> <span class='ocrx_word' id='word_1_542' title='bbox 3213 1767 3488 1837; x_wconf 81' lang='lat' dir='ltr'><strong>sanguinis</strong></span> <span class='ocrx_word' id='word_1_543' title='bbox 3512 1765 3718 1824; x_wconf 89' lang='lat' dir='ltr'><strong>Christi</strong></span> 
     </span>
    </p>
   </div>
   <div class='ocr_carea' id='block_1_74' title="bbox 2121 1857 3720 1935">
    <p class='ocr_par' dir='ltr' id='par_1_74' title="bbox 2121 1857 3720 1935">
     <span class='ocr_line' id='line_1_76' title="bbox 2121 1857 3720 1935; baseline 0.003 -23"><span class='ocrx_word' id='word_1_544' title='bbox 2121 1857 2325 1926; x_wconf 89' lang='lat' dir='ltr'><strong>bibere,</strong></span> <span class='ocrx_word' id='word_1_545' title='bbox 2375 1869 2432 1913; x_wconf 88' lang='lat' dir='ltr'><strong>ut</strong></span> <span class='ocrx_word' id='word_1_546' title='bbox 2465 1860 2676 1930; x_wconf 89' lang='lat' dir='ltr'><strong>possint</strong></span> <span class='ocrx_word' id='word_1_547' title='bbox 2721 1870 2776 1915; x_wconf 92' lang='lat' dir='ltr'><strong>et</strong></span> <span class='ocrx_word' id='word_1_548' title='bbox 2806 1860 2906 1932; x_wconf 92' lang='lat' dir='ltr'><strong>ipsi</strong></span> <span class='ocrx_word' id='word_1_549' title='bbox 2929 1871 3150 1932; x_wconf 88' lang='lat' dir='ltr'><strong>propter</strong></span> <span class='ocrx_word' id='word_1_550' title='bbox 3191 1859 3468 1916; x_wconf 88' lang='lat' dir='ltr'><strong>Christum</strong></span> <span class='ocrx_word' id='word_1_551' title='bbox 3501 1863 3720 1935; x_wconf 82' lang='lat' dir='ltr'><strong>sangui-</strong></span> 
     </span>
    </p>
   </div>
   <div class='ocr_carea' id='block_1_75' title="bbox 2121 1952 2580 2009">
    <p class='ocr_par' dir='ltr' id='par_1_75' title="bbox 2121 1952 2580 2009">
     <span class='ocr_line' id='line_1_77' title="bbox 2121 1952 2580 2009; baseline 0.002 -2"><span class='ocrx_word' id='word_1_552' title='bbox 2121 1967 2244 2008; x_wconf 91' lang='lat' dir='ltr'><strong>nem</strong></span> <span class='ocrx_word' id='word_1_553' title='bbox 2277 1952 2518 2009; x_wconf 90' lang='lat' dir='ltr'><strong>fundere.</strong></span> <span class='ocrx_word' id='word_1_554' title='bbox 2561 1975 2580 2008; x_wconf 76' lang='grc' dir='ltr'><strong>ι</strong></span> 
     </span>
    </p>
   </div>
   <div class='ocr_carea' id='block_1_76' title="bbox 2195 2043 3721 2118">
    <p class='ocr_par' dir='ltr' id='par_1_76' title="bbox 2195 2043 3721 2118">
     <span class='ocr_line' id='line_1_78' title="bbox 2195 2043 3721 2118; baseline 0.001 -18"><span class='ocrx_word' id='word_1_555' title='bbox 2195 2043 2386 2100; x_wconf 79' lang='lat' dir='ltr'><strong>XV’lll.</strong></span> <span class='ocrx_word' id='word_1_556' title='bbox 2419 2046 2573 2115; x_wconf 74' lang='lat' dir='ltr'><strong>Swpe</strong></span> <span class='ocrx_word' id='word_1_557' title='bbox 2617 2046 2710 2101; x_wconf 85' lang='lat' dir='ltr'><strong>sub</strong></span> <span class='ocrx_word' id='word_1_558' title='bbox 2734 2047 2847 2102; x_wconf 86' lang='lat' dir='ltr'><strong>sola</strong></span> <span class='ocrx_word' id='word_1_559' title='bbox 2891 2049 3056 2117; x_wconf 85' lang='lat' dir='ltr'><strong>specie</strong></span> <span class='ocrx_word' id='word_1_560' title='bbox 3095 2048 3243 2118; x_wconf 85' lang='lat' dir='ltr'><strong>panis</strong></span> <span class='ocrx_word' id='word_1_561' title='bbox 3276 2046 3600 2102; x_wconf 78' lang='lat' dir='ltr'><strong>Eucltaristia</strong></span> <span class='ocrx_word' id='word_1_562' title='bbox 3624 2049 3721 2102; x_wconf 62' lang='lat' dir='ltr'><strong>da-</strong></span> 
     </span>
    </p>
   </div>
   <div class='ocr_carea' id='block_1_77' title="bbox 2121 2139 3711 2196">
    <p class='ocr_par' dir='ltr' id='par_1_77' title="bbox 2121 2139 3711 2196">
     <span class='ocr_line' id='line_1_79' title="bbox 2121 2139 3711 2196; baseline 0.002 -5"><span class='ocrx_word' id='word_1_563' title='bbox 2121 2139 2290 2192; x_wconf 86' lang='lat' dir='ltr'><strong>batur.</strong></span> <span class='ocrx_word' id='word_1_564' title='bbox 2311 2169 2382 2179; x_wconf 89' lang='lat'><strong><em>—</em></strong></span> <span class='ocrx_word' id='word_1_565' title='bbox 2409 2139 2520 2195; x_wconf 87' lang='lat' dir='ltr'><strong>Etsi</strong></span> <span class='ocrx_word' id='word_1_566' title='bbox 2558 2155 2621 2194; x_wconf 82' lang='lat' dir='ltr'><strong>ex</strong></span> <span class='ocrx_word' id='word_1_567' title='bbox 2655 2139 2811 2196; x_wconf 87' lang='lat' dir='ltr'><strong>dietis</strong></span> <span class='ocrx_word' id='word_1_568' title='bbox 2838 2149 2893 2194; x_wconf 93' lang='lat' dir='ltr'><strong>et</strong></span> <span class='ocrx_word' id='word_1_569' title='bbox 2933 2141 3228 2195; x_wconf 90' lang='lat' dir='ltr'><strong>innumeris</strong></span> <span class='ocrx_word' id='word_1_570' title='bbox 3259 2140 3378 2194; x_wconf 91' lang='lat' dir='ltr'><strong>aliis</strong></span> <span class='ocrx_word' id='word_1_571' title='bbox 3407 2141 3711 2195; x_wconf 88' lang='lat' dir='ltr'><strong>vetustissi-</strong></span> 
     </span>
    </p>
   </div>
   <div class='ocr_carea' id='block_1_78' title="bbox 2122 2231 3719 2303">
    <p class='ocr_par' dir='ltr' id='par_1_78' title="bbox 2122 2231 3719 2303">
     <span class='ocr_line' id='line_1_80' title="bbox 2122 2231 3719 2303; baseline 0.001 -18"><span class='ocrx_word' id='word_1_572' title='bbox 2122 2231 2223 2286; x_wconf 89' lang='lat' dir='ltr'><strong>mis</strong></span> <span class='ocrx_word' id='word_1_573' title='bbox 2250 2233 2634 2296; x_wconf 88' lang='lat' dir='ltr'><strong>monumentis,</strong></span> <span class='ocrx_word' id='word_1_574' title='bbox 2669 2231 2850 2288; x_wconf 86' lang='lat' dir='ltr'><strong>inferri</strong></span> <span class='ocrx_word' id='word_1_575' title='bbox 2869 2232 2990 2303; x_wconf 88' lang='lat' dir='ltr'><strong>jure</strong></span> <span class='ocrx_word' id='word_1_576' title='bbox 3019 2233 3189 2303; x_wconf 90' lang='lat' dir='ltr'><strong>possit</strong></span> <span class='ocrx_word' id='word_1_577' title='bbox 3235 2231 3422 2287; x_wconf 87' lang='lat' dir='ltr'><strong>ﬁdeles</strong></span> <span class='ocrx_word' id='word_1_578' title='bbox 3457 2232 3561 2287; x_wconf 91' lang='lat' dir='ltr'><strong>sub</strong></span> <span class='ocrx_word' id='word_1_579' title='bbox 3595 2233 3719 2288; x_wconf 91' lang='lat' dir='ltr'><strong>bina</strong></span> 
     </span>
    </p>
   </div>
   <div class='ocr_carea' id='block_1_79' title="bbox 2122 2323 3719 2394">
    <p class='ocr_par' dir='ltr' id='par_1_79' title="bbox 2122 2323 3719 2394">
     <span class='ocr_line' id='line_1_81' title="bbox 2122 2323 3719 2394; baseline 0 -16"><span class='ocrx_word' id='word_1_580' title='bbox 2122 2323 2305 2394; x_wconf 87' lang='lat' dir='ltr'><strong>specie</strong></span> <span class='ocrx_word' id='word_1_581' title='bbox 2341 2326 2780 2380; x_wconf 92' lang='lat' dir='ltr'><strong>communionem</strong></span> <span class='ocrx_word' id='word_1_582' title='bbox 2828 2340 3045 2380; x_wconf 85' lang='lat' dir='ltr'><strong>sumere</strong></span> <span class='ocrx_word' id='word_1_583' title='bbox 3089 2325 3436 2380; x_wconf 88' lang='lat' dir='ltr'><strong>consuevisse</strong></span> <span class='ocrx_word' id='word_1_584' title='bbox 3460 2373 3474 2391; x_wconf 81' lang='grc'><strong>,</strong></span> <span class='ocrx_word' id='word_1_585' title='bbox 3509 2334 3719 2381; x_wconf 87' lang='lat' dir='ltr'><strong>certum</strong></span> 
     </span>
    </p>
   </div>
   <div class='ocr_carea' id='block_1_80' title="bbox 2124 2415 3722 2490">
    <p class='ocr_par' dir='ltr' id='par_1_80' title="bbox 2124 2415 3722 2490">
     <span class='ocr_line' id='line_1_82' title="bbox 2124 2415 3722 2490; baseline 0.001 -20"><span class='ocrx_word' id='word_1_586' title='bbox 2124 2415 2474 2471; x_wconf 88' lang='lat' dir='ltr'><strong>nihilominus</strong></span> <span class='ocrx_word' id='word_1_587' title='bbox 2503 2425 2587 2472; x_wconf 88' lang='lat' dir='ltr'><strong>est</strong></span> <span class='ocrx_word' id='word_1_588' title='bbox 2615 2433 2680 2472; x_wconf 85' lang='lat' dir='ltr'><strong>ex</strong></span> <span class='ocrx_word' id='word_1_589' title='bbox 2708 2416 2838 2472; x_wconf 92' lang='lat' dir='ltr'><strong>divo</strong></span> <span class='ocrx_word' id='word_1_590' title='bbox 2857 2415 3151 2488; x_wconf 90' lang='lat' dir='ltr'><strong>Cypriano,</strong></span> <span class='ocrx_word' id='word_1_591' title='bbox 3182 2416 3368 2472; x_wconf 87' lang='lat' dir='ltr'><strong>ﬁdeles</strong></span> <span class='ocrx_word' id='word_1_592' title='bbox 3395 2417 3722 2490; x_wconf 88' lang='lat' dir='ltr'><strong>quandoque</strong></span> 
     </span>
    </p>
   </div>
   <div class='ocr_carea' id='block_1_81' title="bbox 2125 2511 3568 2584">
    <p class='ocr_par' dir='ltr' id='par_1_81' title="bbox 2125 2511 3568 2584">
     <span class='ocr_line' id='line_1_83' title="bbox 2125 2511 3568 2584; baseline 0.001 -18"><span class='ocrx_word' id='word_1_593' title='bbox 2125 2513 2223 2566; x_wconf 89' lang='lat' dir='ltr'><strong>sub</strong></span> <span class='ocrx_word' id='word_1_594' title='bbox 2244 2513 2359 2567; x_wconf 89' lang='lat' dir='ltr'><strong>sola</strong></span> <span class='ocrx_word' id='word_1_595' title='bbox 2387 2513 2567 2579; x_wconf 88' lang='lat' dir='ltr'><strong>specie</strong></span> <span class='ocrx_word' id='word_1_596' title='bbox 2590 2513 2742 2584; x_wconf 89' lang='lat' dir='ltr'><strong>panis</strong></span> <span class='ocrx_word' id='word_1_597' title='bbox 2759 2512 3097 2568; x_wconf 86' lang='lat' dir='ltr'><strong>Eucharistia</strong></span> <span class='ocrx_word' id='word_1_598' title='bbox 3125 2511 3359 2568; x_wconf 90' lang='lat' dir='ltr'><strong>refectos</strong></span> <span class='ocrx_word' id='word_1_599' title='bbox 3379 2511 3568 2567; x_wconf 87' lang='lat' dir='ltr'><strong>fuisse.</strong></span> 
     </span>
    </p>
   </div>
   <div class='ocr_carea' id='block_1_82' title="bbox 2196 2604 3723 2678">
    <p class='ocr_par' dir='ltr' id='par_1_82' title="bbox 2196 2604 3723 2678">
     <span class='ocr_line' id='line_1_84' title="bbox 2196 2604 3723 2678; baseline 0.001 -18"><span class='ocrx_word' id='word_1_600' title='bbox 2196 2604 2390 2661; x_wconf 86' lang='lat' dir='ltr'><strong>Tribus</strong></span> <span class='ocrx_word' id='word_1_601' title='bbox 2415 2607 2620 2662; x_wconf 79' lang='lat' dir='ltr'><strong>vicibus</strong></span> <span class='ocrx_word' id='word_1_602' title='bbox 2649 2605 2894 2662; x_wconf 88' lang='lat' dir='ltr'><strong>meminit</strong></span> <span class='ocrx_word' id='word_1_603' title='bbox 2921 2616 3141 2662; x_wconf 90' lang='lat' dir='ltr'><strong>sanctus</strong></span> <span class='ocrx_word' id='word_1_604' title='bbox 3173 2605 3474 2678; x_wconf 85' lang='lat' dir='ltr'><strong>Cyprianus</strong></span> <span class='ocrx_word' id='word_1_605' title='bbox 3513 2605 3723 2663; x_wconf 73' lang='lat' dir='ltr'><strong>Eucha-</strong></span> 
     </span>
    </p>
   </div>
   <div class='ocr_carea' id='block_1_83' title="bbox 2125 2688 3726 2770">
    <p class='ocr_par' dir='ltr' id='par_1_83' title="bbox 2125 2688 3726 2770">
     <span class='ocr_line' id='line_1_85' title="bbox 2125 2688 3726 2770; baseline 0.002 -18"><span class='ocrx_word' id='word_1_606' title='bbox 2125 2697 2293 2753; x_wconf 76' lang='lat' dir='ltr'><strong>ristia:</strong></span> <span class='ocrx_word' id='word_1_607' title='bbox 2321 2699 2520 2768; x_wconf 90' lang='lat' dir='ltr'><strong>duplici</strong></span> <span class='ocrx_word' id='word_1_608' title='bbox 2553 2699 2652 2754; x_wconf 93' lang='lat' dir='ltr'><strong>sub</strong></span> <span class='ocrx_word' id='word_1_609' title='bbox 2681 2699 2860 2770; x_wconf 90' lang='lat' dir='ltr'><strong>specie</strong></span> <span class='ocrx_word' id='word_1_610' title='bbox 2889 2699 3138 2754; x_wconf 80' lang='lat' dir='ltr'><strong>ﬁdelibus</strong></span> <span class='ocrx_word' id='word_1_611' title='bbox 3189 2700 3605 2769; x_wconf 74' lang='lat' dir='ltr'><strong>administratae;</strong></span> <span class='ocrx_word' id='word_1_612' title='bbox 3644 2688 3726 2756; x_wconf 86' lang='lat' dir='ltr'><strong>ni-</strong></span> 
     </span>
    </p>
   </div>
   <div class='ocr_carea' id='block_1_84' title="bbox 2127 2792 3729 2864">
    <p class='ocr_par' dir='ltr' id='par_1_84' title="bbox 2127 2792 3729 2864">
     <span class='ocr_line' id='line_1_86' title="bbox 2127 2792 3729 2864; baseline 0.002 -16"><span class='ocrx_word' id='word_1_613' title='bbox 2127 2793 2320 2848; x_wconf 85' lang='lat' dir='ltr'><strong>mirum</strong></span> <span class='ocrx_word' id='word_1_614' title='bbox 2351 2794 2402 2847; x_wconf 94' lang='lat' dir='ltr'><strong>in</strong></span> <span class='ocrx_word' id='word_1_615' title='bbox 2450 2793 2688 2864; x_wconf 84' lang='lat' dir='ltr'><strong>Epistola</strong></span> <span class='ocrx_word' id='word_1_616' title='bbox 2748 2810 2855 2857; x_wconf 84' lang='lat' dir='ltr'><strong>LIV,</strong></span> <span class='ocrx_word' id='word_1_617' title='bbox 2904 2793 2970 2848; x_wconf 89' lang='lat' dir='ltr'><strong>ad</strong></span> <span class='ocrx_word' id='word_1_618' title='bbox 3016 2792 3324 2851; x_wconf 90' lang='lat' dir='ltr'><strong>Cornelium</strong></span> <span class='ocrx_word' id='word_1_619' title='bbox 3370 2808 3572 2864; x_wconf 87' lang='lat' dir='ltr'><strong>papam,</strong></span> <span class='ocrx_word' id='word_1_620' title='bbox 3629 2795 3729 2852; x_wconf 89' lang='lat' dir='ltr'><strong>ubi</strong></span> 
     </span>
    </p>
   </div>
   <div class='ocr_carea' id='block_1_85' title="bbox 2126 2883 3730 2956">
    <p class='ocr_par' dir='ltr' id='par_1_85' title="bbox 2126 2883 3730 2956">
     <span class='ocr_line' id='line_1_87' title="bbox 2126 2883 3730 2956; baseline 0.003 -18"><span class='ocrx_word' id='word_1_621' title='bbox 2126 2885 2314 2939; x_wconf 86' lang='lat' dir='ltr'><strong>scribit</strong></span> <span class='ocrx_word' id='word_1_622' title='bbox 2341 2884 2441 2956; x_wconf 68' lang='lat' dir='ltr'>(l):</span> <span class='ocrx_word' id='word_1_623' title='bbox 2475 2905 2493 2936; x_wconf 72' lang='grc' dir='ltr'><strong>ι</strong></span> <span class='ocrx_word' id='word_1_624' title='bbox 2527 2888 2595 2940; x_wconf 87' lang='lat' dir='ltr'><strong>At</strong></span> <span class='ocrx_word' id='word_1_625' title='bbox 2622 2900 2749 2941; x_wconf 88' lang='lat' dir='ltr'><strong>vero</strong></span> <span class='ocrx_word' id='word_1_626' title='bbox 2776 2901 2918 2940; x_wconf 92' lang='lat' dir='ltr'><strong>nunc</strong></span> <span class='ocrx_word' id='word_1_627' title='bbox 2949 2901 3054 2940; x_wconf 87' lang='lat' dir='ltr'><strong>non</strong></span> <span class='ocrx_word' id='word_1_628' title='bbox 3085 2886 3335 2953; x_wconf 88' lang='lat' dir='ltr'><strong>inﬁrmis,</strong></span> <span class='ocrx_word' id='word_1_629' title='bbox 3367 2884 3458 2941; x_wconf 87' lang='lat' dir='ltr'><strong>sed</strong></span> <span class='ocrx_word' id='word_1_630' title='bbox 3487 2883 3730 2943; x_wconf 88' lang='lat' dir='ltr'><strong>fortibus</strong></span> 
     </span>
    </p>
   </div>
   <div class='ocr_carea' id='block_1_86' title="bbox 2131 2976 3726 3048">
    <p class='ocr_par' dir='ltr' id='par_1_86' title="bbox 2131 2976 3726 3048">
     <span class='ocr_line' id='line_1_88' title="bbox 2131 2976 3726 3048; baseline 0.002 -19"><span class='ocrx_word' id='word_1_631' title='bbox 2131 2993 2232 3048; x_wconf 83' lang='lat' dir='ltr'><strong>pax</strong></span> <span class='ocrx_word' id='word_1_632' title='bbox 2273 2978 2574 3048; x_wconf 76' lang='lat' dir='ltr'><strong>necessaria</strong></span> <span class='ocrx_word' id='word_1_633' title='bbox 2638 2987 2741 3045; x_wconf 86' lang='lat' dir='ltr'><strong>est,</strong></span> <span class='ocrx_word' id='word_1_634' title='bbox 2795 2994 2893 3034; x_wconf 92' lang='lat' dir='ltr'><strong>nec</strong></span> <span class='ocrx_word' id='word_1_635' title='bbox 2943 2978 3322 3046; x_wconf 89' lang='lat' dir='ltr'><strong>morientibus,</strong></span> <span class='ocrx_word' id='word_1_636' title='bbox 3351 2977 3446 3034; x_wconf 92' lang='lat' dir='ltr'><strong>sed</strong></span> <span class='ocrx_word' id='word_1_637' title='bbox 3491 2976 3726 3033; x_wconf 85' lang='lat' dir='ltr'><strong>viventi-</strong></span> 
     </span>
    </p>
   </div>
   <div class='ocr_carea' id='block_1_87' title="bbox 2129 3069 3724 3140">
    <p class='ocr_par' dir='ltr' id='par_1_87' title="bbox 2129 3069 3724 3140">
     <span class='ocr_line' id='line_1_89' title="bbox 2129 3069 3724 3140; baseline 0.002 -17"><span class='ocrx_word' id='word_1_638' title='bbox 2129 3069 2250 3133; x_wconf 86' lang='lat' dir='ltr'><strong>bus.</strong></span> <span class='ocrx_word' id='word_1_639' title='bbox 2275 3071 2691 3126; x_wconf 90' lang='lat' dir='ltr'><strong>communicatio</strong></span> <span class='ocrx_word' id='word_1_640' title='bbox 2722 3087 2753 3126; x_wconf 92' lang='lat' dir='ltr'><strong>a</strong></span> <span class='ocrx_word' id='word_1_641' title='bbox 2783 3071 2938 3126; x_wconf 90' lang='lat' dir='ltr'><strong>nobis</strong></span> <span class='ocrx_word' id='word_1_642' title='bbox 2963 3069 3140 3126; x_wconf 90' lang='lat' dir='ltr'><strong>danda</strong></span> <span class='ocrx_word' id='word_1_643' title='bbox 3167 3081 3281 3136; x_wconf 90' lang='lat' dir='ltr'><strong>est;</strong></span> <span class='ocrx_word' id='word_1_644' title='bbox 3308 3079 3364 3125; x_wconf 90' lang='lat' dir='ltr'><strong>ut</strong></span> <span class='ocrx_word' id='word_1_645' title='bbox 3391 3084 3531 3140; x_wconf 94' lang='lat' dir='ltr'><strong>quos</strong></span> <span class='ocrx_word' id='word_1_646' title='bbox 3575 3072 3724 3126; x_wconf 77' lang='lat' dir='ltr'><strong>exci-</strong></span> 
     </span>
    </p>
   </div>
   <div class='ocr_carea' id='block_1_88' title="bbox 2132 3162 3727 3236">
    <p class='ocr_par' dir='ltr' id='par_1_88' title="bbox 2132 3162 3727 3236">
     <span class='ocr_line' id='line_1_90' title="bbox 2132 3162 3727 3236; baseline 0.002 -19"><span class='ocrx_word' id='word_1_647' title='bbox 2132 3171 2307 3217; x_wconf 89' lang='lat' dir='ltr'><strong>tamus</strong></span> <span class='ocrx_word' id='word_1_648' title='bbox 2323 3173 2376 3217; x_wconf 88' lang='lat' dir='ltr'><strong>et</strong></span> <span class='ocrx_word' id='word_1_649' title='bbox 2407 3162 2687 3218; x_wconf 88' lang='lat' dir='ltr'><strong>hortamur</strong></span> <span class='ocrx_word' id='word_1_650' title='bbox 2708 3163 2774 3219; x_wconf 92' lang='lat' dir='ltr'><strong>ad</strong></span> <span class='ocrx_word' id='word_1_651' title='bbox 2800 3163 3070 3236; x_wconf 68' lang='lat' dir='ltr'><strong>praelium,</strong></span> <span class='ocrx_word' id='word_1_652' title='bbox 3091 3179 3196 3218; x_wconf 91' lang='lat' dir='ltr'><strong>non</strong></span> <span class='ocrx_word' id='word_1_653' title='bbox 3224 3165 3459 3218; x_wconf 89' lang='lat' dir='ltr'><strong>inermes</strong></span> <span class='ocrx_word' id='word_1_654' title='bbox 3474 3174 3530 3219; x_wconf 88' lang='lat' dir='ltr'><strong>et</strong></span> <span class='ocrx_word' id='word_1_655' title='bbox 3553 3164 3727 3220; x_wconf 89' lang='lat' dir='ltr'><strong>nudos</strong></span> 
     </span>
    </p>
   </div>
   <div class='ocr_carea' id='block_1_89' title="bbox 2131 3256 3729 3330">
    <p class='ocr_par' dir='ltr' id='par_1_89' title="bbox 2131 3256 3729 3330">
     <span class='ocr_line' id='line_1_91' title="bbox 2131 3256 3729 3330; baseline 0.002 -20"><span class='ocrx_word' id='word_1_656' title='bbox 2131 3256 2514 3326; x_wconf 91' lang='lat' dir='ltr'><strong>relinquamus,</strong></span> <span class='ocrx_word' id='word_1_657' title='bbox 2563 3256 2658 3312; x_wconf 90' lang='lat' dir='ltr'><strong>sed</strong></span> <span class='ocrx_word' id='word_1_658' title='bbox 2694 3257 3030 3326; x_wconf 86' lang='lat' dir='ltr'><strong>protectione</strong></span> <span class='ocrx_word' id='word_1_659' title='bbox 3068 3257 3347 3330; x_wconf 85' lang='lat' dir='ltr'><strong>sanguinis</strong></span> <span class='ocrx_word' id='word_1_660' title='bbox 3385 3266 3441 3313; x_wconf 87' lang='lat' dir='ltr'><strong>et</strong></span> <span class='ocrx_word' id='word_1_661' title='bbox 3481 3259 3729 3328; x_wconf 89' lang='lat' dir='ltr'><strong>corporis</strong></span> 
     </span>
    </p>
   </div>
   <div class='ocr_carea' id='block_1_90' title="bbox 2128 3349 3730 3418">
    <p class='ocr_par' dir='ltr' id='par_1_90' title="bbox 2128 3349 3730 3418">
     <span class='ocr_line' id='line_1_92' title="bbox 2128 3349 3730 3418; baseline 0.001 -12"><span class='ocrx_word' id='word_1_662' title='bbox 2128 3349 2327 3406; x_wconf 90' lang='lat' dir='ltr'><strong>Christi</strong></span> <span class='ocrx_word' id='word_1_663' title='bbox 2357 3352 2684 3418; x_wconf 86' lang='lat' dir='ltr'><strong>muniamus;</strong></span> <span class='ocrx_word' id='word_1_664' title='bbox 2716 3361 2910 3408; x_wconf 90' lang='lat' dir='ltr'><strong>etcum</strong></span> <span class='ocrx_word' id='word_1_665' title='bbox 2950 3352 3018 3408; x_wconf 92' lang='lat' dir='ltr'><strong>ad</strong></span> <span class='ocrx_word' id='word_1_666' title='bbox 3048 3352 3149 3407; x_wconf 92' lang='lat' dir='ltr'><strong>hoc</strong></span> <span class='ocrx_word' id='word_1_667' title='bbox 3174 3350 3642 3418; x_wconf 85' lang='lat' dir='ltr'><strong>ﬁatEucharistia,</strong></span> <span class='ocrx_word' id='word_1_668' title='bbox 3670 3361 3730 3408; x_wconf 89' lang='lat' dir='ltr'><strong>ut</strong></span> 
     </span>
    </p>
   </div>
   <div class='ocr_carea' id='block_1_91' title="bbox 2132 3445 3728 3516">
    <p class='ocr_par' dir='ltr' id='par_1_91' title="bbox 2132 3445 3728 3516">
     <span class='ocr_line' id='line_1_93' title="bbox 2132 3445 3728 3516; baseline 0.003 -20"><span class='ocrx_word' id='word_1_669' title='bbox 2132 3445 2703 3516; x_wconf 88' lang='lat' dir='ltr'><strong>possitaccipientibus</strong></span> <span class='ocrx_word' id='word_1_670' title='bbox 2730 3461 2852 3502; x_wconf 88' lang='lat' dir='ltr'><strong>esse</strong></span> <span class='ocrx_word' id='word_1_671' title='bbox 2894 3445 3079 3501; x_wconf 79' lang='lat' dir='ltr'><strong>tutela.</strong></span> <span class='ocrx_word' id='word_1_672' title='bbox 3109 3445 3242 3502; x_wconf 88' lang='lat' dir='ltr'><strong>Dein</strong></span> <span class='ocrx_word' id='word_1_673' title='bbox 3288 3446 3339 3499; x_wconf 87' lang='lat' dir='ltr'><strong>itt</strong></span> <span class='ocrx_word' id='word_1_674' title='bbox 3389 3455 3618 3501; x_wconf 86' lang='lat' dir='ltr'><strong>tractatu</strong></span> <span class='ocrx_word' id='word_1_675' title='bbox 3658 3446 3728 3501; x_wconf 92' lang='lat' dir='ltr'><strong>de</strong></span> 
     </span>
    </p>
   </div>
   <div class='ocr_carea' id='block_1_92' title="bbox 2132 3537 3731 3610">
    <p class='ocr_par' dir='ltr' id='par_1_92' title="bbox 2132 3537 3731 3610">
     <span class='ocr_line' id='line_1_94' title="bbox 2132 3537 3731 3610; baseline 0.001 -18"><span class='ocrx_word' id='word_1_676' title='bbox 2132 3537 2320 3607; x_wconf 84' lang='lat' dir='ltr'><strong>Lapsis</strong></span> <span class='ocrx_word' id='word_1_677' title='bbox 2367 3539 2575 3594; x_wconf 92' lang='lat' dir='ltr'><strong>duobus</strong></span> <span class='ocrx_word' id='word_1_678' title='bbox 2625 3541 2678 3594; x_wconf 94' lang='lat' dir='ltr'><strong>in</strong></span> <span class='ocrx_word' id='word_1_679' title='bbox 2706 3539 2949 3605; x_wconf 88' lang='lat' dir='ltr'><strong>locis,et</strong></span> <span class='ocrx_word' id='word_1_680' title='bbox 2969 3539 3186 3610; x_wconf 92' lang='lat' dir='ltr'><strong>quidem</strong></span> <span class='ocrx_word' id='word_1_681' title='bbox 3227 3542 3408 3594; x_wconf 88' lang='lat' dir='ltr'><strong>statim</strong></span> <span class='ocrx_word' id='word_1_682' title='bbox 3457 3541 3526 3595; x_wconf 89' lang='lat' dir='ltr'><strong>ab</strong></span> <span class='ocrx_word' id='word_1_683' title='bbox 3578 3540 3731 3595; x_wconf 80' lang='lat' dir='ltr'><strong>initio</strong></span> 
     </span>
    </p>
   </div>
   <div class='ocr_carea' id='block_1_93' title="bbox 2131 3629 3732 3703">
    <p class='ocr_par' dir='ltr' id='par_1_93' title="bbox 2131 3629 3732 3703">
     <span class='ocr_line' id='line_1_95' title="bbox 2131 3629 3732 3703; baseline 0.002 -19"><span class='ocrx_word' id='word_1_684' title='bbox 2131 3631 2208 3685; x_wconf 90' lang='lat' dir='ltr'><strong>ait</strong></span> <span class='ocrx_word' id='word_1_685' title='bbox 2233 3629 2312 3702; x_wconf 80' lang='grc'><strong>(5)</strong></span> <span class='ocrx_word' id='word_1_686' title='bbox 2335 3650 2346 3684; x_wconf 90' lang='lat'><strong>:</strong></span> <span class='ocrx_word' id='word_1_687' title='bbox 2371 3650 2388 3682; x_wconf 75' lang='grc' dir='ltr'><strong>ι</strong></span> <span class='ocrx_word' id='word_1_688' title='bbox 2417 3632 2762 3687; x_wconf 87' lang='lat' dir='ltr'><strong>Sanetiﬁcata</strong></span> <span class='ocrx_word' id='word_1_689' title='bbox 2788 3646 2882 3688; x_wconf 88' lang='lat' dir='ltr'><strong>ora</strong></span> <span class='ocrx_word' id='word_1_690' title='bbox 2905 3631 3220 3688; x_wconf 87' lang='lat' dir='ltr'><strong>coelestibus</strong></span> <span class='ocrx_word' id='word_1_691' title='bbox 3239 3633 3375 3688; x_wconf 90' lang='lat' dir='ltr'><strong>cibis</strong></span> <span class='ocrx_word' id='word_1_692' title='bbox 3397 3642 3517 3703; x_wconf 86' lang='lat' dir='ltr'><strong>post</strong></span> <span class='ocrx_word' id='word_1_693' title='bbox 3534 3646 3732 3702; x_wconf 87' lang='lat' dir='ltr'><strong>corpus</strong></span> 
     </span>
    </p>
   </div>
   <div class='ocr_carea' id='block_1_94' title="bbox 2133 3726 3733 3796">
    <p class='ocr_par' dir='ltr' id='par_1_94' title="bbox 2133 3726 3733 3796">
     <span class='ocr_line' id='line_1_96' title="bbox 2133 3726 3733 3796; baseline 0.001 -15"><span class='ocrx_word' id='word_1_694' title='bbox 2133 3736 2188 3781; x_wconf 89' lang='lat' dir='ltr'><strong>et</strong></span> <span class='ocrx_word' id='word_1_695' title='bbox 2240 3726 2553 3796; x_wconf 87' lang='lat' dir='ltr'><strong>sanguinem</strong></span> <span class='ocrx_word' id='word_1_696' title='bbox 2610 3727 2818 3782; x_wconf 90' lang='lat' dir='ltr'><strong>Domini</strong></span> <span class='ocrx_word' id='word_1_697' title='bbox 2894 3726 3116 3796; x_wconf 90' lang='lat' dir='ltr'><strong>profana</strong></span> <span class='ocrx_word' id='word_1_698' title='bbox 3166 3726 3412 3795; x_wconf 81' lang='lat' dir='ltr'><strong>contagia</strong></span> <span class='ocrx_word' id='word_1_699' title='bbox 3457 3736 3514 3782; x_wconf 89' lang='lat' dir='ltr'><strong>et</strong></span> <span class='ocrx_word' id='word_1_700' title='bbox 3559 3726 3733 3782; x_wconf 84' lang='lat' dir='ltr'><strong>idolo-</strong></span> 
     </span>
    </p>
   </div>
   <div class='ocr_carea' id='block_1_95' title="bbox 2134 3819 3736 3892">
    <p class='ocr_par' dir='ltr' id='par_1_95' title="bbox 2134 3819 3736 3892">
     <span class='ocr_line' id='line_1_97' title="bbox 2134 3819 3736 3892; baseline -0.001 -16"><span class='ocrx_word' id='word_1_701' title='bbox 2134 3837 2253 3876; x_wconf 90' lang='lat' dir='ltr'><strong>rum</strong></span> <span class='ocrx_word' id='word_1_702' title='bbox 2291 3821 2546 3890; x_wconf 88' lang='lat' dir='ltr'><strong>reliquias</strong></span> <span class='ocrx_word' id='word_1_703' title='bbox 2595 3829 2937 3892; x_wconf 70' lang='lat' dir='ltr'><strong>resPuerunt.</strong></span> <span class='ocrx_word' id='word_1_704' title='bbox 2969 3839 2989 3873; x_wconf 74' lang='grc' dir='ltr'><strong>ι</strong></span> <span class='ocrx_word' id='word_1_705' title='bbox 3054 3819 3245 3875; x_wconf 90' lang='lat' dir='ltr'><strong>Postea</strong></span> <span class='ocrx_word' id='word_1_706' title='bbox 3297 3821 3436 3875; x_wconf 77' lang='lat' dir='ltr'><strong>circa</strong></span> <span class='ocrx_word' id='word_1_707' title='bbox 3492 3819 3736 3875; x_wconf 90' lang='lat' dir='ltr'><strong>medium</strong></span> 
     </span>
    </p>
   </div>
   <div class='ocr_carea' id='block_1_96' title="bbox 2135 3911 3738 3984">
    <p class='ocr_par' dir='ltr' id='par_1_96' title="bbox 2135 3911 3738 3984">
     <span class='ocr_line' id='line_1_98' title="bbox 2135 3911 3738 3984; baseline -0.002 -17"><span class='ocrx_word' id='word_1_708' title='bbox 2135 3913 2332 3967; x_wconf 86' lang='lat' dir='ltr'><strong>laudati</strong></span> <span class='ocrx_word' id='word_1_709' title='bbox 2363 3921 2620 3968; x_wconf 90' lang='lat' dir='ltr'><strong>tractatus</strong></span> <span class='ocrx_word' id='word_1_710' title='bbox 2649 3913 2834 3967; x_wconf 88' lang='lat' dir='ltr'><strong>scribit</strong></span> <span class='ocrx_word' id='word_1_711' title='bbox 2860 3912 2938 3984; x_wconf 82' lang='lat'>(6)</span> <span class='ocrx_word' id='word_1_712' title='bbox 2963 3929 2974 3964; x_wconf 93' lang='lat'>:</span> <span class='ocrx_word' id='word_1_713' title='bbox 2997 3931 3014 3964; x_wconf 81' lang='grc' dir='ltr'><strong>ι</strong></span> <span class='ocrx_word' id='word_1_714' title='bbox 3045 3911 3286 3966; x_wconf 85' lang='lat' dir='ltr'><strong>Tumens</strong></span> <span class='ocrx_word' id='word_1_715' title='bbox 3315 3912 3521 3966; x_wconf 92' lang='lat' dir='ltr'><strong>animus</strong></span> <span class='ocrx_word' id='word_1_716' title='bbox 3549 3921 3607 3965; x_wconf 86' lang='lat' dir='ltr'><strong>et</strong></span> <span class='ocrx_word' id='word_1_717' title='bbox 3637 3925 3738 3964; x_wconf 78' lang='lat' dir='ltr'><strong>su-</strong></span> 
     </span>
    </p>
   </div>
   <div class='ocr_carea' id='block_1_97' title="bbox 2135 4005 3741 4078">
    <p class='ocr_par' dir='ltr' id='par_1_97' title="bbox 2135 4005 3741 4078">
     <span class='ocr_line' id='line_1_99' title="bbox 2135 4005 3741 4078; baseline -0.001 -18"><span class='ocrx_word' id='word_1_718' title='bbox 2135 4007 2355 4077; x_wconf 89' lang='lat' dir='ltr'><strong>perbus,</strong></span> <span class='ocrx_word' id='word_1_719' title='bbox 2378 4021 2474 4060; x_wconf 81' lang='lat' dir='ltr'><strong>nec</strong></span> <span class='ocrx_word' id='word_1_720' title='bbox 2496 4007 2618 4078; x_wconf 91' lang='lat' dir='ltr'><strong>quia</strong></span> <span class='ocrx_word' id='word_1_721' title='bbox 2641 4007 2812 4061; x_wconf 90' lang='lat' dir='ltr'><strong>victus</strong></span> <span class='ocrx_word' id='word_1_722' title='bbox 2834 4016 2936 4072; x_wconf 87' lang='lat' dir='ltr'><strong>est,</strong></span> <span class='ocrx_word' id='word_1_723' title='bbox 2963 4005 3162 4061; x_wconf 77' lang='lat' dir='ltr'><strong>fractus</strong></span> <span class='ocrx_word' id='word_1_724' title='bbox 3186 4015 3287 4060; x_wconf 92' lang='lat' dir='ltr'><strong>est.</strong></span> <span class='ocrx_word' id='word_1_725' title='bbox 3318 4005 3511 4060; x_wconf 83' lang='lat' dir='ltr'><strong>Jacens</strong></span> <span class='ocrx_word' id='word_1_726' title='bbox 3541 4005 3741 4059; x_wconf 81' lang='lat' dir='ltr'><strong>stanti—</strong></span> 
     </span>
    </p>
   </div>
   <div class='ocr_carea' id='block_1_98' title="bbox 2136 4101 3738 4174">
    <p class='ocr_par' dir='ltr' id='par_1_98' title="bbox 2136 4101 3738 4174">
     <span class='ocr_line' id='line_1_100' title="bbox 2136 4101 3738 4174; baseline -0.001 -18"><span class='ocrx_word' id='word_1_727' title='bbox 2136 4102 2235 4156; x_wconf 89' lang='lat' dir='ltr'><strong>bus</strong></span> <span class='ocrx_word' id='word_1_728' title='bbox 2261 4111 2315 4156; x_wconf 86' lang='lat' dir='ltr'><strong>et</strong></span> <span class='ocrx_word' id='word_1_729' title='bbox 2340 4101 2563 4174; x_wconf 82' lang='lat' dir='ltr'><strong>integris</strong></span> <span class='ocrx_word' id='word_1_730' title='bbox 2589 4103 2895 4158; x_wconf 86' lang='lat' dir='ltr'><strong>vulneratus</strong></span> <span class='ocrx_word' id='word_1_731' title='bbox 2918 4102 3187 4167; x_wconf 88' lang='lat' dir='ltr'><strong>minatur;</strong></span> <span class='ocrx_word' id='word_1_732' title='bbox 3218 4111 3272 4156; x_wconf 89' lang='lat' dir='ltr'><strong>et</strong></span> <span class='ocrx_word' id='word_1_733' title='bbox 3291 4101 3434 4172; x_wconf 91' lang='lat' dir='ltr'><strong>quod</strong></span> <span class='ocrx_word' id='word_1_734' title='bbox 3463 4117 3566 4156; x_wconf 89' lang='lat' dir='ltr'><strong>non</strong></span> <span class='ocrx_word' id='word_1_735' title='bbox 3617 4110 3738 4155; x_wconf 78' lang='lat' dir='ltr'><strong>sta-</strong></span> 
     </span>
    </p>
   </div>
   <div class='ocr_carea' id='block_1_99' title="bbox 2138 4194 3746 4266">
    <p class='ocr_par' dir='ltr' id='par_1_99' title="bbox 2138 4194 3746 4266">
     <span class='ocr_line' id='line_1_101' title="bbox 2138 4194 3746 4266; baseline -0.001 -16"><span class='ocrx_word' id='word_1_736' title='bbox 2138 4195 2233 4250; x_wconf 89' lang='lat' dir='ltr'><strong>tim</strong></span> <span class='ocrx_word' id='word_1_737' title='bbox 2265 4194 2698 4266; x_wconf 87' lang='lat' dir='ltr'><strong>Dominicorpus</strong></span> <span class='ocrx_word' id='word_1_738' title='bbox 2725 4196 3014 4266; x_wconf 86' lang='lat' dir='ltr'><strong>inquinatis</strong></span> <span class='ocrx_word' id='word_1_739' title='bbox 3061 4195 3310 4250; x_wconf 88' lang='lat' dir='ltr'><strong>manibus</strong></span> <span class='ocrx_word' id='word_1_740' title='bbox 3340 4194 3592 4264; x_wconf 82' lang='lat' dir='ltr'><strong>accipiat,</strong></span> <span class='ocrx_word' id='word_1_741' title='bbox 3642 4203 3746 4249; x_wconf 83' lang='lat' dir='ltr'><strong>aut</strong></span> 
     </span>
    </p>
   </div>
   <div class='ocr_carea' id='block_1_100' title="bbox 2138 4290 3744 4362">
    <p class='ocr_par' dir='ltr' id='par_1_100' title="bbox 2138 4290 3744 4362">
     <span class='ocr_line' id='line_1_102' title="bbox 2138 4290 3744 4362; baseline 0 -17"><span class='ocrx_word' id='word_1_742' title='bbox 2138 4305 2234 4346; x_wconf 91' lang='lat' dir='ltr'><strong>ore</strong></span> <span class='ocrx_word' id='word_1_743' title='bbox 2265 4291 2469 4362; x_wconf 91' lang='lat' dir='ltr'><strong>polluto</strong></span> <span class='ocrx_word' id='word_1_744' title='bbox 2506 4291 2720 4347; x_wconf 89' lang='lat' dir='ltr'><strong>Domini</strong></span> <span class='ocrx_word' id='word_1_745' title='bbox 2768 4292 3082 4362; x_wconf 83' lang='lat' dir='ltr'><strong>sanguinem</strong></span> <span class='ocrx_word' id='word_1_746' title='bbox 3134 4290 3310 4357; x_wconf 92' lang='lat' dir='ltr'><strong>bibat,</strong></span> <span class='ocrx_word' id='word_1_747' title='bbox 3367 4290 3744 4346; x_wconf 86' lang='lat' dir='ltr'><strong>sacerdotibus</strong></span> 
     </span>
    </p>
   </div>
   <div class='ocr_carea' id='block_1_101' title="bbox 2139 4383 3744 4455">
    <p class='ocr_par' dir='ltr' id='par_1_101' title="bbox 2139 4383 3744 4455">
     <span class='ocr_line' id='line_1_103' title="bbox 2139 4383 3744 4455; baseline 0 -17"><span class='ocrx_word' id='word_1_748' title='bbox 2139 4384 2436 4455; x_wconf 89' lang='lat' dir='ltr'><strong>sacrilegus</strong></span> <span class='ocrx_word' id='word_1_749' title='bbox 2471 4384 2741 4439; x_wconf 90' lang='lat' dir='ltr'><strong>irascitur.</strong></span> <span class='ocrx_word' id='word_1_750' title='bbox 2783 4403 2804 4437; x_wconf 74' lang='grc' dir='ltr'><strong>ι</strong></span> <span class='ocrx_word' id='word_1_751' title='bbox 2847 4383 2905 4438; x_wconf 91' lang='lat' dir='ltr'><strong>ln</strong></span> <span class='ocrx_word' id='word_1_752' title='bbox 2951 4384 3142 4440; x_wconf 90' lang='lat' dir='ltr'><strong>eodem</strong></span> <span class='ocrx_word' id='word_1_753' title='bbox 3172 4393 3400 4439; x_wconf 88' lang='lat' dir='ltr'><strong>tractatu</strong></span> <span class='ocrx_word' id='word_1_754' title='bbox 3427 4383 3497 4439; x_wconf 91' lang='lat' dir='ltr'><strong>de</strong></span> <span class='ocrx_word' id='word_1_755' title='bbox 3547 4383 3744 4455; x_wconf 88' lang='lat' dir='ltr'><strong>Lapsis</strong></span> 
     </span>
    </p>
   </div>
   <div class='ocr_carea' id='block_1_102' title="bbox 2139 4476 3743 4548">
    <p class='ocr_par' dir='ltr' id='par_1_102' title="bbox 2139 4476 3743 4548">
     <span class='ocr_line' id='line_1_104' title="bbox 2139 4476 3743 4548; baseline 0.001 -18"><span class='ocrx_word' id='word_1_756' title='bbox 2139 4476 2294 4546; x_wconf 88' lang='lat' dir='ltr'><strong>plura</strong></span> <span class='ocrx_word' id='word_1_757' title='bbox 2323 4476 2568 4546; x_wconf 84' lang='lat' dir='ltr'><strong>exempla</strong></span> <span class='ocrx_word' id='word_1_758' title='bbox 2599 4476 2833 4543; x_wconf 90' lang='lat' dir='ltr'><strong>adducit,</strong></span> <span class='ocrx_word' id='word_1_759' title='bbox 2859 4493 2922 4532; x_wconf 82' lang='lat' dir='ltr'><strong>ex</strong></span> <span class='ocrx_word' id='word_1_760' title='bbox 2952 4478 3147 4548; x_wconf 85' lang='lat' dir='ltr'><strong>quibus</strong></span> <span class='ocrx_word' id='word_1_761' title='bbox 3179 4479 3296 4534; x_wconf 90' lang='lat' dir='ltr'><strong>luce</strong></span> <span class='ocrx_word' id='word_1_762' title='bbox 3318 4477 3615 4533; x_wconf 89' lang='lat' dir='ltr'><strong>meridiana</strong></span> <span class='ocrx_word' id='word_1_763' title='bbox 3634 4477 3743 4532; x_wconf 85' lang='lat' dir='ltr'><strong>cla-</strong></span> 
     </span>
    </p>
   </div>
   <div class='ocr_carea' id='block_1_103' title="bbox 2135 4571 3745 4641">
    <p class='ocr_par' dir='ltr' id='par_1_103' title="bbox 2135 4571 3745 4641">
     <span class='ocr_line' id='line_1_105' title="bbox 2135 4571 3745 4641; baseline 0.002 -16"><span class='ocrx_word' id='word_1_764' title='bbox 2135 4571 2249 4625; x_wconf 87' lang='lat' dir='ltr'><strong>rius</strong></span> <span class='ocrx_word' id='word_1_765' title='bbox 2271 4573 2495 4641; x_wconf 90' lang='lat' dir='ltr'><strong>patescit</strong></span> <span class='ocrx_word' id='word_1_766' title='bbox 2517 4571 2953 4627; x_wconf 87' lang='lat' dir='ltr'><strong>communionem</strong></span> <span class='ocrx_word' id='word_1_767' title='bbox 2985 4587 3078 4628; x_wconf 92' lang='lat' dir='ltr'><strong>seu</strong></span> <span class='ocrx_word' id='word_1_768' title='bbox 3103 4572 3494 4628; x_wconf 83' lang='lat' dir='ltr'><strong>EuchariStiam</strong></span> <span class='ocrx_word' id='word_1_769' title='bbox 3520 4588 3624 4629; x_wconf 88' lang='lat' dir='ltr'><strong>una</strong></span> <span class='ocrx_word' id='word_1_770' title='bbox 3637 4576 3745 4628; x_wconf 87' lang='lat' dir='ltr'><strong>sub</strong></span> 
     </span>
    </p>
   </div>
   <div class='ocr_carea' id='block_1_104' title="bbox 2136 4665 3748 4737">
    <p class='ocr_par' dir='ltr' id='par_1_104' title="bbox 2136 4665 3748 4737">
     <span class='ocr_line' id='line_1_106' title="bbox 2136 4665 3748 4737; baseline 0.002 -17"><span class='ocrx_word' id='word_1_771' title='bbox 2136 4667 2336 4736; x_wconf 88' lang='lat' dir='ltr'><strong>specie.</strong></span> <span class='ocrx_word' id='word_1_772' title='bbox 2395 4665 2556 4722; x_wconf 91' lang='lat' dir='ltr'><strong>modo</strong></span> <span class='ocrx_word' id='word_1_773' title='bbox 2609 4668 2710 4723; x_wconf 89' lang='lat' dir='ltr'><strong>sub</strong></span> <span class='ocrx_word' id='word_1_774' title='bbox 2763 4667 2908 4733; x_wconf 81' lang='lat' dir='ltr'><strong>vini,</strong></span> <span class='ocrx_word' id='word_1_775' title='bbox 2962 4667 3123 4723; x_wconf 91' lang='lat' dir='ltr'><strong>modo</strong></span> <span class='ocrx_word' id='word_1_776' title='bbox 3176 4668 3276 4723; x_wconf 89' lang='lat' dir='ltr'><strong>sub</strong></span> <span class='ocrx_word' id='word_1_777' title='bbox 3344 4667 3498 4737; x_wconf 90' lang='lat' dir='ltr'><strong>panis</strong></span> <span class='ocrx_word' id='word_1_778' title='bbox 3557 4668 3748 4736; x_wconf 87' lang='lat' dir='ltr'><strong>specie</strong></span> 
     </span>
    </p>
   </div>
   <div class='ocr_carea' id='block_1_105' title="bbox 2135 4759 3751 4834">
    <p class='ocr_par' dir='ltr' id='par_1_105' title="bbox 2135 4759 3751 4834">
     <span class='ocr_line' id='line_1_107' title="bbox 2135 4759 3751 4834; baseline 0.002 -20"><span class='ocrx_word' id='word_1_779' title='bbox 2135 4759 2565 4816; x_wconf 87' lang='lat' dir='ltr'><strong>administratam</strong></span> <span class='ocrx_word' id='word_1_780' title='bbox 2593 4761 2761 4818; x_wconf 82' lang='lat' dir='ltr'><strong>fuisse</strong></span> <span class='ocrx_word' id='word_1_781' title='bbox 2787 4781 2798 4816; x_wconf 77' lang='grc' dir='ltr'>ε</span> <span class='ocrx_word' id='word_1_782' title='bbox 2831 4763 2896 4817; x_wconf 84' lang='grc' dir='ltr'>Ει</span> <span class='ocrx_word' id='word_1_783' title='bbox 2925 4763 3142 4834; x_wconf 91' lang='lat' dir='ltr'><strong>quidem</strong></span> <span class='ocrx_word' id='word_1_784' title='bbox 3163 4762 3264 4816; x_wconf 90' lang='lat' dir='ltr'><strong>sub</strong></span> <span class='ocrx_word' id='word_1_785' title='bbox 3291 4776 3394 4815; x_wconf 91' lang='lat' dir='ltr'><strong>una</strong></span> <span class='ocrx_word' id='word_1_786' title='bbox 3425 4761 3529 4816; x_wconf 81' lang='lat' dir='ltr'><strong>vini</strong></span> <span class='ocrx_word' id='word_1_787' title='bbox 3553 4761 3751 4831; x_wconf 87' lang='lat' dir='ltr'><strong>specie</strong></span> 
     </span>
    </p>
   </div>
   <div class='ocr_carea' id='block_1_106' title="bbox 2137 4852 3751 4925">
    <p class='ocr_par' dir='ltr' id='par_1_106' title="bbox 2137 4852 3751 4925">
     <span class='ocr_line' id='line_1_108' title="bbox 2137 4852 3751 4925; baseline 0 -17"><span class='ocrx_word' id='word_1_788' title='bbox 2137 4852 2311 4924; x_wconf 86' lang='lat' dir='ltr'><strong>palam</strong></span> <span class='ocrx_word' id='word_1_789' title='bbox 2344 4855 2400 4908; x_wconf 90' lang='lat' dir='ltr'><strong>ﬁt</strong></span> <span class='ocrx_word' id='word_1_790' title='bbox 2421 4870 2486 4909; x_wconf 80' lang='lat' dir='ltr'><strong>ex</strong></span> <span class='ocrx_word' id='word_1_791' title='bbox 2517 4855 2760 4918; x_wconf 88' lang='lat' dir='ltr'><strong>historia,</strong></span> <span class='ocrx_word' id='word_1_792' title='bbox 2794 4872 2954 4924; x_wconf 89' lang='lat' dir='ltr'><strong>quam</strong></span> <span class='ocrx_word' id='word_1_793' title='bbox 3017 4865 3236 4911; x_wconf 87' lang='lat' dir='ltr'><strong>sanctus</strong></span> <span class='ocrx_word' id='word_1_794' title='bbox 3272 4853 3571 4925; x_wconf 87' lang='lat' dir='ltr'><strong>Cyprianus</strong></span> <span class='ocrx_word' id='word_1_795' title='bbox 3603 4854 3751 4908; x_wconf 86' lang='lat' dir='ltr'><strong>libro</strong></span> 
     </span>
    </p>
   </div>
   <div class='ocr_carea' id='block_1_107' title="bbox 2137 4943 3751 5019">
    <p class='ocr_par' dir='ltr' id='par_1_107' title="bbox 2137 4943 3751 5019">
     <span class='ocr_line' id='line_1_109' title="bbox 2137 4943 3751 5019; baseline -0.002 -17"><span class='ocrx_word' id='word_1_796' title='bbox 2137 4946 2205 5002; x_wconf 90' lang='lat' dir='ltr'><strong>de</strong></span> <span class='ocrx_word' id='word_1_797' title='bbox 2226 4946 2462 5018; x_wconf 88' lang='lat' dir='ltr'><strong>Lapsis.,</strong></span> <span class='ocrx_word' id='word_1_798' title='bbox 2483 4957 2522 5004; x_wconf 93' lang='lat' dir='ltr'><strong>I.</strong></span> <span class='ocrx_word' id='word_1_799' title='bbox 2539 4965 2612 5014; x_wconf 87' lang='lat' dir='ltr'><strong>tv,</strong></span> <span class='ocrx_word' id='word_1_800' title='bbox 2634 4964 2682 5004; x_wconf 91' lang='lat' dir='ltr'><strong>c.</strong></span> <span class='ocrx_word' id='word_1_801' title='bbox 2707 4949 2836 5015; x_wconf 71' lang='grc'><strong>484,</strong></span> <span class='ocrx_word' id='word_1_802' title='bbox 2861 4964 2912 5013; x_wconf 91' lang='lat' dir='ltr'><strong>c,</strong></span> <span class='ocrx_word' id='word_1_803' title='bbox 2942 4964 3023 5019; x_wconf 92' lang='lat' dir='ltr'><strong>sq.</strong></span> <span class='ocrx_word' id='word_1_804' title='bbox 3047 4948 3209 5003; x_wconf 88' lang='lat' dir='ltr'><strong>refert</strong></span> <span class='ocrx_word' id='word_1_805' title='bbox 3237 4966 3249 5001; x_wconf 87' lang='lat'><strong>:</strong></span> <span class='ocrx_word' id='word_1_806' title='bbox 3286 4944 3604 5015; x_wconf 78' lang='lat' dir='ltr'><strong>Exemplum</strong></span> <span class='ocrx_word' id='word_1_807' title='bbox 3636 4943 3751 4999; x_wconf 86' lang='lat' dir='ltr'><strong>Eu-</strong></span> 
     </span>
    </p>
   </div>
   <div class='ocr_carea' id='block_1_108' title="bbox 2137 5035 3749 5110">
    <p class='ocr_par' dir='ltr' id='par_1_108' title="bbox 2137 5035 3749 5110">
     <span class='ocr_line' id='line_1_110' title="bbox 2137 5035 3749 5110; baseline -0.002 -18"><span class='ocrx_word' id='word_1_808' title='bbox 2137 5039 2404 5093; x_wconf 65' lang='lat' dir='ltr'><strong>charistize</strong></span> <span class='ocrx_word' id='word_1_809' title='bbox 2456 5039 2557 5094; x_wconf 92' lang='lat' dir='ltr'><strong>sub</strong></span> <span class='ocrx_word' id='word_1_810' title='bbox 2613 5040 2724 5094; x_wconf 85' lang='lat' dir='ltr'><strong>sola</strong></span> <span class='ocrx_word' id='word_1_811' title='bbox 2781 5041 2936 5110; x_wconf 88' lang='lat' dir='ltr'><strong>panis</strong></span> <span class='ocrx_word' id='word_1_812' title='bbox 3006 5040 3188 5110; x_wconf 85' lang='lat' dir='ltr'><strong>specie</strong></span> <span class='ocrx_word' id='word_1_813' title='bbox 3244 5039 3440 5108; x_wconf 69' lang='lat' dir='ltr'><strong>smpius</strong></span> <span class='ocrx_word' id='word_1_814' title='bbox 3507 5035 3749 5091; x_wconf 91' lang='lat' dir='ltr'><strong>admini-</strong></span> 
     </span>
    </p>
   </div>
   <div class='ocr_carea' id='block_1_109' title="bbox 2139 5130 3750 5204">
    <p class='ocr_par' dir='ltr' id='par_1_109' title="bbox 2139 5130 3750 5204">
     <span class='ocr_line' id='line_1_111' title="bbox 2139 5130 3750 5204; baseline -0.001 -22"><span class='ocrx_word' id='word_1_815' title='bbox 2139 5138 2322 5184; x_wconf 74' lang='lat' dir='ltr'><strong>strata:</strong></span> <span class='ocrx_word' id='word_1_816' title='bbox 2339 5142 2519 5185; x_wconf 88' lang='lat' dir='ltr'><strong>narrat</strong></span> <span class='ocrx_word' id='word_1_817' title='bbox 2543 5143 2760 5187; x_wconf 90' lang='lat' dir='ltr'><strong>sanctus</strong></span> <span class='ocrx_word' id='word_1_818' title='bbox 2779 5131 3079 5204; x_wconf 83' lang='lat' dir='ltr'><strong>Cyprianus</strong></span> <span class='ocrx_word' id='word_1_819' title='bbox 3103 5133 3152 5186; x_wconf 93' lang='lat' dir='ltr'><strong>iu</strong></span> <span class='ocrx_word' id='word_1_820' title='bbox 3171 5131 3293 5186; x_wconf 89' lang='lat' dir='ltr'><strong>eod.</strong></span> <span class='ocrx_word' id='word_1_821' title='bbox 3321 5130 3481 5196; x_wconf 89' lang='lat' dir='ltr'><strong>libro,</strong></span> <span class='ocrx_word' id='word_1_822' title='bbox 3503 5137 3638 5183; x_wconf 85' lang='lat' dir='ltr'><strong>tom.</strong></span> <span class='ocrx_word' id='word_1_823' title='bbox 3662 5143 3750 5194; x_wconf 86' lang='lat' dir='ltr'><strong>tv,</strong></span> 
     </span>
    </p>
   </div>
   <div class='ocr_carea' id='block_1_110' title="bbox 2139 5220 3754 5295">
    <p class='ocr_par' dir='ltr' id='par_1_110' title="bbox 2139 5220 3754 5295">
     <span class='ocr_line' id='line_1_112' title="bbox 2139 5220 3754 5295; baseline -0.002 -19"><span class='ocrx_word' id='word_1_824' title='bbox 2139 5235 2190 5276; x_wconf 91' lang='lat' dir='ltr'><strong>c.</strong></span> <span class='ocrx_word' id='word_1_825' title='bbox 2239 5221 2347 5276; x_wconf 71' lang='grc'><strong>186</strong></span> <span class='ocrx_word' id='word_1_826' title='bbox 2383 5237 2412 5275; x_wconf 74' lang='grc' dir='ltr'><strong>ιι</strong></span> <span class='ocrx_word' id='word_1_827' title='bbox 2472 5241 2490 5274; x_wconf 76' lang='grc' dir='ltr'><strong>ι</strong></span> <span class='ocrx_word' id='word_1_828' title='bbox 2524 5222 2656 5278; x_wconf 87' lang='lat' dir='ltr'><strong>Cum</strong></span> <span class='ocrx_word' id='word_1_829' title='bbox 2711 5225 2906 5280; x_wconf 90' lang='lat' dir='ltr'><strong>mulier</strong></span> <span class='ocrx_word' id='word_1_830' title='bbox 2944 5224 3191 5295; x_wconf 70' lang='lat' dir='ltr'><strong>qumdam</strong></span> <span class='ocrx_word' id='word_1_831' title='bbox 3247 5236 3424 5277; x_wconf 88' lang='lat' dir='ltr'><strong>arcam</strong></span> <span class='ocrx_word' id='word_1_832' title='bbox 3479 5236 3656 5284; x_wconf 85' lang='lat' dir='ltr'><strong>suam.</strong></span> <span class='ocrx_word' id='word_1_833' title='bbox 3689 5220 3754 5274; x_wconf 82' lang='lat' dir='ltr'><strong>in</strong></span> 
     </span>
    </p>
   </div>
   <div class='ocr_carea' id='block_1_111' title="bbox 2142 5315 3756 5387">
    <p class='ocr_par' dir='ltr' id='par_1_111' title="bbox 2142 5315 3756 5387">
     <span class='ocr_line' id='line_1_113' title="bbox 2142 5315 3756 5387; baseline -0.001 -17"><span class='ocrx_word' id='word_1_834' title='bbox 2142 5329 2246 5385; x_wconf 91' lang='lat' dir='ltr'><strong>qua</strong></span> <span class='ocrx_word' id='word_1_835' title='bbox 2289 5315 2497 5371; x_wconf 92' lang='lat' dir='ltr'><strong>Domini</strong></span> <span class='ocrx_word' id='word_1_836' title='bbox 2527 5327 2770 5373; x_wconf 84' lang='lat' dir='ltr'><strong>sanctum</strong></span> <span class='ocrx_word' id='word_1_837' title='bbox 2799 5318 2920 5387; x_wconf 87' lang='lat' dir='ltr'><strong>fuit,</strong></span> <span class='ocrx_word' id='word_1_838' title='bbox 2946 5318 3196 5375; x_wconf 90' lang='lat' dir='ltr'><strong>manibus</strong></span> <span class='ocrx_word' id='word_1_839' title='bbox 3224 5323 3484 5373; x_wconf 87' lang='lat' dir='ltr'><strong>tentasset</strong></span> <span class='ocrx_word' id='word_1_840' title='bbox 3503 5315 3756 5386; x_wconf 86' lang='lat' dir='ltr'><strong>aperire,</strong></span> 
     </span>
    </p>
   </div>
   <div class='ocr_carea' id='block_1_112' title="bbox 2249 5453 3330 5524">
    <p class='ocr_par' dir='ltr' id='par_1_112' title="bbox 2249 5453 3330 5524">
     <span class='ocr_line' id='line_1_114' title="bbox 2249 5453 3330 5524; baseline 0.003 -18"><span class='ocrx_word' id='word_1_841' title='bbox 2249 5453 2298 5523; x_wconf 91' lang='grc'><strong>1)</strong></span> <span class='ocrx_word' id='word_1_842' title='bbox 2333 5453 2497 5524; x_wconf 89' lang='lat' dir='ltr'><strong>Cypr.</strong></span> <span class='ocrx_word' id='word_1_843' title='bbox 2530 5453 2628 5524; x_wconf 84' lang='lat' dir='ltr'><strong>Ep.</strong></span> <span class='ocrx_word' id='word_1_844' title='bbox 2662 5470 2766 5518; x_wconf 81' lang='lat' dir='ltr'><strong>LIV,</strong></span> <span class='ocrx_word' id='word_1_845' title='bbox 2787 5464 2919 5512; x_wconf 91' lang='lat' dir='ltr'><strong>tom.</strong></span> <span class='ocrx_word' id='word_1_846' title='bbox 2950 5471 3030 5523; x_wconf 88' lang='grc' dir='ltr'>ιιι,</span> <span class='ocrx_word' id='word_1_847' title='bbox 3061 5472 3109 5512; x_wconf 94' lang='lat' dir='ltr'><strong>c.</strong></span> <span class='ocrx_word' id='word_1_848' title='bbox 3142 5456 3247 5512; x_wconf 84' lang='lat'><strong>857</strong></span> <span class='ocrx_word' id='word_1_849' title='bbox 3278 5473 3330 5510; x_wconf 72' lang='grc' dir='ltr'><strong>Α.</strong></span> 
     </span>
    </p>
   </div>
   <div class='ocr_carea' id='block_1_113' title="bbox 2220 5452 3759 5596">
    <p class='ocr_par' dir='ltr' id='par_1_113' title="bbox 2220 5452 3759 5596">
     <span class='ocr_line' id='line_1_115' title="bbox 2220 5452 3330 5596; baseline 0.003 -90"><span class='ocrx_word' id='word_1_850' title='bbox 2220 5452 2298 5596; x_wconf 40' lang='lat' dir='ltr'>Et)</span> <span class='ocrx_word' id='word_1_851' title='bbox 2333 5453 2497 5524; x_wconf 89' lang='lat' dir='ltr'><strong>Cypr.</strong></span> <span class='ocrx_word' id='word_1_852' title='bbox 2530 5453 2628 5524; x_wconf 84' lang='lat' dir='ltr'><strong>Ep.</strong></span> <span class='ocrx_word' id='word_1_853' title='bbox 2662 5470 2766 5518; x_wconf 81' lang='lat' dir='ltr'><strong>LIV,</strong></span> <span class='ocrx_word' id='word_1_854' title='bbox 2787 5464 2919 5512; x_wconf 91' lang='lat' dir='ltr'><strong>tom.</strong></span> <span class='ocrx_word' id='word_1_855' title='bbox 2950 5471 3030 5523; x_wconf 88' lang='grc' dir='ltr'>ιιι,</span> <span class='ocrx_word' id='word_1_856' title='bbox 3061 5472 3109 5512; x_wconf 94' lang='lat' dir='ltr'><strong>c.</strong></span> <span class='ocrx_word' id='word_1_857' title='bbox 3142 5456 3247 5512; x_wconf 84' lang='lat'><strong>857</strong></span> <span class='ocrx_word' id='word_1_858' title='bbox 3278 5473 3330 5510; x_wconf 72' lang='grc' dir='ltr'><strong>Α.</strong></span> 
     </span>
     <span class='ocr_line' id='line_1_116' title="bbox 2247 5522 3759 5596; baseline 0.001 -17"><span class='ocrx_word' id='word_1_859' title='bbox 2247 5525 2306 5596; x_wconf 75' lang='grc'><strong>2)</strong></span> <span class='ocrx_word' id='word_1_860' title='bbox 2348 5524 2448 5589; x_wconf 88' lang='lat' dir='ltr'><strong>ld.,</strong></span> <span class='ocrx_word' id='word_1_861' title='bbox 2484 5525 2545 5580; x_wconf 82' lang='lat' dir='ltr'><strong>de</strong></span> <span class='ocrx_word' id='word_1_862' title='bbox 2570 5525 2714 5580; x_wconf 79' lang='lat' dir='ltr'><strong>Orat.</strong></span> <span class='ocrx_word' id='word_1_863' title='bbox 2751 5527 3038 5593; x_wconf 88' lang='lat' dir='ltr'><strong>Dominica,</strong></span> <span class='ocrx_word' id='word_1_864' title='bbox 3065 5543 3119 5584; x_wconf 90' lang='lat' dir='ltr'><strong>c.</strong></span> <span class='ocrx_word' id='word_1_865' title='bbox 3147 5529 3254 5584; x_wconf 87' lang='grc'><strong>555</strong></span> <span class='ocrx_word' id='word_1_866' title='bbox 3276 5544 3328 5582; x_wconf 78' lang='grc' dir='ltr'><strong>Α.</strong></span> <span class='ocrx_word' id='word_1_867' title='bbox 3358 5522 3759 5583; x_wconf 83' lang='lat' dir='ltr'><strong>Conf.Tertul-</strong></span> 
     </span>
    </p>
   </div>
   <div class='ocr_carea' id='block_1_114' title="bbox 2148 5592 3078 5662">
    <p class='ocr_par' dir='ltr' id='par_1_114' title="bbox 2148 5592 3078 5662">
     <span class='ocr_line' id='line_1_117' title="bbox 2148 5592 3078 5662; baseline 0.002 -14"><span class='ocrx_word' id='word_1_868' title='bbox 2148 5592 2406 5650; x_wconf 68' lang='lat' dir='ltr'><strong>liamlih.</strong></span> <span class='ocrx_word' id='word_1_869' title='bbox 2443 5611 2478 5649; x_wconf 90' lang='lat' dir='ltr'><strong>ll</strong></span> <span class='ocrx_word' id='word_1_870' title='bbox 2511 5597 2578 5649; x_wconf 81' lang='lat' dir='ltr'><strong>ml</strong></span> <span class='ocrx_word' id='word_1_871' title='bbox 2609 5596 2854 5662; x_wconf 79' lang='lat' dir='ltr'><strong>Uxorem,</strong></span> <span class='ocrx_word' id='word_1_872' title='bbox 2887 5592 3078 5653; x_wconf 18' lang='lat' dir='ltr'><strong>lom.’t.</strong></span> 
     </span>
    </p>
   </div>
   <div class='ocr_carea' id='block_1_115' title="bbox 2149 5665 3758 5795">
    <p class='ocr_par' dir='ltr' id='par_1_115' title="bbox 2149 5665 3758 5795">
     <span class='ocr_line' id='line_1_118' title="bbox 2149 5665 3758 5795; baseline 0.001 -74"><span class='ocrx_word' id='word_1_873' title='bbox 2149 5665 2305 5795; x_wconf 51' lang='lat'><strong>55315)</strong></span> <span class='ocrx_word' id='word_1_874' title='bbox 2332 5667 2616 5738; x_wconf 86' lang='lat' dir='ltr'><strong>Cyprian.,</strong></span> <span class='ocrx_word' id='word_1_875' title='bbox 2647 5669 2746 5741; x_wconf 88' lang='lat' dir='ltr'><strong>Ep.</strong></span> <span class='ocrx_word' id='word_1_876' title='bbox 2773 5672 2841 5725; x_wconf 89' lang='lat' dir='ltr'><strong>ad</strong></span> <span class='ocrx_word' id='word_1_877' title='bbox 2869 5668 3247 5735; x_wconf 81' lang='lat' dir='ltr'><strong>Thibaritanos,</strong></span> <span class='ocrx_word' id='word_1_878' title='bbox 3279 5685 3384 5735; x_wconf 74' lang='lat' dir='ltr'><strong>ut,</strong></span> <span class='ocrx_word' id='word_1_879' title='bbox 3411 5677 3542 5723; x_wconf 92' lang='lat' dir='ltr'><strong>tom.</strong></span> <span class='ocrx_word' id='word_1_880' title='bbox 3570 5682 3650 5736; x_wconf 84' lang='lat' dir='ltr'><strong>tv,</strong></span> <span class='ocrx_word' id='word_1_881' title='bbox 3695 5682 3758 5723; x_wconf 68' lang='grc' dir='ltr'><strong>ρ.</strong></span> 
     </span>
     <span class='ocr_line' id='line_1_119' title="bbox 2281 5756 2333 5794; baseline -0.077 0"><span class='ocrx_word' id='word_1_882' title='bbox 2281 5756 2333 5794; x_wconf 72' lang='grc' dir='ltr'><strong>Α.</strong></span> 
     </span>
    </p>
   </div>
   <div class='ocr_carea' id='block_1_116' title="bbox 2281 5756 2333 5794">
    <p class='ocr_par' dir='ltr' id='par_1_116' title="bbox 2281 5756 2333 5794">
     <span class='ocr_line' id='line_1_120' title="bbox 2281 5756 2333 5794; baseline -0.077 0"><span class='ocrx_word' id='word_1_883' title='bbox 2281 5756 2333 5794; x_wconf 74' lang='grc' dir='ltr'><strong>Δ.</strong></span> 
     </span>
    </p>
   </div>
   <div class='ocr_carea' id='block_1_117' title="bbox 2223 5809 3454 5882">
    <p class='ocr_par' dir='ltr' id='par_1_117' title="bbox 2223 5809 3454 5882">
     <span class='ocr_line' id='line_1_121' title="bbox 2223 5809 3454 5882; baseline 0 -18"><span class='ocrx_word' id='word_1_884' title='bbox 2223 5811 2304 5879; x_wconf 69' lang='grc'><strong>(4)</strong></span> <span class='ocrx_word' id='word_1_885' title='bbox 2333 5809 2617 5882; x_wconf 68' lang='lat' dir='ltr'><strong>Cyprium,</strong></span> <span class='ocrx_word' id='word_1_886' title='bbox 2638 5811 2738 5882; x_wconf 87' lang='lat' dir='ltr'><strong>Ep.</strong></span> <span class='ocrx_word' id='word_1_887' title='bbox 2774 5825 2880 5882; x_wconf 26' lang='grc' dir='ltr'>ιινλ,</span> <span class='ocrx_word' id='word_1_888' title='bbox 2913 5817 3046 5882; x_wconf 86' lang='lat' dir='ltr'><strong>tom.</strong></span> <span class='ocrx_word' id='word_1_889' title='bbox 3081 5809 3374 5882; x_wconf 41' lang='lat'><strong>&quot;1,9856</strong></span> <span class='ocrx_word' id='word_1_890' title='bbox 3400 5825 3454 5864; x_wconf 77' lang='grc' dir='ltr'>ιι.</span> 
     </span>
    </p>
   </div>
   <div class='ocr_carea' id='block_1_118' title="bbox 2224 5877 3666 6016">
    <p class='ocr_par' dir='ltr' id='par_1_118' title="bbox 2224 5877 3666 6016">
     <span class='ocr_line' id='line_1_122' title="bbox 2224 5877 3342 6016; baseline -0.001 -80"><span class='ocrx_word' id='word_1_891' title='bbox 2224 5877 2306 6016; x_wconf 50' lang='grc'><strong>(5)</strong></span> <span class='ocrx_word' id='word_1_892' title='bbox 2329 5877 2740 5964; x_wconf 43' lang='lat' dir='ltr'><strong>ld&#39;ein,.lraCIatu</strong></span> <span class='ocrx_word' id='word_1_893' title='bbox 2761 5881 2822 5934; x_wconf 85' lang='lat' dir='ltr'><strong>de</strong></span> <span class='ocrx_word' id='word_1_894' title='bbox 2845 5877 3048 5949; x_wconf 81' lang='lat' dir='ltr'><strong>Lapsis,</strong></span> <span class='ocrx_word' id='word_1_895' title='bbox 3071 5897 3123 5936; x_wconf 89' lang='lat' dir='ltr'><strong>c.</strong></span> <span class='ocrx_word' id='word_1_896' title='bbox 3156 5879 3264 5935; x_wconf 68' lang='grc'><strong>466</strong></span> <span class='ocrx_word' id='word_1_897' title='bbox 3289 5897 3342 5935; x_wconf 81' lang='grc' dir='ltr'><strong>Α.</strong></span> 
     </span>
     <span class='ocr_line' id='line_1_123' title="bbox 2248 5948 3666 6012; baseline 0.004 -10"><span class='ocrx_word' id='word_1_898' title='bbox 2248 5952 2281 6002; x_wconf 79' lang='grc' dir='ltr'><strong>ϐ</strong></span> <span class='ocrx_word' id='word_1_899' title='bbox 2346 5949 2448 6010; x_wconf 82' lang='lat' dir='ltr'><strong>ld..</strong></span> <span class='ocrx_word' id='word_1_900' title='bbox 2477 5953 2570 6009; x_wconf 88' lang='lat' dir='ltr'><strong>lth.</strong></span> <span class='ocrx_word' id='word_1_901' title='bbox 2601 5963 2732 6007; x_wconf 87' lang='lat' dir='ltr'><strong>tom.</strong></span> <span class='ocrx_word' id='word_1_902' title='bbox 2769 5966 2838 6012; x_wconf 71' lang='grc' dir='ltr'>ιν,</span> <span class='ocrx_word' id='word_1_903' title='bbox 2869 5964 2948 6002; x_wconf 77' lang='lat' dir='ltr'><strong>cc.</strong></span> <span class='ocrx_word' id='word_1_904' title='bbox 2975 5951 3098 6007; x_wconf 64' lang='lat'><strong>478.</strong></span> <span class='ocrx_word' id='word_1_905' title='bbox 3130 5952 3233 6006; x_wconf 73' lang='grc'><strong>179</strong></span> <span class='ocrx_word' id='word_1_906' title='bbox 3276 5969 3326 6012; x_wconf 56' lang='grc' dir='ltr'>ει,</span> <span class='ocrx_word' id='word_1_907' title='bbox 3359 5967 3408 6010; x_wconf 74' lang='lat' dir='ltr'><strong>n.</strong></span> <span class='ocrx_word' id='word_1_908' title='bbox 3440 5948 3546 6006; x_wconf 69' lang='grc'><strong>131</strong></span> <span class='ocrx_word' id='word_1_909' title='bbox 3594 5949 3666 6007; x_wconf 66' lang='lat' dir='ltr'><strong>A.‘</strong></span> 
     </span>
    </p>
   </div>
   <div class='ocr_carea' id='block_1_119' title="bbox 2248 5948 3643 6012">
    <p class='ocr_par' dir='ltr' id='par_1_119' title="bbox 2248 5948 3643 6012">
     <span class='ocr_line' id='line_1_124' title="bbox 2248 5948 3643 6012; baseline 0.004 -10"><span class='ocrx_word' id='word_1_910' title='bbox 2248 5948 2306 6012; x_wconf 79' lang='grc' dir='ltr'><strong>ϐ)</strong></span> <span class='ocrx_word' id='word_1_911' title='bbox 2346 5949 2448 6010; x_wconf 82' lang='lat' dir='ltr'><strong>ld..</strong></span> <span class='ocrx_word' id='word_1_912' title='bbox 2477 5953 2570 6009; x_wconf 89' lang='lat' dir='ltr'><strong>lih.</strong></span> <span class='ocrx_word' id='word_1_913' title='bbox 2601 5963 2732 6007; x_wconf 87' lang='lat' dir='ltr'><strong>tom.</strong></span> <span class='ocrx_word' id='word_1_914' title='bbox 2769 5966 2838 6012; x_wconf 72' lang='grc' dir='ltr'>ιν,</span> <span class='ocrx_word' id='word_1_915' title='bbox 2869 5948 2948 6002; x_wconf 73' lang='lat' dir='ltr'><strong>cc.</strong></span> <span class='ocrx_word' id='word_1_916' title='bbox 2975 5951 3098 6007; x_wconf 63' lang='lat'><strong>478.</strong></span> <span class='ocrx_word' id='word_1_917' title='bbox 3130 5952 3233 6006; x_wconf 71' lang='grc'><strong>179</strong></span> <span class='ocrx_word' id='word_1_918' title='bbox 3276 5969 3326 6012; x_wconf 60' lang='grc'><strong>,1,</strong></span> <span class='ocrx_word' id='word_1_919' title='bbox 3359 5967 3408 6010; x_wconf 79' lang='lat' dir='ltr'><strong>n.</strong></span> <span class='ocrx_word' id='word_1_920' title='bbox 3440 5948 3546 6006; x_wconf 71' lang='grc'><strong>181</strong></span> <span class='ocrx_word' id='word_1_921' title='bbox 3594 5973 3643 6007; x_wconf 76' lang='grc' dir='ltr'><strong>Α.</strong></span> 
     </span>
    </p>
   </div>
  </div>
