3866 6278
380 324 537 376 XXVII

384 446 612 501 fratrum
641 455 848 504 mentes
862 445 1111 512 dicendo,
1142 444 1365 502 Sursum
1397 447 1588 510 corda;
1617 450 1674 497 ut
1698 442 1978 497 dum'rcs-

386 538 590 608 pandet
624 538 797 607 plebs,
844 538 1119 603 Habemusf
1145 538 1214 591 ad
1248 534 1544 604 Dominum,
1577 547 1708 602 etc.,
1736 555 1756 589 ι
1783 536 1977 592 falsum

385 630 547 700 igitur
565 632 804 699 apprime
840 640 943 696 est,
1002 630 1058 686 in
1105 630 1375 700 primitiva
1422 629 1659 685 Ecclesia
1708 629 1975 701 liturgiam

386 721 784 791 Scripturarum
828 722 989 776 verba
1006 721 1384 791 {solummodo
1464 721 1977 793 comprehendisse,

386 828 507 868 eum
535 825 745 869 constet
780 831 848 870 ex
894 814 1130 870 recitatis
1182 814 1242 869 8.
1272 813 1525 886 Cypriani
1557 816 1760 883 verbis,
1793 830 1980 891 preces

382 906 545 960 etiam
580 904 725 961 fusas
780 922 902 962 esse
966 909 1165 975 «Stante
1209 907 1544 975 Orationem,
1568 926 1588 959 ι
1620 916 1675 962 et
1702 907 1979 977 praemissa

388 996 701 1066 praefatione
730 997 798 1052 ad
819 998 915 1052 has
934 997 1380 1069 prccesﬁfidelium
1406 999 1819 1070 mentesiparari
1845 1013 1981 1054 cou-

384 1086 627 1142 suevisse
661 1091 691 1140 ε’
720 1103 843 1157 quae
886 1089 1104 1159 quidem
1145 1089 1391 1160 praefatio
1433 1088 1619 1144 eadem
1679 1091 1979 1145 intentione

386 1179 834 1249 praemittebatur,
867 1197 967 1252 qua
1003 1182 1158 1237 hodie
1205 1182 1344 1253 apud
1400 1198 1497 1238 nos
1526 1184 1886 1252 praemittitur,
1918 1193 1975 1238 ut

388 1271 597 1328 scilicet
628 1292 649 1325 ι
683 1275 1074 1333 admoneamur
1101 1276 1307 1344 ﬁdeles,
1333 1277 1465 1333 nihil
1495 1278 1641 1334 aliud
1679 1294 1759 1348 se,
1814 1294 1975 1353 quam

391 1360 681 1418 Dominum
710 1366 949 1436 cogitare
999 1367 1219 1423 debere.
1247 1387 1265 1420 ι

463 1452 654 1508 XXIII.
708 1454 774 1509 In
824 1456 1284 1528 Misswsacriﬁct'o
1313 1459 1657 1528 oﬂ'erebantur
1680 1464 1889 1518 nomina
1916 1464 1983 1534 [i-

391 1543 604 1599 deiium.
622 1574 698 1588 —-
716 1545 773 1600 In
802 1546 975 1602 Missae
1003 1551 1269 1605 sacrificio
1290 1554 1604 1607 nominatim
1621 1554 1988 1625 allegabantur

391 1637 527 1693 certi
556 1638 745 1695 ﬁdeles
776 1640 887 1695 Deo
914 1657 1010 1712 per
1032 1643 1365 1709 sacerdotes,
1395 1647 1846 1717 quemadmodum
1890 1648 1984 1702 ho.

391 1729 483 1785 die
505 1731 682 1787 adhuc
709 1735 879 1788 moris
908 1744 992 1790 est
1035 1736 1087 1790 in
1134 1735 1373 1805 Canone,
1423 1738 1513 1793 ubi
1551 1758 1567 1792 t
1605 1740 1657 1795 in
1695 1740 1985 1808 Memento,

393 1819 641 1890 Domine,
671 1824 993 1882 famulorum
1018 1827 1452 1900 famularumque
1480 1841 1689 1887 tuarum
1718 1854 1736 1885 ι
1786 1837 1988 1893 mentio

391 1924 662 1970 certarum
687 1932 1034 1984 personarum
1052 1920 1366 1975 nominatim
1389 1921 1469 1976 ﬁt.
1494 1923 1707 1979 Duabus
1737 1941 1799 1979 ex
1829 1925 1988 1996 Epis-

394 2010 518 2064 tolis
545 2010 603 2063 S.
658 2011 909 2081 Cypriani
956 2013 1008 2066 id
1057 2014 1342 2069 manifesto
1389 2026 1621 2071 constat.
1666 2018 1722 2083 In
1765 2035 1989 2090 quarunt

399 2102 590 2167 prima,
621 2117 740 2171 qua:
771 2113 854 2157 est
880 2104 945 2157 ad
975 2096 1179 2160 clerum
1207 2122 1363 2161 suum
1394 2107 1499 2181 (i),
1535 2110 1706 2173 dolet,
1738 2114 1879 2183 quod
1902 2130 1993 2169 co-

397 2211 516 2249 rum
569 2196 785 2251 nomina
836 2200 1135 2255 oderantur
1188 2200 1280 2271 qui
1331 2203 1383 2256 in
1440 2204 1811 2272 persecutione
1856 2206 1991 2277 lapsi

397 2296 572 2351 erant,
596 2287 915 2355 oti'erantur,
947 2292 1181 2361 inquam,
1206 2292 1501 2349 oﬁ‘erantur
1519 2296 1829 2365 poenitentia
1851 2308 1990 2364 acta,

398 2380 637 2434 nondum
665 2381 1032 2451 exomologesi
1088 2381 1253 2452 facta,
1300 2380 1546 2440 'nondum
1601 2401 1758 2442 manu
1817 2389 1900 2444 eis
1926 2390 1994 2445 ab

399 2472 652 2541 cpiscotro
679 2481 734 2528 et
759 2474 909 2529 clero
938 2468 1219 2545 Imposita:
1250 2495 1269 2529 α
1301 2477 1549 2546 offertur,
1585 2499 1603 2532 ι
1639 2480 1811 2551 inquit
1839 2497 1997 2539 sanc-

402 2577 488 2621 tus
512 2567 730 2633 Dootor,
770 2586 788 2619 ι
827 2583 1024 2623 twmen
1048 2585 1260 2627 eorum.
1288 2591 1308 2624 ι
1346 2572 1404 2626 ln
1428 2573 1594 2629 altera
1639 2575 1705 2629 ad
1734 2574 1995 2632 Numidas

400 2659 693 2729 Episcopos
714 2660 842 2715 data
867 2662 1051 2717 scribit
1071 2661 1151 2736 (Ξ)
1174 2681 1219 2715 :t
1243 2664 1468 2720 Subdidi
1501 2667 1715 2722 nomina
1748 2652 1994 2747 singulo-

401 2768 545 2820 rum,
580 2749 636 2807 ut
664 2753 857 2810 fratres
882 2756 1089 2813 scilicet
1137 2770 1354 2815 nostros
1409 2776 1472 2815 ac
1511 2777 1751 2828 sorores,
1782 2766 1873 2841 qui
1929 2764 1995 2818 ad

400 2842 504 2899 hoc
519 2860 656 2915 opus
671 2845 1105 2922 (redemptionis)
1125 2859 1229 2906 tam
1246 2855 1608 2910 necessarium
1625 2857 1831 2926 operati
1848 2868 1994 2926 sunt,

401 2936 455 2992 in
487 2949 669 2994 mente
701 2941 942 2996 habeatis
973 2943 1025 2997 in
1079 2946 1439 3013 orationibus,
1499 2950 1551 3003 in
1610 2949 1911 3018 sacriﬁciis,
1944 2960 2000 3006 et

402 3031 677 3099 precibus,
707 3032 921 3087 subdidi
938 3036 1157 3090 nomina
1173 3038 1529 3108 singulorum.
1565 3060 1584 3093 ›
1610 3040 1666 3094 In
1691 3057 1812 3115 quae
1835 3046 1999 3112 verba

401 3118 746 3177 doctissimus
769 3121 1033 3192 Rigaltins
1054 3125 1170 3181 hinc
1187 3124 1411 3183 annotat
1430 3146 1474 3183 :t
1498 3129 1616 3187 Non
1645 3131 1866 3199 frustra,
1893 3150 1997 3189 non

402 3222 740 3281 supervacue
773 3235 788 3270 :
820 3230 944 3270 nam
973 3215 1029 3271 in
1055 3218 1336 3275 sacrificiis
1361 3222 1666 3278 orationum
1699 3224 2000 3281 offereban-

405 3311 492 3356 tur
515 3303 730 3358 nomina
753 3298 939 3361 eorum
971 3308 1059 3378 qui
1085 3309 1150 3364 ad
1174 3310 1279 3367 hoc
1307 3327 1443 3385 Opus
1471 3321 1578 3369 tam
1634 3317 1999 3373 necessarium

404 3405 651 3463 prompte
688 3411 756 3451 ac
796 3396 1026 3455 libenter
1053 3403 1259 3471 operati
1282 3414 1457 3459 erant.
1490 3425 1509 3458 ι
1530 3404 1576 3460 Α
1595 3408 1873 3483 privilegio
1902 3409 2004 3463 hoc

405 3487 635 3555 excludi,
660 3504 832 3561 pana:
852 3494 1188 3563 gravissimae
1215 3497 1337 3553 loco
1360 3490 1621 3568 habitum,
1654 3502 2004 3575 quemadmo-

407 3583 531 3638 dum
561 3593 777 3641 constat
802 3602 869 3643 ex
896 3588 1134 3660 Epistola
1165 3576 1232 3647 ad
1257 3590 1584 3650 Furnitanos
1613 3594 1712 3667 (3).

475 3695 671 3752 XXIV.
692 3698 1089 3758 Sacrosanctum
1108 3705 1417 3785 sacriﬁcium
1431 3709 1483 3762 in
1503 3708 1789 3765 carceribus
1816 3706 2002 3777 o/fcre-

407 3785 579 3854 batur;
598 3806 878 3863 parumque
907 3811 1053 3866 aqua:
1082 3796 1447 3868 infundebatur
1459 3801 1511 3854 in
1532 3802 1785 3855 calice.——
1812 3800 2005 3859 Sacro-

407 3891 652 3938 sanctum
698 3886 1021 3943 sacriﬁcium
1072 3891 1124 3945 in
1166 3894 1477 3950 carceribus
1523 3904 1794 3967 peractum
1838 3896 2006 3953 fuisse

408 3980 537 4028 tunc
584 3980 841 4046 temporis
871 3977 1128 4038 discimus
1174 3999 1240 4038 ex
1279 3984 1515 4054 Epistula
1561 3986 1792 4057 quadam
1819 3985 1875 4042 S.
1901 3986 2009 4057 Cy-

409 4068 604 4137 priani,
631 4070 683 4124 in
707 4087 807 4141 qua
834 4068 902 4127 ad
926 4090 1080 4129 suum
1116 4077 1342 4143 elerum,
1374 4077 1581 4137 furente
1608 4079 2004 4151 persecutione.

410 4162 656 4218 scribens
702 4163 777 4219 ait
808 4164 928 4239 (4):
978 4188 996 4220 ι
1032 4169 1310 4227 Consulite
1358 4187 1487 4242 ergo
1529 4182 1585 4229 et
1629 4172 1905 4245 providete
1953 4180 2009 4227 ut

409 4262 709 4336 presbyteri
735 4276 948 4335 quoque
975 4262 1064 4332 qui
1094 4262 1206 4317 illic
1233 4262 1309 4335 (in
1343 4262 1675 4337 carceribus)
1704 4262 1845 4333 apud
1873 4277 2012 4321 con-

410 4358 644 4413 fessores
672 4355 937 4423 offerunt,
977 4355 1171 4429 singuli
1210 4371 1334 4411 cum
1373 4355 1598 4429 singulis
1634 4354 1878 4410 diacouis
1914 4370 2009 4425 per

412 4452 557 4506 vices
603 4452 909 4517 alteruent;
947 4470 966 4503 ι
1013 4467 1078 4506 ne
1123 4452 1332 4506 scilicet
1382 4451 1538 4508 facile
1591 4452 2009 4523 dignoscantur.

413 4543 707 4599 Perductus
741 4543 1042 4599 Bernardus
1068 4543 1359 4599 Marecball
1389 4543 1466 4623 (5)
1498 4544 1765 4600 existimat
1796 4543 1897 4598 hoc
1937 4544 1947 4596 i
1976 4558 2009 4598 n

415 4636 473 4693 S.
507 4637 758 4708 Cypriani
788 4636 907 4691 loco
936 4635 1193 4691 adversus
1230 4636 1562 4692 recentiores
1604 4638 1884 4704 sectatios,
1911 4639 2012 4711 qui

414 4728 652 4801 privatas
684 4729 874 4784 Missas
900 4729 1194 4797 damnant,
1242 4728 1464 4801 privatae
1495 4728 1669 4784 Μίδεω
1704 4731 2009 4803 exemplum

415 4824 655 4892 reperire
684 4840 700 4889 ;
739 4822 835 4878 sed
865 4821 1079 4877 videtur
1106 4820 1236 4876 mihi
1268 4822 1614 4876 doctissimus
1646 4823 1727 4876 vir
1755 4823 1893 4881 haud
1921 4840 2012 4879 sa-

416 4917 484 4967 tis
528 4925 769 4969 exactam
797 4912 865 4969 de
908 4912 1068 4969 Missa
1102 4914 1307 4984 privata
1337 4914 1508 4971 ideam
1538 4914 1638 4971 sibi
1669 4914 2009 4970 eﬁ‘ormasse.

418 5006 578 5062 Missa
607 5008 747 5062 enim
791 5008 993 5075 privata
1041 5008 1130 5062 illa
1162 5007 1442 5063 dumtaxat
1469 5007 1665 5063 dicitur
1686 5052 1701 5076 ,
1747 5009 1836 5063 ubi
1865 5007 2014 5064 solus

420 5101 674 5157 sacerdos
700 5100 1089 5157 Eucharistiam
1132 5102 1328 5171 sumit,
1362 5101 1543 5169 nullus
1567 5118 1631 5159 ex
1674 5101 2016 5157 adstantibus

520 5372 575 5444 I)
604 5372 661 5429 S.
682 5369 965 5444 Cyprian.,
993 5369 1163 5439 Epist.
1195 5387 1271 5437 ut,
1301 5380 1344 5444 ﬁt.
1372 5386 1457 5444 IV,
1480 5385 1528 5425 c.
1556 5369 1668 5424 252
1696 5387 1749 5424 Α.

521 5441 578 5511 2)
605 5444 710 5509 Id.,
733 5441 906 5508 Epist.
936 5458 1024 5507 ιι,
1050 5450 1087 5498 t.
1120 5458 1192 5511 tv,
1225 5459 1273 5498 c.
1297 5441 1404 5499 562
1429 5442 1479 5500 5.

499 5504 735 5584 (ὅδιάοζ.
766 5504 1269 5585 Ep.va1,t.tv,c.
1310 5515 1432 5571 598.
1484 5510 1621 5571 Vide
1671 5517 1712 5565 t.
1752 5524 1828 5577 χι,
1876 5504 2016 5562 Hist.

422 5586 578 5640 tltcol.
609 5586 750 5648 crit.,
775 5602 826 5654 p.
856 5587 986 5642 ‘25:).

419 5677 435 5725 ἓν
497 5655 577 5730 (δ’)
605 5655 893 5730 Ῐᾴ·ἘΡίδί”
920 5673 991 5724 ἶν’
1017 5672 1067 5730 ετ
1100 5655 1196 5730 25.,
1234 5673 1291 5730 λι
1328 5663 1385 5730 ιι
1401 5669 1471 5730 Ψ·
1506 5721 1542 5730 ..
1562 5722 1597 5730 _
1755 5726 1761 5730 .
1903 5722 1917 5730 .
1941 5682 2007 5730 ...”

589 5719 908 5856 glaref'ltall,
948 5719 1325 5789 Concordantia
1346 5724 1454 5781 SS.
1500 5721 1645 5790 PP.,
1679 5730 1715 5777 t.
1749 5726 1804 5789 it,
1824 5719 2019 5797 p.II7,

498 5817 511 5856 ι
542 5842 553 5854 .
634 5815 735 5856 ene
768 5843 779 5855 .

425 5802 553 5857 edit.
589 5802 779 5857 Venet.

1786 304 2176 370 PREFATIO.

3504 325 3679 371 XXVIII

2080 449 2209 493 vero
2230 435 2611 491 communicat.
2640 436 2834 493 Parum
2857 448 3009 505 aquae
3036 434 3163 493 vino
3188 433 3487 495 admixtum
3510 433 3681 491 fuisse

2078 532 2133 586 in
2164 530 2427 587 sacrificio
2456 530 2581 588 alibi
2600 530 2711 603 jam
2739 529 3115 586 annotavimus
3141 528 3247 601 (1).

2328 669 2355 731 §
2387 668 2469 718 IV.
2504 695 2567 708 -—
2589 667 3040 731 Disciplinlfquoad
3063 667 3422 731 paenitentiam.

2154 772 2322 828 XXV.
2351 772 2605 844 Sequenti
2637 783 2803 839 torno,
2826 773 2962 828 duce
2992 772 3303 828 doctissimo
3323 772 3566 841 Marano,
3587 787 3679 827 os-

2084 866 2364 921 tendemus
2381 883 2444 922 ex
2462 868 2519 922 S.
2536 866 2793 939 Cypriani
2811 867 3129 923 testimoniis
3142 866 3523 923 Pmnitentiam
3542 869 3683 922 inter

2084 969 2418 1013 sacramenta
2472 961 2696 1014 relatam
2750 958 2948 1027 fuisse‘,
3005 969 3056 1014 et
3098 976 3258 1032 quam
3311 959 3684 1015 necessarium

2086 1054 2225 1109 idem
2259 1064 2476 1108 sanetus
2506 1054 2701 1108 Doctor
2740 1054 2840 1108 hoc
2870 1064 3264 1108 sacramentum
3299 1051 3550 1108 ﬁdelibus
3590 1052 3684 1122 ju-

2084 1146 2364 1209 dicaverit,
2394 1161 2661 1219 quamque
2683 1153 2866 1200 sancte
2889 1144 3252 1199 administrari
3286 1144 3538 1199 voluerit.
3571 1141 3684 1198 Ibi-

2086 1239 2207 1295 dem
2252 1240 2414 1294 etiam
2456 1238 2806 1293 discussimus
2835 1240 3045 1308 primo,
3075 1252 3200 1292 num
3241 1237 3296 1291 in
3347 1235 3526 1291 Africa
3557 1244 3689 1292 ante

2087 1341 2330 1390 sanctum
2356 1332 2500 1388 hunc
2530 1333 2850 1403 Episcopum
2882 1332 3215 1404 gravissimis
3241 1330 3559 1387 criminibus
3592 1344 3689 1384 ue-

2086 1438 2209 1499 gata
2238 1427 2403 1483 fuerit
2431 1427 2738 1481 communio
2758 1434 2882 1497 post
2904 1423 3306 1496 paenitentiam;
3336 1422 3483 1490 dein,
3507 1434 3687 1478 utrum

2087 1534 2228 1575 nova
2260 1520 2359 1574 sub
2383 1518 2575 1574 eodem
2601 1517 2661 1573 S.
2695 1517 2927 1571 Doctore
2950 1516 3166 1570 inducta
3195 1515 3263 1569 sit
3284 1513 3589 1584 disciplina,
3621 1529 3688 1570 ac

2090 1613 2312 1684 pristina
2338 1612 2598 1666 severitas
2626 1610 2677 1663 in
2707 1609 2853 1664 solos
2876 1616 3149 1679 apostatas
3170 1617 3224 1664 et
3245 1605 3556 1662 desertores
3601 1620 3691 1661 re—

2092 1713 2268 1770 tenta;
2303 1708 2492 1770 tertio,
2547 1718 2673 1757 num
2722 1702 2779 1756 S.
2812 1701 3111 1773 Cyprianus
3150 1700 3317 1768 lapsis
3363 1699 3414 1753 in
3455 1698 3690 1753 decursu

2090 1797 2422 1868 pmnitetttim
2450 1794 2804 1849 morientibus
2832 1808 3017 1861 pacem
3048 1792 3345 1862 negaverit,
3368 1790 3455 1845 his
3480 1800 3689 1844 tantum

2093 1890 2335 1958 exceptis
2364 1888 2454 1958 qui
2484 1886 2697 1942 iibellos
2719 1901 2749 1939 a
2780 1885 3107 1955 martyribus
3149 1889 3496 1955 acceperant.
3538 1881 3690 1936 'I'au-

2092 1981 2214 2036 dein
2248 1981 2709 2050 investigavimus,
2747 1989 2925 2032 utrum
2956 1977 3242 2031 concilium
3265 1975 3691 2046 Carthaginense

2091 2073 2464 2144 paenitentiam
2503 2071 2814 2127 sacrilicatis
2850 2086 2946 2140 per
2977 2078 3146 2124 totum
3176 2068 3298 2123 vita:
3342 2077 3557 2138 tempus
3586 2067 3689 2120 im-

2094 2168 2352 2236 posuerit.

2166 2260 2359 2315 XXVI.
2386 2260 2514 2325 Qui:
2560 2269 2769 2327 peccata
2801 2257 3110 2329 pauitantia:
3146 2256 3409 2311 canonictz
3443 2253 3687 2326 subjecta.

2098 2352 2243 2408 Num
2295 2354 2447 2407 etiam
2491 2353 2763 2406 secretiora
2800 2361 3026 2422 peccata.
3057 2379 3129 2390 —
3158 2348 3359 2404 Verum
3400 2356 3693 2418 supersunt

2096 2447 2276 2503 adhuc
2320 2446 2440 2500 aliae
2483 2446 2624 2500 circa
2657 2444 2990 2515 pmnitentite
3020 2441 3358 2512 disciplinam
3389 2439 3695 2496 enodandas

2096 2540 2448 2611 qtttestiones.
2503 2539 2677 2608 Atque
2719 2537 2773 2591 iu
2802 2537 2992 2606 primis
3034 2533 3406 2600 inquirendum
3444 2545 3694 2604 quasnam

2069 2640 2072 2643 ’
2101 2644 2318 2705 peccata
2351 2630 2685 2702 poenitentirc
2735 2630 3010 2685 canonica:
3039 2627 3280 2697 subjecta
3308 2626 3515 2683 fuerint
3555 2635 3698 2681 tem-

2099 2740 2235 2797 pore
2279 2726 2336 2781 S.
2384 2723 2680 2797 Cypriani?
2733 2723 2985 2779 Testatur
3020 2723 3079 2778 8.
3126 2719 3431 2793 Cyprianus
3478 2722 3592 2777 suis
3643 2719 3699 2773 in

2100 2817 2357 2886 Epistolis
2384 2815 2489 2889 (2).
2543 2826 2736 2887 praeter
2778 2816 3135 2871 idololatriam
3178 2825 3232 2871 et
3283 2815 3603 2886 apostasiam
3666 2830 3701 2869 a

2100 2910 2241 2976 fide,
2290 2910 2393 2964 alia
2442 2923 2563 2964 esse
2611 2909 2834 2963 crimina
2879 2924 2984 2962 non
3031 2908 3170 2963 adeo
3204 2906 3542 2981 gravissima,
3572 2921 3705 2977 qua:

2101 3002 2374 3057 cauonicm
2407 3000 2736 3069 paenitentia:
2765 2999 3153 3054 subdebantur.
3184 2999 3274 3055 Sic
3322 2998 3703 3068 imponebatur

2101 3077 2363 3149 canonica
2387 3093 2696 3161 pmnitentia
2718 3091 2987 3146 haereticis
3004 3101 3063 3146 et
3082 3091 3457 3153 schismaticis,
3485 3090 3717 3161 quando

2102 3185 2170 3241 ad
2200 3185 2496 3241 Ecclesium
2542 3186 2977 3240 revertebantur.
3024 3187 3278 3240 Eamdem
3322 3185 3702 3256 pmnitentiam

2103 3279 2286 3334 subire
2328 3277 2600 3333 debebant
2646 3286 2955 3347 peceatores
3001 3279 3111 3332 divi
3138 3278 3393 3350 Cypriani
3425 3287 3587 3334 aetate
3632 3280 3703 3336 ob

2108 3375 2395 3428 secretiora
2426 3386 2638 3443 quoque
2663 3372 2889 3427 crimina
2908 3416 2921 3438 ,
2952 3388 3251 3443 eorumque
3286 3373 3562 3429 confessio
3605 3388 3706 3443 pu-

2108 3465 2245 3521 blica
2274 3476 2411 3533 erat,
2439 3465 2600 3521 modo
2626 3480 2790 3536 grave
2818 3465 3034 3536 aliquod
3080 3466 3432 3522 infortunium
3463 3482 3562 3539 pro
3593 3482 3708 3536 pte-

2104 3558 2387 3615 nitentium
2422 3560 2527 3613 vita
2574 3574 2681 3613 non
2710 3557 2898 3613 fuisset
2927 3573 2993 3613 ex
3039 3573 3101 3613 ea
3132 3568 3476 3626 secuturum;
3506 3559 3611 3614 hac
3635 3558 3707 3614 de

2106 3669 2165 3710 re
2193 3653 2465 3709 uberrime
2493 3651 2713 3707 disserit
2734 3651 2796 3709 S.
2824 3653 3126 3722 Cyprianus
3159 3652 3211 3706 in
3243 3662 3474 3707 tractatu
3502 3652 3572 3707 de
3600 3652 3706 3706 La-

2108 3748 2240 3818 psis,
2272 3748 2323 3800 in
2353 3761 2459 3815 quo
2488 3754 2671 3799 narrat
2718 3745 3025 3814 prodigiose
3073 3744 3325 3799 mulctata
3359 3743 3526 3800 fuisse
3553 3758 3708 3815 quae-

2107 3840 2232 3896 dam
2264 3839 2488 3893 crimina
2521 3835 2760 3904 occulta,
2789 3852 2909 3907 qute
2937 3835 3167 3891 confessi
3200 3851 3308 3890 non
3336 3835 3550 3891 fuerant
3582 3850 3707 3905 pec-

2107 3943 2338 4000 catores,
2350 3948 2448 3987 nec
2460 3932 2775 3988 canonicam
2794 3930 3160 4001 paenitentiam
3174 3944 3273 4000 pro
3286 3929 3349 3983 iis
3366 3941 3588 3999 egerant
3602 3929 3707 3998 (ὅ).

2109 4024 2516 4081 Confitebaatur
2561 4024 2758 4093 pariter
2803 4022 2988 4078 fideles
3038 4033 3258 4093 peccata
3299 4022 3464 4079 solius
3505 4023 3714 4092 cgita-

2110 4119 2294 4179 tionis,
2327 4128 2381 4174 et
2406 4117 2784 4189 pteniteutiam
2808 4131 2907 4185 pro
2925 4116 3034 4172 illis
3058 4116 3312 4185 agebant.

2182 4209 2394 4265 XXVII.
2428 4209 2570 4263 Ordo
2600 4207 2909 4276 paenitentia
2940 4208 3217 4260 canonicos.
3241 4236 3315 4248 —
3340 4204 3487 4261 Ordo
3525 4213 3715 4261 autem

2112 4304 2204 4375 qui
2230 4304 2281 4359 itt
2308 4304 2564 4358 canonica
2598 4301 2911 4371 ptenitentia
2942 4303 2996 4353 in
3027 4315 3228 4372 genere
3257 4298 3597 4362 servabatur,
3626 4297 3716 4352 hic

2112 4406 2247 4455 erat.
2278 4395 2557 4462 Quoddam
2590 4393 2848 4462 temporis
2876 4396 3106 4461 spatium
3139 4408 3235 4461 pro
3262 4392 3363 4449 hac
3394 4390 3716 4461 poenitentia

2114 4492 2460 4547 constitutum
2490 4497 2631 4553 erat,
2659 4500 2820 4557 quam
2850 4486 3249 4541 comitabantur
3276 4484 3717 4552 exomolngeses,

2117 4601 2213 4640 seu
2243 4582 2636 4644 confessiones,
2670 4591 2724 4634 et
2769 4580 3017 4634 examina
3044 4622 3058 4643 ,
3092 4588 3144 4634 et
3189 4593 3284 4650 per
3310 4577 3719 4649 impositiouetn

2117 4693 2372 4737 manuum
2420 4674 2657 4745 epis00pi
2687 4683 2740 4730 et
2768 4672 2900 4731 cieri
2934 4674 3094 4729 finem
3134 4671 3367 4729 habebat
3399 4667 3502 4742 (ι).
3531 4669 3723 4729 Primo

2116 4774 2238 4827 loco
2268 4768 2537 4839 pmoiteus
2564 4768 2919 4822 conﬁtebatur
2943 4765 3162 4836 propria
3187 4764 3435 4827 crimina,
3470 4772 3524 4817 ut
3549 4760 3621 4817 ab
3645 4774 3726 4816 eo

2116 4854 2493 4935 poeititeutiam
2520 4860 2799 4931 reciperet
2844 4860 2933 4931 qui
2985 4857 3130 4911 ilium
3173 4854 3577 4931 confessionem
3621 4868 3726 4907 au—

2080 4982 2083 4983 ν
2119 4954 2303 5015 diebat.
2343 4953 2536 5023 :cujus
2581 4951 2797 5024 quidem
2842 4949 3198 5005 confessionis
3227 4946 3447 5004 indubia
3488 4944 3724 5014 vestigia

2119 5045 2599 5118 deprehenduntur
2629 5044 2681 5098 in
2712 5050 2938 5099 tractatu
2976 5039 3048 5095 de
3088 5038 3303 5109 Laps'ts.
3334 5039 3386 5093 in
3413 5052 3481 5093 eo
3507 5036 3727 5099 scilicet

2120 5139 2241 5195 loco
2266 5134 2349 5207 (5)
2378 5136 2432 5189 in
2461 5150 2568 5205 quo
2597 5132 2758 5189 tradit
2788 5140 3003 5187 sanctus
3037 5132 3235 5186 Doctor
3274 5128 3627 5185 consuevisse
3650 5126 3727 5181 ﬁ-

2196 5360 2272 5436 (I)
2299 5360 2456 5431 Vide,
2494 5371 2623 5417 tom.
2653 5357 2958 5436 atAtA‘Histor.
2990 5359 3237 5433 Thcofog.
3269 5359 3396 5416 Crit.
3429 5359 3535 5416 SS.
3570 5357 3727 5429 PP.,

2123 5450 2175 5506 p.
2203 5431 2475 5506 LiBI‘sqq;
2503 5442 2556 5485 et
2585 5447 2634 5506 ρ.
2661 5431 2786 5506 589,
2821 5441 2945 5486 note
2971 5448 3019 5487 z.

2197 5502 2556 5632 (225)7Cyprian.
2586 5501 2758 5573 Epist.
2791 5518 2866 5569 IX,
2911 5514 2948 5558 t.
3000 5519 3078 5571 tv,
3127 5520 3177 5558 c.
3219 5502 3318 5557 25f
3353 5518 3403 5558 Β.
3432 5501 3604 5575 Epist.
3640 5516 3726 5571 xx,

2320 5619 2333 5630 .
2364 5593 2414 5631 Β.

2123 5592 2173 5633 ε.
2205 5592 2333 5632 251.
2364 5593 2414 5631 Β.

2220 5647 2277 5717 '5)
2308 5645 2410 5712 Id.,
2470 5652 2678 5700 tractat.
2710 5646 2772 5700 de
2795 5644 3108 5717 Lapsis,cc.
3140 5644 3245 5697 484
3274 5656 3392 5714 sqq.

2222 5710 2274 5785 ιιὶ
2303 5710 2403 5784 Id.,
2432 5717 2531 5788 Ep.
2559 5730 2641 5782 Ix,
2672 5725 2709 5773 t.
2738 5733 2812 5788 IV‘.
2844 5710 2889 5767 (τί
2916 5710 3015 5788 251
3064 5729 3115 5781 a,
3144 5722 3199 5766 et
3221 5710 3375 5788 age;
3399 5712 3508 5769 257
3533 5729 3584 5767 υ.

2203 5781 2279 5861 (5)
2310 5781 2411 5856 Id.,
2445 5781 2659 5843 tractat.
2687 5788 2749 5840 de
2771 5785 2975 5852 Lapsis,
3008 5794 3043 5837 ις
3075 5797 3152 5849 tv,
3181 5797 3229 5836 c.
3260 5781 3385 5842 488.
