3876 6282
205 331 349 372 nix
1639 336 1746 404 PR.

1869 340 2026 412 lTlO.

198 439 359 493 dcles
409 444 655 499 confiteri
707 447 792 502 vel
841 447 1142 521 simplicem
1187 458 1565 527 cogitationem
1616 466 1809 524 immo-

197 532 357 587 laudi
393 537 568 605 idolis,
599 548 651 594 et
682 557 782 612 pro
827 543 927 599 bac
957 549 1322 616 poenitentiam
1353 557 1528 625 egisse
1560 578 1571 612 :
1618 564 1810 631 quibus

201 627 404 682 verbis
423 633 756 701 perspicuum
789 636 849 690 ftt
883 638 1080 696 ibidem
1117 660 1423 704 sermonem
1445 668 1567 708 esse
1593 654 1660 711 de
1683 672 1811 712 coa-

199 716 477 788 fessione,
505 739 620 793 quae
651 731 993 796 praecedebat
1018 734 1416 796 Paenitentiam.
1448 743 1557 800 Hac
1600 750 1812 806 confes-

200 815 372 872 sione
421 832 645 888 peracta,
696 829 974 894 satagebat
1024 834 1289 900 paenitens
1339 838 1448 895 Deo
1495 845 1806 903 satisfacere

202 921 314 972 per
360 909 616 967 laboriosa
647 931 846 985 opera;
877 932 930 974 et
961 921 1063 978 hoc
1111 929 1460 997 peragebatur
1507 950 1601 1003 per
1634 947 1801 992 totum

200 1000 343 1057 illud
371 1012 597 1074 tempus,
629 1009 775 1078 quod
805 1011 872 1066 ab
895 1000 1550 1094 episcopofprzescriptum
1580 1027 1792 1098 fuerat;

199 1098 367 1152 modo
393 1099 537 1155 nulla
560 1108 964 1172 supervenisset
986 1115 1306 1180 gravissima
1333 1132 1517 1185 causa,
1542 1123 1611 1178 ob
1638 1141 1797 1194 quam

194 1190 370 1260 aliqua
406 1197 740 1262 paenitentiae
771 1215 890 1268 pars
929 1205 1314 1264 remitteretur.
1347 1211 1670 1271 Ptenitentia
1702 1235 1798 1273 seu

3407 421 3515 466 XXX

1928 483 2068 542 rent,
2091 475 2281 536 borum
2301 486 2609 553 poenitentia
2639 497 2818 555 minor
2842 512 2959 558 erat
2981 506 3083 578 (l).
3110 509 3176 567 Et
3202 511 3261 570 S.
3285 517 3514 591 Cypria-

1924 580 2026 620 ttus
2049 585 2157 626 uno
2185 574 2372 644 elapso
2411 595 2556 638 anno
2587 593 3078 660 reconciliationem
3109 603 3216 660 illis
3251 615 3516 670 concede-

1919 655 2012 712 bat
2061 664 2150 731 qui
2201 665 2512 730 immediate
2566 690 2688 748 post
2735 682 2947 754 lapsum
2978 695 3351 762 paenitentiam
3395 720 3515 761 am-

1917 751 2059 820 plexi
2083 754 2294 814 fuerant
2325 764 2426 835 (Ξ).

1987 843 2180 912 XXIX.
2227 851 2472 928 Episcopi
2519 863 2712 929 aliique
2761 870 2980 930 ministri
3029 876 3291 940 canonica?
3341 893 3504 958 pomi-

1911 937 2084 992 tentia:
2111 942 2342 1013 subjecti.
2375 949 2660 1023 Episcopis
2695 963 3015 1035 cazterisque
3041 970 3296 1032 Ecclesiae
3337 937 3498 1038 [ruini-

1909 1030 2055 1093 stris,
2089 1034 2204 1090 sive
2233 1038 2391 1095 idolis
2420 1044 2813 1120 immolassent,
2846 1058 2959 1114 sive
2997 1062 3268 1125 libellatici
3299 1087 3504 1143 essent,

1908 1125 2163 1180 canonica
2189 1143 2342 1200 teque
2367 1149 2429 1190 ac
2457 1138 2575 1194 aliis
2615 1143 2990 1213 imponebatur
3020 1161 3334 1225 paenitentia
3366 1184 3381 1221 :
3412 1185 3502 1225 ve-

1904 1227 2021 1268 rum
2053 1231 2080 1270 a
2127 1223 2463 1296 sacerdotio,
2518 1236 2874 1311 omnibusque
2905 1223 3286 1312 ecclesiasticis
3315 1275 3503 1318 mune-

185 1281 567 1341 satisfactione
591 1291 886 1357 completa,
929 1297 1185 1367 episcOpo
1233 1315 1293 1356 se
1323 1304 1516 1360 iterum
1545 1307 1790 1376 sistebat,

177 1375 271 1429 cui
300 1380 582 1448 proprium
608 1383 816 1440 crimen
846 1388 1007 1443 etiam
1035 1393 1390 1452 conﬁtebatur
1419 1409 1542 1456 ante
1563 1403 1790 1461 clerum.

174 1465 338 1525 Illius
365 1470 752 1542 diSpositiones
791 1479 856 1534 ad
876 1497 1102 1540 examen
1133 1486 1328 1544 deinde
1359 1495 1787 1550 revocabantur:

172 1578 305 1632 qua:
338 1565 384 1620 si
416 1566 535 1638 ejus
568 1580 773 1626 natura:
817 1574 1152 1645 videbantur,
1184 1597 1303 1652 quae
1334 1587 1788 1646 reconciliationis

174 1660 416 1730 gratiam
475 1676 832 1730 mererentur,
883 1679 1007 1724 tunc
1055 1673 1337 1744 episcopus
1390 1694 1581 1734 manus
1623 1696 1784 1750 super

184 1767 318 1807 eum
351 1771 459 1810 una
484 1772 606 1814 cum
635 1768 744 1813 tcto
767 1761 914 1816 clero
940 1763 1266 1834 imponebat,
1299 1769 1455 1840 eique
1483 1773 1778 1830 absolutio-

187 1864 322 1906 nem
354 1852 776 1922 impertiebatur;
800 1871 903 1926 qua
931 1858 1174 1930 elargita,
1199 1878 1476 1921 sacrorum
1495 1869 1783 1939 mysterio—

181 1959 312 1998 rum
346 1949 614 2016 particeps
653 1959 780 2004 erat.
830 1951 1380 2012 Animadvertendum
1432 1960 1650 2031 insuper
1699 1976 1780 2019 est

170 2040 363 2109 quoad
397 2042 796 2110 impositionem
831 2062 1085 2103 manuum
1116 2051 1381 2122 episcOpi,
1413 2053 1552 2110 hanc
1598 2057 1773 2113 locum

167 2132 437 2192 habuisse
469 2148 580 2192 tum
620 2139 770 2194 initio
799 2144 1146 2210 poenitentiaa,
1182 2154 1291 2199 tum
1323 2149 1634 2215 poenitentia
1662 2152 1773 2221 jam

162 2229 460 2297 absoluta;
495 2233 646 2288 initio
670 2236 904 2304 quidem,
939 2245 997 2290 ut
1035 2248 1346 2307 peccatores
1392 2239 1773 2312 paenitentibus

160 2337 626 2393 accenserentur;
672 2339 792 2396 post
839 2340 1106 2398 peractam
1138 2347 1262 2387 vero
1290 2336 1683 2406 paenitentiam,
1714 2350 1772 2394 ut

159 2419 505 2475 donarentur
550 2423 1006 2478 reconciliatione.
1041 2427 1172 2482 Dum
1195 2430 1470 2484 canonica:
1498 2433 1765 2501 poeniten-

162 2514 254 2568 tiae
286 2515 523 2569 stadium
559 2528 938 2585 percurrerent
981 2517 1192 2587 fideles,
1227 2538 1417 2577 manus
1457 2527 1656 2594 pariter
1701 2530 1765 2582 iis

160 2609 583 2677 intponebantur
613 2628 626 2661 :
659 2609 753 2665 sed
783 2610 898 2665 haec
932 2612 1201 2680 impositio
1227 2627 1337 2669 erat
1366 2617 1611 2686 quaedam
1641 2634 1764 2688 spe-

159 2698 278 2752 cies
309 2703 754 2755 exorcismorum.
787 2702 950 2756 Divus
975 2703 1276 2775 Cyprianus
1307 2706 1468 2763 hasce
1513 2720 1621 2765 tres
1653 2727 1764 2764 ma-

155 2805 333 2846 nuum
383 2793 751 2862 impositiones
782 2808 1082 2860 memorat;
1116 2799 1304 2853 saltem
1334 2802 1555 2869 primam
1584 2818 1648 2858 ac
1673 2819 1761 2858 se-

161 2890 433 2953 cundam;
483 2891 734 2960 quoniam
791 2892 1078 2962 aliquando
1127 2894 1243 2950 hmo
1304 2896 1510 2966 profert
1558 2902 1755 2967 verba,

168 2999 188 3031 ι
223 2996 420 3036 manus
448 2983 736 3052 imponere,
769 3003 788 3035 ι
824 2995 878 3039 ιιι
904 2986 1111 3040 initium
1137 2989 1464 3056 ptenitentite
1487 2991 1750 3062 designet,

148 3074 482 3144 quandoque
511 3091 640 3131 vero
669 3086 726 3129 ut
752 3077 997 3147 indigitet
1024 3079 1442 3137 absolutionem.

219 3168 471 3225 XXVlll.
507 3168 818 3226 Paenitentia
854 3173 1130 3242 imposita,
1175 3186 1378 3230 servata
1427 3194 1543 3232 cum
1585 3179 1749 3234 delic-

145 3263 212 3316 tis
239 3265 688 3332 proportione.—
713 3264 1038 3322 Ptnttitentia
1067 3282 1164 3322 seu
1190 3269 1749 3342 satisl'actioimpone-

142 3355 309 3412 batur
349 3359 536 3414 habita
583 3361 932 3430 proportione
959 3375 1079 3414 cum
1111 3361 1336 3430 patratis
1388 3376 1442 3417 et
1482 3367 1748 3423 confessis

141 3451 492 3509 criminibus.
524 3453 689 3525 Major
727 3464 845 3510 erat
874 3471 972 3526 pro
1003 3457 1068 3511 iis
1115 3456 1352 3526 peccatis
1380 3473 1500 3527 qua:
1537 3459 1747 3515 directe

141 3544 196 3600 in
228 3547 401 3602 Deum
449 3549 740 3604 commissa
778 3549 1024 3619 fuerant;
1077 3556 1256 3608 minor
1311 3569 1442 3608 vero
1493 3570 1590 3622 pro
1635 3555 1745 3610 illis

143 3653 285 3708 quae,
321 3641 378 3694 in
413 3644 715 3709 proximum
764 3645 1084 3709 commissa,
1132 3646 1298 3700 Deum
1355 3646 1615 3750 indirecte
1650 3662 1741 3702 so-

143 3727 301 3750 l-__-__
362 3732 416 3750 ,1-
458 3748 507 3750 ἠγ
552 3735 596 3750 η·
639 3734 648 3744 ι
692 3735 703 3750 I
801 3745 810 3750 .
883 3735 938 3750 ιι·
1058 3736 1106 3750 ιι
1151 3739 1161 3750 .
1203 3738 1215 3750 1
1260 3746 1269 3750 Α

141 3727 424 3787 lummodo
456 3734 838 3802 respiciebant.
882 3735 1013 3790 Hinc
1056 3736 1354 3792 idololatrte
1407 3738 1738 3794 severiorem

142 3829 521 3895 paenitentiam
578 3846 832 3903 peragere
885 3834 1156 3889 debebant
1221 3852 1382 3906 quam
1439 3837 1671 3892 adulteri
1723 3855 1734 3890 :

141 3920 307 3974 immo
337 3923 521 3990 aliqua
571 3936 686 3979 erat
731 3926 1010 3983 distinetio
1053 3929 1193 3984 inter
1233 3940 1456 4001 peccata
1489 3930 1735 4000 ejusdem

137 4024 368 4069 natura}.
401 4017 516 4084 Ille,
549 4020 782 4089 excn'tpli
802 4037 986 4088 causa,
1017 4025 1107 4093 qui
1138 4041 1260 4080 sese
1289 4027 1434 4080 ultro
1461 4025 1736 4080 obtulerat

139 4104 525 4163 imn'tolaturus
554 4110 726 4176 idolis,
774 4113 964 4183 majori
999 4132 1061 4170 ac
1103 4116 1347 4186 rigidiori
1398 4118 1733 4188 plectebatur

133 4200 456 4268 paenitentia
512 4219 618 4272 pra:
663 4207 786 4271 illo,
838 4209 928 4278 qui
987 4210 1198 4264 nonnisi
1246 4221 1366 4280 post
1416 4212 1726 4270 diuturnam

129 4308 364 4367 pugnam
415 4299 822 4387 immolaverat:
856 4305 1175 4391 Majorvrerat
1227 4311 1725 4401 anitnadversio”in

127 4376 253 4444 eum
271 4393 376 4460 ,ιιιιί
394 4393 712 4450 idololatria:
743 4380 970 4454 crimine
993 4392 1051 4456 se
1081 4395 1445 4459 maculaverat
1467 4421 1586 4460 cum
1607 4407 1720 4461 suis

127 4487 418 4552 omnibus;
445 4491 621 4546 minor
667 4503 845 4549 autem
879 4496 931 4550 in
964 4515 1087 4553 cum
1118 4502 1205 4570 qui
1264 4503 1507 4570 periculo
1540 4522 1720 4562 seme-

127 4579 332 4648 tipsum
363 4597 702 4653 exposuerat,
735 4599 792 4641 ut
819 4600 1049 4646 eazteros
1079 4592 1330 4650 liberaret
1360 4598 1405 4666 (l
1425 4601 1466 4666 ).
1496 4598 1599 4654 Alii
1637 4618 1722 4658 re-

125 4673 522 4730 conciliationis
563 4684 790 4750 gratiam
844 4682 1159 4740 obtinebant
1190 4697 1312 4756 post
1342 4689 1718 4747 brevissimum

128 4767 460 4833 penitentiam:
503 4783 738 4842 tempus,
783 4786 903 4846 puta
949 4790 1070 4848 post
1099 4793 1330 4851 quatuor
1373 4785 1454 4840 vel
1482 4787 1720 4858 quinque

133 4869 327 4926 annos;
378 4863 468 4918 alii
515 4882 645 4921 vero
679 4884 784 4922 non
814 4870 1159 4928 donabantur
1189 4875 1562 4944 absolutione,
1615 4879 1715 4933 nisi

129 4946 184 5001 in
241 4956 420 5009 mortis
472 4960 745 5029 articulo,
814 4963 859 5016 si
890 4966 1126 5035 excipias
1175 4983 1358 5023 casum
1410 4971 1718 5041 gravissimi

126 5044 301 5099 morbi
327 5053 405 5102 vel
443 5056 838 5119 persecutionis
876 5074 1071 5115 recens
1089 5072 1327 5131 exortte,
1359 5067 1712 5136 quemadmo-

122 5135 246 5191 dum
268 5141 388 5195 alibi
407 5145 485 5216 (‘2')
511 5147 769 5205 diximus.
800 5151 879 5208 Ad
903 5169 996 5209 eos
1025 5172 1161 5227 quos
1182 5135 1394 5225 attinet,
1421 5163 1510 5233 qui
1537 5164 1712 5236 reipsa

116 5244 219 5287 non
262 5240 746 5310 sacrificaverant,
800 5250 996 5318 quique
1046 5251 1316 5309 libellatici
1362 5260 1711 5327 appellaban-

119 5334 219 5392 tur,
251 5332 371 5399 quia
421 5336 660 5392 ethnicis
709 5342 1114 5408 magistratibus
1144 5346 1410 5402 dederant
1460 5352 1707 5421 libellos,

113 5417 302 5486 quibus
331 5422 643 5481 fatebantur
670 5444 728 5483 se
771 5429 928 5486 idolis
956 5431 1305 5504 immolasse,
1334 5443 1434 5495 etsi
1463 5442 1530 5496 de
1569 5444 1710 5501 facto

113 5522 218 5564 non
247 5512 646 5587 immolassent,
681 5531 738 5576 ut
767 5524 965 5592 publici
995 5528 1244 5584 sacrificii
1272 5530 1546 5589 infamiam
1578 5537 1707 5593 vita-

191 5691 271 5762 (l)
299 5692 574 5766 Cyprian.,
622 5702 723 5773 Ep.
768 5707 836 5758 ad
877 5707 1156 5764 Antonian.
1189 5725 1280 5780 LII,
1312 5722 1350 5768 t.
1383 5730 1460 5781 ιιι,
1494 5730 1544 5770 c.
1581 5718 1703 5788 779,

117 5778 263 5908 ῗοίὶξ)
295 5836 492 5904 Hister.
545 5844 762 5916 tlteolog.
797 5849 987 5920 uitia,
1015 5861 1144 5911 tom.
1179 5871 1253 5926 lu,
1287 5872 1404 5932 pag.
1429 5858 1554 5919 450.

1902 1304 2052 1361 ribus
2080 1312 2528 1392 excludebantur,
2561 1341 2659 1382 nec
2691 1337 3031 1394 reconciliari
3061 1355 3342 1414 poterant,
3397 1355 3501 1411 nisi

1900 1409 2026 1466 post
2057 1403 2267 1470 plenam
2299 1411 2715 1491 absolutamque
2747 1403 3143 1495 penitentiam.
3201 1439 3355 1499 Patet
3395 1444 3498 1502 hoc

1896 1501 1961 1604 ex
1987 1489 2228 1586 Epistula
2252 1499 2309 1555 S.
2330 1500 2581 1576 Cypriani
2598 1489 2665 1567 ad
2690 1489 2904 1589 Fidum,
2933 1524 2988 1578 in
3011 1543 3114 1597 qua
3143 1489 3495 1604 cenauerit-ti;

2891 1580 2903 1589 ,
3151 1580 3486 1604 ---Ἴ--..μη

1895 1580 1962 1636 de
1995 1583 2338 1660 praepropera
2389 1599 2731 1666 festinatione
2775 1613 2828 1667 in
2869 1620 3214 1680 concedenda
3249 1634 3495 1688 reconci-

1892 1673 2110 1734 liatione
2135 1681 2358 1752 Victori,
2392 1697 2663 1761 quondam
2694 1706 3036 1780 presbytero,
3063 1725 3122 1772 et
3147 1721 3364 1788 quidem
3387 1739 3488 1780 an-

1893 1776 2107 1839 tequam
2157 1777 2372 1846 plenam
2424 1789 2626 1857 egisset
2677 1776 3082 1873 paenitentiam,
3131 1776 3187 1864 ei
3225 1817 3366 1870 nulla
3397 1833 3488 1872 ur-

1885 1874 2046 1932 gente
2098 1876 2457 1932 necessitate:
2505 1899 2524 1932 ι
2560 1882 2815 1956 Legimus
2853 1893 3064 1954 litteras
3109 1910 3268 1971 tuas,
3320 1907 3486 1967 frater

1885 1954 2261 2030 charissinie,»
2283 1968 2456 2039 inquit
2487 1954 2707 2034 sanctus
2739 1983 3291 2064 Doctor(5),tquibus
3313 2001 3482 2070 signi-

1883 2049 2054 2107 ticasti
2086 2057 2151 2112 de
2185 2058 2400 2120 Victore
2427 2069 2660 2137 quodam
2695 2049 3044 2152 presbytero,
3089 2049 3140 2142 ei
3193 2049 3481 2164 anteqiiam

1882 2145 2255 2212 paenitentiam
2309 2156 2520 2224 plenam
2569 2145 2885 2234 θεώρημα..
2927 2181 3132 2235 temere
3179 2145 3479 2256 Therapius

1879 2237 2083 2310 collega
2115 2255 2364 2302 tt0ster...
2399 2251 2468 2306 Et
2496 2271 2839 2332 praepropera
2891 2266 3240 2330 festinatione
3283 2293 3476 2348 pacem

2614 2326 2622 2327 ί
2713 2326 2726 2332 _
3283 2326 3475 2348 την...

1877 2326 2154 2390 dederit...
2216 2343 2362 2397 nulla
2411 2347 2727 2409 infirmitate
2776 2373 3002 2430 urgente
3041 2381 3104 2421 ac
3153 2375 3475 2431 neceSsitate

1875 2435 2120 2492 cogente.
2161 2448 2182 2482 ι
2216 2431 2529 2496 Videbimus
2560 2443 2612 2497 in
2640 2454 2992 2518 sequentibus
3017 2462 3254 2530 sweulis,
3283 2464 3474 2524 Eccle-

1873 2513 1967 2569 site
1993 2520 2259 2580 ministris
2284 2528 2553 2595 publicam
2582 2541 2951 2604 ptenitetitiam
2980 2563 3086 2604 non
3114 2559 3346 2623 amplius
3374 2560 3472 2614 itit-

1871 2610 2098 2676 positam
2140 2616 2324 2687 fuiSse,
2381 2626 2478 2679 sed
2531 2637 2910 2693 tantummodo
2954 2610 3266 2714 depositas,
3317 2661 3372 2710 et
3401 2653 3468 2706 ad

1869 2696 2129 2760 laicorum
2183 2720 2621 2776 communionem
2691 2729 2940 2786 redactos
3008 2735 3197 2794 fuisse.
3273 2741 3466 2800 Verum

1867 2791 1973 2848 divi
2005 2796 2260 2868 Cypriani
2289 2816 2484 2877 actate,
2539 2830 2702 2871 nemo
2754 2821 2893 2878 banc
2941 2830 3314 2895 paenitentiam
3370 2852 3468 2906 po-

1868 2894 2005 2942 terat
2050 2897 2315 2964 evadet'e,
2368 2917 2470 2958 nec
2519 2907 2620 2978 ipsi
2666 2894 2950 2985 episeopi,
2979 2923 3054 2978 uti
3087 2925 3266 2981 videre
3297 2933 3463 2987 estin

1865 2979 2104 3051 Epistola
2134 2989 2238 3044 alia
2280 2995 2522 3064 ejusdem
2566 2979 2739 3059 sancti
2789 2979 3038 3068 Doctoris
3064 3016 3132 3071 ad
3175 3018 3378 3079 clerum
3407 3033 3462 3080 et

1864 3074 2052 3143 plebes
2085 3080 2138 3136 in
2170 3083 2426 3155 Hispania
2459 3096 2823 3154 consistentes
2861 3118 2876 3156 :
2907 3102 2981 3160 ibi
3035 3107 3302 3178 siquidem
3332 3130 3462 3170 nar-

1858 3177 1943 3222 rat
1986 3172 2128 3240 quod
2165 3179 2382 3245 quidam
2411 3182 2677 3244 Basilides
2719 3193 3006 3264 episcopus
3028 3239 3044 3266 ,
3091 3172 3215 3256 cum
3241 3207 3457 3262 confes-

1856 3274 1948 3335 sus
1975 3263 2166 3322 fuisset
2197 3285 2260 3324 se
2294 3273 2707 3345 blaSpbemasse
2750 3283 2803 3338 in
2837 3263 3029 3353 Deum,
3077 3295 3454 3368 episcopatum

1855 3365 2047 3422 sponte
2092 3359 2366 3431 deposuit,
2416 3377 2471 3423 et
2510 3372 2577 3426 ad
2607 3376 2870 3444 agendam
2914 3359 3290 3450 ptenitentiam
3320 3406 3454 3448 con-

1852 3457 2040 3503 versus
2061 3460 2143 3505 est
2158 3493 2174 3519 ,
2207 3456 2337 3511 satis
2355 3463 2634 3528 gratulans
2657 3465 2705 3520 si
2736 3467 2840 3524 sibi
2871 3472 2955 3529 vel
2977 3473 3120 3532 laico
3138 3485 3452 3541 communi-

1850 3549 1976 3593 care
2005 3543 2346 3614 contiugeret
2374 3549 2479 3621 (ι).

1922 3626 2088 3686 ΧΧΧ.
2113 3633 2302 3693 Libelli
2343 3654 2627 3714 martyrum
2673 3650 2812 3706 circa
2847 3661 3311 3722 reconciliath
3341 3685 3449 3739 ρω-

1849 3722 2352 3799 nitentium.—Qui
2381 3735 2544 3795 idolis
2571 3741 3024 3821 immolaverant,
3071 3755 3182 3812 doli
3229 3761 3446 3830 plenam

1845 3815 2286 3885 excogitaverunt
2326 3837 2537 3896 artem,
2579 3847 2684 3902 qua
2709 3835 2973 3898 inﬁrmari
3000 3848 3314 3907 notabiliter
3349 3869 3447 3923 po-

1844 3915 1983 3965 terat
2025 3915 2392 3976 ecclesiastica
2439 3923 2726 4000 disciplina
2767 3933 2836 3989 de
2882 3941 3222 4010 penitentia.
3249 3945 3446 4010 Extor-

1840 4004 2080 4071 quebant
2107 4023 2135 4062 a
2167 4014 2496 4085 martyribus
2541 4030 2596 4076 et
2650 4004 3059 4090 confessoribus
3103 4034 3342 4108 libellos,
3388 4051 3444 4097 ut

1841 4093 1941 4164 ipsi
1970 4102 2414 4163 reconciliatione
2441 4109 2796 4186 donarentur,
2841 4131 2895 4178 et
2924 4132 3136 4199 tempus
3166 4137 3438 4202 poeniten-

1837 4185 1926 4243 tia:
1941 4195 2354 4254 contraheretur
2377 4199 2478 4275 (5).
2515 4204 2734 4277 Verum,
2769 4223 2826 4269 ut
2854 4218 3044 4275 abusui
3065 4237 3227 4294 quem
3249 4240 3437 4284 creare

1834 4291 2088 4349 p0terant
2119 4286 2430 4356 liujusiiwtli
2460 4295 2666 4368 libelli,
2703 4307 2872 4360 iretur
2899 4286 3146 4378 obviam,
3179 4331 3297 4373 mos
3318 4329 3437 4373 erat

1833 4382 1893 4426 ut
1924 4376 2013 4443 qui
2044 4375 2257 4434 libellos
2297 4383 2678 4456 obtinuerant,
2705 4396 2959 4472 episc0po
2977 4416 3034 4458 se
3055 4403 3342 4480 sisterent,
3377 4420 3434 4468 ut

1832 4467 2167 4524 exaininaret
2189 4482 2295 4527 tum
2314 4479 2617 4552 petitiones,
2634 4493 2744 4540 tunt
2765 4467 3033 4552 desideria
3049 4511 3236 4564 eorum
3252 4503 3343 4575 qui
3363 4505 3428 4562 li-

1828 4556 2003 4615 bellos
2023 4563 2286 4623 dederant
2313 4573 2415 4644 (6).
2449 4573 2834 4639 lnstituebatur
2856 4585 2961 4644 lioc
2995 4606 3220 4650 examen
3245 4556 3427 4656 cloram

1828 4655 2047 4725 populo,
2064 4660 2135 4713 uti
2160 4664 2368 4718 eruitur
2383 4682 2448 4721 ex
2468 4669 2694 4740 epistola
2712 4678 2963 4748 Cypriani
2985 4683 3051 4738 ad
3065 4685 3280 4754 plebem
3295 4687 3426 4748 Car-

1827 4743 2201 4816 thagineusem
2222 4756 2342 4812 data
2360 4760 2460 4832 (7);
2484 4773 2538 4816 et
2562 4743 2770 4834 praefati
2791 4743 2958 4830 libelli
2982 4776 3048 4845 iis
3062 4743 3238 4836 solum
3261 4743 3424 4840 modo

1826 4841 2198 4914 proficiebant,
2253 4851 2340 4922 qui
2373 4859 2663 4916 maximam
2693 4843 3026 4931 poenitentiae
3058 4881 3266 4944 partem
3307 4875 3420 4952 jam

1896 5017 1975 5160 (1;
2001 5021 2278 5094 Cyprian.,
2304 5029 2403 5100 Ep.
2434 5048 2525 5101 LII,
2561 5045 2689 5092 tom.
2725 5055 2806 5105 ιιι,
2836 5058 2888 5097 c.
2919 5045 3014 5102 781
3051 5065 3104 5104 Α.

1897 5091 1952 5159 (’2
2000 5091 2102 5158 Id“)
2137 5097 2230 5160 ΕΙ).
2281 5116 2394 5160 xtx.
2448 5115 2578 5160 tom.
2638 5125 2709 5160 ιν.
2751 5127 2802 5160 c-
2855 5113 2962 5160 27S
3003 5135 3033 5160 ιι
3088 5137 3104 5160 ι

2448 5091 2578 5194 tein.
2638 5091 3139 5194 ινξῐῖξὲᾑξὶῗὲ.
3174 5125 3414 5194 Epistula

1820 5175 1934 5243 Litt,
1964 5167 2031 5216 ad
2063 5165 2409 5247 Fortunatam
2428 5215 2443 5241 ,
2471 5187 2602 5232 tum.
2639 5165 2712 5247 nt,
3003 5165 3258 5247 ἶ.

2675 5233 2712 5247 γ,
2751 5233 2848 5238 --π
2883 5233 2978 5243 ---
3021 5233 3052 5246 υ
3097 5233 3173 5249 σν.
3206 5233 3352 5253 υιιν
3394 5233 3415 5243 ·

1819 5233 2040 5318 prianus
2068 5239 2293 5335 :lLapsis
2321 5233 2761 5335 ittte:i'_CI'uciatus
2787 5233 3099 5335 paenitentia
3125 5233 3224 5335 pe‘r
3246 5233 3415 5325 tricli-

2746 5305 2753 5306 κ
3247 5305 3415 5325 mc..—

1817 5305 1977 5394 r'iium.
1998 5305 2314 5394 inchoatum
2335 5316 2610 5394 sufficere
2638 5305 2836 5390 potesrt.
2871 5330 2937 5383 Et
2981 5333 3038 5386 in
3068 5305 3296 5394 trtictatu
3349 5343 3415 5394 de

2716 5373 2836 5380 η--.
2871 5373 2937 5383 υ.
3068 5373 3255 5392 ...κιαι
3349 5373 3412 5394 αα

1818 5373 2022 5445 Lapsis,
2064 5397 2099 5447 t,
2134 5398 2185 5438 c.
2212 5386 2339 5454 489,
2369 5403 2424 5454 Α,
2447 5391 2529 5444 ait
2563 5373 2831 5460 ejtismodi
2865 5402 2974 5457 cito
3004 5407 3156 5460 venia
3183 5373 3412 5468 cumuli

1855 5453 1989 5502 0168i
2001 5489 2013 5502 .

1815 5458 2231 5624 μυὲἓὲίιίιὶηέῑρ.
2263 5529 2332 5579 ad
2379 5529 2604 5624 Italum,-
2621 5553 2797 5624 “11.31",
2828 5550 2957 5596 tom.
2983 5558 3058 5611 ιιι,
3088 5560 3139 5603 c.
3165 5549 3324 5624 1οη,
3351 5573 3407 5614 Α.

2236 5612 2383 5681 ινιιι.
2410 5611 2447 5654 t.
2476 5617 2552 5670 ιιι,

2253 5682 2330 5733 1x,
2352 5658 2481 5725 tom.
2519 5658 2915 5749 t'v,'é."25§,‘i,
2944 5699 2992 5738 ιι.

1910 5658 1966 5729 5)
1993 5658 2094 5726 Id.,
2123 5658 2223 5734 Εἰ).
2253 5682 2330 5733 1x,
2352 5658 2481 5725 tom.
2519 5658 2885 5748 ιῖιξ

1884 5658 2095 5868 iam”
2257 5754 2398 5807 uti,
2429 5758 2482 5800 e.
2512 5761 2584 5813 tv,
2615 5764 2666 5832 ιεἔ
2697 5752 2802 5808 284
2826 5769 2885 5809 Α.

1909 5799 1963 5868 7)
1994 5800 2096 5868 Id.,
2128 5804 2228 5868 ΕΙ).
2269 5811 2338 5864 ad
2387 5815 2578 5868 Dlebem
2619 5821 2842 5868 (.arllmn

1810 5799 1963 5926 25ςΙἹ)
1994 5800 2096 5868 Id.,
2128 5799 2228 5876 Ep.
2269 5811 2338 5864 ad
2386 5799 2583 5883 plebeii;
2615 5799 2887 5908 Eur-timo:
2937 5844 3016 5897 Il,
3067 5840 3201 5891 toni.
3241 5853 3316 5907 tv,
3348 5856 3401 5897 c.

1950 5888 2002 5926 Α.

1950 5888 2002 5928 Α.
