3866 6278
432 302 566 343 XXXI

434 402 831 473 impleverant:
875 416 895 450 ι
948 396 1185 465 Quorum
1236 395 1610 467 paenitentiam
1669 396 2025 452 satisfactioni

436 493 735 564 proximam
763 490 1103 562 conspicitis,
1140 507 1161 541 ι
1192 488 1368 559 inquit
1395 488 1451 544 S.
1485 489 1681 544 Doctor
1701 489 1753 543 in
1778 488 2026 560 Epistula

434 587 665 660 quadam
695 585 759 640 ad
789 584 1050 656 Martyres
1076 590 1132 637 et
1156 581 1511 638 Confessores
1534 580 1634 654 (l),
1669 582 1722 637 in
1774 597 1877 653 qua
1931 596 2027 638 eos

434 687 617 735 monet
656 691 724 732 ne
763 672 1232 730 indiscriminatim
1286 671 1536 727 omnibus
1585 672 1897 742 petentibus
1957 672 2023 726 li-

433 770 608 827 bellos
649 766 972 833 concedant,
1013 764 1110 821 sed
1132 772 1336 820 attente
1362 762 1708 820 considerent
1750 770 2022 834 peractam

428 862 537 932 jam
561 859 957 933 pmnitentiam,
986 867 1043 915 et
1069 857 1310 929 singulas
1341 857 1646 929 ponderent
1665 857 2023 913 circumstan-

434 955 553 1011 tias.

500 1046 811 1104 Moderatus
839 1045 977 1103 adeo
1002 1055 1121 1102 erat
1149 1055 1206 1102 et
1233 1044 1470 1115 prudens
1519 1044 1674 1101 divus
1718 1044 2021 1116 Cyprianus

430 1140 607 1212 quoad
636 1140 733 1196 has
762 1139 1124 1211 indulgentias
1147 1179 1163 1205 ,
1195 1146 1255 1192 ut
1275 1138 1407 1193 nihil
1436 1136 1614 1209 quoad
1635 1152 1730 1193 eas
1752 1151 1819 1192 ex
1843 1136 2024 1207 seipso

432 1242 671 1289 statuere
699 1232 889 1297 vellet,
945 1231 1041 1287 sed
1094 1240 1300 1287 tantum
1332 1230 1400 1286 de
1427 1229 1656 1285 consilio
1700 1240 2021 1284 caeterorum

432 1326 829 1397 episcoporum.
882 1343 901 1377 ‹
937 1323 1052 1380 Hoc
1080 1322 1422 1379 verecundiae
1452 1332 1656 1378 nostra:
1684 1322 1960 1387 convenit,
1998 1340 2015 1373 ι

432 1419 603 1490 inquit
626 1418 716 1474 ille
747 1420 799 1474 in
827 1417 1067 1488 Epistola
1094 1416 1163 1472 ad
1213 1418 1414 1473 clerum
1443 1431 1601 1471 suum
1628 1415 1694 1470 de
1716 1415 1798 1469 his
1824 1414 1916 1486 qui
1954 1414 2021 1469 ad

433 1526 619 1581 pacem
667 1508 923 1566 festinant
948 1509 1050 1582 (2),
1090 1527 1108 1561 ι
1148 1518 1205 1563 ιιι
1245 1508 1518 1579 prmpositi
1543 1523 1663 1562 cum
1710 1507 1857 1562 clero
1887 1521 2020 1560 con-

434 1600 740 1671 venientes,
792 1609 1060 1671 praesente
1100 1599 1260 1657 etiam
1290 1600 1544 1654 stantium
1576 1599 1798 1669 plebe...
1832 1597 2019 1668 dispo-

432 1710 563 1751 nere
591 1694 770 1749 omnia
796 1693 1004 1749 consilii
1036 1694 1341 1749 communis
1368 1693 1630 1765 religione
1673 1694 1964 1764 possimus.
1996 1712 2015 1745 ›

432 1788 496 1843 Et.
538 1788 593 1843 in
635 1788 740 1842 alia
770 1787 836 1842 ad
882 1786 1132 1842 eumdem
1177 1788 1381 1843 clerum
1405 1786 1646 1856 Epistola
1678 1786 1849 1856 inquit
1890 1784 1968 1858 (3)
2004 1808 2017 1841 :

434 1901 453 1935 ι
491 1880 616 1952 Legi
659 1880 1032 1936 universorum
1064 1866 1438 1935 conl‘essorum
1486 1879 1724 1943 litteras,
1758 1892 1892 1948 quas
1919 1893 2018 1931 vo-

430 1975 647 2030 luerunt
688 1988 784 2044 per
829 1989 917 2029 nte
958 1972 1183 2044 collegis
1210 1972 1459 2027 omnibus
1489 1973 1867 2037 innotescere;
1905 1990 1923 2023 ι
1966 1981 2021 2027 et

428 2067 614 2138 paucis
651 2065 949 2137 interiectis
995 2066 1073 2121 sic
1123 2066 1503 2137 prosequitur:
1545 2083 1563 2116 ι
1594 2064 1725 2132 Quae
1747 2079 1857 2131 res,
1897 2081 2017 2119 cum

427 2162 668 2217 omnium
696 2170 938 2216 nostrum
966 2160 1250 2215 consilium
1275 2169 1330 2215 et
1357 2159 1678 2215 sententiam
1706 2167 2014 2229 exspectet,

429 2252 783 2325 praejutlicare
830 2268 962 2323 ego,
1008 2263 1062 2309 et
1086 2253 1188 2309 soli
1218 2252 1348 2308 mihi
1379 2268 1490 2308 rem
1523 2266 1865 2307 communem
1896 2251 2017 2305 viu-

426 2344 608 2403 dicare
632 2360 740 2400 non
770 2344 967 2401 audeo.
1000 2364 1018 2397 ι
1051 2344 1133 2400 Ex
1161 2345 1358 2416 quibus
1387 2352 1622 2410 constat,
1657 2360 1815 2413 quam
1842 2342 2017 2398 ideam

430 2447 556 2494 tunc
607 2437 866 2509 temporis
909 2436 1174 2493 haberent
1223 2437 1409 2493 ﬁdeles
1437 2435 1506 2492 de
1528 2435 1811 2506 disciplina
1840 2433 2019 2507 quoad

429 2529 822 2602 preniteutiam,
872 2539 928 2586 et
975 2540 1232 2601 quantum
1284 2528 1503 2585 solliciti
1547 2537 1770 2593 essent,
1822 2543 1890 2583 ne
1935 2528 2019 2583 vel

427 2623 647 2678 minima
676 2622 918 2694 ejusdem
948 2614 1072 2693 pars
1099 2622 1481 2678 inlirmaretur.
1514 2639 1533 2673 ι
1565 2622 1702 2688 Quid
1731 2620 1875 2677 enim
1907 2637 2021 2675 ma-

423 2720 505 2791 gis
532 2726 625 2774 aut
653 2718 706 2773 in
736 2732 866 2790 pace
889 2726 998 2772 tam
1020 2726 1227 2787 aptum,
1256 2736 1275 2768 ι
1306 2716 1581 2786 inquiebat
1604 2716 1783 2772 clerus
1809 2715 2016 2770 Roma-

425 2830 527 2871 nus
548 2812 616 2870 ad
638 2812 822 2868 divum
852 2808 1179 2884 Cyprianum
1205 2810 1449 2866 scribens
1481 2808 1585 2880 (4),
1623 2828 1642 2861 ‹
1671 2820 1763 2863 aut
1794 2810 1844 2863 in
1871 2808 2020 2864 bello

426 2905 822 2978 persecutionis
850 2913 957 2959 tam
986 2904 1372 2968 necessarium,
1406 2917 1565 2972 quam
1594 2900 1830 2956 debitam
1861 2917 2016 2957 seve-

427 3002 643 3057 ritatem
701 2998 873 3055 divini
921 2998 1116 3071 rigoris
1158 3009 1375 3063 tenere;
1409 3013 1567 3069 quam
1595 2997 1688 3069 qui
1728 2997 2015 3065 remiserit,

425 3092 662 3150 instabili
709 3107 888 3147 rerum
930 3105 1092 3146 cursu
1138 3091 1283 3147 erret
1335 3105 1551 3160 semper
1577 3106 1800 3147 necesse
1828 3098 1938 3155 est,
1968 3098 2023 3146 et

428 3188 533 3243 huc
578 3196 740 3257 atque
769 3185 896 3241 illuc
944 3183 1107 3239 variis
1153 3192 1209 3240 et
1259 3184 1482 3240 incertis
1512 3185 1849 3256 negotiorum
1880 3192 2019 3239 tem-

429 3277 721 3348 pestatibus
766 3275 1086 3345 dissipetur,
1146 3284 1201 3331 et
1256 3276 1407 3345 quasi
1462 3284 1675 3331 extorto
1729 3277 1796 3332 de
1850 3275 2021 3329 mani-

425 3370 526 3425 bus
573 3368 931 3424 consiliorum
978 3369 1378 3439 gubernaculo,
1411 3369 1588 3425 navim
1638 3367 2021 3426 ecclesiasticae

429 3464 616 3521 salutis
639 3464 810 3520 illidat
841 3465 891 3519 iu
923 3464 1215 3535 scopulos;
1265 3473 1324 3519 ut
1368 3473 1657 3535 appareat,
1704 3478 1811 3517 non
1863 3461 2023 3517 aliter

429 3561 588 3617 saluti
634 3559 1017 3617 ecclesiastica:
1061 3558 1272 3615 consuli
1323 3573 1515 3628 posse,
1570 3557 1673 3612 nisi
1722 3554 2022 3626 disciplina:

429 3657 597 3730 ipsius
645 3670 861 3726 semper
902 3654 1168 3711 custodita
1199 3653 1338 3709 ratio
1364 3651 1519 3724 quasi
1550 3652 1783 3708 salutare
1805 3649 2019 3720 aliquod

427 3748 846 3822 gubernaculum
874 3747 926 3803 in
954 3755 1278 3819 tempestate
1304 3756 1570 3801 servetur.
1608 3764 1627 3797 ι

430 3882 433 3883 ⁷
502 3864 696 3921 XXXI.
712 3863 790 3920 De
802 3860 1375 3935 Indulgenliis.-—Cutn
1388 3861 1551 3918 libelli
1567 3869 1857 3933 martyrum
1872 3875 2021 3931 qum-

430 3959 552 4015 datn
571 3956 1247 4029 speciesindulgentiarum
1266 3956 1373 4012 sint
1387 3958 1565 4026 (erant
1580 3953 1934 4009 enimlitterae
1955 3951 2022 4007 ad

431 4052 754 4123 martyribus
775 4051 933 4118 datae,
959 4050 1155 4121 quibus
1185 4050 1449 4121 rogabant
1475 4051 1761 4120 epiSCOpos
1791 4063 1822 4102 a
1851 4047 2024 4118 poeni-

431 4145 669 4202 tcntibus
683 4144 1024 4217 quibusdam,
1041 4158 1178 4217 quos
1204 4144 1575 4209 nominabant,
1592 4141 1911 4207 condonari,
1933 4149 2027 4196 aut

428 4240 727 4298 abbreviari
754 4250 966 4310 tempus
990 4240 1323 4312 pmnitentiaa
1346 4237 1429 4314 (5)
1454 4258 1467 4295 :
1491 4255 1556 4295 ex
1590 4237 1674 4293 bis
1705 4237 1859 4293 facile
1880 4237 2025 4293 erui-

431 4345 515 4391 tur
543 4336 671 4408 quid
701 4336 759 4392 S.
785 4337 1083 4408 Cyprianus
1105 4338 1172 4394 de
1195 4336 1545 4409 indulgentiis
1571 4336 1821 4391 senserit.
1843 4335 1897 4389 ln
1919 4334 2025 4405 pri-

428 4429 532 4483 mis
561 4429 641 4484 sic
668 4428 738 4485 de
768 4429 965 4486 libellis
992 4439 1290 4502 martyrum
1326 4431 1564 4500 loquitur
1585 4441 1803 4485 sanctus
1827 4430 2025 4483 Doctor

427 4531 538 4577 tum
566 4522 620 4578 in
651 4521 891 4590 Epistula
919 4522 985 4578 ad
1025 4524 1232 4579 clerum
1265 4525 1450 4579 Romae
1495 4522 1882 4578 consistentem
1909 4564 1923 4587 ,
1956 4521 2024 4577 de

427 4617 609 4673 multis
650 4615 1051 4673 confessoribus
1077 4661 1092 4685 ,
1124 4629 1181 4674 et
1210 4619 1277 4673 de
1302 4616 1524 4673 Luciaui
1557 4614 1937 4671 inverecundia
1969 4624 2025 4672 et

425 4707 663 4766 Celerini
702 4707 1034 4764 confessoris
1066 4708 1329 4765 modestia
1358 4749 1374 4776 ,
1398 4707 1588 4763 ordine
1614 4723 1725 4762 χχιι
1774 4708 1839 4781 (ι.
1874 4724 1945 4771 tv,
1970 4723 2020 4763 c.

424 4801 589 4873 282),
623 4812 734 4859 tum
760 4813 816 4860 et
837 4802 889 4857 in
917 4801 1160 4873 pluribus
1188 4802 1308 4857 aliis
1339 4800 1392 4855 in
1422 4800 1669 4856 eamdem
1700 4801 2020 4855 sententiam

424 4895 681 4964 scriptis,
735 4904 793 4950 ut
846 4895 1071 4951 minime
1128 4903 1289 4965 neget
1337 4908 1524 4949 eorum
1583 4893 1790 4947 meritis
1841 4893 2022 4962 lapsos

424 4989 670 5061 adjuvari
701 5002 882 5060 posse.
930 4989 1064 5044 Nam
1110 4988 1163 5044 in
1189 4988 1427 5058 Epistola
1484 4985 1802 5043 duodecima
1849 4984 1914 5059 (t.
1945 5003 2017 5053 tv,

422 5099 472 5140 c.
504 5084 611 5142 259
633 5080 691 5155 Α)
735 5079 935 5151 edicit,
990 5100 1009 5133 ι
1037 5080 1108 5137 Ut
1148 5080 1240 5151 qui
1278 5080 1490 5136 libellos
1516 5096 1546 5135 a
1574 5079 1897 5152 martyribus
1927 5094 2019 5134 ac-

496 5306 575 5378 (l)
603 5300 881 5378 Cyprian.,
913 5300 1112 5378 Epz-x,
1144 5307 1274 5378 tom.
1306 5314 1379 5378 tv,
1408 5312 1457 5353 c.
1483 5298 1591 5354 257
1619 5313 1672 5352 Α.

496 5307 545 5378 (l
603 5306 881 5377 Cyprian.,
914 5306 1017 5371 Ep.
1052 5313 1112 5361 ι,
1144 5307 1274 5354 tom.
1306 5314 1379 5363 tv,
1408 5312 1457 5353 c.
1483 5306 1590 5354 257
1619 5313 1672 5352 Α.

420 5306 720 5504 ἓϐἓὲξωη
751 5371 853 5443 Ep.
882 5374 950 5426 ad
979 5369 1187 5427 Clarum
1207 5369 1477 5441 Carlhag.,
1522 5385 1646 5435 xm,
1683 5376 1811 5423 tom.
1868 5385 1941 5438 tv,
1965 5384 2017 5425 c.

493 5517 573 5591 (5)
616 5514 722 5582 ld.,
768 5513 871 5586 Ep.
903 5513 974 5570 ad
1017 5510 1251 5567 eumdem
1303 5511 1505 5567 Clerum
1533 5524 1674 5577 xvu,
1708 5519 1836 5567 tom.
1863 5529 1936 5581 iv,
1965 5527 2013 5568 c.

416 5588 524 5645 270
550 5588 604 5645 λ.

491 5658 572 5731 (4)
617 5657 723 5728 Ep.
747 5654 878 5732 geri
908 5652 1171 5719 Romani,
1195 5652 1333 5708 inter
1358 5652 1490 5724 Epp.
1518 5651 1826 5732 Cyprianic.
1862 5669 2014 5722 xxxi,

418 5727 561 5787 tom.
575 5745 649 5793 ιν,
673 5727 732 5782 'c.
762 5727 868 5784 308
893 5744 948 5785 ιι.
1650 5730 1665 5781 ἓ

489 5796 571 5877 (5)
599 5796 905 5872 Cyprianus
932 5799 992 5854 in
1019 5794 1276 5867 Epistolis
1307 5794 1522 5866 passim.

1912 274 2306 337 PBEFATIO.

2198 5762 2410 5871 ista:

3569 272 3695 327 xxxii

2132 402 2412 462 ceperunt,
2462 399 2516 447 ct
2569 388 2921 463 prmrogativa
2953 403 3140 447 eorum
3188 389 3330 462 apud
3378 389 3545 446 Deum
3569 390 3697 460 adju-

2134 485 2245 540 vari
2298 494 2554 557 possunt,
2608 486 2652 540 si
2709 484 3051 541 incommodo
3100 484 3282 555 aliquo
3318 492 3374 540 et
3400 484 3697 541 inﬁrmitatis

2134 579 2375 649 periculo
2428 578 2674 650 occupati
2723 577 2963 646 fuerint,
3024 592 3131 633 non
3188 587 3502 648 ex5pectata
3553 576 3696 648 ipsius

2132 674 2414 742 praesentia
2454 673 2595 743 apud
2641 673 3012 745 presbyterum
3053 687 3448 742 quemcumque
3489 685 3699 742 praesen-

2132 772 2263 832 tem,
2295 766 2377 821 vel
2406 767 2450 820 si
2483 765 2761 837 presbyter
2809 776 3053 837 repertus
3081 781 3186 821 non
3218 764 3403 832 fuerit,
3451 774 3506 821 et
3531 780 3698 837 urgere

2131 860 2307 917 exitus
2329 860 2572 930 coeperit,
2602 858 2742 928 apud
2786 857 3073 915 diaconum
3117 874 3333 930 quoque
3378 858 3698 930 exomologc-

2131 952 2214 1006 sin
2244 951 2427 1007 delicti
2476 951 2557 1005 sui
2613 950 2791 1005 facere
2823 952 3064 1021 possint,
3099 960 3202 1006 etc.
3246 970 3266 1003 ›
3300 948 3566 1007 Credebat
3587 966 3713 1022 ergo.

2130 1043 2431 1118 Cyprianus
2461 1054 2758 1117 martyrum
2788 1045 3161 1117 praerogativa,
3180 1045 3289 1111 vel,
3314 1055 3373 1101 ut
3401 1045 3475 1100 ait
3498 1045 3550 1100 in
3573 1045 3705 1117 Episo

2149 1140 2253 1194 tola
2300 1138 2506 1194 decima
2555 1138 2799 1206 tertia,c.
2831 1137 2940 1194 260
2964 1153 2996 1194 c
3024 1180 3039 1205 ,
3075 1157 3094 1191 ι
3126 1138 3324 1194 auxilio
3353 1152 3538 1195 eorum
3562 1138 3707 1210 adju-

2146 1232 2258 1288 vari
2284 1232 2423 1302 apud
2454 1232 2737 1288 Dominum
2769 1232 2822 1288 in
2847 1231 3056 1288 delictis
3074 1231 3189 1288 suis
3213 1246 3394 1303 posse.
3410 1252 3429 1285 ›
3450 1232 3541 1289 Sic
3556 1232 3705 1291 etiam

2130 1325 2184 1380 in
2229 1325 2370 1381 libro
2419 1324 2488 1380 de
2538 1325 2727 1397 Lapsis
2779 1324 2952 1397 (tom.
2997 1340 3089 1392 ιν,
3144 1324 3269 1382 coll.
3323 1326 3423 1382 481
3481 1343 3536 1396 Α,
3576 1327 3706 1401 485)

2128 1418 2327 1474 fatetur
2372 1427 2669 1489 martyrum
2724 1418 2991 1473 mandatis
3039 1418 3238 1489 aliquid
3285 1420 3510 1475 concedi
3538 1435 3703 1491 posse,

2133 1526 2152 1560 ι
2192 1509 2235 1563 si
2263 1510 2430 1579 justa,
2463 1509 2511 1563 si
2538 1509 2701 1576 licita,
2728 1509 2773 1564 si
2801 1526 2907 1564 non
2953 1518 3139 1565 contra
3174 1511 3347 1581 ipsum
3376 1511 3644 1568 Dominum
3675 1530 3708 1571 a

2128 1600 2225 1655 Dei
2276 1602 2557 1657 sacerdote
2605 1600 2872 1669 facienda,
2902 1601 2947 1657 si
2976 1601 3400 1673 obtemperantis
3451 1603 3612 1660 facilis
3651 1615 3706 1662 et

2126 1708 2296 1764 prona
2344 1693 2632 1750 consensio
2653 1736 2668 1761 ,
2701 1694 2747 1748 si
2775 1696 3007 1765 petentis
3036 1695 3198 1750 fuerit
3242 1696 3495 1767 religiosa
3534 1695 3707 1754 mode-

2125 1786 2284 1841 ratio.
2325 1805 2344 1839 ι
2404 1786 2596 1854 Quare
2645 1801 2755 1843 non
2810 1788 2981 1858 ipsam
3044 1789 3533 1857 consuetudinem,
3595 1808 3707 1863 qua:

2124 1879 2326 1933 dudmn
2355 1880 2406 1934 in
2440 1879 2675 1935 Ecclesia
2706 1880 2947 1951 vigebat,
2974 1879 3071 1936 sed
3097 1881 3322 1937 abusum
3351 1883 3630 1953 vituperat,
3657 1894 3709 1941 et

2126 1974 2342 2027 nimiam
2374 1973 2753 2028 nonnullorum
2784 1973 3175 2041 confessorum,
3202 1974 3255 2029 in
3285 1977 3473 2046 primis
3493 1975 3702 2032 Luciani

2128 2067 2421 2131 licentiam,
2468 2067 2557 2137 qui
2614 2066 2826 2122 libellos
2865 2067 2919 2122 in
2948 2067 3088 2122 hanc
3132 2071 3456 2124 sententiam
3491 2070 3707 2141 scriptos

2125 2159 2322 2213 dabant
2372 2158 2453 2231 (t.
2507 2175 2580 2217 ιν.
2613 2173 2661 2214 c.
2693 2158 2800 2215 255
2829 2156 2901 2230 ε)
2930 2174 2941 2211 :
2982 2178 3001 2211 ι
3037 2161 3400 2217 communicet
3456 2161 3547 2218 ille
3591 2176 3708 2218 cum

2125 2251 2271 2317 suis;
2311 2269 2328 2302 ι
2366 2267 2464 2306 nec
2487 2250 2847 2306 observabant
2873 2251 3015 2322 quod
3039 2250 3343 2323 Cyprianus
3390 2263 3709 2326 praeceperat

2124 2344 2179 2399 in
2213 2343 2448 2413 Epistola
2474 2341 2680 2399 decima
2711 2342 2777 2415 (t.
2806 2359 2884 2412 tv,
2913 2360 2964 2400 c.
2992 2343 3102 2402 255
3128 2362 3192 2412 Α,
3218 2343 3273 2417 ιι)
3295 2387 3310 2414 ,
3350 2365 3369 2397 ι
3401 2357 3460 2402 ιιι
3499 2346 3709 2421 diligen-

2128 2447 2208 2493 ter
2250 2437 2580 2508 inspicerent
2608 2449 2662 2495 et
2689 2448 2867 2494 actum
2904 2449 2961 2495 et
2983 2454 3146 2509 Opera
3170 2451 3226 2497 et
3253 2443 3445 2498 merita
3486 2445 3710 2518 singulo-

2125 2547 2278 2599 rum,
2312 2532 2553 2602 ipsorum
2592 2548 2806 2604 quoque
2836 2532 3155 2589 delictorum
3186 2549 3386 2605 genera
3406 2547 3463 2593 et
3488 2541 3709 2609 qualita-

2127 2639 2242 2695 tes;
2293 2639 2349 2686 et
2395 2645 2532 2701 quos
2587 2631 2689 2702 ipsi
2729 2641 3025 2699 noverant,
3071 2649 3300 2704 quorum
3346 2638 3711 2708 pwnitentiam

2126 2723 2480 2781 satisfactibni
2531 2727 2832 2796 proximam
2883 2728 3324 2800 conSpiciebant,
3377 2745 3468 2786 eos
3534 2736 3716 2789 nomi-

2127 2817 2294 2872 natim
2350 2816 2545 2872 libellis
2579 2818 2947 2890 designarent.
2987 2840 3005 2872 ι
3041 2821 3159 2876 Duo
3188 2832 3364 2878 autem
3407 2822 3588 2880 adhuc
3617 2827 3716 2884 ob-

2125 2911 2389 2965 servanda
2421 2921 2551 2968 sunt
2576 2929 2589 2966 :
2624 2911 2681 2967 1⁶
2708 2911 3060 2969 Confessores
3090 2929 3198 2970 non
3226 2914 3441 2972 dedisse
3494 2933 3713 2990 pacem,

2126 3005 2221 3060 scd
2266 3005 2505 3075 petiisse,
2547 3014 2606 3061 ut
2635 3006 2886 3073 daretur;
2934 3008 2991 3061 2°
3025 3023 3092 3063 ne
3123 3008 3252 3064 illud
3295 3007 3517 3078 quidem
3564 3027 3710 3069 ausos

2127 3095 2296 3152 fuisse
2327 3098 2620 3167 postulare,
2652 3111 2707 3154 ut
2734 3108 2861 3154 ante
2888 3099 3117 3156 reditum
3141 3101 3397 3173 Cypriani
3422 3117 3532 3174 pax
3559 3104 3714 3177 lapsis

2126 3189 2370 3258 daretur,
2403 3190 2497 3246 sed
2526 3191 2625 3246 hac
2655 3191 2707 3246 iu
2735 3208 2796 3248 re
2823 3208 3026 3249 morem
3058 3194 3313 3265 episcopo
3337 3211 3439 3251 suo
3464 3198 3711 3269 gessisse.

2126 3284 2306 3350 Quare
2357 3300 2463 3338 nou
2513 3301 2699 3341 eorum
2755 3288 3075 3343 auctoritate
3129 3287 3368 3360 quinque
3397 3291 3714 3364 presbyteri,

2128 3377 2222 3431 sed
2273 3392 2368 3432 sua
2420 3378 2765 3449 improbitate
2813 3380 3032 3436 adducti
3063 3390 3218 3448 sunt,
3250 3392 3308 3438 ut
3337 3395 3464 3441 ante
3489 3386 3717 3441 reditum

2129 3469 2406 3542 Episcopi,
2432 3486 2493 3527 ac
2514 3487 2581 3528 eo
2604 3488 2827 3543 prorsus
2856 3475 3161 3531 inconsulto
3181 3473 3364 3547 lapsos
3384 3477 3453 3534 ad
3480 3494 3721 3536 commu-

2129 3564 2345 3620 nionem
2377 3566 2743 3622 admitterent.

2200 3657 2419 3713 XXXII.
2439 3659 2798 3729 lmlulgcntias
2812 3660 2864 3716 in
2879 3662 3029 3730 praxi
3045 3662 3341 3733 primorum
3359 3664 3724 3724 Ecclcsimsae-

2129 3752 2372 3806 culorum
2388 3753 2403 3802 l
2407 3752 2616 3817 undari,
2633 3760 2898 3814 testantur
2909 3769 3016 3809 non
3034 3756 3285 3826 paucteS.
3304 3757 3563 3830 Cypriani
3579 3760 3723 3832 Epis-

2131 3847 2273 3901 tulae.
2307 3846 2397 3903 Sic
2419 3846 2658 3917 Epistola
2689 3865 2823 3917 xvu,
2855 3848 3045 3905 videns
3073 3848 3133 3907 S.
3164 3849 3466 3923 Cyprianus
3496 3854 3726 3911 faculta-

2133 3949 2239 3993 tem
2269 3938 2522 3994 redeundi
2541 3940 2922 4013 Carthaginem
2942 3942 3178 3998 nondum
3203 3958 3262 3998 se
3284 3943 3508 4013 habere,
3534 3953 3591 4002 et
3612 3945 3728 4016 jam

2131 4043 2371 4088 aestatem
2385 4034 2636 4105 erupisse,
2667 4034 2809 4106 quod
2840 4044 3053 4106 tempus
3077 4034 3479 4093 inﬁrmitatibus
3493 4037 3735 4093 assiduis

2131 4137 2184 4183 et
2211 4129 2466 4198 gravibus
2487 4128 2787 4194 infestatur,
2818 4128 3039 4184 mandat
3059 4129 3414 4203 presbyteris,
3435 4130 3565 4187 etin
3595 4145 3735 4187 Casu

2132 4221 2466 4277 necessitatis
2493 4221 2735 4276 diaconis
2760 4222 3006 4279 ecclesiae
3032 4238 3167 4290 suae,
3202 4232 3261 4280 ιιι
3281 4224 3455 4295 aliqua
3493 4243 3514 4279 ι
3543 4223 3736 4281 indul-

2129 4317 2310 4386 gentia
2346 4336 2365 4369 ι
2404 4326 2621 4372 utantur
2649 4332 2775 4388 erga
2800 4317 2983 4387 lapsos
3003 4359 3018 4385 ,
3048 4319 3095 4375 si
3121 4319 3338 4390 quando
3369 4320 3424 4375 in
3456 4321 3588 4375 vitae
3614 4319 3735 4375 dis-

2130 4414 2358 4470 crimine
2403 4413 2509 4469 sint
2538 4410 2815 4468 constituti
2846 4429 2859 4466 :
2896 4429 2915 4464 ι
2946 4411 3014 4469 Ut
3041 4414 3131 4483 qui
3173 4412 3384 4469 libellos
3405 4429 3434 4468 a
3465 4412 3737 4487 martyri-

2138 4506 2239 4563 bus
2285 4516 2611 4577 acceperunt
2660 4524 2679 4557 ι
2730 4505 2902 4577 inquit
2954 4517 3175 4561 sanctus
3224 4505 3420 4561 Doctor
3466 4502 3547 4578 (l)
3606 4523 3629 4558 ι
3685 4512 3745 4560 et

2138 4601 2489 4671 praerogativa
2517 4614 2727 4665 eorum,
2758 4599 2900 4670 apud
2932 4599 3099 4654 Deum
3126 4597 3367 4669 adjuvari
3398 4609 3661 4670 possunt,
3691 4596 3745 4652 si

2131 4692 2476 4749 incommodo
2515 4691 2729 4762 aliquo,
2759 4700 2813 4746 et
2839 4691 3169 4746 infirmitatis
3200 4691 3444 4760 periculo
3475 4687 3752 4757 occupati

2129 4788 2349 4850 fuerint,
2381 4803 2485 4842 non
2516 4796 2827 4855 exspectata
2861 4784 3151 4855 praesentia
3178 4796 3362 4839 noStra
3393 4779 3529 4854 apud
3577 4795 3753 4850 pres-

2130 4884 2375 4954 byterum
2407 4894 2801 4953 quemcumque
2845 4888 3167 4948 prmseutem
3188 4919 3204 4944 ,
3238 4876 3323 4933 vel
3354 4875 3399 4931 si
3439 4873 3753 4947 presbyter

2130 4985 2375 5047 repertus
2407 4990 2512 5029 nou
2541 4970 2724 5037 fuerit,
2756 4979 2813 5027 et
2842 4985 3035 5041 urgere
3082 4971 3259 5026 exitus
3303 4965 3557 5037 cmperit,
3597 4964 3756 5037 apud

2130 5069 2413 5124 diaconum
2455 5080 2672 5137 quoque
2712 5063 3137 5134 exomologesim
3180 5064 3358 5118 facere
3410 5058 3616 5116 delicti
3664 5058 3757 5115 sui

2030 5208 2039 5219 .
2131 5163 2368 5233 possint;
2394 5171 2470 5224 ut,
2487 5174 2646 5213 manu
2663 5158 2742 5211 cis
2758 5159 2809 5212 in
2830 5157 3198 5226 paenitentiam
3218 5154 3488 5224 imposita,
3505 5151 3766 5206 veniant

2032 5266 2039 5274 '
2129 5255 2197 5312 ad
2225 5256 2507 5310 Dominum
2535 5266 2658 5306 cum
2690 5264 2850 5319 pace,
2881 5265 3044 5320 quam
3076 5248 3190 5304 dari
3223 5255 3483 5318 martyres
3538 5245 3770 5301 litteris

2027 5328 2039 5344 ³
2129 5350 2194 5405 ad
2214 5364 2315 5405 nos
2335 5346 2487 5403 factis
2505 5342 2967 5397 desideraverunt.
2983 5362 3000 5396 ι
3023 5341 3256 5413 Idipsmn
3276 5338 3468 5408 repetit
3483 5335 3773 5406 Epistola

2130 5461 2222 5501 xm
2252 5462 2265 5499 :
2303 5465 2321 5497 ι
2356 5438 2620 5510 Quoniam
2652 5446 2862 5503 tamen,
2898 5457 2916 5490 ι
2967 5436 3139 5507 inquit
3164 5435 3254 5490 ille
3279 5433 3579 5501 alloquens
3625 5429 3775 5487 Cle-

2131 5552 2247 5594 rum
2279 5550 2434 5593 suum
2463 5527 2569 5603 (2).
2607 5545 2626 5580 ι
2658 5528 2999 5601 signiﬁcastis
3041 5526 3303 5596 quosdam
3336 5520 3776 5580 immoderatos

2198 5728 2274 5798 (l)
2304 5727 2360 5798 S.
2393 5712 2677 5798 Cyprian.,
2698 5717 2796 5798 Ep.
2824 5733 2922 5783 xu,
2950 5726 2995 5798 ιλ
3005 5728 3109 5798 1ξὶ
3123 5725 3172 5766 c.
3202 5710 3313 5767 250
3332 5709 3426 5781 ι]

2487 5783 2541 5859 p.
2576 5801 2688 5854 xm,
2717 5783 2762 5842 ιζ
2788 5801 2858 5856 tv,
2890 5801 2940 5844 c.
2962 5783 3073 5840 260
3090 5796 3141 5838 ι.
