3876 6282
243 253 411 311 uiuit

241 385 397 434 esse,
430 374 489 425 et
522 361 1067 426 communicationem
1112 363 1476 435 accipiendam
1526 361 1844 420 festinanter

243 476 464 534 urgere,
495 469 549 517 et
576 458 926 515 desiderastis
951 459 1002 514 in
1039 459 1140 514 hac
1167 474 1226 514 re
1257 457 1486 513 formam
1517 473 1546 512 a
1578 473 1664 512 me
1692 457 1846 512 vobis

242 555 389 624 dari,
420 554 546 610 satis
571 554 725 624 plene
751 552 1038 623 scripsisse
1063 567 1149 608 me
1175 550 1239 606 ad
1271 550 1412 607 hanc
1442 567 1554 606 rem
1586 551 1846 621 proximis

242 649 440 706 litteris
467 648 530 703 ad
557 662 651 704 vos
680 647 838 703 factis
863 647 1050 714 credo,
1073 655 1132 702 ut
1158 647 1247 717 qui
1271 645 1511 701 libellum
1541 660 1571 699 a
1597 643 1846 716 martyri-

250 741 353 798 bus
381 748 720 813 acceperunt.
755 778 769 794 .
803 780 816 794 .
861 740 906 795 si
950 739 1124 810 premi
1183 738 1494 794 inﬁrmitate
1539 737 1737 808 aliqua,
1791 745 1847 791 et

251 835 488 907 periculo
506 835 792 903 coeperint,
839 832 1204 904 exomologesi
1231 830 1398 895 facta,
1427 839 1482 886 et
1516 845 1679 884 manu
1706 829 1786 884 eis
1813 842 1844 882 a

250 929 399 984 vobis
423 927 673 997 imposita
702 927 755 982 in
784 925 1191 998 paenitentiam,
1216 939 1340 979 cum
1367 938 1500 994 pace
1527 938 1556 976 a
1589 922 1844 993 martyri-

251 1023 345 1080 bus
371 1021 469 1078 sibi
496 1022 768 1093 promissa
798 1019 866 1076 ad
894 1019 1182 1076 Dominum
1206 1017 1569 1073 remittantur.
1607 1034 1626 1068 ι

599 1179 710 1244 δν.
733 1177 1003 1244 Disciplina
1029 1177 1191 1241 quoad
1217 1175 1469 1228 Ordinem.

307 1330 552 1389 XXXIII.
584 1330 702 1386 Etsi
726 1345 756 1385 a
781 1329 1004 1387 Summo
1025 1327 1309 1395 Pontiﬁce,
1340 1329 1430 1400 qui
1458 1333 1621 1398 caput
1647 1334 1730 1382 est
1759 1340 1846 1382 ec-

234 1424 532 1482 clesiastici
557 1423 771 1479 ordinis
798 1423 1069 1493 totiusque
1089 1421 1370 1484 Ecclesiae,
1404 1419 1616 1474 initium
1647 1419 1848 1474 habere

235 1531 463 1573 necesse
491 1515 655 1580 foret,
687 1529 809 1571 cum
862 1513 1126 1586 permulta
1183 1512 1612 1584 praecedentibus
1651 1511 1850 1566 articu-

237 1609 305 1666 lis
331 1607 402 1664 de
427 1607 621 1664 eodem
649 1614 970 1678 argumento
990 1604 1299 1672 habuimus,
1319 1604 1599 1674 multoque
1617 1603 1768 1674 plura
1794 1602 1846 1658 in

249 1701 720 1758 dissertationibus
748 1699 816 1754 ad
861 1698 1023 1770 hujus
1060 1697 1191 1753 tomi
1222 1697 1426 1753 calcem
1466 1697 1725 1768 appositis
1756 1695 1850 1751 ad-

257 1793 438 1850 denda
458 1794 585 1861 sint,
609 1806 760 1848 nemo
778 1791 938 1848 nobis
953 1790 1315 1858 succensebit,
1343 1789 1468 1846 dum
1495 1789 1561 1844 ad
1599 1790 1718 1846 haec
1736 1789 1850 1844 lec-

256 1897 436 1942 torem
468 1887 802 1953 remittimus,
826 1885 1032 1957 absque
1053 1899 1204 1942 mora
1231 1883 1300 1940 de
1328 1883 1542 1941 cteteris
1570 1883 1852 1939 ordinibus

246 1979 574 2052 Cyprianica
603 1978 905 2035 adducturi.

321 2095 524 2151 Electio
555 2096 936 2165 episcoporum.
968 2125 1039 2135 —-
1063 2091 1220 2162 Quod
1246 2093 1440 2150 attinet
1471 2092 1538 2148 ad
1569 2092 1853 2163 episcopos

243 2202 522 2258 czeteros,
573 2204 765 2246 eorum
814 2189 1014 2245 electio
1071 2189 1432 2260 peragebatur
1477 2187 1547 2242 ab
1584 2187 1855 2258 episcopis

245 2283 501 2356 ejusdem
531 2283 826 2356 provincia;
857 2297 1038 2337 coram
1071 2283 1221 2337 clero
1268 2292 1323 2338 et
1361 2281 1582 2354 populo,
1614 2296 1770 2336 suum
1802 2289 1857 2336 et

247 2378 386 2448 ipsis
413 2376 730 2448 suﬂ‘ragium
773 2375 1092 2432 ferentibus.
1137 2375 1238 2440 Qui
1269 2374 1373 2430 hoc
1415 2372 1653 2445 regulari
1695 2373 1856 2428 modo

247 2471 464 2526 electus
500 2470 673 2525 fuerat
698 2469 986 2539 episcopus
1027 2467 1225 2537 deponi
1256 2481 1362 2520 non
1395 2475 1640 2536 poterat,
1673 2476 1729 2520 ut
1760 2466 1858 2521 eli-

246 2573 474 2636 geretur
501 2563 640 2619 alter
665 2604 679 2627 ,
710 2563 815 2617 nisi
847 2569 1057 2632 patrato
1082 2561 1150 2615 ab
1180 2561 1298 2630 ipso
1327 2560 1509 2631 aliquo
1535 2559 1858 2631 gravissimo

252 2657 509 2713 crimine.
535 2654 688 2711 Hanc
718 2653 1018 2724 disciplina:
1052 2663 1256 2723 partem
1293 2651 1520 2707 miritice
1549 2653 1740 2719 probat
1769 2666 1858 2706 su-

252 2749 447 2819 perius
475 2757 767 2805 memorata
816 2747 1081 2818 Epistola,
1131 2747 1184 2801 iu
1228 2760 1353 2816 qua,
1403 2744 1472 2800 de
1522 2742 1862 2800 ordinatione

257 2843 450 2901 Sabini
477 2843 530 2899 iu
549 2843 727 2900 locum
752 2842 1003 2898 Basilidis
1026 2855 1330 2896 sermonem
1357 2839 1564 2894 habens
1579 2838 1736 2894 divus
1759 2838 1863 2912 Cy-

262 2939 514 3010 prianus,
544 2938 681 2995 hanc
708 2937 908 2993 factam
944 2935 1075 2992 dicit
1109 2958 1128 2989 ι
1157 2935 1224 2990 de
1253 2935 1519 2990 universae
1550 2932 1862 2988 fraternita-

257 3033 332 3089 tis
373 3032 734 3105 suﬂ‘ragio,‘et
778 3031 846 3088 de
880 3032 1289 3102 episcoporum,
1340 3029 1430 3099 qui
1472 3029 1524 3082 in
1571 3025 1863 3096 praesentia

250 3136 648 3184 convenerant.
689 3166 702 3180 .
735 3165 748 3180 .
818 3125 1024 3196 judicio
1074 3122 1174 3194 (t).
1230 3140 1249 3174 ι
1303 3119 1595 3177 Contendit
1641 3127 1863 3175 sanctus

251 3220 466 3276 Doctor
497 3219 820 3275 electionem
871 3218 1245 3288 episcoporum
1286 3213 1504 3270 laudato
1549 3212 1710 3268 modo
1746 3212 1859 3266 fac—

251 3322 370 3370 tam
401 3311 700 3384 procedere
734 3330 752 3364 t
779 3325 807 3365 a
836 3311 1016 3366 divina
1047 3307 1384 3375 Traditione,
1412 3326 1430 3360 ι
1468 3309 1518 3362 in
1552 3306 1728 3361 latiori
1755 3305 1862 3360 sci-

249 3409 388 3464 licet
415 3422 584 3465 sensu
608 3415 844 3477 sumpta,
880 3423 899 3458 ι
925 3413 981 3460 et
1002 3403 1308 3474 Apostoliea
1336 3400 1736 3465 observatione;
1762 3417 1781 3451 ι
1811 3405 1865 3454 et

248 3499 384 3558 ideo
407 3515 592 3556 coram
618 3499 818 3569 pepulo
839 3497 978 3554 hanc
1007 3498 1329 3553 electionem
1355 3494 1469 3550 ﬁeri
1490 3493 1621 3548 dicit
1646 3499 1864 3547 sanctus

251 3594 588 3665 Episcopus,
619 3593 743 3664 quia
791 3591 942 3662 plebs
973 3590 1306 3662 singulorum
1338 3587 1505 3643 vitam
1548 3585 1866 3659 plenissime

252 3688 436 3753 novit,
470 3696 528 3742 et
548 3687 969 3756 uniuscujusque
995 3692 1172 3740 actum
1209 3683 1276 3738 de
1305 3682 1422 3753 ejus
1453 3681 1866 3737 conversatione

252 3779 564 3852 perspexit.
595 3775 888 3848 Eligendos
917 3783 1093 3832 autem
1122 3791 1228 3831 non
1255 3790 1377 3832 esse
1403 3775 1559 3842 alios,
1587 3789 1747 3845 quam
1775 3778 1865 3842 qui

252 3870 598 3938 immaculati
628 3880 683 3925 et
729 3869 919 3940 integri
952 3878 1139 3924 sancte
1164 3878 1218 3925 et
1247 3869 1410 3941 digne
1449 3867 1716 3924 sacriﬁcia
1755 3868 1866 3923 Deo

251 3964 579 4031 offerentes,
613 3962 787 4018 audiri
835 3962 888 4017 in
933 3962 1180 4032 precibus
1214 3963 1461 4033 possint,
1505 3975 1638 4032 quas
1666 3959 1866 4016 faciunt

252 4074 364 4131 pro
413 4057 594 4130 plebis
641 4055 938 4112 Dominicae
987 4056 1377 4112 incolumitate.
1411 4054 1706 4111 Electionis
1753 4054 1867 4124 epi-

251 4155 506 4227 scopalis
536 4154 761 4209 formam
795 4150 952 4208 nobis
972 4150 1196 4207 exhibet
1215 4149 1518 4222 Cyprianus
1548 4150 1603 4204 in
1625 4149 1864 4220 Epistola

248 4248 329 4304 ad
357 4245 730 4304 Antunianum
757 4242 866 4319 (2).

337 4361 587 4419 XXXIV.
638 4361 783 4419 Unus
830 4369 1030 4416 tantum
1079 4361 1346 4430 episcopus
1393 4359 1446 4414 in
1497 4375 1602 4414 una
1655 4358 1867 4414 ecclesia

257 4474 380 4514 esse
407 4456 637 4512 debebat.
656 4486 729 4498 -—
754 4455 871 4512 Duo
901 4453 1140 4526 episcopi
1182 4453 1272 4508 uni
1308 4451 1593 4523 eidemque
1621 4450 1867 4508 ecclesia:

253 4549 468 4609 eodem
494 4557 736 4621 tempore
776 4560 1012 4620 praeesse
1039 4561 1145 4601 non
1189 4553 1454 4616 poterant.
1490 4544 1764 4600 Habemus
1813 4543 1863 4597 id

252 4657 530 4716 expresse
569 4642 624 4698 in
669 4640 908 4713 Epistola
950 4639 1006 4696 S.
1054 4638 1288 4696 Cornelii
1341 4653 1492 4709 papae
1533 4637 1600 4693 ad
1644 4637 1703 4693 8.
1757 4635 1868 4709 Cy-

255 4739 521 4811 prianum
553 4735 621 4791 de
663 4733 1066 4792 conl'essoribus
1094 4733 1160 4788 ad
1199 4733 1454 4788 unitatem
1490 4735 1746 4800 reversis,
1775 4731 1868 4802 qui

270 4831 556 4888 declarant
579 4829 660 4902 (3)
687 4847 701 4884 :
733 4847 752 4882 ι
780 4844 945 4885 ιιιιιιιιι
972 4827 1286 4898 episcopum
1308 4825 1360 4880 in
1388 4825 1648 4882 catholica
1673 4825 1867 4882 Eccle-

181 4983 196 4994 ,
274 4924 360 4981 sia
391 4942 507 4984 esse
547 4925 750 4982 debere
783 4943 802 4977 ι
851 4924 953 4978 hoc
1009 4931 1117 4986 est,
1171 4920 1224 4975 in
1269 4934 1588 4991 unaquaque
1615 4920 1864 4976 ecclesia.

271 5017 805 5090 Evincituridipsum
825 5016 1028 5088 pariter
1054 5029 1122 5071 ex
1154 5012 1392 5084 Epistola
1423 5011 1480 5069 S.
1515 5011 1770 5085 Cypriani
1799 5013 1867 5068 ad

336 5244 420 5314 (I)
449 5243 649 5316 Cypr.,
673 5241 774 5316 E_p.
802 5255 986 5306 uvm,
1015 5247 1058 5294 t.
1086 5253 1166 5305 Ill,
1191 5252 1239 5293 c.
1265 5237 1406 5294 1027
1426 5253 1475 5316 s_.

336 5260 420 5314 (1)
449 5260 493 5302 υ
533 5260 649 5316 pth,
673 5260 774 5312 np.
802 5260 986 5306 LXVIII,
1016 5260 1058 5294 ι.
1086 5260 1166 5305 ιιι,
1191 5260 1239 5293 c.
1265 5260 1400 5294 'wzr
1427 5260 1475 5294 Β.

253 5319 264 5335 ”
339 5318 422 5391 (2)
452 5260 638 5375 lixam.
696 5313 798 5384 Ep.
855 5328 984 5376 an,
1060 5320 1098 5364 ι.
1175 5325 1268 5375 ιιι,
1325 5325 1377 5366 c.
1442 5308 1545 5365 768
1602 5322 1686 5378 sq.
1739 5307 1874 5366 Vide

255 5398 398 5440 mm-
448 5405 503 5440 xi
527 5431 545 5440 -
607 5384 752 5440 Hist.
792 5383 1014 5440 theoloa.
1042 5382 1159 5435 erit.
1191 5388 1307 5437 sect
1336 5396 1402 5440 ι..
1441 5381 1510 5436 de
1538 5379 1600 5436 S.
1634 5379 1874 5436 Cornelio

255 5398 398 5447 tom.
448 5405 503 5446 χι
527 5431 545 5454 ,
607 5395 752 5440 Hist.
792 5395 1014 5454 theolog.
1042 5395 1159 5435 cru.
1191 5395 1307 5437 seet
1336 5396 1402 5447 ι,
1441 5395 1510 5436 ac
1538 5395 1600 5436 δ.
1634 5395 1874 5436 corneae

256 5462 332 5518 Β.
362 5462 454 5530 Ρ.,
482 5459 650 5518 artic.
684 5457 738 5523 1,
768 5470 888 5526 pag.
918 5453 974 5518 2,
1008 5452 1098 5508 ubi
1122 5452 1389 5522 integrum
1409 5453 1591 5508 locum
1613 5453 1874 5509 recitavi-

241 5551 411 5679 ,mllg)
443 5604 627 5679 Idem.
653 5613 745 5679 ep.
768 5611 880 5661 xvr,
913 5605 951 5679 ι.
979 5611 1059 5660 ιιι,
1089 5591 1329 5679 col_.122
1355 5610 1410 5650 Α.

326 5665 415 5752 (4)
438 5677 635 5752 idem,
653 5665 765 5752 Ep.
793 5683 887 5731 LII.
915 5675 954 5722 t.
971 5683 1057 5752 tu,
1077 5681 1128 5722 c.
1157 5665 1406 5752 ῖρθηξςι..

306 5736 406 5830 (Β)
432 5736 627 5812 Idem,
653 5736 755 5810 Ep.
783 5753 939 5808 uix,
968 5747 1008 5793 t.
1033 5752 1112 5830 tv,
1144 5736 1253 5792 col.
1285 5737 1414 5805 400,
1445 5750 1563 5810 sqq.

682 5834 966 5896 ΡΔτιιοι..
1008 5829 1117 5892 III.

1674 242 2064 304 PREFATIO.

3382 270 3545 313 XXXIV

1957 362 2344 430 Antonianum,
2378 366 2431 420 in
2464 379 2567 436 qua
2599 364 2864 424 definiens
2891 368 2947 426 S.
2984 370 3181 428 Doctor
3222 371 3540 431 electionem

1952 452 2187 511 Cornelii
2213 472 2333 512 esse
2361 456 2654 528 legitimam
2677 501 2691 526 ,
2725 461 2905 517 subdit
2937 462 3014 536 (4)
3061 481 3074 519 :
3117 485 3136 517 ‹
3164 465 3415 537 Quisquis
3432 472 3543 538 jam

1951 547 2251 620 Episcopus
2281 549 2514 624 (Romae)
2543 552 2661 609 tieri
2705 555 2952 622 voluerit,
3002 555 3132 612 foris
3182 557 3270 612 ﬁat
3324 575 3544 616 necesse

1953 648 2072 694 est:
2109 661 2127 694 ι
2159 651 2214 697 et
2238 642 2348 710 ille,
2376 645 2462 714 qui
2487 653 2702 701 creatus
2729 655 2812 702 est
2839 658 2962 718 post
3006 649 3326 706 electionem
3363 652 3537 721 primi,

1958 749 1978 783 ‹
2013 747 2116 787 non
2137 732 2248 803 jam
2277 735 2544 792 secundus
2589 736 2676 792 ille
2717 737 2813 793 sed
2853 739 3032 795 nullus
3055 749 3156 795 est.
3205 761 3224 794 ι
3260 743 3406 800 llanc
3433 746 3546 814 epi-

1953 826 2100 896 scopi
2157 827 2414 882 unitatem
2457 839 2611 899 urget
2656 829 2877 900 insuper
2920 831 2977 888 S.
3023 833 3322 905 Cyprianus
3349 835 3403 890 in
3448 851 3546 892 sua

1954 917 2193 988 Epistola
2223 919 2289 974 ad
2320 919 2653 977 Florentium
2686 923 3021 995 Puppianum
3056 926 3156 998 (5).

2025 1008 2245 1065 XXXV.
2279 1010 2526 1083 Episcopi
2553 1015 2794 1084 proprias
2841 1016 3082 1086 regebant
3127 1018 3388 1086 ecclesias,
3427 1038 3544 1076 cum

1954 1118 2205 1158 consensu
2241 1121 2302 1158 ac
2349 1107 2564 1161 consilio
2610 1123 2821 1162 suorum
2852 1111 3392 1182 metropolitanorum,
3425 1117 3548 1170 cleri

1954 1205 1999 1250 et
2028 1196 2301 1265 papilli.—
2329 1197 2578 1268 Episcopi
2602 1201 3072 1258 eommunieabant
3091 1206 3302 1275 negotia
3322 1222 3544 1263 suarum

1953 1287 2305 1343 ecclesiarum
2337 1306 2444 1344 non
2491 1293 2664 1346 solum
2695 1307 2816 1348 cum
2845 1309 2945 1350 suo
2977 1298 3389 1368 metropolitano
3409 1343 3423 1369 ,
3472 1302 3548 1356 uti

1954 1379 2161 1435 eruitur
2189 1396 2254 1436 ex
2283 1382 2525 1452 pluribus
2556 1384 2809 1454 Epistolis
2829 1385 2884 1442 S.
2908 1385 3184 1459 Cypriani,
3211 1401 3264 1445 et
3284 1392 3553 1461 prmcipue

1954 1487 2020 1528 ex
2034 1475 2470 1546 quinquagesima
2485 1479 2636 1532 tertia
2648 1521 2660 1544 ,
2680 1479 2774 1535 sed
2789 1482 2950 1536 etiam
2964 1497 3083 1538 cum
3098 1484 3243 1539 clero
3258 1501 3318 1540 ac
3333 1486 3550 1556 populo;

1955 1564 2080 1620 hinc
2127 1583 2248 1622 cum
2279 1584 2543 1624 consensu
2593 1574 3153 1642 metropolitanorum,
3185 1577 3316 1632 eleri
3364 1593 3426 1633 ac
3458 1594 3552 1650 po-

1956 1658 2063 1728 puli
2112 1674 2239 1716 suas
2283 1662 2541 1733 regebant
2571 1667 2857 1733 ecclesias;
2891 1668 2958 1723 ab
3004 1669 3215 1740 illisque
3263 1672 3547 1728 consilium

1956 1751 2212 1822 petebant
2237 1755 2396 1809 etiam
2428 1771 2526 1825 pro
2548 1756 2902 1814 Ordinatione
2927 1761 3295 1816 ministrorum
3328 1765 3553 1825 inferio-

1963 1860 2102 1900 rum.
2135 1845 2365 1902 Sanctus
2387 1848 2709 1919 Cyprianus,
2735 1852 2867 1907 nihil
2891 1853 3141 1910 obstante
3162 1856 3425 1927 singulari
3454 1874 3554 1914 suo

1964 1938 2178 2004 merito,
2208 1953 2272 1992 ac
2297 1955 2546 2009 suprema
2575 1941 2834 2012 dignitate
2872 1960 2975 2014 qua
3010 1945 3248 2016 fulgebat
3276 1948 3328 2001 in
3375 1950 3550 2006 eccle-

1959 2033 2037 2089 sia
2083 2032 2530 2104 Carthaginensi,
2585 2045 2914 2106 pratestatur
2959 2049 3014 2095 et
3057 2041 3189 2095 dicit
3233 2042 3284 2096 in
3326 2044 3554 2112 quadam

1958 2124 2027 2180 ad
2069 2140 2223 2180 suum
2260 2125 2462 2181 clerum
2514 2128 2773 2196 Epistola,
2806 2131 3061 2186 statuisse
3087 2147 3147 2187 se
3192 2148 3221 2186 a
3256 2133 3553 2202 primordio

1960 2217 2302 2289 episcopatus
2329 2217 2433 2285 sui,
2464 2217 2595 2274 nihil
2623 2235 2716 2275 sua
2741 2223 3010 2277 sententia
3047 2223 3296 2293 privatim
3326 2240 3515 2296 gerere
3535 2270 3552 2294 ,

1960 2320 2014 2368 et
2045 2311 2162 2368 sine
2191 2312 2419 2368 consilio
2449 2327 2510 2368 ac
2537 2328 2803 2370 consensu
2850 2315 2983 2371 eleri
3033 2327 3086 2372 et
3133 2317 3325 2386 plebis.
3375 2319 3561 2375 Mouet

1962 2408 2105 2464 idem
2134 2419 2354 2465 sanctus
2383 2410 2579 2465 Doctor
2601 2410 2804 2465 clerum
2835 2426 2898 2466 ac
2928 2411 3139 2481 plebem
3172 2428 3324 2468 suam
3357 2414 3424 2469 de
3446 2414 3552 2470 Or-

1961 2503 2238 2559 dinatione
2265 2501 2742 2566 subdiaconorum.
2772 2515 3205 2578 caeterorumque
3232 2508 3554 2565 inferiorum

1965 2595 2344 2652 miniStrorum
2377 2639 2392 2662 ,
2422 2605 2476 2652 et
2502 2596 2788 2652 consilium
2820 2597 2951 2652 eleri
2975 2613 3039 2654 ac
3067 2599 3240 2668 plebis
3268 2600 3367 2656 hac
3400 2616 3564 2672 super

1963 2705 2022 2745 re
2049 2689 2202 2760 petit.
2235 2689 2352 2745 Non
2385 2690 2474 2745 ille
2500 2691 2662 2760 igitur
2692 2699 2810 2745 erat
2837 2691 2893 2746 S.
2923 2689 3228 2760 Cyprianus
3251 2735 3265 2756 ,
3301 2694 3390 2764 qui
3423 2694 3558 2750 dure

1965 2783 2126 2838 nimis
2144 2792 2361 2855 regeret
2390 2783 2678 2839 ecclesiam
2709 2798 2884 2846 suam,
2906 2791 2958 2838 et
2977 2799 3042 2837 ex
3072 2799 3280 2838 summa
3313 2786 3430 2855 ejus
3461 2787 3564 2840 hu-

1965 2877 2195 2934 militate
2220 2877 2537 2942 edocemur,
2568 2875 2874 2931 litteraliter
2903 2885 2957 2931 et
2983 2876 3226 2946 rigorose
3268 2877 3426 2932 nimis
3454 2894 3561 2934 non

1966 2986 2089 3027 esse
2114 2969 2426 3040 accipienda
2450 2983 2572 3040 qua:
2601 2966 2789 3022 scribit
2814 2967 2955 3022 idem
2979 2980 3198 3023 sanetus
3229 2968 3429 3024 Doctor
3453 2971 3561 3024 alio

1969 3064 2111 3129 loco,
2136 3065 2451 3136 episcopum
2481 3062 2689 3117 scilicet
2711 3077 2742 3116 a
2766 3062 2982 3117 nemine
3011 3063 3267 3133 pendere.
3302 3063 3401 3133 ipsi
3430 3080 3559 3120 con-

1968 3171 2179 3213 cessam
2218 3152 2343 3212 esse
2387 3154 2725 3220 libertatem,
2761 3162 2815 3209 ct
2841 3153 3105 3209 rationem
3150 3163 3304 3209 actus
3350 3154 3432 3210 sui
3462 3155 3564 3210 soli

1970 3251 2200 3307 Domino
2229 3264 2352 3305 esse
2380 3248 2744 3304 redditurum.

2038 3341 2283 3399 XXXVI.
2340 3341 2717 3412 Episcoporum
2769 3339 3044 3394 concilium
3097 3340 3368 3409 quotannis
3436 3342 3566 3398 cele-

1969 3440 2171 3495 bratum
2201 3438 2268 3491 ad
2287 3437 2492 3508 negotia
2509 3435 2762 3490 Ecclesia:
2787 3437 3210 3506 disponenda.—-
3230 3438 3288 3492 In
3311 3436 3564 3494 Africana

1969 3534 2200 3592 ecclesia
2229 3532 2468 3603 episcopi
2500 3530 2661 3586 simul
2684 3531 3080 3586 conveniebant
3100 3531 3164 3584 ad
3190 3531 3441 3602 graviora
3464 3533 3568 3588 Ec-

1969 3629 2150 3686 clesia:
2177 3626 2389 3698 negotia
2421 3625 2756 3696 disponenda
2775 3667 2790 3693 ,
2818 3633 2876 3680 ut
2904 3624 3064 3680 docet
3091 3623 3148 3680 S.
3180 3623 3483 3697 Cyprianus
3513 3628 3566 3683 in

1971 3723 2200 3794 quadam
2229 3720 2454 3791 epistola
2485 3720 2551 3774 ad
2579 3735 2734 3775 suum
2765 3720 2994 3787 clerum,
3026 3735 3146 3790 qum
3176 3728 3261 3774 est
3288 3721 3567 3791 trigesima

1971 3815 2208 3874 secunda
2237 3815 2492 3870 editionis
2513 3813 2842 3870 Oxoniensis
2870 3822 2924 3868 et
2955 3812 3175 3868 Pamelii
3207 3811 3308 3885 (6.).
3339 3813 3402 3868 IIi
3436 3829 3568 3869 vero

1971 3917 2271 3968 conventus
2288 3923 2382 3963 seu
2405 3907 2521 3962 haec
2546 3906 2772 3962 concilia
2800 3904 3086 3977 quotannis
3108 3905 3250 3960 circa
3275 3905 3407 3960 festa
3434 3905 3566 3960 Pas-

1969 4003 2142 4060 chalia
2174 4001 2437 4058 celebrari
2465 4006 2861 4055 consueverant
2889 4015 2901 4050 :
2932 4016 2950 4048 ι
2984 3997 3383 4053 Persecutionis
3410 4000 3567 4054 istius

1972 4095 2266 4153 novissima
2297 4095 2411 4148 haec
2437 4101 2552 4158 est,
2578 4101 2632 4147 et
2660 4101 2902 4147 extrema
2937 4091 3181 4155 tentatio,
3213 4109 3233 4142 ι
3261 4090 3429 4160 inquit
3456 4089 3563 4162 Cy-

1970 4191 2215 4262 prianus,
2248 4204 2270 4239 ‹
2293 4201 2414 4258 quae
2441 4194 2493 4241 et
2521 4185 2634 4255 ipsa
2655 4184 2763 4240 cito
2795 4183 3022 4237 Domino
3054 4191 3366 4252 protegente
3389 4191 3564 4239 trans-

1971 4283 2108 4348 ibit,
2141 4289 2197 4335 ut
2222 4269 2604 4349 'reprtesenter
2647 4273 2802 4328 vobis
2830 4281 2955 4343 post
2998 4271 3217 4327 Paschte
3253 4273 3394 4332 diem
3439 4289 3563 4330 cum

1972 4374 2194 4447 collegis
2221 4373 2393 4439 meis,
2422 4369 2618 4441 quibus
2662 4365 3018 4440 praesentibus
3065 4368 3366 4424 secundum
3419 4371 3564 4426 arbi-

1973 4469 2133 4526 trium
2156 4480 2371 4538 quoque
2390 4471 2654 4528 vestrum,
2677 4471 2728 4517 et
2751 4459 2989 4516 omnium
3012 4468 3254 4516 nostrum
3279 4476 3566 4519 commune

1972 4563 2280 4628 consilium,
2303 4560 2442 4615 sicut
2463 4557 2630 4614 semel
2660 4555 2879 4627 placuit,
2907 4569 2967 4610 ea
2997 4569 3121 4624 qum
3163 4555 3368 4626 agenda
3416 4564 3562 4620 sunt,

1973 4657 2262 4729 disponere
2298 4654 2500 4725 pariter
2527 4659 2580 4706 et
2607 4651 2797 4705 limare
2829 4647 3130 4719 poterimus
3165 4647 3263 4720 (7).
3297 4647 3563 4715 Quoniam

1975 4747 2302 4821 scripsistis,
2343 4765 2363 4798 ι
2412 4743 2585 4815 inquit
2612 4743 2751 4798 idem
2797 4741 2854 4797 S.
2889 4741 3091 4795 Doctor
3119 4738 3228 4810 (8),
3286 4757 3305 4788 ‹
3361 4749 3418 4794 ut
3443 4755 3563 4795 cum

1975 4840 2217 4915 pluribus
2243 4837 2465 4908 collegis
2489 4835 2557 4891 de
2579 4833 2683 4890 hoc
2717 4834 2836 4903 ipso
2866 4831 3180 4901 plenissime
3207 4838 3434 4886 tractem
3458 4871 3472 4895 ,
3511 4840 3566 4887 et

1975 4953 2064 4996 res
2105 4943 2249 4989 tanta
2308 4931 2472 5000 exigit
2510 4928 2686 4998 majus
2726 4935 2780 4981 et
2820 4925 3117 4993 impensius
3161 4923 3229 4978 de
3273 4924 3562 4978 multorum

1977 5029 2266 5089 collatione
2290 5022 2574 5081 consilium
2597 5060 2612 5082 .
2640 5028 2696 5073 et
2725 5030 2868 5071 nunc
2895 5031 3085 5071 omnes
3113 5014 3227 5070 fere
3257 5015 3395 5070 inter
3439 5015 3572 5070 Pas-

1976 5125 2094 5182 chte
2123 5121 2291 5192 prima
2319 5113 2582 5173 solemnia
2610 5109 2749 5181 apud
2772 5124 2831 5164 se
2853 5124 2975 5164 cum
3003 5107 3258 5164 fratribus
3280 5108 3566 5162 demoran-

1979 5228 2101 5281 tur;
2131 5211 2347 5288 quando
2371 5207 2698 5266 solemnitati
2727 5202 3069 5259 celebranda:
3095 5202 3235 5274 apud
3259 5217 3386 5256 suos
3409 5202 3568 5257 satis-

1978 5308 2208 5367 fecerint
2227 5313 2283 5362 et
2302 5303 2368 5359 ad
2394 5315 2480 5358 me
2507 5300 2693 5355 venire
2719 5295 3007 5367 coeperint,
3041 5294 3282 5350 tractabo
3305 5308 3425 5348 cum
3451 5294 3566 5348 sin-

1976 5403 2117 5478 gulis
2158 5401 2401 5473 plenius,
2452 5403 2511 5450 ut
2561 5391 2630 5447 de
2677 5406 2744 5448 eo
2781 5389 2924 5463 quod
2949 5385 3326 5453 consuluistis,
3375 5385 3571 5458 ﬁgatur

2051 5590 2132 5664 (6)
2160 5586 2458 5664 Idem,_Ep.
2495 5600 2642 5641 χχχιι
2664 5625 2679 5648 ,
2712 5592 2953 5664 ῑοιιικι-ιιιι
2981 5578 3087 5634 col.
3115 5578 3222 5635 506
3255 5595 3304 5634 s.

2051 5651 2132 5799 ξι)
2163 5651 2437 5729 ΙίιθιιιΕρζ
2465 5675 2569 5724 χι,
2601 5665 2641 5710 t.
2665 5670 2744 5723 tv,
2767 5669 2817 5710 c.
2851 5651 2956 5708 538
2981 5667 3043 5715 ιι,
3075 5665 3126 5704 c.

2081 5733 2137 5799 8)
2169 5732 2273 5799 Id.,
2305 5731 2410 5799 Ep.
2445 5746 2574 5795 ιιιι,
2609 5736 2647 5783 t.
2680 5741 2756 5796 tv,
2785 5738 2837 5780 c.
2871 5722 2976 5781 547
3001 5736 3031 5778 c
3053 5761 3069 5788 ,
3098 5737 3126 5776 si

2081 5722 2137 5807 8)
2169 5732 2273 5802 Id.,
2305 5722 2410 5804 Ep.
2445 5746 2536 5787 ιιιι
2557 5722 2574 5795 ⁷,
2609 5736 2647 5783 t.
2680 5741 2756 5796 tv,
2785 5738 2837 5780 c.
2871 5722 2976 5781 547
3001 5736 3031 5778 c
3053 5761 3069 5788 ,
3098 5736 3213 5790 seq.

3053 5829 3100 5880 11
