3876 6282
300 345 443 384 XXXV

303 443 445 512 apud
477 456 606 506 nos,
643 449 695 494 et
726 441 1056 495 rescribatur
1085 440 1235 496 vobis
1268 439 1420 494 ﬁrma
1447 441 1734 507 sententia,
1770 444 1906 496 mul-

316 548 492 590 torum
525 534 864 588 sacerdotum
895 535 1124 589 oonsilio
1155 533 1468 604 ponderata.
1511 552 1530 586 ι

385 651 647 707 XXXVII.
675 649 916 722 Episcopi
943 653 996 706 in
1027 651 1174 705 rebus
1205 650 1416 720 majoris
1445 651 1690 705 momenti
1710 649 1770 703 ab
1793 649 1910 704 aliis

311 746 564 814 episcopis
606 759 723 796 snas
769 743 1047 797 decisionet
1083 742 1365 806 mittebant,
1423 743 1678 813 prwcipue
1708 741 1774 795 ad
1805 742 1912 796 R0-

324 854 533 891 manum
559 836 968 906 Episcopum.——
986 834 1042 888 Ῑιι
1059 833 1220 889 rebus
1234 835 1455 904 majoris
1497 835 1754 888 momenti
1778 833 1908 902 Epi-

312 931 464 1002 scopi
493 931 660 985 etiam
687 930 738 984 in
767 928 996 983 concilio
1025 927 1334 997 congregati
1366 925 1429 980 ad
1462 926 1596 981 alios
1625 925 1911 995 episcopos

309 1039 437 1079 suas
467 1022 774 1078 decisiones
807 1019 1120 1085 mittebant,
1158 1019 1518 1089 prznstolaturi
1569 1019 1637 1074 ab
1687 1018 1752 1072 iis
1798 1027 1910 1072 tum

311 1116 625 1181 consilium,
660 1121 770 1167 tum
799 1126 1128 1167 consensum
1157 1110 1471 1166 eorumdem
1496 1152 1510 1176 ,
1550 1111 1616 1165 ad
1649 1111 1905 1166 sacerdo-

315 1210 480 1265 talem
511 1205 892 1262 auctoritatem
912 1249 926 1273 ,
957 1214 1010 1260 et
1041 1203 1106 1258 ad
1134 1203 1396 1259 Ecclesia:
1425 1201 1708 1259 catholica:
1737 1203 1914 1258 unita-

311 1310 422 1357 tem
475 1299 674 1369 pariter
720 1311 784 1352 ac
834 1296 1147 1368 dignitatem
1196 1297 1389 1366 partim
1443 1296 1909 1363 manifestandam,

312 1391 507 1462 partim
551 1389 994 1445 consecrandam.
1049 1389 1089 1442 A
1138 1388 1384 1443 Romano
1429 1388 1687 1459 episc0po
1733 1397 1912 1444 autem

315 1485 552 1544 Africani
582 1482 854 1554 praseipue
885 1481 1140 1552 petebant
1165 1480 1454 1537 consilium
1482 1489 1536 1536 et
1563 1495 1910 1547 consensum;

315 1585 525 1634 constat
554 1577 655 1632 hoc
683 1590 747 1630 ex
781 1575 1027 1645 Epistola
1057 1589 1201 1630 Lxxn
1234 1575 1292 1630 S.
1323 1573 1581 1646 Cypriani
1611 1573 1678 1629 ad
1703 1573 1761 1630 S.
1794 1574 1915 1630 Ste-

315 1671 550 1740 phanum
571 1711 586 1735 ,
618 1669 670 1724 in
698 1681 803 1739 qua
831 1667 948 1722 haec
995 1677 1287 1723 occurrunt
1331 1665 1414 1739 (l)
1446 1685 1458 1721 :
1495 1685 1514 1721 ι
1553 1667 1636 1723 Ad
1666 1668 1914 1738 quaedam

316 1759 678 1832 disponenda,
711 1769 766 1816 et
796 1760 1010 1816 consilii
1039 1760 1340 1815 communis
1369 1760 1823 1816 examinationem
1850 1759 1914 1815 li-

316 1857 514 1912 manda
532 1899 547 1923 ,
573 1869 801 1911 necesse
844 1854 1130 1910 habuimus
1151 1899 1164 1921 ,
1197 1853 1368 1909 frater
1397 1853 1725 1911 charissime
1746 1897 1762 1925 ,
1789 1869 1918 1911 con-

313 1949 660 2007 venientibus
690 1949 744 2004 in
796 1964 958 2003 unum
1004 1947 1247 2018 pluribus
1274 1947 1648 2003 sacerdotibus
1671 1990 1686 2014 ,
1722 1963 1918 2020 cogere

314 2055 370 2100 et
400 2044 685 2100 celebrare
733 2042 1058 2106 concilium,
1108 2041 1163 2095 in
1210 2055 1317 2112 quo
1348 2041 1514 2096 multa
1544 2040 1760 2112 quidem
1794 2056 1919 2112 pro-

312 2138 419 2191 lata
465 2145 627 2207 atque
678 2144 949 2190 transacta
998 2141 1170 2188 sunt:
1214 2132 1309 2188 sed
1357 2133 1426 2189 de
1473 2148 1539 2189 eo
1569 2134 1651 2188 vel
1685 2134 1918 2188 maxime

315 2229 411 2284 tibi
439 2226 820 2294 scribendum,
857 2235 910 2280 et
956 2240 1078 2279 cum
1111 2235 1198 2278 tua
1247 2227 1514 2294 gravitate
1561 2240 1624 2279 ac
1651 2225 1917 2294 sapientia

315 2319 708 2376 conferendum
728 2318 852 2384 fuit,
885 2317 1027 2388 quod
1051 2317 1220 2388 magis
1250 2317 1536 2386 pertineat,
1569 2325 1624 2372 et
1649 2317 1714 2371 ad
1741 2331 1921 2371 sacer-

318 2413 557 2469 dotalem
587 2413 990 2477 auctoritatem,
1023 2420 1075 2465 et
1104 2411 1169 2464 ad
1201 2409 1460 2465 Ecclesia:
1487 2409 1771 2465 catholicm
1800 2411 1920 2464 uni-

323 2514 488 2560 tatem
521 2505 724 2574 pariter
751 2511 806 2558 et
835 2503 1155 2573 dignitatem
1178 2543 1192 2565 ,
1225 2502 1292 2558 de
1320 2502 1515 2557 divinae
1547 2501 1918 2572 dispositionis

316 2599 660 2656 ordinatione
684 2599 1013 2662 venientem,
1041 2612 1135 2652 eos
1157 2598 1246 2667 qui
1269 2599 1376 2652 sint
1397 2597 1528 2652 foris
1551 2604 1704 2652 extra
1731 2597 1918 2652 Eccle-

316 2693 453 2747 siam
487 2691 666 2757 tincti,
697 2699 751 2747 et
777 2690 917 2762 apud
949 2692 1234 2745 haereticos
1260 2699 1314 2746 et
1339 2691 1714 2746 schismalicos
1742 2690 1919 2761 profa-

321 2801 407 2841 na:
437 2801 592 2857 aqua:
638 2785 761 2840 labe
807 2782 1059 2839 maculati
1082 2826 1096 2849 ,
1147 2784 1362 2854 quando
1386 2783 1452 2838 ad
1487 2799 1618 2850 nos,
1653 2793 1814 2854 atque
1849 2783 1917 2839 ad

322 2877 663 2943 Ecclesiam,
710 2892 830 2948 qua:
880 2891 983 2931 una
1027 2886 1142 2940 est,
1175 2876 1442 2942 venerint,
1473 2874 1730 2945 baptizari
1759 2890 1920 2945 opor-

318 2984 468 3041 tere;
501 2989 566 3028 eo
597 2973 738 3043 quod
765 2987 950 3042 parum
978 2973 1047 3026 sit
1074 2971 1153 3025 eis
1181 2987 1396 3026 manum
1427 2973 1708 3040 imponere
1731 2971 1797 3026 ad
1821 2986 1918 3026 ex-

323 3067 632 3138 cipiendum
667 3065 927 3136 Spiritum
969 3075 1213 3120 sanctum
1237 3107 1252 3133 ,
1301 3065 1404 3121 nisi
1433 3067 1699 3136 accipiant
1735 3075 1788 3121 et
1818 3065 1920 3121 Ec—

320 3162 504 3216 clesiae
530 3161 936 3232 Baptismum...
967 3158 1091 3213 llaec
1117 3159 1182 3213 ad
1207 3159 1592 3214 conscientiam
1618 3169 1784 3226 tuam,
1814 3158 1920 3215 fra-

324 3262 408 3308 ter
435 3252 791 3318 charissime,
821 3261 876 3305 et
907 3267 1004 3319 pro
1032 3251 1238 3306 honore
1262 3254 1556 3318 communi,
1583 3263 1638 3309 et
1663 3267 1762 3323 pro
1786 3253 1918 3308 sim-

318 3345 449 3416 plici
479 3344 769 3399 dilectione
794 3344 1114 3414 pertulimus
1135 3384 1150 3408 ,
1180 3344 1467 3400 credentes
1495 3347 1659 3400 etiam
1692 3343 1785 3400 tibi
1821 3359 1918 3416 pro

321 3436 598 3506 religionis
627 3445 730 3491 tute
757 3444 811 3491 et
841 3435 965 3490 ﬁdei
1001 3437 1231 3492 veritate
1277 3437 1524 3507 placere,
1558 3453 1678 3508 qua:
1709 3449 1764 3494 et
1793 3439 1920 3494 reli-

322 3530 472 3600 giosa
500 3531 702 3599 pariter
728 3538 781 3583 et
814 3543 942 3585 vera
981 3538 1125 3584 sunt.
1169 3547 1188 3582 ι
1219 3530 1491 3601 Colligunt
1522 3532 1642 3587 inde
1670 3532 1917 3603 quidam,

321 3621 432 3692 jam
459 3636 575 3676 :evo
603 3620 861 3692 Cypriani
894 3624 944 3675 in
976 3637 1076 3677 usu
1107 3623 1295 3689 fuisse,
1325 3631 1383 3679 ut
1410 3626 1648 3695 episcopi
1676 3625 1729 3679 in
1761 3640 1922 3697 syno-

322 3714 406 3770 dis
436 3714 751 3782 congregati
778 3713 1256 3770 conﬁrmationem
1285 3730 1507 3772 suorum
1540 3717 1882 3773 decretorum
1902 3763 1915 3787 ,

321 3823 441 3878 quae
470 3806 524 3862 in
567 3806 814 3862 conciliis
844 3806 1054 3863 fuerant
1075 3807 1308 3876 ﬁrmata,
1330 3824 1359 3864 a
1387 3810 1633 3866 Romano
1663 3811 1923 3868 Pontiﬁce

325 3899 600 3973 petierint.

405 4011 693 4070 XXXVIII.
748 4013 939 4070 Nullus
994 4018 1282 4088 episcopus,
1340 4018 1438 4072 nisi
1498 4020 1814 4090 gravissimis
1864 4017 1925 4075 de

332 4107 503 4162 causis
524 4106 812 4161 rescindere
826 4118 1022 4179 poterat
1039 4126 1154 4179 qum
1177 4111 1239 4164 ab
1255 4110 1357 4164 alio
1372 4112 1606 4182 episwpo
1629 4121 1741 4166 acta
1759 4117 1919 4173 erant.

331 4200 536 4256 ——Nec
584 4201 685 4270 ipsi
724 4202 1139 4271 metropolitano
1180 4206 1504 4274 permissum
1546 4217 1681 4275 erat,
1724 4205 1927 4280 absque

331 4294 659 4367 gravissimis
687 4295 885 4360 causis,
912 4297 1218 4353 rescindere
1242 4315 1360 4369 quae
1389 4300 1457 4354 ab
1479 4301 1657 4372 aliquo
1681 4302 1789 4358 alio
1817 4305 1930 4374 epi-

332 4402 500 4459 scopo
525 4399 642 4442 aeta
674 4395 847 4442 erant.
878 4385 990 4443 Hac
1015 4388 1082 4444 de
1114 4405 1272 4444 causa
1292 4391 1346 4448 S.
1366 4390 1664 4464 Cyprianus
1681 4395 1932 4468 objurgat

331 4481 682 4550 Therapium,
713 4487 771 4534 ut
798 4489 1012 4535 constat
1064 4498 1131 4537 ex
1178 4483 1293 4552 ejus
1347 4485 1586 4555 Epistola
1637 4505 1720 4544 ιιι(
1751 4490 1813 4563 (ι.
1848 4507 1928 4560 ιιι,

335 4591 384 4631 c.
417 4575 668 4647 1014,Α).
697 4573 838 4629 Alibi
859 4573 1212 4646 (2)0bservat
1235 4578 1291 4634 S.
1312 4578 1648 4650 Cyprianusr
1672 4599 1792 4640 esse
1822 4602 1930 4642 non

336 4682 494 4737 posse
519 4685 537 4719 ι
564 4668 703 4721 inter
731 4667 1014 4736 episcopos
1034 4687 1052 4719 ‹
1078 4682 1298 4724 sensum
1321 4671 1619 4738 diversum,
1655 4675 1707 4729 in
1737 4678 1928 4746 quibus

337 4775 474 4815 unus
503 4768 586 4816 est
608 4760 861 4830 Spiritus,
885 4771 939 4815 et
958 4761 1078 4817 ideo
1101 4763 1440 4820 manifestum
1463 4777 1544 4822 est
1565 4785 1687 4824 eum
1705 4769 1932 4841 Spiritus

335 4853 508 4908 sancti
537 4851 816 4907 veritatem
848 4868 970 4907 cum
1000 4856 1218 4910 caeteris
1248 4872 1354 4912 non
1387 4866 1604 4926 tenere,
1658 4879 1820 4933 quem
1851 4863 1932 4920 vi-

338 4946 528 5001 demus
572 4943 783 4999 diversa
831 4947 1058 5001 sentire.
1100 4966 1118 5000 ι
1162 4945 1229 5002 Et
1260 4957 1440 5005 tamen
1471 4962 1655 5021 postea
1687 4955 1936 5013 diversus

336 5039 480 5094 inter
525 5036 856 5108 Cyprianum
889 5047 944 5093 et
972 5037 1307 5111 Stephanum
1337 5057 1529 5100 sensus
1560 5045 1658 5102 fuit
1686 5048 1739 5102 in
1772 5065 1934 5106 causa

339 5129 600 5201 Baptismi
630 5131 1010 5195 luereticorum
1042 5151 1054 5186 :
1086 5133 1182 5189 sed
1233 5134 1349 5191 haec
1375 5136 1531 5194 facile
1579 5143 1938 5200 reconcilian-

342 5232 450 5289 tur,
486 5221 534 5277 si
555 5220 800 5276 dicamus
825 5222 1092 5279 laudatam
1136 5223 1192 5281 S.
1219 5225 1470 5299 Cypriani
1500 5237 1824 5290 sententiam
1848 5237 1934 5291 itt-

347 5313 750 5384 terpretandam
780 5329 901 5370 esse
929 5315 996 5371 de
1026 5319 1187 5373 rebus
1216 5320 1341 5376 ﬁdei
1369 5363 1384 5389 ,
1418 5324 1491 5377 uti
1527 5332 1812 5384 contextus
1839 5329 1937 5385 do-

338 5415 457 5470 cet,
493 5419 599 5459 non
630 5420 759 5460 vero
787 5404 855 5461 de
884 5409 1044 5464 rebus
1076 5409 1397 5482 disciplinae.

412 5520 657 5577 XXXIX.
678 5522 920 5594 Episcopi
943 5527 1132 5582 litteras
1151 5531 1217 5582 ad
1246 5547 1298 5584 se
1325 5531 1534 5585 invicem
1556 5534 1834 5588 mittebant.
1865 5567 1937 5577 —

341 5615 741 5671 Consueverant
762 5617 1002 5688 episc0pi
1021 5619 1123 5674 sibi
1139 5620 1369 5676 invicem
1389 5623 1629 5680 scribere
1651 5626 1703 5681 in
1722 5628 1935 5699 signum

412 5769 494 5915 (lg
525 5770 805 5898 CIprian.,
839 5771 938 5842 Ep.
969 5790 1112 5828 Lxxu
1134 5817 1147 5841 ,
1179 5784 1217 5828 t.
1253 5792 1340 5845 ut,
1375 5793 1422 5832 c.
1456 5780 1614 5837 1046.

415 5843 469 5915 (2
519 5841 541 5898 l
589 5886 627 5913 .,
661 5843 760 5915 Ep.
794 5859 944 5900 vau
970 5887 984 5914 ,
1019 5854 1148 5901 tom.
1184 5863 1277 5915 ιιι,
1307 5864 1356 5905 c.
1386 5849 1491 5907 997
1518 5869 1570 5906 Α.

415 5841 491 5918 (ﬂ)
519 5841 627 5913 ld.,
661 5843 760 5916 Ep.
794 5841 944 5900 vatt
970 5887 984 5914 ,
1019 5854 1148 5901 tom.
1184 5863 1277 5916 ιιι,
1307 5841 1356 5905 c.
1386 5849 1491 5907 997
1518 5869 1570 5906 Α.

1739 321 2125 382 ΡΒᾹΞΙἊΤΙΟ.

3446 341 3610 388 XXXVI

2017 449 2216 496 mutua:
2244 438 2657 507 communionis;
2687 447 2742 496 et
2783 440 2922 508 ideo,
2956 453 3081 498 cum
3119 453 3294 498 novus
3322 453 3602 499 crearetur

2012 533 2319 603 episcopus,
2350 532 2533 588 caeteri
2565 533 2630 588 de
2673 532 2792 604 ejus
2838 533 2943 589 ﬁde
2970 549 3034 590 ac
3061 534 3262 606 pietate
3287 534 3485 590 instrui
3512 551 3606 592 cu-

2017 625 2228 678 rabant.
2278 624 2452 678 Prima
2504 624 2727 694 hujusce
2774 625 3074 696 disciplinae
3121 642 3246 698 pars
3293 628 3502 684 eruitur
3539 643 3606 684 ex

2013 717 2242 787 epistola
2271 733 2417 773 vau
2471 717 2726 792 Cypriani
2758 720 2823 775 ad
2850 719 3206 790 Stephanum,
3239 721 3292 776 in
3319 736 3421 793 qua
3446 721 3603 796 (tom.

2017 828 2095 879 ιιι,
2128 815 2232 868 col.
2282 812 2392 868 998
2424 814 2516 885 Α),
2562 816 2680 869 haec
2735 814 3050 871 habentur:
3085 834 3103 867 ‹
3155 816 3406 887 Signiﬁca
3456 817 3613 874 nobis

2017 907 2175 977 plane
2197 910 2314 979 quis
2340 909 2391 962 in
2425 909 2602 964 locum
2631 907 2889 964 Marciani
2919 910 3134 967 Arelate
3163 910 3326 967 fuerit
3355 910 3615 966 substitu-

2017 1009 2105 1056 tus
2127 1045 2140 1067 ,
2171 1009 2230 1056 ut
2250 1003 2484 1059 sciamus
2513 1002 2581 1058 ad
2625 1019 2784 1074 quem
2817 1001 3015 1061 fratres
3045 1012 3258 1061 nostros
3289 1005 3522 1077 dirigere
3562 1014 3616 1062 et

2017 1093 2102 1147 cui
2133 1095 2377 1151 scribere
2419 1094 2732 1152 debeamus.
2775 1115 2794 1149 ι
2848 1095 3096 1153 Secunda
3148 1113 3281 1153 vero
3328 1113 3397 1154 ex
3444 1099 3614 1154 altera

2017 1185 2256 1256 ejusdem
2310 1189 2482 1242 sancti
2540 1189 2790 1244 Doctoris
2819 1190 3048 1259 epistola
3097 1190 3163 1246 ad
3211 1191 3270 1248 S.
3301 1189 3612 1247 Cornelium

2016 1294 2208 1349 papam
2233 1323 2247 1346 ,
2285 1296 2406 1351 qum
2428 1280 2482 1335 in
2515 1275 2616 1337 hac
2638 1281 2877 1338 editione
2908 1291 2993 1338 est
3019 1299 3246 1340 numero
3275 1285 3614 1356 quinquage-

2016 1372 2151 1427 sima
2178 1374 2363 1444 quinta
2395 1376 2455 1447 (t.
2490 1391 2586 1443 ιιι,
2613 1376 2720 1431 col.
2748 1375 2857 1431 809
2885 1374 2964 1449 Α).

2091 1466 2198 1521 Has
2225 1481 2356 1522 vero
2382 1467 2640 1538 epistolas
2671 1468 2957 1524 mittebant
2983 1483 3082 1540 per
3107 1470 3338 1527 clericos
3358 1513 3373 1539 ,
3410 1479 3467 1527 ut
3487 1486 3617 1528 con-

2015 1565 2123 1611 stat
2163 1572 2229 1612 ex
2261 1558 2502 1629 Epistola
2540 1576 2687 1629 xxxv,
2715 1561 2807 1617 ubi
2853 1562 2918 1632 (t.
2945 1577 3019 1628 tv,
3052 1578 3102 1618 e.
3125 1562 3234 1619 287
3263 1566 3321 1635 ιι)
3363 1563 3481 1620 haec
3526 1579 3619 1620 oc-

2019 1658 2278 1704 currunt:
2304 1668 2323 1702 ‹
2353 1650 2424 1706 Et
2443 1651 2699 1721 quoniam
2721 1653 2964 1722 oportuit
2990 1669 3076 1709 me
3106 1669 3205 1725 per
3224 1655 3454 1711 clericos
3479 1657 3620 1712 scri-

2019 1740 2180 1809 bere,
2213 1742 2328 1799 seio
2374 1753 2555 1800 autem
2597 1754 2816 1802 nostros
2869 1746 3132 1816 plurimos
3178 1747 3432 1804 absentes
3457 1763 3617 1814 esse,

2020 1850 2220 1905 paucos
2261 1837 2350 1905 qui
2378 1837 2490 1894 illic
2515 1847 2641 1894 sunt
2668 1839 2759 1894 vix
2787 1839 2854 1894 ad
2902 1840 3263 1896 ministerium
3310 1841 3620 1912 quotidiani

2021 1929 2203 1998 operis
2228 1927 2510 1995 sufﬁcere,
2547 1945 2772 1986 necesse
2799 1932 2896 1986 fuit
2947 1945 3119 1987 novos
3160 1933 3372 2004 aliquos
3415 1936 3625 1989 consti-

2022 2029 2174 2078 tuere
2198 2023 2288 2092 qui
2319 2025 2681 2081 mitterentur.
2726 2044 2744 2078 ι
2784 2025 2850 2081 Ει
2877 2041 2942 2081 ex
2970 2026 3140 2083 altera
3172 2027 3239 2082 ad
3273 2029 3618 2098 Successum,

2022 2131 2140 2184 quae
2186 2125 2269 2171 est
2313 2133 2541 2174 numero
2571 2135 2755 2175 Luxu
2781 2161 2796 2185 ,
2831 2121 3016 2190 in'qua
3062 2121 3125 2193 (t.
3152 2139 3205 2177 tv
3229 2164 3244 2189 ,
3276 2123 3384 2178 col.
3413 2123 3522 2181 429
3567 2124 3621 2196 Β)

2023 2206 2139 2262 haec
2165 2209 2352 2264 scribit
2396 2211 2658 2267 Successo
2691 2231 2703 2266 :
2741 2231 2758 2264 ι
2796 2211 2866 2270 Ut
2899 2229 3007 2270 non
3053 2215 3209 2272 vobis
3237 2217 3290 2271 in
3320 2217 3626 2273 continenti

2022 2302 2349 2371 scriberem,
2379 2303 2548 2360 frater
2577 2305 2925 2373 charissitne,
2981 2308 3072 2363 illa
3118 2324 3208 2364 res
3255 2310 3422 2375 fecit,
3474 2310 3624 2381 quod

2023 2395 2263 2449 universi
2311 2396 2493 2451 clerici
2521 2398 2624 2453 sub
2666 2399 2773 2453 ictu
2813 2400 3003 2470 agonis
3043 2401 3325 2457 constituti
3366 2402 3627 2459 recedere

2023 2486 2220 2542 isthinc
2249 2490 2472 2545 omnino
2502 2505 2609 2546 non
2639 2501 2911 2561 poterant.
2952 2511 2971 2544 ι

2093 2580 2205 2636 XL.
2250 2577 2431 2638 Clerus
2463 2584 2669 2656 regebat
2710 2587 2975 2641 ecclesiam
3022 2587 3227 2643 absente
3260 2589 3519 2660 episcopo.
3550 2620 3628 2630 —

2023 2675 2262 2732 Absente
2289 2677 2566 2749 episcopo,
2599 2695 2707 2734 non
2734 2679 2930 2751 aliquis
2966 2681 3267 2753 alienigena
3307 2684 3624 2754 episcopus,

2021 2769 2116 2823 sed
2175 2769 2353 2825 clerus
2407 2772 2631 2842 regebat
2677 2772 2987 2830 ecclesiam.
3037 2773 3192 2830 Patet
3239 2775 3342 2830 hoc
3389 2792 3454 2832 ex
3503 2776 3628 2846 epi-

2022 2863 2160 2917 stola
2214 2879 2376 2918 xxxrv
2439 2862 2696 2936 Cypriani
2747 2866 2814 2920 ad
2872 2866 3216 2938 presbyteros
3261 2875 3317 2923 et
3361 2867 3627 2923 diaconos

2021 2953 2497 3026 Carthaginienses.
2528 2957 2586 3012 In
2615 2973 2679 3012 ea
2709 2959 2972 3029 siquidem
3010 2960 3238 3032 legimus
3265 2961 3407 3032 quod
3430 2960 3632 3017 Gaium

2023 3045 2352 3102 Diddensem
2399 3050 2781 3106 communione
2820 3066 2915 3106 sua
2962 3053 3251 3108 removerit
3280 3053 3460 3108 clerus
3485 3052 3629 3108 Car-

2025 3140 2355 3212 thaginensis
2374 3135 2474 3214 (i).
2503 3144 2632 3200 Dein
2664 3146 2863 3200 scimus
2890 3147 3056 3217 quod,
3079 3146 3333 3203 defuncto
3358 3147 3631 3215 Fabiano,

2023 3234 2201 3290 clerus
2223 3236 2501 3292 Romanus
2533 3238 2676 3294 illam
2705 3238 3014 3309 ecclesiam,
3049 3249 3270 3296 vacante
3296 3239 3450 3308 sede,
3477 3241 3632 3297 dire-

2023 3328 2164 3382 xerit
2194 3327 2298 3401 (2).

2095 3420 2239 3476 Nihil
2283 3431 2534 3492 poterant
2573 3425 2816 3496 episc0pi
2847 3426 2900 3481 in
2936 3425 3261 3482 dioecesibus
3305 3435 3632 3484 creterorum

2025 3515 2407 3587 episc0porum
2453 3517 2656 3589 absque
2704 3518 2996 3575 ditecesani
3027 3519 3425 3592 permissione;
3479 3522 3634 3577 lucu-

2026 3609 2322 3665 lentissime
2358 3610 2409 3665 id
2440 3612 2708 3666 evincitur
2739 3621 2849 3666 tum
2900 3627 2968 3666 ex
3018 3611 3258 3682 Epistola
3281 3613 3347 3668 ad
3391 3611 3632 3670 Cbaldo-

2027 3701 2172 3755 nium
2215 3710 2272 3758 et
2314 3695 2719 3772 ilerculanum,
2772 3719 2907 3776 quos
2949 3715 3137 3774 utpote
3180 3707 3463 3780 episcopos
3491 3717 3634 3764 tam-

2025 3811 2184 3864 quam
2228 3811 2356 3852 suos
2398 3797 2625 3853 vicarios
2653 3797 3036 3870 Carthaginem
3067 3802 3288 3857 miserat
3314 3803 3370 3859 S.
3407 3800 3637 3876 Cypria-

2028 3905 2158 3953 nus,
2190 3877 2381 3962 quibus
2425 3892 2586 3946 etiam
2629 3891 2947 3962 adjunxerat
2978 3893 3336 3965 Rogatianum
3359 3905 3414 3951 et
3439 3895 3636 3951 Numi-

2028 3981 2205 4036 dicum
2287 3982 2679 4053 presbyteros,
2758 3985 2846 4051 qui
2914 3985 3278 4056 indigentibus
3345 3991 3638 4059 pecuniam

2029 4075 2354 4144 praeberent,
2375 4089 2576 4146 eosque
2602 4077 2974 4132 examinarent
2991 4079 3082 4149 qui
3109 4079 3176 4134 ad
3197 4097 3422 4137 munera
3453 4081 3638 4138 eccle-

2031 4165 2246 4221 siastica
2277 4176 2460 4222 essent
2492 4168 2846 4238 promerendi
2875 4168 2992 4243 (5);
3031 4181 3140 4225 tum
3180 4187 3245 4226 ex
3283 4171 3520 4241 Epistola
3561 4187 3638 4229 LV

2035 4258 2185 4329 (tom.
2224 4275 2305 4326 ιιι,
2336 4274 2386 4314 e.
2414 4257 2508 4315 821
2550 4262 2627 4330 Α),
2661 4261 2713 4316 in
2746 4279 2850 4332 qua
2881 4263 3103 4318 disertis
3132 4264 3313 4320 verbis
3345 4266 3641 4336 profitetur

2040 4370 2057 4403 ι
2096 4353 2237 4423 quod
2265 4353 2488 4425 singulis
2514 4357 2818 4425 paStoribus
2838 4358 3012 4426 portio
3037 4360 3216 4429 gregis
3236 4359 3307 4414 sit
3335 4357 3636 4429 adscripta,

2035 4459 2194 4514 quam
2239 4453 2389 4515 regat
2435 4447 2799 4517 unusquisque
2825 4458 2880 4503 et
2915 4449 3199 4520 gubernet,
3235 4451 3499 4506 rationem
3547 4451 3640 4507 sui

2037 4548 2187 4594 actus
2229 4538 2453 4594 Domino
2493 4539 2821 4597 redditurus.
2863 4562 2882 4594 ›
2929 4541 3065 4598 Hinc
3110 4544 3274 4599 etiam
3313 4544 3441 4600 alibi
3472 4545 3641 4601 docet

2036 4640 2262 4686 cmteros
2314 4631 2595 4702 episcopos
2657 4647 2767 4688 non
2816 4635 2918 4691 nisi
2979 4634 3030 4690 in
3083 4651 3211 4693 casu
3256 4639 3637 4704 necesSitatis,

2036 4723 2250 4794 quando
2281 4723 2529 4795 proprius
2573 4725 2856 4797 episcopus
2886 4729 3136 4784 haeresim
3164 4737 3254 4784 aut
3283 4727 3516 4786 schisma
3549 4731 3640 4786 fa-

2036 4817 2130 4884 cit,
2165 4830 2288 4872 sese
2333 4817 2579 4888 regimini
2621 4820 2841 4877 alterius
2888 4821 3137 4878 dioecesis
3187 4823 3494 4880 immiscere
3539 4822 3644 4880 de-

2038 4910 2298 4984 bere(/l).
2330 4910 2442 4968 Hac
2493 4915 2653 4971 etiam
2705 4917 2757 4970 in
2799 4933 2858 4973 re
2888 4933 3095 4973 summa
3146 4919 3519 4975 moderatione
3569 4934 3641 4976 ac

2041 5005 2320 5074 prudentia
2364 5007 2615 5065 utebatur
2642 5009 2699 5066 S.
2732 5009 3046 5082 Cyprianus,
3097 5015 3174 5069 uti
3204 5030 3272 5070 ex
3309 5015 3639 5087 quibusdam

2043 5097 2206 5168 ipsius
2239 5100 2493 5170 Epistolis
2519 5101 2789 5172 colligitur
2811 5101 2910 5176 (5).

2113 5215 2193 5303 (I
2214 5216 2492 5303 Cyprian_.,
2525 5219 2628 5303 Ep.‘
2645 5235 2830 5303 ιιιιιιιιιξ
2855 5230 2986 5303 tom.
3017 5239 3090 5303 tv,
3115 5225 3220 5280 col.
3251 5225 3358 5282 300
3387 5241 3438 5281 Β.

2117 5287 2196 5359 (2)
2227 5287 2294 5342 Et
2309 5305 2422 5368 cum
2439 5287 2695 5345 incumbat
2712 5293 2978 5368 nobis,_qui
2994 5287 3223 5368 videmur
3251 5297 3511 5368 prrepositi
3533 5295 3644 5368 (ni-

2044 5358 2237 5436 mirum
2260 5361 2382 5436 quia
2405 5370 2525 5436 post
2547 5371 2772 5436 mortem
2799 5358 3048 5434 Episcopi
3073 5358 3321 5436 Romani,
3341 5358 3468 5424 cura
3490 5358 3642 5424 illius

2043 5431 2284 5513 ecclesiae
2308 5432 2648 5489 incumbebat
2666 5435 2814 5513 clero
2839 5431 3045 5513 urbicp)
3063 5455 3192 5508 esse,
3221 5451 3268 5494 et
3293 5431 3398 5495 uice
3415 5441 3644 5513 pastoris

2043 5502 2319 5582 custodire:
2313 5520 2535 5575 gregem,
2559 5514 2662 5560 etc.
2692 5505 2944 5579 Cyprian.
3107 5502 3235 5581 n,'t.
3271 5527 3342 5579 tv,
3371 5502 3425 5568 cl
3443 5511 3552 5568 2%
3579 5529 3638 5568 Α.

2046 5571 2255 5652 γίᾳεθι
2279 5571 2378 5652 Ep.
2403 5571 2554 5652 ’χιιιιρ
2590 5586 2626 5632 ι.
2661 5571 2886 5645 ινξόοιι.
2914 5571 3099 5637 δοτθι
3121 5571 3273 5652 seqq.

2215 5643 2492 5727 Cypriani,
2510 5643 2853 5727 Ep._x§sVItt,
2881 5663 3010 5707 tom.
3033 5668 3108 5717 tv,
3129 5643 3255 5709 coll'.
3282 5655 3389 5710 529
3409 5663 3464 5710 et
3479 5669 3636 5727 seqq.

2141 5717 2401 5845 gslt‘lem,
2435 5719 2534 5791 Ep.
2556 5717 2636 5778 ad
2664 5717 2926 5795 Stephan.
2973 5737 3123 5795 pap.,
3170 5741 3334 5793 uva,
3369 5735 3502 5782 tom.
3552 5717 3638 5795 ῐιὶ,

2045 5800 2091 5842 Ο.
2120 5800 2228 5845 995
2251 5805 2305 5845 Δ.

2119 5858 2197 5933 (5)
2223 5859 2430 5920 Videsis
2452 5863 2549 5936 Ep.
2581 5881 2722 5936 utv,
2747 5866 2813 5924 ad
2835 5865 3139 5939 Epitectum
3155 5877 3212 5928 et
3240 5869 3450 5944 plebem
3475 5870 3650 5930 Assu-
