3876 6282
201 304 365 353 XXXVII

267 407 399 464 XLI.
439 399 638 462 Honor~
669 400 925 477 episwpis
982 403 1242 462 extraneis
1280 402 1503 457 delatus.
1538 431 1609 442 —-
1667 400 1793 458 Per-

204 502 362 558 mittit
389 495 738 556 nihilominus
783 505 1005 554 sanctus
1052 496 1251 552 Doctor
1276 504 1331 550 et
1359 493 1662 566 Episcopus
1701 509 1800 550 suo

207 595 354 652 clero
376 593 770 650 communicare
798 591 1066 662 episcopis
1092 589 1433 661 alienigenis,
1457 589 1505 644 si
1535 587 1678 645 forte
1705 588 1802 642 ali-

214 689 300 759 qui
331 685 517 742 ibidem
548 685 808 748 existant,
842 681 1098 753 epiStolas
1123 695 1260 752 quas
1289 679 1357 735 ad
1388 679 1536 736 illum
1569 679 1797 736 miserit.

227 800 245 833 ι
278 780 374 837 Sed
408 787 460 835 et
487 779 528 832 si
555 778 645 847 qui
686 796 705 830 ι
743 776 914 847 inquit
951 783 1174 831 sanctus
1211 772 1513 846 Cyprianus
1543 771 1648 844 (Ι),
1680 791 1700 826 ι
1737 773 1806 828 de

221 870 496 945 peregrinis
521 867 794 939 episcopis
823 867 1048 936 collega:
1077 866 1252 922 mei...
1289 873 1582 935 praesentes
1610 863 1810 919 fuerint

221 965 302 1022 vel
338 961 747 1034 supervenerint
771 1001 784 1024 ,
818 959 938 1015 hinc
973 959 1154 1013 omnia
1186 957 1254 1014 de
1279 957 1431 1012 vobis
1459 955 1697 1012 audiam.
1739 954 1808 1010 Et

221 1058 263 1114 si
286 1057 517 1127 exempla
539 1053 896 1124 epistolarum
920 1051 1306 1117 transcribere,
1327 1059 1382 1106 et
1400 1048 1466 1104 ad
1484 1063 1613 1106 suos
1635 1058 1810 1104 trans—

218 1149 347 1206 ferre
418 1144 727 1213 voluerint,
785 1144 1097 1201 facultatem
1162 1142 1598 1213 transcriptionis
1668 1142 1811 1199 δεοί-

212 1245 372 1315 piant.
405 1260 425 1294 ι

276 1332 436 1388 XLII.
472 1331 638 1388 Casus
681 1331 922 1405 episcopo
973 1329 1345 1386 reservati."—
1396 1327 1638 1384 Tandem
1688 1327 1814 1396 qui-

209 1425 330 1482 dam
359 1440 515 1481 casus
545 1424 804 1495 episcopo
846 1431 1000 1478 erant
1040 1421 1303 1478 reservati
1331 1429 1389 1477 ut
1422 1420 1572 1476 nullo
1599 1419 1818 1490 negotio

210 1521 526 1592 conjicimus
552 1535 619 1575 ex
642 1517 885 1589 Epistola
913 1532 1044 1572 xvru
1063 1515 1233 1572 sancti
1254 1514 1534 1586 Cypriani,
1567 1527 1668 1568 nec
1710 1528 1816 1568 non

212 1632 278 1672 ex
308 1615 431 1670 aliis
461 1613 597 1670 locis
627 1611 874 1683 ejusdem
925 1625 1171 1681 operum,
1202 1609 1256 1664 in
1288 1608 1483 1679 quibus
1512 1605 1820 1661 facultatem

220 1707 407 1765 tribuit
445 1708 556 1762 suis
602 1703 934 1777 presbyteris
971 1701 1289 1759 absolvendi
1325 1699 1574 1769 quaedam
1603 1707 1824 1770 peccata

230 1813 288 1855 se
325 1798 585 1865 absente,
629 1795 804 1866 posito
839 1805 1015 1850 tamen
1057 1809 1184 1848 casu
1215 1791 1571 1848 necessitatis.
1601 1789 1679 1846 Ita
1707 1791 1827 1860 qui-

230 1894 354 1950 dem
383 1893 662 1948 arbitratur
686 1889 768 1946 Cl.
807 1887 1118 1945 Bernardus
1148 1885 1418 1942 Marechal
1456 1883 1560 1958 (2).
1591 1882 1700 1940 Sed
1727 1897 1827 1954 ego

225 1990 504 2059 hucusque
534 1989 582 2042 in
611 1986 865 2058 operibus
907 1983 1016 2040 (livi
1064 1983 1315 2056 Cypriani
1355 1981 1562 2036 nullum
1607 1980 1828 2035 omnino

220 2082 507 2152 vestigium
573 2078 963 2136 reservationis
1015 2075 1374 2150 quorumdam
1441 2088 1659 2130 casuum
1715 2074 1831 2130 sive

218 2183 572 2248 peccatorum
637 2172 1050 2244 deprehendere
1100 2171 1284 2242 potui;
1359 2184 1536 2240 neque
1591 2167 1834 2238 intelligo

221 2267 498 2338 quomodo
527 2266 758 2337 idipsum
790 2282 854 2321 ex
886 2258 1128 2336 Epistola
1160 2279 1293 2330 nu,
1328 2270 1368 2316 t.
1399 2277 1472 2326 tv,
1504 2259 1698 2328 c.2555,
1721 2259 1836 2316 col-

221 2361 317 2434 ligi
351 2369 534 2432 queat.

299 2451 492 2510 XLIII.
529 2452 721 2521 Quales
751 2469 857 2507 esse
881 2459 1111 2522 oporteat
1151 2449 1420 2520 episcopos
1447 2448 1594 2514 iuxta
1619 2444 1839 2518 Cypria-

221 2563 373 2604 num.
404 2577 476 2587 —
527 2544 716 2600 Tradit
771 2543 829 2600 S.
874 2541 1176 2616 Cyprianus
1216 2541 1529 2614 episcopum
1585 2547 1842 2610 oportere

232 2653 358 2695 esse
383 2638 614 2693 docilem
661 2643 715 2691 et
760 2637 979 2701 mitem;
1011 2632 1264 2690 docibilis
1310 2641 1488 2687 autem
1519 2631 1610 2686 ille
1640 2638 1724 2686 est
1751 2629 1841 2699 qui

233 2742 323 2788 est
347 2731 414 2786 ad
442 2729 684 2786 discendi
713 2729 1026 2800 patientiam
1045 2728 1181 2783 lenis
1203 2726 1434 2782 etmitis.
1454 2722 1680 2795 Oportet
1699 2723 1844 2778 enim

234 2824 590 2895 episcOpum,
663 2825 1010 2894 prosequitur
1060 2818 1120 2876 S.
1180 2819 1412 2883 Doctor,
1473 2831 1581 2874 non
1638 2823 1848 2870 tantum

247 2920 469 2981 docere,
492 2917 584 2972 sed
636 2926 692 2972 et
742 2914 974 2976 discere,
1028 2913 1149 2984 quia
1203 2920 1258 2968 et
1296 2907 1386 2966 ille
1415 2909 1605 2965 melius
1664 2908 1846 2975 docet,

247 3012 342 3079 qui
387 3007 614 3079 quotidie
643 3007 843 3064 crescit
868 3017 924 3063 et
947 3005 1159 3078 proficit
1187 3003 1448 3059 discendo
1476 3001 1699 3057 meliora
1745 3000 1849 3073 (5).

237 3102 390 3159 Nihil
442 3103 753 3171 episcopum
808 3105 994 3154 tenere
1026 3095 1187 3152 debet
1221 3093 1322 3168 (4).
1354 3094 1663 3162 Quinimmo
1691 3091 1857 3148 debet

239 3205 524 3266 tamquam
553 3194 797 3261 victima,
822 3208 942 3264 qua:
967 3187 1289 3245 fraternitati
1317 3185 1522 3258 praebet
1547 3184 1856 3255 exemplum

240 3298 298 3344 et
323 3288 561 3354 virtutis,
595 3285 949 3357 prmsentibus
982 3277 1238 3336 fratribus
1267 3277 1539 3334 immolari
1569 3276 1676 3349 (5).

321 3379 515 3437 XLIV.
549 3376 754 3433 Puncta
783 3374 1073 3445 disciplina:
1100 3373 1237 3427 circa
1266 3369 1603 3441 presbyteros.
1625 3397 1696 3406 —
1715 3364 1862 3422 Non-

243 3475 385 3531 nulli
418 3484 542 3544 post
567 3469 904 3527 Blondellum
935 3465 1016 3540 (6)
1060 3482 1128 3521 ex
1157 3463 1428 3537 Cypriano
1452 3459 1775 3518 concludere
1803 3473 1866 3516 se

246 3575 587 3643 putaverunt
630 3566 917 3637 episcopos
960 3558 1293 3634 presbyteris
1340 3573 1449 3612 non
1502 3553 1863 3622 antecellere;

249 3664 350 3720 sed
379 3677 477 3718 eos
500 3658 850 3716 vehementes
879 3653 1232 3710 ballucinatos
1269 3647 1708 3707 demonstrarunt
1757 3656 1867 3705 tum

252 3756 599 3812 recentiores
625 3752 761 3807 bene
791 3747 968 3816 multi,
997 3747 1136 3802 inter
1164 3759 1299 3817 quos
1327 3741 1673 3800 doctissimus
1704 3740 1870 3795 Mam-

253 3848 509 3905 machius
538 3844 642 3917 (7),
685 3851 802 3898 tum
833 3841 950 3910 ipse
987 3845 1100 3895 met
1141 3835 1447 3908 Cyprianus
1494 3833 1547 3888 in
1597 3831 1868 3903 Epist.xt,

256 3956 433 4006 xxxv,
485 3951 574 4003 ιν,
606 3946 708 3992 etc.
755 3934 855 4009 (8).
885 3931 1021 3988 Illud
1079 3925 1421 3986 solummodo
1473 3926 1578 3982 boc
1623 3926 1746 3982 loco
1788 3923 1874 3980 di-

259 4031 524 4097 cendum,
570 4029 779 4086 scilicet
818 4027 1143 4099 permissum
1188 4023 1352 4078 fuisse
1378 4020 1635 4091 episcOpo
1666 4017 1876 4074 sociare

261 4126 421 4183 clero
463 4139 562 4180 suo
607 4122 957 4196 presbyteros
981 4118 1205 4173 alterius
1229 4111 1495 4171 ecclesias.
1529 4112 1794 4169 Probatur
1821 4105 1878 4166 id

263 4216 530 4290 exemplo
558 4212 824 4271 Numidici
857 4207 1174 4282 presbyteri,
1207 4219 1366 4277 quem
1395 4200 1548 4258 divus
1576 4201 1880 4274 Cyprianus

267 4312 328 4368 in
375 4311 585 4367 clerum
617 4319 775 4362 suum
817 4299 1295 4371 Carthagineusem
1323 4291 1624 4366 cooptavit,
1654 4293 1883 4349 fortasse

273 4414 339 4459 ut
376 4403 556 4458 eidem
605 4401 661 4456 in
705 4397 1020 4470 episcopatu
1066 4389 1418 4458 succederet;
1451 4387 1568 4443 haec
1617 4385 1883 4458 siquidem

279 4495 570 4566 disciplina
611 4501 741 4548 tunc
767 4487 1028 4560 temporis
1075 4483 1308 4557 vigebat,
1333 4489 1391 4537 ut
1419 4480 1486 4536 ad
1514 4481 1884 4551 episcopatum

278 4605 396 4647 non
428 4587 753 4659 eligerentur
787 4579 1059 4656 peregrini
1095 4584 1148 4634 et
1186 4573 1451 4640 extranei,
1489 4572 1782 4644 etquidem
1819 4569 1890 4627 ob

277 4753 583 4809 ritanorum
616 4746 684 4802 de
721 4744 1131 4806 Fortunatiano,
1161 4749 1202 4793 t.
1233 4753 1318 4802 iv,
1359 4733 1484 4809 coll.
1513 4729 1622 4788 389
1643 4743 1807 4809 seqq;
1839 4739 1895 4785 et

283 4805 476 4892 liii",
505 4820 575 4892 ad
602 4818 824 4892 Clerum
855 4826 910 4871 et
939 4805 1125 4886 plebes
1150 4811 1205 4866 in
1234 4807 1484 4880 Hispania
1509 4805 1892 4870 consistentes,

295 4905 336 4950 t.
365 4888 599 4963 ul,'coll.
631 4888 763 4948 {021
798 4903 947 4959 seqq.

401 4987 445 5054 l)
472 4985 514 5042 C
559 4983 730 5056 prian.
764 4982 863 5051 Ep.
893 4994 1065 5044 xxxu,
1095 4985 1136 5040 t.
1167 4991 1241 5044 tv,
1270 4988 1318 5030 c.
1344 4967 1451 5028 516
1470 4987 1524 5036 Α,
1547 4985 1599 5025 n.

373 4987 452 5127 l2)
501 5002 882 5113 goncordantta
923 5049 1032 5108 SS.
1079 5046 1226 5116 PP.,
1277 5057 1408 5101 tom.
1461 5057 1539 5111 ιι,
1585 5054 1704 5112 pag.
1756 5037 1899 5105 120,

301 5145 453 5272 nqu
482 5145 771 5272 Cypriang
802 5193 903 5264 Ep.
929 5164 1385 5272 antthom.“m,
1416 5200 1467 5272 c2
1494 5184 1584 5272 H.
1641 5249 1734 5272 un
1804 5239 1831 5272 ﬁ.

395 5202 452 5272 ὅ)
482 5202 771 5270 Cyprian.,
802 5202 903 5264 Ep.
929 5206 1112 5259 Lxxtv,
1142 5202 1272 5244 tom.
1305 5202 1385 5253 nt,
1416 5202 1464 5240 c.
1494 5202 1584 5239 u.
1828 5239 1831 5244 _

368 5202 452 5342 (4)
511 5270 683 5333 Idem,
721 5265 822 5334 Ep.
877 5279 963 5330 ιν,
992 5263 1059 5317 ad
1088 5259 1421 5324 Cornelium,
1453 5264 1491 5311 ιι
1522 5271 1601 5323 ιιι,
1632 5249 1758 5308 coll.
1804 5246 1909 5306 796

289 5356 350 5401 et
383 5357 548 5412 seqq.

381 5537 464 5628 (6)
491 5553 608 5608 Lib.
637 5552 698 5606 de
725 5549 972 5622 Episcop.
1003 5554 1050 5602 et
1080 5545 1246 5617 presb.
1289 5543 1421 5600 edit.
1451 5537 1614 5608 1646,
1644 5551 1763 5610 cap.
1797 5549 1914 5601 xvr,

313 5646 373 5701 ιι·
399 5627 471 5701 £1
500 5633 557 5701 οὲ
580 5639 736 5701 5.9M-

877 5421 1018 5470 LVIII,
1069 5402 1139 5459 ad
1181 5401 1410 5458 Lucium
1461 5399 1683 5468 Papam,
1737 5402 1778 5448 t.
1831 5403 1909 5461 ut,

395 5676 478 5769 (ἢ)
505 5676 787 5767 oriéi‘rtf‘ei
823 5690 991 5761 Antiq.
1025 5689 1224 5756 christ.,
1257 5697 1296 5742 t.
1326 5703 1399 5753 IV,
1425 5685 1520 5740 lib.
1557 5697 1629 5750 ιν,
1659 5693 1713 5752 p.
1745 5676 1851 5733 443
1866 5677 1921 5731 et

316 5784 484 5912 “iiii
510 5837 667 5908 Infr.,
703 5846 744 5892 ι.
780 5849 858 5903 tv,
887 5833 989 5890 col.
1014 5831 1140 5898 247,
1169 5829 1276 5887 col.
1307 5827 1435 5897 5‘25,
1461 5835 1566 5883 etc.

1676 287 1762 344 ΡΠ
1771 288 2062 346 ΑΞΡΑἸΊΟ.

3306 307 3506 349 XXXVIII

1907 416 2106 462 metum
2149 407 2303 461 malae
2326 406 2627 473 electionis,
2659 421 2728 463 ne
2765 402 2967 478 indigni
2996 407 3341 480 eligerentur,
3379 425 3501 465 cum

1904 500 2038 554 satis
2078 515 2185 554 non
2221 501 2497 554 constaret
2525 499 2594 556 de
2622 511 2810 556 eorum
2849 500 2958 555 vita
3004 497 3108 572 (l).
3140 501 3408 558 Caeterum
3436 517 3504 558 ex

1906 589 2123 646 laudato
2173 590 2424 661 exemplo
2474 589 2642 661 probe
2685 591 3008 662 conjicimus
3064 593 3268 662 pariter
3309 593 3504 649 discri-

1907 697 2054 750 men,
2087 682 2229 754 qnod
2283 682 2518 753 ponebat
2558 682 2616 738 S.
2663 682 2966 755 Cyprianus
3011 685 3153 740 inter
3205 685 3508 756 simplicem

1909 775 2314 846 presbyterum,
2343 783 2397 830 et
2442 775 2817 846 presbyterum
2863 775 2994 831 cleri
3025 775 3504 847 Carthaginensis;

1909 867 2162 937 quoniam
2198 875 2383 922 censet
2423 877 2642 923 sanctus
2683 867 2887 923 Doctor
2932 867 3073 924 haud
3106 881 3263 939 posse
3309 883 3367 924 se
3399 884 3510 924 me-

1911 961 2015 1015 lius
2062 973 2451 1032 recognoscere
2489 963 2679 1018 merita
2724 961 2989 1018 Numidici
3032 963 3142 1033 jam
3186 963 3510 1034 presbyteri,

1912 1072 2070 1127 quam
2122 1057 2272 1110 illum
2320 1057 2662 1113 accensendo
2709 1043 3038 1130 presbyteris
3075 1071 3185 1111 sure
3232 1055 3510 1112 Ecclesizc.

1912 1151 2284 1218 Aguoscamus
2299 1149 2480 1219 igitur,
2498 1147 3098 1204 scribitCl.Bernardus
3114 1146 3486 1220 Marecballa)
3499 1189 3513 1210 ,

1917 1239 2020 1296 ltoc
2051 1240 2170 1296 loco
2211 1241 2544 1312 superiorem
2591 1240 2904 1312 dignitatem
2936 1240 3376 1312 presbyterorum
3428 1257 3518 1296 ca-

1917 1329 2243 1385 thedralium
2286 1330 2672 1398 ecclesiarum,
2728 1329 2819 1401 qui
2863 1329 3109 1385 canonici
3154 1329 3515 1400 appellantur.

1919 1423 2176 1494 episcopo
2218 1431 2514 1494 praesentes
2563 1421 2790 1479 aderant
2832 1425 2887 1477 in
2939 1422 3192 1478 omnibus
3237 1421 3350 1478 suis
3401 1421 3522 1478 offi-

1922 1514 2020 1569 ciis
2047 1529 2110 1569 ac
2138 1512 2525 1581 functionibus,
2559 1513 2677 1584 ejus
2714 1513 3000 1568 consilium
3033 1522 3207 1582 erant,
3251 1527 3371 1568 cum
3400 1513 3521 1583 ipso

1924 1607 2274 1664 celebrabant
2307 1615 2492 1663 sancta
2546 1607 2834 1678 mysteria,
2884 1606 3167 1662 ecclesiam
3203 1621 3271 1662 co
3301 1606 3524 1663 absente

1925 1703 2316 1774 gubernabant.
2351 1704 2507 1759 Tales
2536 1703 2752 1774 quidem
2803 1713 2930 1758 sunt
2954 1703 3119 1760 hodie
3148 1703 3430 1767 canonici,
3462 1718 3527 1758 ao

1928 1797 2062 1852 tales
2086 1805 2244 1854 erant
2271 1796 2572 1868 presbyteri
2599 1811 2734 1867 quos
2777 1796 2920 1851 inter
2974 1805 3288 1852 numeratus
3313 1803 3396 1852 est
3424 1789 3532 1853 Nu-

1932 1887 2186 1944 midicus.

2002 1980 2165 2036 XLV.
2229 1979 2390 2052 Origo
2442 1981 2766 2036 diaconatus.
2795 2011 2869 2024 —-
2917 1981 3274 2037 Diaconorum
3322 1981 3536 2037 institu-

1935 2074 2030 2140 tio,
2046 2074 2230 2145 judice
2250 2075 2518 2146 Cypriano
2533 2075 2617 2147 (5)
2645 2085 2727 2131 est
2767 2075 3067 2130 traditionis
3092 2076 3424 2146 apostolicae,
3457 2085 3540 2134 at-

1935 2185 2044 2241 que
2071 2169 2140 2224 ab
2171 2169 2446 2239 Apostolis
2473 2168 2786 2224 diaconatus
2814 2169 2950 2224 ordo
2979 2177 3063 2224 est
3087 2169 3383 2225 institutus.
3406 2168 3542 2225 Hinc

1934 2265 2083 2336 juxta
2117 2266 2173 2320 S.
2205 2263 2534 2336 Cyprianum
2575 2263 2709 2320 ordo
2735 2265 3055 2319 diaconatus
3085 2278 3194 2318 non
3217 2271 3301 2320 est
3327 2263 3544 2318 institu-

1942 2361 2103 2417 tionis
2134 2359 2364 2427 divinae,
2408 2358 2653 2430 adeoque
2694 2359 2879 2415 stricte
2924 2357 3196 2430 loquendo
3236 2357 3548 2429 neutiquam

1943 2462 2363 2511 sacramentum.

2015 2549 2199 2606 XLVI.
2235 2548 2456 2603 Diaconi
2486 2546 2708 2602 ministri
2743 2545 3102 2616 episcoporum
3143 2559 3204 2600 ac
3233 2542 3551 2616 presbytero-

1947 2657 2081 2695 rum.
2108 2670 2180 2681 -
2204 2640 2321 2695 Non
2351 2641 2523 2694 solum
2547 2646 2727 2693 autem
2756 2637 2965 2692 diaconi
2993 2645 3147 2692 erant
3171 2637 3552 2706 episcoporum

1949 2733 2204 2799 ministri,
2242 2732 2335 2788 sed
2377 2739 2429 2786 et
2462 2731 2898 2802 presbyterorum
2923 2771 2935 2793 ,
2983 2730 3058 2783 uti
3109 2729 3164 2782 in
3211 2727 3457 2799 Epistola
3485 2725 3554 2782 ad

1953 2841 2106 2882 suum
2155 2825 2361 2880 clerum
2404 2823 2642 2879 infirmat
2687 2829 2906 2877 sanctus
2955 2819 3260 2892 Cyprianus
3309 2820 3393 2874 his
3434 2835 3557 2873 ver-

1952 2917 2036 2974 bis
2064 2917 2146 2991 (4)
2177 2935 2190 2970 :
2229 2933 2249 2968 ι
2288 2917 2497 2987 lntegre
2527 2925 2579 2970 et
2617 2930 2739 2970 cum
2771 2914 3054 2985 disciplina
3098 2914 3332 2982 fecistis,
3363 2911 3559 2968 fratres

1957 3011 2281 3078 charissimi,
2301 3009 2514 3080 quod...
2541 3007 2676 3065 Gaio
2704 3007 2958 3064 Diddensi
2984 3005 3327 3080 presbytero,
3359 3013 3415 3063 et
3441 3005 3561 3062 dia-

1959 3121 2096 3161 cono
2151 3104 2268 3175 ejus
2316 3103 2603 3158 censuistis
2659 3117 2768 3156 non
2818 3101 3348 3157 communicandum.
3389 3121 3410 3154 ι
3456 3100 3564 3156 Iste

1962 3199 2127 3257 Gaius
2153 3197 2533 3254 verosimiliter
2552 3195 2692 3252 idem
2715 3204 2832 3251 erat
2849 3210 2912 3251 ac
2940 3195 3029 3266 qui
3061 3195 3222 3252 hodie
3266 3193 3568 3267 appellatur

1965 3292 2368 3363 parocbus,qui
2393 3291 2458 3346 ad
2477 3291 2578 3347 sibi
2597 3289 3010 3346 tuinistrandum
3051 3289 3338 3346 diaconum
3381 3303 3565 3346 secum

1967 3385 2220 3441 habebat.

2039 3478 2246 3537 XLVII.
2291 3477 2643 3532 Diaconorum
2681 3477 2869 3547 ofﬁcia.
2900 3505 2970 3516 --
2998 3475 3358 3530 Diaconorum
3386 3472 3566 3529 officia

1972 3581 2154 3639 erant,
2226 3572 2383 3627 altari
2457 3570 2774 3635 deservire,
2848 3567 3245 3624 Eucbaristiam
3319 3567 3571 3622 fidelibus

1974 3666 2282 3721 ministrare
2348 3662 2474 3737 (5);
2545 3661 2774 3718 comites
2838 3662 3067 3718 aderant
3123 3661 3455 3733 presbyteris
3519 3661 3575 3716 in

1974 3759 2340 3816 celebratione
2387 3756 2640 3814 sacrificii
2691 3755 2890 3820 missae,
2949 3754 3024 3810 uti
3068 3754 3278 3809 eruitur
3324 3769 3390 3809 ex
3445 3753 3573 3822 Epi-

1976 3853 2112 3908 stola
2148 3868 2201 3908 tv
2242 3851 2304 3924 (t.
2337 3867 2410 3919 tv,
2441 3865 2490 3906 c.
2523 3850 2624 3905 251
2655 3851 2736 3919 Α),
2765 3863 2889 3919 qua
2941 3857 3024 3903 est
3073 3847 3142 3902 ad
3187 3848 3394 3902 clerum
3446 3843 3578 3899 Car-

1979 3949 2384 4021 tbaginensem:
2438 3945 2702 4004 Consulite
2742 3956 2792 4000 et
2843 3944 3123 4015 prouidete,
3179 3942 3341 3999 habet
3390 3941 3485 3997 ille
3511 3940 3579 3996 ad

1980 4045 2327 4116 presbyteros
2356 4052 2412 4099 et
2449 4043 2709 4098 diaconos
2734 4053 2931 4094 suos...
2955 4083 2970 4107 ,
3016 4047 3070 4092 ut
3093 4036 3443 4108 presbyteri...
3489 4035 3580 4104 qui

1981 4140 2088 4194 illic
2129 4139 2391 4210 (loquitur
2437 4137 2505 4192 de
2549 4133 2778 4205 captivis
2806 4135 2910 4186 hoc
2936 4131 2988 4185 in
3013 4130 3156 4201 loco)
3194 4129 3336 4198 apud
3382 4127 3585 4196 confes-

1985 4247 2122 4286 sores
2153 4228 2394 4296 o/ferunt,
2442 4226 2638 4295 singuli
2682 4239 2805 4281 cum
2844 4221 3075 4291 singulis
3103 4219 3348 4275 diaconis
3376 4233 3475 4288 per
3505 4218 3582 4272 vi-

1987 4338 2078 4380 ces
2107 4321 2375 4376 alternent
2400 4318 2475 4390 (6)
2497 4336 2508 4370 :
2533 4316 2793 4372 Ecclesiae
2820 4312 3068 4369 redditus
3099 4308 3580 4375 administrabant,

1989 4411 2365 4472 ecclesiasticis
2400 4409 2618 4480 iudiciis
2647 4408 2945 4465 intererant
2983 4406 3090 4477 (7),
3125 4404 3178 4459 in
3200 4401 3448 4459 conciliis
3469 4411 3582 4455 tum

1990 4508 2197 4574 Romm,
2231 4514 2340 4560 tum
2370 4505 2422 4558 in
2450 4502 2626 4560 Africa
2652 4502 2827 4557 locum
2862 4515 2926 4555 ac
2949 4507 3152 4570 partem
3182 4495 3456 4553 habebant
3478 4491 3582 4566 (8);

1994 4610 2048 4658 et
2095 4597 2417 4671 quandoque
2467 4593 2728 4653 ecclesias
2783 4589 3168 4665 regebant(9).
3223 4588 3459 4658 Hujusce
3503 4585 3586 4641 rei

2071 4737 2178 4810 (1)(
2211 4735 2281 4810 pl
2309 4729 2620 4810 Numidicus
2642 4728 2923 4801 presbyter
2945 4723 3281 4810 adscribatur
3305 4720 3585 4810 presbyte-

2071 4737 2178 4810 (ι)‹
2212 4737 2281 4791 Ut
2309 4737 2620 4814 Numidicus
2642 4737 2923 4801 presbyter
2945 4737 3281 4807 adscribatur
3305 4737 3585 4848 Ercsnyre-

1999 4806 2699 4933 {ozqtncCagégagmensrum
2719 4813 2966 4856 numero.
3004 4815 3023 4848 ι
3043 4795 3297 4868 Cyprtau.
3354 4805 3588 4863 μιλλν,

2004 4892 2042 4937 t.
2075 4898 2150 4946 tv,
2182 4895 2232 4935 c.
2263 4892 2369 4933 διε)
2396 4893 2447 4931 Α.

2188 4933 2563 5005 Concordantia
2589 4943 2696 5002 SS.
2730 4941 2872 5008 PP.,
2904 4949 3034 4995 tom.
3062 4954 3119 5004 tt,
3141 4952 3262 5010 pag.
3295 4935 3420 5002 IQO,
3456 4933 3590 4990 edit.

2007 5023 2248 5079 Venetm.

2030 5077 2036 5079 ὴ
2064 5077 2189 5221 (3):
2205 5091 2510 5147 Meminisse
2530 5097 2706 5142 autem
2726 5082 2939 5140 diaconi
2955 5081 3151 5137 debent
3172 5077 3425 5151 quoniam
3446 5077 3561 5156 Apo
3576 5102 3596 5114 -

2010 5175 2094 5222 sto
2118 5178 2199 5228 os,
2221 5163 2272 5217 id
2299 5172 2381 5217 eSt
2408 5163 2689 5231 episcopos
2711 5166 2762 5212 et
2791 5154 3112 5231 praapositos
3131 5151 3387 5231 Dominus
3416 5148 3598 5231 elegit,

2012 5214 2272 5293 diaconos
2297 5214 2474 5289 autem
2501 5214 2623 5302 post
2642 5214 2923 5302 ascensum
2949 5222 3160 5280 Domini
3186 5224 3238 5302 in
3267 5214 3434 5302 oculos
3453 5219 3600 5302 ᾼρρέ

2015 5288 2288 5364 ξέοῘίίεὶὒί
2337 5288 2732 5358 constituerunt
2762 5297 3100 5367 episcopatus
3138 5295 3230 5367 sui
3250 5301 3304 5347 et
3345 5288 3606 5346 Ecclesia)

2017 5363 2309 5435 ministros.
2334 5396 2352 5428 ι
2379 5375 2564 5446 Cypr_.,
2597 5372 2692 5438 Ep.
2726 5363 2848 5432 va,
2882 5379 2920 5422 ι.
2948 5363 3026 5434 ιν,
3054 5363 3319 5446 εειὸξὶίξΛΒ.

2092 5450 2172 5524 (Is)
2201 5435 2478 5524 Cypriani,
2633 5435 2830 5524 jus-ut,
2861 5449 2898 5524 t.
2930 5455 2998 5502 tv,
3023 5435 3276 5524 ροιι.,ξρο
3295 5452 3348 5491 n.

2117 5507 2171 5594 5)
2213 5507 2379 5594 Idem,
2409 5517 2502 5594 ﬂb.
2532 5507 2592 5568 de
2622 5513 2850 5582 Lapsis.,
2883 5521 2918 5563 t.
2950 5524 3019 5574 tv,
3051 5507 3260 5594 £3385,
3297 5523 3352 5563 Α.

2117 5527 2171 5594 5)
2214 5527 2379 5584 Idem,
2413 5527 2502 5572 IlD.
2532 5527 2592 5568 de
2622 5527 2850 5582 Lupus,
2883 5527 2918 5563 t.
2950 5527 3019 5574 tv,
3051 5527 3100 5561 c.
3130 5527 3255 5575 eeo,

2093 5527 2170 5666 (6)
2215 5590 2381 5666 Idem,
2409 5587 2507 5666 Ep.
2531 5599 2676 5666 xux,
2710 5594 2839 5637 tom.
2866 5597 2942 5666 ut,
2972 5577 3177 5666 c4126,
3203 5595 3255 5633 Β.

2035 5703 2047 5724 ,
2216 5649 2384 5734 Idem,
2545 5673 2637 5734 Lv,_
2664 5649 2704 5710 t.
2727 5669 2805 5719 ιιι,
2834 5651 2960 5734 coll.
2990 5649 3095 5705 8'22
3127 5666 3181 5734 At,
3211 5665 3328 5734 seq:

2099 5691 2182 5807 tta
2217 5691 3507 5807 saturitate);1:13;":mastgia,sq...

2130 5792 2189 5878 9)
2227 5792 2480 5876 Cyprian.
2510 5801 2608 5871 Ep.
2634 5812 2812 5863 vam,
2843 5802 2882 5850 t.
2911 5810 2986 5862 tn,
3017 5793 3139 5850 coll.
3170 5792 3328 5861 10%,
3357 5806 3474 5866 Sqq.
