3876 6282
295 313 464 376 xxxix

293 428 600 502 exemplum
625 431 804 487 exstat
826 425 882 485 in
911 426 1154 502 Epistola
1200 427 1384 498 uvni,
1411 442 1574 503 quam
1601 427 1762 488 divus
1788 431 1895 503 Cy-

295 526 515 596 prianus
538 525 784 581 inscribit
808 524 977 582 Felici
1009 525 1330 598 presbytero
1349 535 1404 582 et
1423 526 1673 596 plebibus
1693 529 1902 584 consis-

294 617 532 674 tentibus
577 618 645 674 ad
685 619 978 690 Legionem
1023 629 1078 674 et
1110 620 1394 684 Asturicae;
1428 618 1556 676 item
1588 620 1756 676 Laelio
1783 620 1901 676 dia-

291 725 433 766 cono
457 720 512 766 et
553 710 697 782 plebi
729 712 1004 777 Emeritac;
1036 711 1301 782 siquidem
1331 712 1376 766 si
1408 713 1458 767 in
1490 721 1762 783 postrema
1800 713 1903 768 hac

293 800 526 856 ecclesia
553 801 638 856 vel
658 817 796 857 unus
817 803 1088 858 extitisset
1110 803 1418 876 presbyter,
1451 803 1651 868 eidem,
1677 819 1782 859 non
1809 819 1903 858 au-

293 900 404 949 tem
435 893 666 950 diacono
694 911 844 951 suam
891 894 1256 965 inscripsisset
1294 896 1600 966 epistolam.
1631 896 1902 968 Quidquid

294 985 402 1041 dici
419 987 610 1056 possit,
627 996 831 1043 certum
849 996 1013 1042 estex
1027 1001 1232 1043 canone
1251 988 1318 1042 77
1332 988 1545 1047 concilii
1561 988 1897 1056 Eliberitani,

293 1077 556 1135 diaconos
577 1080 704 1134 olim
735 1078 1092 1135 ecclesiarum
1120 1080 1360 1152 regimen
1399 1081 1692 1148 habuisse;
1724 1092 1780 1137 at
1807 1097 1901 1138 so-

293 1169 592 1238 lummodo,
644 1169 1013 1226 utverisimile
1057 1180 1161 1237 est,
1214 1171 1590 1229 deﬁcientibus
1615 1173 1903 1246 presbyte-

295 1266 373 1320 ris
403 1267 508 1336 (1).

371 1356 601 1412 XLVIII.
634 1357 972 1426 Subdiaconi,
995 1359 1269 1432 cteterique
1293 1361 1515 1416 ministri
1537 1362 1906 1434 inferiora.—

298 1450 384 1508 Ad
439 1452 803 1508 subdiaconos
861 1453 1006 1522 quod
1059 1455 1289 1522 attinet,
1343 1454 1542 1510 borum
1599 1470 1745 1526 saepe
1793 1471 1906 1512 me-

296 1547 458 1602 minit
502 1546 559 1603 S.
608 1545 912 1619 Cyprianus
957 1549 1070 1604 suis
1119 1549 1173 1602 in
1211 1549 1483 1619 epistolis.
1513 1549 1682 1616 Vide,
1718 1566 1906 1606 citem-

293 1641 368 1713 pli
417 1656 599 1704 causa,
638 1641 933 1711 Epistolam
975 1658 1032 1698 ιιι
1065 1640 1127 1714 (ι.
1159 1657 1234 1710 iv,
1288 1658 1336 1698 c.
1385 1643 1549 1715 229),
1579 1659 1700 1714 qua:
1725 1653 1809 1700 est
1838 1644 1906 1700 ad

293 1733 501 1790 clerum
548 1734 884 1800 Romanum;
928 1735 980 1788 in
1031 1750 1094 1790 ea
1136 1735 1282 1790 enim
1309 1735 1546 1806 loquitur
1573 1735 1642 1792 de
1673 1737 1906 1807 quodam

296 1826 632 1884 subdiacono
681 1830 772 1900 qui
810 1828 1150 1899 apellabatur
1174 1829 1518 1886 Crementius
1551 1830 1664 1904 (2);
1693 1832 1910 1901 Episto-

298 1917 406 1972 lam
429 1936 577 1985 χχιχ,
599 1921 652 1974 in
677 1936 782 1991 qua
807 1921 1042 1991 loquitur
1062 1920 1120 1977 8.
1144 1920 1450 1992 Cyprianus
1469 1921 1538 1978 de
1565 1922 1674 1977 alio
1690 1923 1911 1979 subdia-

298 2030 438 2073 cono
463 2018 549 2072 cui
581 2033 778 2072 nomen
806 2026 923 2072 erat
966 2016 1191 2088 Optatus
1225 2019 1339 2090 (5);
1375 2027 1432 2074 et
1470 2018 1713 2090 ejusdem
1737 2020 1910 2075 sancti

300 2112 554 2168 Doctoris
583 2111 879 2180 Epistulam
908 2110 974 2166 ad
1003 2126 1158 2165 suum
1189 2110 1396 2166 clerum
1425 2110 1493 2166 dc
1521 2111 1649 2167 Caio
1685 2111 1911 2184 presby-

301 2215 421 2260 tero
441 2202 722 2269 Diddensi,
744 2202 796 2256 in
821 2216 924 2272 qua
957 2203 1188 2257 duorum
1215 2201 1698 2269 subdiaconorum,
1723 2202 1909 2259 Philu-

301 2297 452 2355 meni
475 2307 531 2355 et
574 2297 854 2353 Fortunati
901 2297 1104 2352 mentio
1157 2297 1392 2352 occurrit
1421 2296 1501 2368 (4)
1534 2316 1547 2352 :
1579 2299 1632 2352 in
1680 2299 1909 2368 quadam

303 2391 546 2462 Epistola
575 2391 704 2446 cleri
733 2390 963 2445 Romani
994 2390 1060 2445 ad
1091 2389 1278 2446 divum
1309 2388 1658 2464 Cyprianum,
1690 2395 1759 2450 de
1780 2408 1914 2466 quo-

307 2482 430 2538 dam
453 2483 784 2538 subdiacono
815 2482 872 2537 ﬁt
897 2483 1102 2538 mentio
1125 2481 1224 2556 (5).
1249 2483 1639 2556 Acolythorum
1669 2483 1746 2558 (6)
1771 2487 1914 2543 sicut

306 2585 363 2632 et
404 2575 664 2631 lectorum
691 2575 795 2646 (7),
826 2575 1221 2630 exorcistarum
1251 2573 1352 2648 (8),
1388 2591 1496 2632 non
1527 2576 1695 2632 semel
1723 2578 1914 2634 memi-

305 2668 388 2723 nit
408 2678 626 2724 sanctus
649 2666 976 2738 Cyprianus,
1006 2677 1060 2722 et
1087 2676 1242 2722 notat
1272 2683 1357 2723 set
1389 2671 1698 2725 examinare
1728 2687 1747 2722 ι
1779 2685 1912 2726 con-

308 2760 564 2831 suevisse
591 2778 610 2810 ‹
641 2774 712 2814 an
741 2768 1107 2830 congruerent
1151 2759 1261 2814 illis
1303 2759 1636 2832 omniarquae
1667 2777 1791 2818 esse
1818 2762 1914 2819 de-

307 2855 440 2910 bent
465 2854 518 2909 in
551 2853 617 2910 iis
647 2855 738 2926 qui
769 2854 835 2910 ad
865 2855 1068 2909 clerum
1113 2853 1440 2924 parabantur
1469 2853 1571 2925 (9).
1604 2873 1622 2907 ι
1657 2855 1915 2912 Lectores

311 2947 648 3018 Scripturam
691 2962 903 3002 sacram
941 2946 1214 3016 legebant,
1257 2955 1312 3003 et
1349 2965 1368 2998 ι
1402 2946 1731 3004 audientium
1765 2967 1784 3000 ι
1817 2963 1916 3005 seu

310 3041 824 3097 catechumenorum
864 3059 883 3091 ι
918 3041 1172 3097 doctores
1207 3060 1227 3094 )
1258 3050 1415 3096 erant
1451 3042 1589 3115 (l0),
1644 3051 1698 3098 et
1752 3043 1915 3100 etiam

312 3133 665 3206 Evangelium
697 3133 950 3206 legebant
979 3149 1043 3190 ex
1074 3134 1281 3206 pulpito
1311 3133 1448 3208 (ll).

319 3255 457 3320 §VI.
482 3252 752 3318 Disciplina
791 3257 952 3319 quoad
986 3259 1361 3320 matrimonium,
1405 3258 1470 3310 de
1513 3259 1658 3320 votis,
1696 3263 1748 3310 et
1784 3261 1916 3312 cultu

951 3339 1296 3404 reliquiarum.

390 3445 832 3503 XLIX—Pauca
847 3445 1136 3501 admodum
1151 3446 1219 3502 de
1233 3446 1575 3503 matrimonio
1590 3446 1751 3505 habet
1763 3446 1920 3505 divus

317 3541 640 3610 Cyprianus,
674 3555 795 3596 cum
828 3540 896 3596 de
921 3540 1012 3596 illo
1059 3556 1166 3595 non
1198 3556 1261 3596 ex
1305 3541 1573 3612 professo,
1623 3543 1720 3600 sed
1747 3545 1922 3601 obiter

319 3633 483 3690 verba
517 3633 692 3689 faciat.
725 3633 858 3688 Hinc
891 3634 944 3688 in
979 3642 1209 3689 tractatu
1237 3634 1304 3692 de
1333 3635 1553 3706 Lapsis,
1600 3637 1741 3694 inter
1781 3641 1920 3697 mala

318 3742 440 3799 qua:
466 3735 591 3783 ante
620 3729 1050 3797 persecutionem
1080 3727 1365 3797 patrabant
1406 3727 1624 3794 ﬁdeles,
1666 3746 1919 3791 recense-

319 3829 410 3876 tur
437 3819 771 3877 consuetudo
805 3818 1022 3875 ineundi
1054 3821 1398 3879 matrimonia
1425 3839 1547 3882 cum
1575 3828 1918 3887 inﬁdelibus:

327 3932 348 3966 ‹
383 3914 640 3984 Jungere,
667 3913 840 3985 inquit
862 3913 953 3968 ille
981 3913 1121 3985 (12),
1153 3929 1276 3970 cum
1308 3917 1618 3976 inﬁdelibus
1649 3923 1920 3980 vinculum

321 4007 671 4074 matrimonii,
705 4007 1033 4077 prostituere
1058 4008 1347 4076 gentilibus
1371 4014 1611 4068 membra
1640 4015 1862 4073 Christi.
1899 4037 1918 4071 ι

323 4102 396 4157 Et
433 4102 488 4157 in
527 4100 665 4156 libro
703 4100 862 4156 tertio
902 4099 1358 4158 Testimoniorum
1409 4107 1697 4164 ostendere
1738 4111 1926 4167 nititur

324 4191 647 4264 quibusdam
694 4207 968 4246 sacrarum
1009 4192 1335 4250 Litterarum
1366 4199 1630 4265 oraculis,
1665 4199 1781 4257 haec
1808 4217 1924 4256 ma-

325 4285 580 4342 trimonia
619 4298 740 4342 esse
766 4283 973 4339 illicita.
1006 4285 1143 4340 Hinc
1171 4285 1390 4358 legitur,
1438 4289 1610 4361 inquit
1648 4292 1742 4348 ille
1783 4293 1922 4368 (l5),

403 4451 482 4534 (1)
510 4471 528 4502 ι
560 4453 616 4534 81
643 4453 764 4524 quis
789 4452 1050 4534 diaconus
1073 4468 1272 4534 regens
1297 4456 1506 4534 plebem
1523 4458 1641 4515 sine
1671 4460 1928 4534 episcopo

331 4525 1387 4618 1"”9595!???i‘i‘ll‘Bilianli‘lﬁiliL:
1406 4525 1930 4618 εριεεοριμε.έρε,ρ·ςτ

331 4595 1047 4678 benedictiOnemperﬁcere
1064 4598 1300 4652 debebit.
1317 4595 1673 4678 i_T._t:Concil.
1689 4595 1926 4662 Labb'wi.

332 4683 390 4736 ἰ).
413 4667 541 4731 978;
569 4678 624 4720 et
647 4665 784 4736 apud
803 4665 994 4733 Mansi,
1026 4676 1157 4722 tom.
1183 4683 1242 4734 ιι,
1272 4672 1376 4725 col.
1408 4673 1493 4729 l8.

524 4738 807 4840 Cyprium,
834 4737 1011 4840 Epist.
1045 4754 1105 4840 ιι,
1213 4756 1360 4840 ιέὁξ.
1391 4744 1499 4801 224
1532 4763 1583 4801 Α.

435 4813 491 4876 5)
532 4809 633 4876 Id.,
665 4809 762 4875 Ep.
798 4824 941 4873 χχιιι,
973 4819 1010 4862 t.
1043 4826 1113 4873 IV,
1141 4826 1190 4864 c.
1223 4812 1329 4868 287
1354 4830 1404 4869 Β.

327 4886 332 4948 ξ
363 4881 379 4950 ί
405 4809 484 4951 (4)
523 4880 691 4944 Idem,
721 4879 822 4951 Ep.
851 4896 1035 4947 xxvnt,
1065 4896 1115 4936 c.
1141 4882 1239 4937 501
1271 4900 1319 4938 n.

328 4984 334 4998 .
432 4952 465 5006 5
532 4951 636 5016 Id.,
665 4952 764 5020 Ep.
789 4967 918 5016 xxx,
950 4961 987 5004 t.
1014 4968 1091 5018 iv,
1116 4968 1165 5007 c.
1195 4955 1298 5010 505
1328 4972 1378 5011 ιι.

328 5012 332 5018 ’
514 5022 763 5078 Favorini
786 5022 1017 5086 acolythi
1041 5027 1288 5081 meminit
1306 5027 1512 5086 Enistol

399 5022 498 5150 ἑθί
514 5022 763 5078 Favorini
786 5022 1017 5094 acolythi
1041 5027 1288 5081 meminit
1306 5027 1546 5099 Epistola
1571 5047 1764 5102 χχνιιι,
1792 5042 1832 5090 t.
1857 5049 1927 5099 tv,

322 5108 377 5148 c.
531 5110 583 5149 ιι.

432 5169 486 5238 1)
524 5165 805 5290 Οέριθίτιιιη
826 5165 929 5236 Ep.
952 5181 1100 5233 xxiv,
1134 5177 1174 5223 t.
1201 5171 1274 5236 iv,
1301 5184 1350 5225 c.
1381 5170 1490 5229 287
1515 5189 1580 5241 ιι;
1607 5175 1708 5248 Ep.
1743 5193 1932 5247 χχχιιι,

432 5237 541 5290 519:
613 5251 664 5290 ι).
693 5253 880 5290 xxxw.
912 5253 960 5290 c.
995 5238 1100 5290 524
1132 5257 1185 5290 Α.
1217 5257 1268 5290 ιι.

331 5249 383 5292 c.
412 5237 541 5296 519:
566 5237 664 5306 Ep.
693 5253 880 5302 χχχιιι,
912 5253 960 5292 c.
995 5238 1100 5294 524
1131 5257 1185 5306 Α,
1217 5257 1268 5296 ιι.

409 5306 488 5394 (8)
515 5307 829 5394 Idem,__Ep.'
857 5319 1129 5394 1_.x_xwt.‘t.
1154 5325 1242 5394 ut,
1289 5313 1393 5368 col.
1435 5314 1491 5368 2.
1538 5316 1672 5374 Vide
1718 5333 1934 5391 quoque

330 5377 830 5453 Epist._Firmil_i_:mi
866 5381 1004 5436 inter
1029 5377 1284 5453 Cyprian.
1321 5401 1479 5440 Lxxv.

407 5448 493 5524 (9)
511 5450 690 5524 Idem,
718 5451 819 5523 Ep.
852 5469 999 5522 χχιν,
1035 5448 1178 5521 ιξιν,
1203 5469 1251 5510 c.
1283 5456 1390 5512 287
1414 5473 1466 5524 ιι,
1493 5473 1548 5515 c.

433 5665 521 5734 12)
553 5665 716 5731 Idem,
745 5668 843 5720 lib.
875 5670 938 5720 de
964 5668 1147 5732 lapsis.

431 5735 521 5818 15)
556 5737 723 5805 Idem,
766 5737 863 5793 lib.
916 5752 973 5791 ιιι
1025 5735 1412 5807 Testimonior.,
1453 5756 1573 5813 cap.
1607 5744 1711 5814 62,
1768 5755 1806 5802 t.
1859 5765 1932 5818 tv,

435 5521 527 5592 l0)
568 5521 733 5589 Idem,
760 5521 888 5592 ibid.

430 5590 522 5661 ll)
559 5593 726 5661 Idem,
759 5590 857 5665 Ep.
892 5611 1086 5661 χχχιιι,
1118 5603 1158 5650 t.
1192 5611 1260 5662 tv,
1291 5611 1341 5653 c.
1367 5599 1472 5655 519
1498 5617 1548 5654 ιι.

435 5523 527 5592 I0)
568 5523 601 5576 lt

430 5593 522 5661 ll)
559 5593 601 5648 It

433 5665 521 5734 12)
553 5665 601 5719 Id

431 5735 519 5802 15)
556 5737 601 5791 Id

325 5819 379 5865 c.
455 5807 521 5864 67
549 5823 601 5868 ιι.

1713 312 1916 381 ΡΒΕΕ

2033 318 2105 375 l0.
2143 318 2152 326 '
3537 347 3604 392 χι.

2009 431 2152 502 apud
2183 431 2406 490 Tobiam
2431 433 2511 506 (1)
2539 447 2552 490 :
2589 431 2811 492 Uxorem
2836 436 3012 510 accipe
3037 455 3101 496 ex
3122 439 3316 498 semine
3335 453 3605 514 parentum

2009 534 2234 596 tuorum,
2267 536 2315 582 et
2342 529 2452 583 noli
2477 544 2678 585 sumere
2700 532 2925 587 alienam
2953 535 3234 604 mulierem,
3263 553 3378 608 qua:
3406 555 3510 593 non
3535 548 3608 594 est

2009 631 2074 671 ex
2099 617 2235 672 tribu
2264 627 2534 690 parentum
2564 630 2786 677 tuorum.
2822 623 2954 680 Item
2981 627 3033 680 in
3066 625 3263 683 Genesi
3296 627 3374 701 (2)
3405 648 3418 682 :
3445 627 3608 684 Mittit

2011 725 2223 781 puerum
2245 727 2394 766 suum
2417 711 2678 768 Abraham
2699 757 2714 781 ,
2747 723 2802 768 ut
2832 716 2896 770 de
2921 718 3112 773 semine
3131 736 3226 774 suo
3248 721 3471 792 accipiat
3499 721 3608 777 Re-

2011 802 2213 855 beccam
2241 803 2353 870 ﬁlio
2381 805 2494 875 ejus
2514 803 2691 862 Isaac.
2733 805 2868 864 Item
2893 808 2948 864 in
2976 810 3146 866 Esdra
3181 811 3260 884 (5)
3291 831 3306 868 :
3338 813 3480 870 Satis
3509 831 3612 870 non

2013 891 2111 962 fuit
2134 891 2244 948 Deo
2263 935 2278 960 ,
2303 911 2419 949 cum
2446 907 2767 953 vastarentur
2793 899 2996 969 Judwi,
3024 904 3124 958 nisi
3149 905 3461 976 alienigenas
3486 924 3618 963 uxo-

2011 999 2093 1038 res
2121 1001 2238 1039 cum
2263 985 2389 1056 ﬁliis
2429 1004 2629 1060 quoque
2647 1031 2662 1056 ,
2695 1007 2822 1062 quos
2849 1009 2913 1048 ea:
2939 994 3046 1050 illis
3075 1009 3464 1066 procreaverunt
3485 1042 3501 1068 ,
3533 1017 3618 1056 re-

2014 1080 2298 1154 liquissent.
2343 1084 2545 1141 Probat
2585 1087 2806 1158 insuper
2835 1105 2987 1145 suam
3019 1095 3449 1163 propositionem
3491 1111 3620 1152 san-

2011 1182 2130 1228 ctus
2156 1174 2355 1232 Doctor
2382 1176 2502 1233 aliis
2528 1177 2822 1250 Scriptura:
2853 1184 3108 1250 oraculis,
3143 1186 3217 1239 uti
3248 1197 3394 1253 sunt,
3432 1203 3621 1244 exem-

2012 1266 2084 1336 pli
2111 1268 2281 1338 gratia
2304 1310 2318 1333 ,
2353 1269 2469 1326 hinc
2500 1271 2652 1326 Pauli
2680 1273 2846 1329 verba
2873 1273 2952 1348 (4)
2986 1295 3000 1332 :
3035 1276 3131 1331 Cui
3151 1279 3260 1333 vult
3286 1280 3466 1347 nubat,
3496 1292 3620 1336 tan-

2013 1373 2122 1418 tum
2152 1366 2204 1420 in
2243 1366 2487 1424 Domino.
2532 1369 2734 1428 Verum
2775 1372 2834 1429 S.
2869 1375 3201 1446 Augustinus
3237 1376 3318 1448 (5)
3362 1379 3459 1442 ait,
3503 1377 3626 1434 lucc

2011 1459 2261 1529 Apostoli
2285 1464 2447 1518 verba
2473 1463 2529 1520 in
2560 1465 2764 1537 duplici
2795 1482 2958 1524 sensu
2988 1470 3212 1542 intelligi
3242 1487 3425 1542 posse,
3459 1483 3512 1529 et
3540 1475 3627 1529 ni-

2014 1550 2086 1607 hil
2116 1552 2262 1608 aliud
2292 1555 2631 1626 signiticare,
2665 1573 2823 1630 quam
2852 1561 3070 1616 viduam
3113 1563 3254 1619 hanc
3289 1564 3493 1621 debere
3533 1566 3626 1621 vel

2015 1645 2066 1699 in
2113 1645 2408 1704 christiana
2471 1650 2736 1722 religione
2781 1668 3138 1724 permanere,
3189 1668 3282 1713 aut
3320 1659 3626 1717 christiano

2013 1736 2132 1792 viro
2160 1737 2425 1809 copulari.
2467 1741 2674 1799 Deinde
2715 1745 3032 1817 subjungit,
3072 1751 3414 1807 matrimonia
3451 1751 3628 1809 Chri-

2014 1834 2314 1893 stianorum
2339 1852 2461 1893 cum
2487 1839 2799 1898 inﬁdelibus
2829 1859 3089 1914 expresse
3119 1863 3226 1902 non
3252 1850 3529 1918 prohiberi
3563 1853 3626 1907 in

2013 1925 2166 1984 Novo
2206 1928 2577 1988 Testamento.
2638 1953 2658 1988 ι
2689 1933 2808 1992 Non
2846 1938 2990 1994 enim
3013 1981 3028 2005 ,
3065 1958 3084 1992 ι
3138 1941 3301 1998 verba
3347 1954 3474 1999 sunt
3511 1945 3628 2002 divi

2015 2020 2337 2093 Augustini,
2376 2043 2395 2077 ι
2427 2035 2672 2099 tempore
2710 2030 2938 2086 revelati
2982 2032 3316 2092 Testamenti
3343 2036 3518 2108 Novi,
3562 2039 3620 2095 in

2015 2115 2310 2188 Evangelio
2335 2119 2421 2176 vel
2442 2121 2564 2178 aliis
2591 2123 2918 2194 Apostolicis
2946 2126 3160 2195 litteris,
3203 2130 3321 2187 sine
3350 2133 3628 2204 ambigui-

2017 2214 2126 2263 tate
2149 2208 2485 2268 declaratum
2515 2229 2638 2272 esse
2666 2218 2849 2274 recolo
2868 2261 2883 2286 ,
2931 2230 3110 2277 utrum
3144 2221 3408 2280 Dominus
3439 2225 3629 2296 prohi-

2013 2299 2193 2356 buerit
2221 2301 2412 2360 ﬁdeles
2453 2305 2761 2365 inﬁdelibus
2781 2310 2966 2383 jungi;
3012 2317 3258 2384 quamvis
3297 2317 3360 2373 Β.
3391 2316 3630 2391 Cypria-

2015 2406 2120 2448 nus
2149 2392 2275 2451 inde
2303 2411 2410 2452 non
2441 2397 2683 2470 dubitet,
2710 2417 2813 2458 nec
2841 2405 2895 2458 in
2927 2405 3133 2463 levibus
3162 2412 3397 2480 peccatis
3422 2417 3632 2470 consli-

2016 2492 2152 2554 tuat,
2197 2487 2427 2560 jungere
2467 2506 2589 2548 cum
2628 2494 2940 2552 inﬁdelibus
2964 2499 3236 2556 vinculum
3269 2505 3628 2576 matrimonii,

2017 2587 2178 2650 atque
2221 2580 2278 2636 id
2327 2597 2448 2640 esse
2496 2585 2639 2644 dicat
2694 2590 3024 2660 prostituere
3072 2595 3326 2666 gentibus
3375 2601 3630 2656 membra

2018 2671 2237 2729 Christi.
2272 2693 2292 2727 ι

2089 2767 2152 2823 L.
2201 2766 2542 2830 Continentice
2565 2785 2735 2832 votum
2763 2778 2818 2834 in
2862 2797 2960 2836 usu
3003 2791 3112 2838 erat
3157 2796 3308 2842 aetate
3351 2785 3624 2859 Cypriani.

2017 2889 2089 2899 —
2137 2860 2324 2929 Quoad
2372 2875 2494 2922 vota
2535 2883 2658 2940 qute
2702 2871 2930 2942 injustas
2983 2888 3305 2935 novatorum
3363 2897 3631 2940 censuras

2021 2967 2128 3008 non
2153 2953 2455 3028 effugiunt,
2479 2959 2641 3017 docet
2666 2962 2723 3018 S.
2759 2963 3062 3038 Cyprianus
3089 2970 3205 3027 haec
3235 2973 3402 3042 ipsius
3422 2991 3538 3031 aevo
3571 2978 3632 3032 in

2021 3059 2122 3100 usu
2150 3045 2337 3104 fuisse.
2385 3049 2442 3104 In
2491 3065 2591 3108 suo
2621 3063 2854 3114 tractatu
2895 3059 2964 3116 de
2994 3061 3194 3120 Habitu
3234 3065 3510 3138 Virginum
3547 3070 3635 3125 lo-

2020 3139 2200 3209 quitur
2226 3153 2446 3199 sanctus
2473 3144 2673 3204 Doctor
2701 3149 2770 3206 de
2798 3153 3142 3225 quibusdam,
3179 3177 3199 3211 ‹
3233 3176 3354 3232 quae
3383 3176 3444 3218 se
3467 3161 3635 3220 Chri-

2020 3239 2107 3287 sto
2135 3233 2488 3305 dicaverant,
2513 3247 2568 3295 et
2596 3255 2626 3296 a
2655 3245 2858 3301 carnali
2888 3251 3324 3321 concupiscentia
3365 3255 3636 3314 receden-

2022 3333 2136 3395 tes,
2187 3337 2295 3384 tam
2319 3346 2484 3388 carne
2513 3349 2672 3406 quam
2703 3349 2887 3398 mente
2913 3358 2972 3400 se
3003 3345 3114 3402 Deo
3145 3359 3416 3406 voverant
3455 3353 3560 3424 (ti).
3607 3374 3629 3407 ι

2022 3419 2248 3489 Verum,
2283 3424 2398 3481 tunc
2428 3436 2550 3484 vota
2581 3446 2688 3487 non
2719 3433 2888 3491 fuisse
2917 3437 3163 3495 absoluta
3183 3483 3198 3507 ,
3228 3451 3285 3498 et
3315 3443 3638 3514 huiusmodi

2023 3525 2280 3572 voventes
2304 3520 2546 3587 potuisse
2576 3523 2628 3578 in
2659 3539 2789 3580 casu
2815 3531 3158 3587 necessitatis
3189 3532 3324 3590 inire
3350 3537 3641 3594 matrimo-

2025 3606 2207 3676 nium,
2250 3614 2648 3683 quamprimum
2687 3617 3008 3676 videbimus.
3048 3623 3148 3680 Ast
3173 3636 3481 3685 .novatores
3523 3631 3642 3687 sal-

2026 3707 2133 3756 tem
2166 3700 2396 3758 inﬁciari
2426 3720 2534 3761 non
2566 3719 2859 3780 poterunt,
2891 3715 3051 3770 tertio
3081 3720 3279 3775 sacculo
3303 3720 3358 3776 in
3386 3720 3639 3780 Ecclesia

2025 3793 2273 3850 extitisse
2302 3804 2424 3852 vota
2454 3813 2485 3853 a
2515 3803 2653 3856 votis
2683 3801 2943 3873 Baptismi
2975 3807 3208 3865 diversa.

2031 3914 2036 3936 ς
2098 3885 2428 3959 Pomponius
2452 3893 2738 3966 episcopus
2764 3897 2830 3951 ad
2856 3899 2914 3956 S.
2937 3900 3265 3972 Cyprianum
3294 3905 3503 3967 litteras
3527 3912 3641 3967 mi-

2027 3987 2196 4048 serat,
2242 3984 2526 4052 postulans
2578 3994 2634 4042 et
2673 3988 2992 4048 desiderans
3046 4005 3106 4050 ut
3161 3997 3265 4053 sibi
3305 4001 3643 4061 rescriberet

2029 4071 2156 4142 quid
2185 4072 2260 4129 illi
2283 4075 2350 4130 de
2387 4077 2453 4132 iis
2483 4078 2784 4150 virginibus
2813 4085 3093 4143 videretur
3117 4104 3258 4161 quae,
3306 4107 3430 4149 cum
3462 4099 3638 4154 semel

2028 4172 2226 4221 statum
2255 4181 2411 4224 suum
2433 4172 2780 4231 continenter
2803 4187 2855 4233 et
2885 4179 3113 4238 ﬁrmiter
3141 4191 3328 4241 tenere
3355 4185 3641 4244 decrevis-

2031 4267 2193 4327 sent,
2225 4260 2458 4320 detectae
2485 4266 2698 4324 Inerant
2727 4280 2914 4341 postea
2955 4274 3008 4328 in
3039 4275 3230 4332 eodem
3263 4277 3404 4335 lecto
3433 4281 3646 4350 pariter

2033 4355 2298 4412 mansisse
2337 4373 2461 4415 cum
2488 4363 2746 4419 masculis
2793 4364 2896 4438 (7).
2930 4366 3163 4425 Sanctus
3201 4370 3505 4444 Cyprianus
3544 4393 3645 4433 re-

2032 4445 2286 4514 spondet,
2325 4449 2467 4506 inter
2494 4463 2713 4522 eastern,
2743 4457 2980 4530 virgines
3018 4477 3125 4518 non
3163 4465 3341 4521 solum
3396 4483 3506 4524 non
3537 4469 3646 4526 dc-

2033 4534 2164 4592 bere
2189 4552 2310 4594 cum
2348 4545 2604 4601 masculis
2641 4547 2878 4608 dormire
2903 4593 2919 4620 ,
2959 4552 3056 4609 sed
3086 4571 3188 4612 nec
3222 4557 3383 4615 simul
3431 4561 3639 4619 vivere.

2035 4627 2191 4697 Quod
2211 4634 2255 4688 si
2286 4648 2355 4690 ex
2377 4635 2482 4692 ﬁde
2507 4652 2567 4694 se
2595 4637 2814 4700 Christo
2842 4645 3180 4716 dicaverunt,
3211 4651 3392 4708 subdit
3413 4666 3644 4713 sanctus

2038 4720 2273 4793 Doctor,
2312 4744 2332 4778 ‹
2368 4728 2561 4798 pudice
2586 4742 2641 4788 et
2679 4745 2828 4792 caste
2867 4737 2984 4795 sine
3009 4739 3116 4795 ulla
3144 4740 3477 4802 fabulatione
3516 4761 3646 4816 per-

2037 4829 2316 4874 severent.
2341 4820 2397 4878 Si
2426 4832 2603 4880 autem
2635 4841 2986 4898 perseverare
3014 4833 3227 4904 nolunt,
3262 4837 3345 4892 vel
3371 4853 3478 4893 non
3511 4853 3647 4907 pos-

2037 4919 2197 4979 sunt,
2239 4914 2431 4972 melius
2461 4926 2544 4974 est
2573 4928 2631 4975 ut
2658 4923 2904 4993 nubant,
2937 4941 3100 4996 quam
3132 4924 3184 4982 in
3218 4927 3396 5000 ignem
3425 4929 3646 4989 delictis

2038 5003 2152 5060 suis
2193 5006 2404 5064 cadant.
2443 5028 2463 5064 ι
2496 5011 2650 5081 Quod
2693 5015 2908 5086 quidem
2950 5020 3166 5092 egregie
3205 5021 3494 5080 conﬁrmat
3539 5040 3614 5081 no

2111 5185 2137 5257 (_
2138 5185 2190 5257 1)
2221 5186 2404 5245 Tobiae
2443 5206 2520 5247 tv.

2139 5257 2194 5332 2)
2219 5257 2417 5332 Cenes.
2446 5277 2556 5330 xw,
2586 5263 2642 5332 5,
2665 5267 2722 5322 4.

2114 5254 2194 5471 ἓ2)
2219 5257 2417 5315 Cenes.
2446 5277 2541 5330 χιν,

2139 5329 2195 5398 5)
2221 5328 2244 5384 l
2266 5329 2454 5388 Esdrae
2485 5350 2541 5388 χ.

2137 5399 2196 5471 4)
2227 5401 2245 5453 1
2273 5399 2523 5461 Corinth.

2039 5399 2523 5528 ι,ἰέὲοιγῗοιίιιιιμ
2553 5421 2660 5475 vn,
2695 5407 2802 5478 39;
2850 5420 2907 5468 et
2935 5412 2957 5469 I
2983 5414 3231 5474 Corinth.
3265 5433 3356 5482 v1;
3385 5427 3442 5476 et
3465 5418 3510 5477 II
3541 5419 3649 5478 Co-

2222 5544 2505 5634 A‘ugustin.
2531 5547 2624 5634 lib:
2653 5565 2671 5606 ι
2697 5553 2760 5634 de
2785 5554 3336 5634 Adulterin._eoniug.,
3364 5577 3484 5634 cap.
3507 5565 3604 5622 23.

2114 5542 2170 5609 (5
2222 5544 2505 5616 Augustin.
2531 5547 2624 5603 lib.
2653 5565 2671 5606 ι
2697 5553 2760 5608 de
2785 5554 3075 5614 Adulterin.
3102 5561 3336 5632 coniug.,
3364 5577 3484 5634 cap.
3507 5565 3604 5622 23.

2041 5539 2515 5741 αςξξὸίέρτίθιιη
2565 5621 2657 5678 lib.
2711 5627 2774 5681 de
2827 5627 3022 5684 Habitu
3084 5629 3397 5704 Virginum,
3454 5645 3492 5689 t.
3549 5653 3644 5704 tv,

2114 5755 2195 5849 (11)
2220 5757 2408 5849 Idem.
2572 5782 2714 5849 ιχιι,
2748 5777 2796 5849 ιζ
2820 5785 2893 5849 ιν,
2921 5771 3026 5826 col.
3083 5771 3266 5849 56!};
3289 5818 3304 5843 ,
3355 5790 3476 5849 sqq.
3508 5777 3650 5836 Vide

2042 5835 2183 5898 part.
2220 5843 2274 5885 XI
2297 5829 2435 5890 Hist.
2464 5829 2725 5909 'I‘heolog'.
2757 5829 2969 5911 Critic.,
3003 5858 3125 5917 pag.
3158 5829 3266 5904 264i
3291 5829 3500 5921 etsqq.
