3876 6282
245 401 337 443 ιιι

247 515 428 562 stram
477 504 634 578 paulo
684 519 848 577 supra
904 511 1237 580 propositam
1291 513 1856 586 animadversionem,

250 607 384 655 vota
406 598 606 655 scilicet
634 608 763 656 tunc
795 603 1055 672 temporis
1083 618 1188 660 non
1217 604 1386 663 fuisse
1413 608 1550 664 adeo
1579 609 1827 666 absoluta
1847 653 1860 677 ,

258 699 324 746 ut
370 691 670 762 obligarent
709 692 872 747 etiam
921 693 974 748 in
1020 709 1150 751 casu
1191 699 1553 755 necessitatis.
1599 702 1866 758 Caeterum

264 783 431 840 tradit
472 783 528 838 S.
559 781 862 855 Cyprianus
911 785 1030 843 fieri
1070 805 1176 844 non
1233 806 1392 862 posse
1448 795 1576 865 quin
1623 793 1868 852 Christus

266 883 520 938 Dominus
556 901 574 935 ι
610 883 881 940 irascatur
906 895 962 942 et
992 887 1320 959 indignetur,
1356 891 1484 946 dum
1511 894 1686 948 cernit
1709 894 1870 966 virgi-

266 992 386 1032 nem
414 991 566 1031 suam
594 975 696 1032 sibi
732 977 986 1045 dicatam,
1019 987 1072 1034 et
1101 982 1374 1037 sanctitati
1400 998 1514 1040 sua:
1542 984 1867 1042 destinatam

258 1067 437 1140 jacere
478 1083 602 1124 cum
647 1068 822 1125 altero
869 1087 881 1124 :
915 1090 934 1123 »
970 1079 1026 1126 et
1054 1071 1269 1128 tandem
1310 1077 1506 1131 asserit
1543 1091 1864 1134 excommu-

259 1161 531 1217 nicatione
569 1176 666 1218 eas
705 1162 1020 1234 plectendas
1046 1179 1200 1233 esse,
1241 1181 1365 1237 quae
1404 1167 1461 1222 in
1495 1167 1610 1224 haec
1636 1170 1867 1227 crimina

250 1252 632 1324 prolabuntur,
662 1262 717 1310 et
742 1255 809 1309 ab
842 1253 1104 1311 Ecclesiae
1130 1259 1515 1315 communione
1548 1260 1750 1315 tamdiu
1782 1276 1867 1317 ar-

249 1345 458 1401 cendas
498 1345 757 1416 quamdiu
789 1346 1170 1416 pmnitentiam
1203 1364 1310 1404 non
1343 1350 1606 1420 fecerint,
1651 1360 1706 1408 et
1736 1367 1866 1423 pro-

251 1435 436 1508 prium
475 1438 686 1494 crimen
720 1437 933 1508 publica
973 1439 1318 1498 confessione
1353 1442 1602 1499 omnibus
1641 1457 1869 1514 aperue-

250 1528 389 1584 rint.

329 1653 420 1709 LI.
469 1651 548 1709 De
581 1653 815 1724 reliquiis
861 1663 1178 1711 sanctorum.
1207 1686 1281 1698 —
1303 1656 1602 1713 Novatores
1630 1671 1737 1713 non
1763 1657 1867 1714 mi-

263 1763 372 1804 nus
425 1748 615 1805 acerbe
656 1749 944 1820 insurgunt
983 1760 1172 1807 contra
1219 1752 1422 1810 cultum
1454 1767 1731 1808 sacrarum
1774 1767 1866 1809 re-

274 1840 563 1912 liquiarum
587 1858 600 1894 :
629 1849 682 1895 at
700 1841 752 1895 in
778 1839 883 1897 hac
911 1850 1064 1912 parte
1090 1857 1246 1912 aeque
1275 1841 1633 1910 adversantur
1653 1843 1748 1898 toti
1773 1858 1868 1897 an-

274 1934 529 2004 tiquitati.
563 1933 617 1989 Id
639 1934 749 2005 jam
793 1934 1289 1992 demonstravimus
1315 1936 1367 1991 in
1431 1937 1867 2006 praecedentibus

266 2026 436 2083 tomis
462 2025 542 2101 (I)
570 2027 895 2084 auctoritate
921 2029 1280 2100 quorumdam
1315 2029 1574 2085 Ecclesiae
1604 2029 1821 2085 Patrum
1850 2049 1864 2086 :

259 2135 415 2177 nunc
464 2135 594 2176 vero
621 2136 688 2176 ex
715 2121 840 2176 divo
869 2120 1142 2193 Cypriano
1192 2121 1427 2193 idipsum
1458 2122 1863 2178 confirmamus.

254 2212 628 2280 Validissima,
675 2213 869 2284 quibus
896 2229 1173 2270 sacrarum
1213 2216 1561 2287 reliquiarum
1588 2216 1868 2272 veneratio

250 2314 562 2372 asseratur,
593 2315 866 2362 momenta
885 2307 1041 2362 nobis
1067 2307 1377 2379 suppeditat
1406 2307 1650 2378 Epistola
1678 2307 1735 2364 S.
1759 2306 1866 2380 Cy-

251 2399 435 2473 priani
460 2399 791 2471 octogesima
823 2399 992 2470 prima
1021 2399 1120 2472 (2).
1153 2400 1385 2457 Sanctus
1410 2400 1712 2472 Episcopus
1762 2401 1868 2455 ini-

255 2493 339 2548 tio
368 2491 536 2561 hujus
561 2491 820 2562 Epistola:
841 2507 952 2547 sua:
989 2500 1221 2548 testatur
1241 2491 1646 2548 confessoribus
1673 2492 1870 2562 quibus

251 2585 508 2656 Epistola
535 2583 626 2640 illa
646 2584 906 2654 inscripta
948 2593 1052 2651 est,
1080 2592 1331 2650 teStatur,
1361 2585 1601 2656 inquam,
1630 2585 1871 2641 lastitiam

261 2692 376 2751 qua
415 2677 852 2748 perfunderetur,
894 2677 938 2731 si
969 2677 1185 2748 quando
1225 2678 1511 2749 complecti
1557 2688 1742 2749 posset
1782 2679 1873 2733 illa

263 2770 516 2825 membra
561 2784 681 2840 quae
727 2782 918 2825 eorum
949 2768 1308 2825 confessionis
1339 2770 1700 2826 instrumenta
1753 2770 1872 2826 fue-

263 2873 437 2928 runt;
481 2861 527 2917 si
573 2861 811 2917 osculari
845 2869 1030 2932 posset
1073 2876 1168 2918 ora
1209 2862 1298 2917 illa
1334 2877 1456 2932 qua:
1503 2877 1701 2918 nomen
1744 2862 1874 2918 Jesu

276 2955 476 3011 Christi
504 2955 738 3026 gloriose
771 2956 1020 3012 confessa
1049 2965 1215 3022 sunt;
1244 2955 1290 3012 si
1317 2966 1502 3026 posset
1537 2956 1780 3028 conspici
1806 2956 1875 3013 ab

273 3049 448 3105 oculis
514 3049 622 3105 illis
671 3049 763 3120 qui
792 3091 809 3119 ,
882 3049 1140 3120 despecto
1188 3049 1430 3119 sacculo,
1487 3049 1875 3122 conspicienda

267 3139 383 3196 Deo
409 3140 558 3211 digni
603 3142 901 3198 extiterunt
934 3159 946 3195 :
985 3160 1004 3194 ‹
1037 3141 1175 3210 Quid
1211 3141 1342 3197 mihi
1369 3144 1624 3212 optatius,
1656 3160 1676 3195 »
1703 3143 1876 3212 inquit

267 3236 365 3291 ille
396 3233 500 3308 (3),
538 3254 556 3288 ι
592 3244 648 3292 et
673 3235 942 3292 laetius...
972 3251 1132 3308 quam
1182 3247 1239 3290 ut
1267 3236 1660 3308 complecterer
1685 3251 1876 3293 manus

268 3329 393 3384 illas
421 3346 663 3400 quae....,
706 3330 1036 3386 Dominicam
1083 3329 1244 3386 fidem
1281 3340 1581 3399 servantes,
1612 3331 1872 3403 sacrilega

266 3423 534 3495 obsequia
573 3424 942 3496 respuerunt?
975 3422 1114 3490 Quid
1151 3422 1445 3493 jucundius
1486 3433 1540 3480 et
1567 3424 1869 3489 sublimius,

268 3534 437 3590 quam
468 3517 704 3573 osculari
737 3532 832 3571 ora
866 3517 956 3570 illa
985 3531 1108 3588 qua:
1148 3517 1384 3587 gloriosa
1430 3531 1562 3573 voce
1590 3517 1872 3574 Dominum

270 3611 526 3668 confessa
550 3613 712 3667 sunt?
740 3631 760 3664 »
786 3610 1016 3666 Ridendi
1039 3611 1202 3682 igitur
1232 3625 1340 3666 non
1372 3609 1594 3675 erimus,
1621 3610 1668 3665 si
1687 3625 1750 3666 ex
1776 3610 1877 3667 hoc

271 3707 330 3764 S.
355 3707 612 3778 Cypriani
647 3706 956 3762 testimonio
992 3705 1381 3762 concludamus
1411 3712 1723 3762 sanctorum
1751 3706 1879 3761 reli-

273 3803 431 3874 quias
449 3816 572 3858 esse
593 3800 936 3856 honorandas
963 3817 977 3856 :
1011 3815 1152 3867 nam,
1184 3799 1230 3856 si
1261 3813 1446 3856 eorum
1465 3798 1727 3866 membra,
1749 3798 1880 3854 dum

273 3897 454 3952 adhuc
483 3895 536 3949 in
584 3894 720 3950 vivis
750 3901 940 3961 erant,
971 3893 1323 3949 veneratione
1363 3902 1518 3947 erant
1546 3891 1724 3963 digna,
1759 3905 1876 3945 ma-

265 3989 377 4061 jori
409 3987 627 4059 quidem
677 3987 837 4057 digna
868 3987 1078 4042 censeri
1104 3985 1304 4040 debent
1346 3992 1626 4055 postquam
1668 3982 1734 4037 ad
1767 3982 1884 4052 plu-

275 4100 369 4142 res
395 4085 797 4154 migraverunt,
825 4081 929 4137 nisi
955 4080 1141 4137 dicere
1168 4080 1416 4145 velimus,
1451 4095 1549 4150 per
1589 4076 1880 4148 gloriosam

271 4193 469 4234 eorum
501 4185 730 4231 mortem
779 4174 1042 4246 pretiosas
1067 4189 1258 4229 eorum
1285 4172 1542 4243 reliquias
1571 4170 1835 4226 vilescere
1866 4187 1879 4224 :

273 4283 329 4328 at
360 4279 550 4328 contra
592 4284 687 4341 per
715 4277 944 4326 mortem
976 4283 1175 4324 novum
1222 4267 1410 4338 gloria:
1435 4264 1660 4338 gradum
1701 4264 1887 4336 acqui-

277 4374 431 4424 runt.

316 4589 345 4656 §
373 4589 478 4643 VII.
502 4590 612 4641 Alia
635 4586 910 4654 disciplinae
933 4593 1111 4652 puncta
1139 4598 1204 4638 ex
1227 4585 1326 4637 divi
1356 4583 1580 4650 Cypriani
1602 4583 1856 4648 operibus.

354 4787 468 4846 LII.
503 4787 575 4842 De
601 4785 867 4842 Reditian
893 4782 1140 4838 Ecclesiae
1159 4790 1208 4837 et
1227 4796 1404 4836 eorum
1427 4777 1766 4835 astu—Suos
1787 4775 1891 4831 Ec-

285 4885 449 4941 clesia
493 4881 727 4938 habebat
785 4892 982 4935 census
1021 4885 1078 4932 et
1127 4875 1364 4942 reditus,
1399 4887 1536 4945 quos
1561 4872 1616 4926 in
1649 4869 1892 4942 singulos

293 4993 504 5033 menses
535 4974 750 5031 clericis
801 4971 1157 5028 distribuebat
1198 4968 1266 5023 ad
1310 4981 1498 5022 eorum
1546 4961 1895 5021 sustentatio-

296 5083 434 5123 ncm.
493 5065 916 5123 Distributiones
974 5064 1092 5117 ista:
1143 5059 1554 5130 appellabantur
1592 5070 1890 5121 mensurna,

287 5174 355 5217 ac
393 5162 435 5215 si
467 5159 623 5216 dicas
653 5157 895 5212 omnium
925 5152 1192 5210 mensium
1214 5149 1624 5207 distributiones
1650 5188 1667 5214 ,
1700 5145 1896 5217 quibus

284 5255 552 5311 carebant
595 5251 631 5307 ii
673 5249 856 5306 clerici
899 5248 989 5320 qui
1052 5248 1104 5301 in
1153 5243 1372 5316 aliquod
1421 5243 1625 5298 crimen
1660 5239 1897 5310 prolapsi

285 5359 467 5413 crant,
503 5346 588 5402 vel
621 5343 838 5415 proprio
885 5341 1095 5396 muneri
1125 5339 1443 5403 defuerant,
1479 5333 1556 5389 uti
1596 5333 1804 5388 eruitur
1831 5346 1899 5386 ex

289 5440 536 5514 Epistola
586 5435 847 5509 vigesima
873 5443 1088 5498 octava,
1123 5433 1175 5487 in
1201 5446 1308 5503 qua
1333 5428 1405 5484 ita
1431 5426 1671 5498 loquitur
1708 5424 1765 5482 S.
1796 5421 1902 5496 Cy-

366 5601 450 5675 (ι)
484 5557 612 5657 Vide
653 5599 851 5654 Hister.
882 5597 1153 5675 tlteojogic.
1182 5595 1371 5661 critic.,
1408 5599 1547 5664 part.
1583 5606 1641 5656 ιι,
1675 5603 1733 5659 p.
1766 5587 1898 5654 455,

295 5675 406 5729 454
427 5667 444 5736 ξ
469 5686 609 5744 part.
636 5688 733 5737 vtt,
767 5687 888 5741 pag.
915 5667 1042 5725 549.

374 5764 456 5836 (Ξ)
484 5765 760 5838 (Ζγρτίεηι11
791 5763 960 5838 Epist.
993 5775 1186 5838 sum,
1219 5767 1350 5813 tom.
1390 5769 1553 5838 ιιςρὼς.
1588 5753 1692 5808 424
1732 5768 1784 5818 c,
1816 5765 1899 5822 sq.

297 5826 448 5896 Vide
467 5826 605 5907 pa'r't.
629 5853 683 5892 χι
713 5826 853 5890 Hist:
880 5833 1036 5889 theol.
1059 5833 1223 5888 critic.
1233 5873 1247 5901 ,
1275 5844 1392 5902 pag.
1422 5826 1550 5897 268,
1570 5839 1719 5897 seqq.

374 5931 456 6003 (π)
488 5931 652 5996 Mem,
685 5930 786 5985 loc.
814 5928 903 5983 cit.

1748 396 2142 460 PREFATIO.

3459 434 3573 478 ιιιι

1978 524 2195 592 prianus
2223 524 2304 601 (I)
2337 544 2348 582 :
2386 546 2406 581 (
2441 529 2802 589 Desiderastis
2827 547 3041 606 quoque
3068 545 3125 592 ut
3157 535 3227 594 de
3254 536 3572 596 Pbilumeno

1974 625 2030 671 et
2055 616 2355 676 Fortunato
2375 620 2783 693 hypodiaconis,
2816 627 3154 682 etFavorino
3181 629 3456 700 acolytho,
3479 634 3574 701 qui

1975 711 2156 766 medio
2190 723 2434 785 tempore
2464 728 2830 786 recesserunt,
2857 729 2910 775 et
2939 735 3080 776 nunc
3127 731 3411 787 venerunt,
3444 723 3576 794 quid

1975 805 2108 860 mihi
2141 807 2426 877 videatur,
2481 812 2846 868 rescribam...
2887 813 3104 870 Interim
3133 830 3193 871 se
3236 831 3266 871 a
3313 817 3578 874 divisione

1974 913 2265 957 mensurna
2298 912 2503 960 tantum
2535 906 2872 974 contineant,
2899 923 3005 962 non
3029 911 3184 981 quasi
3215 926 3244 966 a
3273 910 3576 968 ministerio

1974 997 2342 1056 ecclesiastico
2389 1001 2581 1072 privati
2612 1017 2734 1059 esse
2772 1001 3056 1060 videantur
3078 1045 3094 1071 ,
3137 1005 3232 1060 sed
3263 1015 3321 1060 ut
3350 1006 3578 1078 integris

1973 1091 2224 1146 omnibus
2249 1093 2314 1148 ad
2345 1104 2584 1150 nostram
2619 1097 2960 1166 praesentiam
2986 1097 3362 1154 differantur.»
3389 1100 3574 1156 Altera

1973 1180 2166 1237 horum
2212 1185 2482 1241 redituum
2539 1203 2667 1258 pars
2719 1188 3131 1259 impendebatur
3176 1190 3232 1245 in
3277 1207 3576 1262 pauperum

1973 1274 2383 1348 eleemosynas;
2415 1280 2681 1351 siquidem
2712 1297 2775 1338 ea
2803 1291 2962 1338 :etate
2989 1293 3100 1338 tum
3131 1299 3396 1356 pauperes
3437 1301 3578 1342 enu-

1974 1369 2168 1426 triebat
2193 1371 2456 1439 Ecclesia,
2505 1375 2807 1444 praesertim
2857 1392 2953 1434 eos
2988 1396 3008 1430 (
3034 1380 3124 1449 qui
3155 1380 3207 1434 in
3237 1379 3343 1436 fide
3371 1390 3579 1437 stantes

1972 1470 2028 1517 et
2080 1463 2292 1521 fortiter
2341 1465 2655 1537 militantes,
2705 1477 2882 1525 castra
2933 1469 3132 1527 Christi
3184 1487 3293 1528 non
3343 1474 3578 1545 relique-

1973 1561 2100 1609 runt
2126 1555 2207 1626 (2)
2240 1573 2297 1625 »;
2361 1566 2474 1613 tum
2521 1560 2752 1616 miseros
2803 1562 3043 1618 artifices
3086 1563 3351 1634 juvabat,
3399 1566 3580 1636 aliqua

1973 1648 2449 1720 snbministrando,
2475 1663 2533 1709 ut
2559 1657 2831 1727 propriam
2848 1667 3021 1713 artem
3044 1669 3266 1728 possent
3291 1676 3576 1718 exercere.

1975 1741 2127 1797 Hanc
2151 1744 2411 1800 Ecclesiae
2431 1746 2750 1804 charitatem
2778 1764 2902 1821 erga
2934 1765 3201 1821 pauperes
3230 1755 3363 1808 satis
3389 1762 3579 1824 aperte

1973 1837 2214 1893 insinuat
2240 1838 2484 1909 Epistola
2516 1840 2572 1897 S.
2605 1841 2859 1915 Cypriani
2882 1844 2947 1899 ad
2979 1845 3327 1902 Euchratium
3347 1890 3362 1918 ,
3395 1848 3447 1902 in
3471 1863 3578 1919 qua

1973 1945 2282 1987 sermonem
2314 1931 2521 1990 habens
2546 1935 2613 1990 de
2635 1937 2868 2007 quodam
2894 1939 3159 1995 histrione
3178 1983 3192 2005 ,
3219 1957 3378 2012 quem
3403 1943 3470 1999 ab
3490 1944 3575 1999 in—

1975 2021 2104 2077 fami
2137 2023 2226 2078 illa
2256 2033 2372 2080 arte
2403 2041 2660 2084 revocare
2687 2029 2922 2096 volebat,
2943 2031 3117 2102 inquit
3144 2031 3263 2105 (5):
3299 2053 3318 2086 (
3345 2033 3500 2103 Quod
3528 2035 3576 2091 si

1975 2114 2099 2170 talis
2126 2115 2408 2185 penuriam
2441 2127 2495 2174 et
2521 2120 2899 2178 necessitatem
2932 2125 3263 2193 paupertatis
3293 2127 3562 2193 obtendit,

1977 2217 2152 2276 potest
2179 2207 2321 2263 inter
2357 2218 2584 2266 caeteros
2609 2213 2701 2284 qui
2729 2213 2997 2270 alimentis
3023 2215 3280 2273 Ecclesia:
3305 2219 3579 2275 sustinen-

1977 2307 2080 2365 tur,
2117 2301 2275 2371 hujus
2306 2318 2520 2374 quoque
2544 2307 2840 2362 necessitas
2865 2307 3165 2378 adjuvari.»
3199 2309 3399 2366 Verum
3427 2311 3577 2367 elee-

1976 2406 2219 2464 mosynae
2261 2394 2370 2449 illae
2400 2395 2696 2452 moderatae
2725 2406 2881 2454 erant
2929 2408 2984 2455 et
3031 2399 3415 2471 frugalioribus
3443 2403 3579 2460 cibis

1976 2487 2215 2541 contenti
2256 2502 2378 2544 esse
2423 2488 2699 2547 debebant
2747 2506 3036 2562 pauperes,
3080 2501 3138 2548 ut
3188 2493 3331 2549 idem
3359 2504 3578 2552 sanctus

1979 2577 2178 2636 Doctor
2202 2579 2402 2636 ibidem
2435 2583 2597 2638 tradit
2628 2602 2639 2636 :
2677 2601 2695 2635 (
2721 2581 2779 2640 Si
2811 2593 2990 2640 tamen
3020 2594 3310 2643 contentus
3337 2587 3461 2654 sit,»
3493 2588 3584 2643 in-

1978 2671 2092 2740 quit
2121 2672 2210 2726 ille
2235 2673 2425 2729 eodem
2444 2673 2511 2730 de
2541 2675 2804 2732 histrione
2829 2677 3054 2746 loquens
3074 2720 3088 2745 ,
3127 2697 3146 2730 (
3174 2677 3578 2751 frugalioribus,

1979 2763 2075 2819 sed
2105 2765 2485 2823 innocentibus
2511 2767 2666 2824 cibis.
2706 2788 2725 2822 »
2781 2769 2938 2837 Quod
2968 2779 3146 2826 autem
3183 2787 3450 2842 pauperes
3487 2788 3581 2828 ar-

1981 2857 2155 2914 tiﬁces
2172 2861 2373 2929 juvarit
2393 2861 2636 2918 Ecclesia
2661 2903 2674 2924 .
2715 2863 2969 2932 probatur
2995 2867 3318 2920 auctoritate
3333 2864 3580 2934 ejusdem

1979 2950 2151 3005 sancti
2179 2951 2454 3022 Episcopi,
2485 2954 2575 3024 qui
2605 2955 2832 3024 epistola
2881 2970 2990 3021 xu,
3026 2955 3104 3011 sic
3141 2970 3236 3011 eos
3283 2955 3582 3026 alloquitur

1979 3044 2047 3098 ad
2079 3059 2215 3114 quos
2247 3044 2487 3115 Epismla
2530 3046 2620 3102 illa
2652 3048 2956 3119 conscripta
2985 3058 3070 3104 est
3099 3048 3180 3119 (λι)
3208 3065 3220 3102 :
3259 3067 3278 3101 ‹
3327 3050 3440 3119 Ego
3485 3063 3582 3104 vos

1983 3154 2079 3208 pro
2114 3155 2200 3194 me
2235 3139 2466 3196 vicarios
2504 3141 2662 3208 misi,
2716 3149 2776 3196 ut
2813 3143 3197 3213 expungeretis
3228 3143 3582 3198 necessitates

1982 3230 2208 3286 fratrum
2240 3239 2550 3287 nostrorum
2595 3233 2933 3304 sumptibus,
2977 3233 3021 3288 si
3051 3234 3141 3305 qui
3181 3233 3343 3289 etiam
3377 3233 3583 3291 vellent

1981 3338 2108 3380 suas
2129 3335 2274 3381 artes
2301 3341 2579 3394 exercere,
2612 3325 3006 3396 additamenta,
3037 3337 3300 3397 quantum
3330 3328 3460 3383 satis
3489 3343 3582 3384 es-

1981 3428 2088 3488 set,
2119 3419 2404 3488 desideria!
2431 3436 2618 3476 eorum
2646 3421 2928 3490 juvaretis.
2980 3440 3000 3474 »
3045 3421 3250 3478 Idcirco
3295 3421 3480 3489 corba,
3528 3421 3582 3477 id

1981 3520 2067 3568 est
2095 3513 2315 3582 capsula
2337 3512 2700 3584 eleemosynis
2725 3511 3057 3582 excipiendis
3087 3512 3141 3568 in
3173 3512 3390 3582 templis
3410 3527 3582 3582 pone-

1982 3603 2141 3659 batur
2168 3602 2272 3676 (5).
2304 3603 2539 3669 Fideles,
2573 3603 2676 3660 etsi
2699 3619 2986 3674 pauperes,
3025 3622 3044 3654 ι
3071 3605 3352 3660 materiam
3375 3620 3474 3675 pro
3497 3619 3586 3661 sa-

1982 3698 2189 3755 crificio
2221 3717 2240 3750 »
2278 3697 2694 3769 suppeditabant
2721 3695 2838 3771 (6):
2870 3697 3144 3754 «Decimas
3169 3717 3189 3751 »
3221 3699 3384 3755 etiam
3405 3699 3585 3756 solve-

1983 3794 2113 3850 bant
2135 3790 2242 3862 (τ).

2055 3886 2186 3944 LIII.
2221 3887 2296 3942 De
2321 3885 2459 3943 Cura
2482 3887 3061 3958 inﬁrmorum—Inter
3085 3888 3366 3944 ministros
3394 3888 3586 3944 Eccle-

1987 3981 2083 4034 siae
2115 3987 2263 4036 erant
2291 3981 2491 4051 quibus
2519 3995 2650 4036 cura
2679 3979 3006 4036 demandata
3037 3990 3155 4036 erat
3174 3981 3455 4037 deferendi
3477 3980 3588 4036 Eu-

1987 4072 2296 4130 charistiam
2317 4073 2645 4145 pauperibus
2658 4083 2713 4130 et
2732 4074 2980 4141 infirmis,
2997 4083 3052 4130 et
3075 4074 3314 4146 tingendi
3333 4073 3588 4129 catechnc

1990 4180 2179 4221 nienos
2210 4165 2276 4220 ad
2309 4176 2543 4222 mortem
2571 4175 2920 4238 aegrotantes.
2951 4166 3102 4222 «Alia
3125 4181 3246 4236 qua:
3268 4166 3591 4221 incumbunt

1989 4260 2143 4315 vobis
2165 4279 2183 4312 »
2220 4259 2409 4314 scribit
2432 4259 2610 4315 clerus
2640 4260 2916 4314 Romanus
2940 4259 3045 4330 (8),
3073 4277 3094 4310 ‹
3123 4258 3288 4314 etiam
3319 4258 3435 4327 ipsa
3461 4257 3590 4313 sub-

1992 4348 2263 4415 didimus;
2296 4358 2355 4405 ut
2396 4351 2443 4405 si
2471 4351 2560 4418 qui
2597 4352 2650 4405 in
2681 4350 2821 4404 hanc
2851 4349 3203 4405 tentationem
3247 4347 3588 4417 inciderunt,

1992 4445 2258 4516 coeperint
2286 4443 2621 4516 apprehendi
2651 4443 2963 4500 infirmitate
2982 4485 2998 4510 ,
3031 4452 3087 4500 et
3126 4452 3292 4514 agant
3319 4444 3594 4514 paeniten-

1993 4538 2122 4596 tiam
2163 4536 2290 4593 facti
2321 4537 2437 4604 sui,
2472 4545 2528 4592 et
2556 4535 2873 4592 desiderent
2899 4535 3339 4590 communionem
3361 4576 3376 4599 ,
3409 4535 3596 4604 utique

1993 4629 2270 4688 subveniri
2299 4629 2382 4685 eis
2408 4628 2604 4685 debet:
2630 4628 2745 4684 sive
2766 4626 2962 4694 viduae,
2985 4626 3099 4682 sive
3125 4625 3444 4681 tlilibomeni
3466 4665 3480 4688 ,
3503 4625 3597 4694 qui

1997 4740 2057 4783 se
2098 4723 2359 4782 exhibere
2398 4738 2506 4779 non
2545 4732 2803 4795 possunt,
2849 4722 2964 4778 sive
2992 4720 3048 4776 hi
3078 4721 3169 4792 qui
3199 4721 3254 4774 in
3283 4718 3594 4774 carceribus

1997 4828 2156 4886 sunt,
2191 4818 2306 4874 sive
2334 4817 2538 4873 exclusi
2570 4832 2598 4870 a
2631 4816 2852 4872 sedibus
2881 4815 3028 4880 suis,
3063 4812 3252 4883 utique
3280 4810 3468 4867 haberi
3496 4809 3596 4866 de-

1999 4910 2125 4966 bent
2144 4952 2160 4978 ,
2187 4910 2276 4980 qui
2306 4910 2386 4965 eis
2413 4907 2743 4964 ministrent.
2772 4905 2881 4962 Sed
2908 4914 2963 4960 et
2991 4903 3367 4960 cateclmmeni
3399 4917 3598 4975 appre-

2001 5002 2152 5061 hensi
2181 5005 2232 5059 in
2261 5002 2577 5059 infirmitate
2600 4999 2811 5071 decepti
2832 5013 2954 5056 esse
2980 5013 3087 5055 non
3109 4997 3413 5065 debebunt,
3442 5003 3501 5051 ut
3521 4995 3602 5051 eis

1999 5097 2367 5154 subveniatur.
2398 5114 2417 5148 »

2073 5187 2208 5244 LIV.
2237 5187 2517 5262 Sportulw.
2548 5218 2621 5229 —
2645 5186 2849 5241 Praeter
2891 5185 3144 5256 superius
3184 5181 3482 5240 recensitas
3507 5196 3604 5236 cu-

2077 5326 2157 5400 (I)
2188 5323 2465 5400 Cyprian_._,
2491 5324 2596 5400 Ep1
2625 5335 2816 5388 xxvrn,
2868 5329 2997 5374 tom.
3025 5334 3096 5386 tv,
3122 5331 3172 5372 c.
3203 5315 3302 5372 501
3335 5331 3385 5369 ιι.
3415 5312 3600 5381 Conl.,

2005 5392 2318 5470 Eppium,
2347 5397 2472 5470 cqll.
2496 5392 2625 5458 520,
2652 5406 2768 5461 seq.

2078 5467 2158 5542 (‘2)
2187 5455 2353 5542 Idem,
2385 5466 2486 5542 Ep.
2513 5455 2745 5527 xxiv";
2770 5473 2902 5516 tom.
2937 5457 3146 5542 muco-1.
3173 5455 3278 5512 529
3307 5475 3359 5513 Α.

2188 5529 2356 5612 Idem,
2389 5529 2492 5612 Ep.
2521 5550 2634 5600 Lxr,
2670 5543 2804 5588 tom.
2832 5547 2906 5596 IV,
2932 5546 2982 5586 c.
3013 5529 3302 5612 3651513.

2081 5549 2138 5612 (5
2189 5549 2356 5603 Idem,
2391 5549 2492 5606 Ep.
2521 5550 2634 5600 LXI,
2670 5549 2804 5588 tom.
2832 5549 2906 5596 tv,
2932 5549 2982 5586 c.
3013 5549 3140 5594 δυο,
3165 5549 3220 5613 it,
3251 5549 3302 5582 Β.

2080 5549 2161 5681 μζ
2190 5610 2357 5684 Idem,
2384 5607 2486 5684 Ep.
2517 5621 2753 5684 sxxnvm,
2785 5614 2916 5684 tom.
2951 5617 3021 5664 tv,
3045 5616 3094 5684 c.
3129 5599 3235 5654 300
3263 5617 3314 5655 Α.

2107 5670 2164 5751 5)
2192 5670 2358 5744 Idem,
2384 5670 2476 5734 lib.
2511 5679 2573 5734 de
2603 5676 2705 5748 ορ.
2736 5685 2781 5730 et
2814 5673 3032 5738 Elcem.,
3063 5681 3194 5726 tom.
3229 5688 3303 5738 tv,
3327 5687 3377 5728 c.
3409 5670 3513 5727 612
3556 5684 3605 5724 Β.

2107 5685 2164 5751 5)
2192 5685 2358 5744 Idem,
2385 5685 2476 5734 lib.
2511 5695 2524 5731 t

2081 5685 2165 5825 (ὃ)
2189 5751 2360 5825 Idem,
2388 5751 2524 5825 ibid.

2086 5755 2143 5825 (6
2194 5755 2360 5814 Idem,
2395 5755 2524 5804 ibid.
3350 5815 3360 5826 ‘

2083 5755 2167 5897 (7g
2189 5822 2372 5897 I_dcin._
2386 5821 2477 5877 lib.
2509 5822 2572 5876 de
2603 5819 2745 5897 Upit.
2779 5815 2952 5897 Eccl.,
2972 5825 3112 5897 tom.
3142 5830 3231 5897 tv,
3258 5829 3307 5872 c.
3329 5811 3506 5897 biga.
3597 5871 3615 5889 .

2089 5883 2322 5972 (8)Cler.
2341 5891 2498 5951 Rom.
2518 5891 2658 5963 apud
2673 5889 2953 5964 Cyprian.,
2972 5887 3073 5962 Ep.
3093 5903 3149 5959 ιι,
3168 5895 3291 5960 t.1v,
3307 5900 3356 5943 c.
3372 5883 3481 5940 227
3501 5899 3598 5954 in»
