3866 6278
341 391 431 430 ῑ.νιι
1223 441 1232 450 _
1791 395 2180 458 ΡΒΙΕΡΔΪΙΟ.

341 489 537 562 jusque
560 495 761 549 mensis
787 497 1214 567 distributiones,
1241 503 1360 562 alia:
1403 506 1623 580 insuper
1644 521 1800 570 erant
1819 528 1941 584 quae

345 582 679 639 vocabantur
707 589 988 656 sportulae,
1019 599 1073 644 et
1103 592 1192 661 qui
1225 607 1414 656 eorum
1463 601 1752 680 participes
1789 582 1950 664 erant

344 672 560 742 clerici,
612 678 953 746 sportulantes
1023 672 1473 754 appellabantur:
1525 690 1657 752 Vide
1706 711 1826 766 qua:
1879 695 1948 752 de

342 763 495 822 hisce
523 765 685 823 habet
714 767 869 824 divus
897 771 1202 843 Cyprianus
1230 775 1283 832 in
1314 795 1407 834 sua
1449 781 1690 852 Epistola
1724 763 1796 842 ad
1827 785 1946 846 Cle-

344 856 456 912 lum
498 858 850 916 Furnensem.
883 861 1088 919 Verum
1129 865 1285 924 fateri
1327 871 1588 930 debemus
1632 877 1690 933 S.
1724 877 1949 952 Cypria-

343 963 471 1004 num
511 949 652 1006 haud
697 953 986 1025 perspicue
1025 969 1262 1015 mentem
1307 979 1459 1020 suam
1499 972 1778 1038 aperuisse
1806 974 1947 1030 circa

339 1041 503 1097 hasce
551 1046 858 1114 Sportulas;
885 1055 1119 1105 'necnon
1163 1063 1413 1112 auctores
1471 1063 1561 1131 qui
1599 1061 1666 1118 de
1710 1064 1817 1120 illis
1864 1066 1948 1124 Io-

342 1143 599 1204 quuntur,
632 1153 740 1194 non
771 1140 906 1196 satis
935 1153 1123 1214 aperte
1154 1145 1365 1219 seipsos
1396 1154 1707 1226 explicare,
1741 1168 1799 1212 ut
1827 1175 1951 1228 pos-

339 1228 509 1285 simus
559 1229 689 1286 inde
731 1233 932 1304 aliqttid
970 1237 1106 1292 certi
1149 1237 1252 1296 hac
1295 1241 1348 1297 in
1389 1260 1447 1300 re
1475 1247 1720 1304 delinire.
1753 1249 1952 1309 Censet

339 1319 603 1390 Rigaltius
631 1340 650 1374 ι
676 1323 863 1379 haberi
888 1327 940 1380 in
964 1328 1174 1386 honore
1201 1335 1640 1408 sportulantium,
1673 1359 1692 1398 ›
1721 1343 1798 1397 uti
1819 1345 1953 1400 scri-

338 1411 420 1466 bit
447 1411 503 1468 S.
526 1413 861 1484 Cyprianus,
886 1417 1028 1475 idem
1056 1436 1180 1478 esse
1199 1437 1261 1480 ac
1287 1428 1606 1501 participem
1635 1432 1751 1503 ﬁeri
1773 1435 1954 1506 cujus-

337 1501 464 1558 dam
497 1505 787 1574 peculiaris
817 1509 1251 1584 distributionis,
1293 1534 1413 1590 qua)
1454 1520 1664 1578 diversa
1687 1501 1845 1583 esset
1883 1530 1952 1588 ab

339 1595 431 1652 illa
459 1612 578 1667 quae
604 1600 905 1670 appellatur
931 1603 999 1659 ab
1023 1606 1217 1662 eodem
1245 1621 1432 1667 sancto
1459 1613 1692 1673 Doctore
1717 1635 1734 1669 ι
1760 1619 1952 1689 divisio

340 1706 660 1761 mensurae,
682 1713 702 1747 ι
728 1711 848 1767 quae
873 1709 993 1754 erat
1017 1699 1328 1759 distributio
1351 1710 1657 1776 generalis:
1689 1728 1788 1770 nos
1821 1730 1952 1780 vero

344 1783 707 1841 libentissime
758 1789 1142 1862 adiungimus,
1200 1799 1553 1868 pauperiores
1605 1803 1952 1876 solummodo

337 1876 568 1933 clericos
598 1879 757 1950 hujus
809 1884 1098 1951 peculiaris
1127 1887 1526 1948 distributionis
1573 1892 1740 1960 fuisse
1785 1900 1950 1970 parti-

340 1970 517 2040 cipes,
559 1989 720 2043 quam
770 1974 1257 2036 etiormabantillte
1307 1982 1546 2040 ﬁdelium
1589 1989 1953 2064 eleemosynte

344 2081 464 2138 quae
491 2068 547 2123 in
574 2069 717 2124 arcis
746 2072 1167 2140 reponebantur.
1195 2075 1350 2131 Area:
1379 2080 1493 2134 ἰδίω
1517 2096 1638 2137 cum
1667 2083 1838 2141 instar
1862 2103 1956 2143 cu-

339 2157 555 2226 jusdam
576 2161 774 2215 calathi
805 2174 1007 2231 essent,
1034 2166 1364 2224 vocabantur
1399 2191 1417 2224 (
1444 2174 1703 2243 sportulae
1726 2197 1745 2231 ›
1771 2195 1784 2232 :
1815 2181 1954 2237 unde

349 2269 369 2302 ι
399 2253 766 2323 sportulantes
793 2274 812 2307 ι
843 2255 974 2311 dicti
1006 2259 1097 2327 qui
1131 2260 1198 2314 ab
1227 2260 1374 2317 hisce
1404 2264 1768 2340 eleemosynis
1791 2271 1955 2328 habe-

351 2345 481 2401 bant
508 2347 650 2402 unde
680 2347 732 2402 in
777 2359 931 2419 parte
955 2351 1288 2409 victitarent.
1322 2353 1528 2427 Opinor
1575 2372 1753 2418 autem
1779 2409 1792 2434 ,
1829 2381 1956 2436 pro-

344 2450 464 2510 pter
502 2443 829 2512 peculiarem
872 2445 1011 2501 hanc
1055 2447 1489 2510 distributionem
1540 2470 1807 2527 pauperes
1844 2459 1956 2516 cle-

348 2533 491 2588 ricos
534 2549 872 2606 nequaquam
914 2538 1147 2608 rejectos
1177 2541 1342 2599 fuisse
1367 2560 1396 2599 a
1425 2548 1663 2616 generali
1693 2550 1957 2623 cujusque

345 2625 552 2681 mensis
592 2627 1004 2696 distributione,
1058 2646 1178 2705 quae
1220 2637 1504 2693 constabat
1548 2647 1660 2695 tum
1699 2641 1955 2702 Ecclesiae

347 2718 637 2786 reditibus,
693 2729 805 2777 tum
832 2723 898 2778 iis
936 2740 1056 2794 qua:
1095 2727 1163 2780 ad
1192 2729 1332 2784 eleri
1362 2735 1807 2792 sustentationem
1837 2739 1955 2809 qui-

347 2811 479 2867 libet
517 2813 692 2869 fidelis
727 2817 1073 2874 contribuere
1103 2823 1407 2879 tenebatur.

420 2904 531 2961 LV.
585 2906 748 2962 Horat:
772 2912 1055 2967 canonicaa.
1086 2943 1158 2953 --
1187 2915 1392 2971 Praeter
1421 2927 1530 2974 tres
1558 2919 1664 2976 dici
1696 2921 1856 2978 horas
1887 2923 1954 2979 ad

347 2999 620 3068 publicam
672 3016 885 3070 precem
931 3003 1243 3076 designatas
1265 3049 1280 3072 ,
1313 3011 1525 3066 tertiam
1559 3013 1789 3086 scilicet,
1828 3029 1953 3070 sex-

349 3099 457 3145 tam
487 3101 544 3146 et
573 3107 794 3159 nonam,
829 3094 884 3149 S.
919 3093 1224 3167 Cyprianus
1251 3111 1520 3157 memorat
1548 3106 1753 3176 pariter
1783 3117 1954 3164 matu-

351 3185 556 3251 tinum,
591 3186 843 3256 inquiens
892 3188 973 3260 (1)
1006 3196 1180 3264 mane;
1208 3193 1472 3248 orandum
1495 3239 1508 3264 ,
1542 3207 1598 3251 ut
1626 3203 1956 3260 resurrectio

349 3278 562 3333 Domini
591 3280 854 3334 matutina
883 3283 1133 3337 oratione
1162 3285 1488 3343 celebretur.
1526 3290 1787 3361 Loquitur
1817 3295 1955 3362 pari-

347 3380 428 3424 ter
453 3370 520 3424 de
547 3371 648 3424 alia
676 3372 923 3427 oratione
948 3374 1013 3427 ad
1045 3374 1152 3429 dici
1180 3377 1340 3433 linem
1367 3378 1502 3435 facta
1526 3398 1539 3448 ;
1569 3384 1710 3455 quod
1741 3386 1952 3456 quidem

348 3463 400 3516 in
449 3478 568 3518 eam
626 3479 836 3532 precem
885 3467 1075 3521 recidit
1122 3483 1279 3538 quam
1309 3487 1564 3544 vesperas
1595 3478 1952 3548 appellamus.

349 3553 572 3625 Insuper
602 3555 791 3624 ignoro
817 3570 883 3610 an
912 3556 980 3612 de
1010 3559 1205 3629 vigiliis
1230 3563 1575 3635 interpretari
1607 3577 1789 3640 posset
1812 3569 1955 3640 quod

346 3647 515 3701 habet
541 3647 738 3703 ibidem
765 3660 986 3706 sanctus
1008 3652 1203 3709 Doctor
1219 3665 1276 3712 et
1293 3658 1481 3714 scribit
1505 3659 1573 3715 de
1595 3661 1840 3730 precibus
1859 3681 1954 3718 no-

348 3740 555 3796 cturnis
580 3740 683 3813 (2).
711 3743 918 3810 Quibus
943 3759 1074 3802 sane
1102 3750 1321 3818 positis,
1354 3751 1616 3808 habemus
1646 3771 1834 3812 omnes
1859 3757 1955 3814 lto-.-

348 3848 438 3888 ras
464 3833 788 3900 canonicas,
821 3843 865 3889 si
901 3838 1124 3906 primam
1154 3851 1208 3895 et
1251 3845 1661 3912 completorium
1694 3849 1952 3920 excipias.

351 3925 553 3981 Praeter
578 3927 674 3980 has
701 3927 944 3996 publicas
972 3944 1194 3999 preces,
1223 3933 1342 3989 alia:
1367 3945 1525 3991 erant
1549 3951 1669 4008 qua:
1699 3940 1749 3993 in
1776 3941 1955 4010 priva-

349 4025 525 4072 torum
566 4019 770 4074 rudibus
813 4021 1043 4087 flebant,
1091 4025 1164 4079 uti
1207 4037 1324 4082 erat
1367 4031 1541 4084 oratio
1569 4042 1695 4088 ante
1732 4033 1949 4103 cibum,

350 4110 504 4180 cujus
531 4111 776 4168 meminit
802 4112 860 4167 S.
889 4111 1192 4184 Cyprianus
1218 4118 1270 4172 in
1300 4133 1398 4175 suo
1426 4128 1653 4178 tractatu
1678 4124 1742 4180 ad
1771 4126 1950 4182 Dona-

352 4210 460 4257 tum
491 4201 600 4276 (5),
636 4212 692 4259 et
718 4219 878 4276 quam
903 4207 1150 4277 perhibet
1179 4209 1321 4268 idem
1353 4225 1572 4271 sanctus
1604 4217 1804 4274 Doctor
1836 4221 1952 4276 vel-

352 4295 429 4350 uti
459 4297 907 4354 consuetudinem
937 4314 1038 4356 suo
1063 4316 1180 4357 aevo
1208 4304 1314 4374 iam
1347 4308 1788 4366 vetustissimam.

424 4388 558 4443 LVI.
591 4389 672 4444 De
695 4392 971 4448 visionibus
996 4395 1321 4463 ﬁdetium.—
1347 4399 1428 4454 Ex
1455 4400 1700 4470 pluribus
1726 4417 1951 4474 operum

353 4480 412 4536 S.
439 4479 691 4552 Cypriani
721 4483 853 4539 locis
880 4499 1103 4556 apparet
1126 4491 1441 4557 manifeste,
1472 4507 1586 4547 aevo
1613 4509 1712 4549 suo
1740 4513 1758 4547 ‹
1784 4497 1953 4551 visio-

351 4589 448 4629 nes
493 4574 692 4628 multas
733 4583 789 4629 et
833 4576 1146 4634 manifestas
1192 4580 1361 4636 factas
1392 4597 1513 4638 esse
1543 4583 1658 4655 (4),
1695 4595 1750 4640 et
1789 4588 1950 4652 etiam

348 4680 642 4737 puerorum
668 4665 928 4721 innocens
952 4676 1082 4723 aetas
1110 4669 1162 4724 in
1191 4672 1361 4726 extasi
1388 4673 1533 4729 videt
1559 4675 1749 4743 oculis,
1782 4685 1838 4732 et
1859 4693 1952 4733 au-

349 4758 458 4825 dit,
483 4767 541 4815 et
564 4758 800 4830 loquitur
829 4773 892 4814 ea
916 4759 1111 4830 quibus
1141 4777 1239 4818 nos
1264 4763 1520 4822 Dominus
1547 4766 1755 4826 minore
1785 4779 1839 4826 et
1871 4771 1951 4828 in-

451 4953 505 5042 i)
533 4953 698 5042 Cypra
720 4995 734 5019 ,
755 4952 1038 5042 ideIOizat.
1074 4955 1256 5042 Dom.,
1279 4969 1318 5015 t.
1343 4975 1419 5030 IV,
1451 4977 1500 5017 c.
1527 4963 1654 5042 545,
1681 4983 1730 5033 Β,
1750 4983 1802 5035 c,
1828 4985 1942 5042 seq.

423 4956 474 5084 (1
533 4953 698 5026 Cypr.
720 4995 734 5019 ,
759 4954 866 5010 Lde
892 4953 1038 5011 Orat.
1074 4955 1254 5026 Dom.,
1279 4969 1318 5015 t.
1343 4975 1419 5030 IV,
1451 4977 1500 5017 c.
1527 4963 1654 5032 545,
1681 4983 1730 5033 n,
1750 4983 1802 5035 c,
1828 4985 1942 5042 seq.

431 4953 505 5102 βξ
535 5025 582 5080 Ν
592 5026 699 5080 ulla
712 5027 826 5103 sint
854 5027 994 5103 horis
1024 5033 1284 5103 nocturnis
1313 5049 1520 5103 precum
1549 5036 1772 5103 damna;
1802 5043 1947 5097 nulla

352 5085 642 5154 orationum
671 5099 818 5180 pigro
845 5107 890 5179 et
915 5099 1098 5168 ignava
1123 5085 1943 5180 dispendio;

352 5188 402 5227 c.
433 5171 561 5238 545,
591 5187 642 5224 Α.
674 5168 1007 5240 Christianos
1040 5168 1214 5226 noctu
1237 5168 1530 5232 conventus
1569 5178 1819 5238 habuisse
1858 5168 1945 5240 res

351 5245 483 5298 satis
529 5235 674 5319 nota.
718 5235 1015 5319 Nocturnus
1051 5248 1431 5319 convocationes
1470 5235 1704 5319 appellat
1732 5235 1946 5311 Tenui:

350 5314 526 5367 lianus
557 5311 650 5384 lib.
672 5327 720 5384 Β
763 5311 825 5384 ad
878 5309 1132 5384 Uxorem.
1166 5309 1518 5373 Antelucanos'
1542 5309 1700 5376 vocat
1740 5309 1946 5384 Plinius

354 5383 412 5437 in
443 5383 543 5452 Ep.
571 5383 640 5466 ad
671 5379 898 5463 Trajan.“
921 5383 1028 5466 Sed
1057 5383 1276 5456 insuper
1294 5406 1360 5445 ex
1389 5393 1593 5458 privata
1620 5379 1941 5466 devotione,

353 5452 540 5508 ﬁdeles
569 5453 709 5507 lecto
739 5469 797 5536 se
810 5453 1125 5538 "eripiebant
1143 5498 1158 5524 ,
1182 5452 1236 5538 ζει
1268 5477 1357 5529 per
1385 5452 1581 5538 hostem
1612 5452 1943 5538 exsurgebaiti

352 5535 586 5602 oratum,
623 5531 681 5602 ut
707 5522 1151 5602 ait_Tertullian.i
1181 5522 1301 5584 loco
1345 5535 1694 5602 praelaudato.
1747 5522 1837 5594 Sic
1863 5522 1942 5597 in

354 5596 704 5665 Apolngetico
724 5610 759 5673 ε.
782 5593 865 5647 Ita
902 5604 1219 5673 saturentur,
1249 5611 1303 5673 ut
1329 5593 1413 5673 qui
1443 5593 1775 5664 meminerint
1790 5593 1942 5666 etiam

351 5682 440 5734 per
470 5675 661 5720 noctem
693 5665 1012 5722 adorandum
1040 5668 1202 5725 Deum
1228 5671 1322 5726 sibi
1341 5665 1473 5729 'esse.

429 5737 504 5809 (5)
533 5739 812 5808 Cyprium,
833 5737 1003 5812 Epist.
1023 5743 1145 5808 t,ad
1166 5741 1442 5812 Donatum,
1467 5748 1539 5804 al.
1565 5749 1659 5810 lib.
1678 5754 1746 5808 ad
1763 5752 1939 5809 Dona-

353 5815 614 5884 tumtum.
643 5824 716 5876 IV,
731 5824 796 5884 _c.
828 5809 935 5864 222
959 5851 974 5878 ,
1007 5827 1037 5866 Β
1062 5853 1078 5879 ,
1109 5827 1224 5884 seq.

424 5878 502 5953 (4)
532 5878 697 5950 Idem,
729 5879 830 5953 Ep.
858 5893 970 5950 LIV,
1001 5878 1132 5940 tom.
1163 5878 1220 5956 tit
1245 5927 1260 5957 ,
1291 5902 1343 5945 c.
1375 5885 1581 5965 855,}.

3530 440 3579 479 XI
3599 441 3644 478 IV

2095 524 2275 574 truete
2299 517 2556 590 dignatur
2581 525 2683 597 (i).
2727 545 2747 579 ο
2772 523 2898 583 Illos
2925 545 3054 586 vero
3084 536 3436 604 reprehendit
3470 541 3645 610 quibus

2059 622 2119 666 ea
2147 613 2388 667 «somnia
2412 615 2636 672 ridicula
2651 628 2706 674 et
2721 621 2958 677 visiones
2973 624 3169 696 ineptae
3188 627 3507 702 videbantur
3524 634 3611 706 (2).
3625 657 3641 690 ι

2125 701 2427 762 Observare
2448 709 2652 778 pariter
2673 727 2960 784 possumus
2985 733 3050 774 ex
3071 719 3196 776 divo
3217 723 3507 796 Cypriane,
3531 730 3644 787 olim

2055 793 2238 862 nigras
2279 810 2458 856 vestes
2499 811 2739 875 tempore
2783 808 2958 864 luctus
2999 812 3050 867 in
3093 830 3193 870 usu
3230 816 3420 876 fuisse.
3464 822 3648 882 Scribit

2055 885 2198 942 enim
2229 888 2282 943 in
2312 899 2544 950 tractatu
2571 895 2638 952 de
2666 897 2986 959 Mortalitate
3009 904 3120 978 (5):
3153 926 3172 960 ι
3199 909 3490 970 Defunctos
3515 916 3648 973 desi-

2054 977 2270 1046 derari,
2303 999 2410 1042 non
2443 989 2621 1061 plangi
2653 992 2884 1061 debere,
2919 977 3025 1054 nec
3050 1002 3396 1072 accipiendas
3424 1022 3542 1065 esse
3571 1011 3648 1067 hic

2053 1083 2200 1132 atras
2225 1088 2433 1148 vestes,
2463 1084 2682 1152 quando
2710 1087 2786 1142 illi
2814 1088 2866 1143 in
2895 1092 3036 1148 ccelo
3067 1094 3379 1154 indumenta
3406 1101 3522 1157 alba
3546 1103 3647 1174 jam

2057 1180 2428 1240 sumpserunt.
2453 1191 2475 1226 ι

2595 1344 2989 1407 ARTICULUS
3028 1353 3117 1410 IV.

2499 1477 2783 1526 ANNALES
2830 1483 3222 1533 LITTERARII.

2307 1585 2334 1650 θ
2357 1587 2396 1638 Ι.
2419 1591 2657 1644 Litterarii
2681 1598 2926 1648 minorum
2950 1601 3151 1653 Patrum
3169 1604 3406 1663 Annales.

2690 1727 2910 1772 SECULO
2949 1734 3021 1774 IX.

2321 1886 2344 1920 ³
2601 1820 2750 1880 Circa
2777 1841 2971 1884 annum
2997 1832 3124 1890 850.

2132 1947 2318 2004 Cnan
2360 1967 2547 2010 UNICUS
2595 1959 2836 2018 ARNOBIO
2886 1995 2958 2006 —
3011 1967 3360 2032 Mmocuaus.
3424 1998 3444 2033 ι
3479 1979 3650 2038 Codex

2064 2044 2438 2099 tantummodo
2485 2049 2675 2106 unicus
2703 2053 2965 2114 hactenus
3011 2074 3258 2133 repertus
3289 2079 3392 2136 est,
3435 2089 3503 2129 ex
3558 2092 3651 2148 quo

2062 2132 2295 2202 primum
2326 2136 2482 2194 ﬂuxit
2505 2150 2561 2196 et
2589 2144 2809 2216 iterum,
2837 2132 3139 2224 iterumque
3169 2132 3443 2219 Arnobius
3472 2132 3649 2223 emen-

2061 2225 2220 2284 datus
2249 2239 2354 2295 est,
2403 2235 2493 2304 qui
2534 2235 2644 2306 jam
2690 2239 2744 2296 in
2792 2241 3124 2303 bibliotheca
3173 2254 3318 2323 regia
3367 2255 3652 2318 Parisiensi

2059 2332 2256 2377 exuat.
2303 2324 2610 2397 Optandum
2642 2348 2770 2389 vero
2815 2349 2992 2407 esset,
3025 2351 3081 2395 ut
3106 2342 3296 2401 doetus
3323 2349 3541 2422 aliquis,
3574 2356 3650 2418 cui

2061 2412 2238 2470 aditus
2260 2417 2327 2472 ad
2352 2420 2593 2478 codicem
2623 2427 2768 2482 hunc
2797 2431 3002 2500 regium
3046 2445 3225 2514 patet,
3257 2455 3379 2498 cum
3409 2412 3651 2504 accurate

2057 2507 2417 2581 describeret,
2442 2531 2549 2586 quo
2573 2522 2771 2575 sacculo
2802 2523 3037 2594 scriptus
3064 2543 3185 2584 esse
3215 2532 3465 2591 videatur
3491 2541 3650 2594 ratio-

2062 2601 2222 2656 nibus
2245 2603 2405 2674 justis
2431 2610 2706 2680 probaret,
2731 2614 2781 2668 in
2807 2617 2998 2685 primis
3025 2637 3157 2677 vero
3189 2641 3314 2688 num
3339 2625 3498 2685 foedis
3517 2633 3648 2688 adeo

2059 2694 2470 2756 cltaracteribus
2497 2713 2589 2759 aut
2614 2709 2896 2779 scriptum
2921 2718 3260 2784 compendiis
3287 2733 3536 2778 exaratos
3561 2726 3644 2790 sit,

2061 2797 2122 2844 ut
2149 2792 2310 2847 toties
2330 2808 2359 2848 a
2383 2795 2510 2851 viris
2535 2797 2821 2871 insigniter
2842 2805 3066 2862 eruditis
3084 2850 3096 2872 ,
3122 2825 3256 2880 quos
3281 2827 3378 2868 suo
3407 2815 3521 2868 loco
3545 2832 3640 2868 no-

2062 2883 2352 2951 minamus,
2381 2902 2479 2942 nec
2503 2905 2753 2959 umquam
2778 2895 2894 2950 sine
2919 2913 3052 2951 nova
3078 2901 3344 2959 variarum
3364 2905 3643 2962 lectionum

2061 2977 2226 3031 messi
2254 2982 2492 3035 exerceri
2526 2987 2760 3051 potuerit
2792 3005 2804 3041 :
2839 3005 2857 3040 ι
2888 2990 3002 3045 haec
3044 2992 3205 3048 habet
3235 2995 3306 3049 cl.
3345 2997 3423 3052 vir
3447 2997 3646 3054 Schoe-

2061 3081 2293 3123 nemann
2316 3112 2330 3135 ,
2366 3071 2480 3126 haec
2518 3075 2619 3128 etsi
2648 3089 2676 3129 a
2707 3076 2918 3134 duobus
2947 3096 3104 3153 supra
3137 3088 3349 3142 Sicaniis
3405 3106 3515 3145 uno
3565 3107 3642 3146 ore

2059 3159 2339 3230 requirant
2376 3171 2641 3236 quotquot
2661 3167 2971 3240 Minucium,
2997 3174 3362 3234 Arnobiumve
3385 3179 3645 3252 legerunt;

2063 3253 2336 3308 neminem
2363 3265 2545 3313 tamen
2578 3258 2860 3330 hactenus,
2889 3267 2943 3320 ni
2971 3267 3142 3332 fallor,
3175 3275 3418 3344 reperire
3449 3275 3545 3330 iuit
3567 3278 3648 3349 qui

2062 3341 2224 3397 hacin
2240 3356 2578 3405 restrenuam
2592 3367 2812 3423 operam
2829 3371 2962 3412 nava
2972 3371 3074 3427 ret,
3092 3379 3188 3418 nec
3203 3366 3420 3422 ultimus
3434 3367 3651 3426 Arnobii

2061 3435 2237 3490 editor
2257 3437 2306 3492 Ι.
2327 3439 2390 3494 C.
2433 3440 2623 3512 Orelli,
2649 3463 2746 3503 nec
2768 3464 2958 3506 recens
2980 3453 3193 3510 Minucii
3219 3459 3487 3530 interpres
3515 3464 3650 3536 Lug-

2060 3527 2321 3584 dunensis
2341 3573 2356 3598 ,
2387 3535 2580 3604 quibus
2625 3555 2733 3606 prae
2764 3543 3019 3597 omnibus
3049 3562 3142 3616 par
3188 3561 3302 3604 erat
3351 3551 3484 3608 hanc
3518 3557 3652 3610 acci-

2061 3637 2189 3691 pere
2217 3629 2570 3695 provinciam.
2601 3631 2828 3690 Cteteris
2859 3651 2988 3706 ergo
3017 3639 3395 3698 deficientibus
3420 3689 3434 3712 ,
3471 3648 3654 3716 paucis

2060 3731 2158 3783 pro
2182 3719 2321 3773 virili
2357 3721 2428 3776 de
2465 3724 2684 3794 hujusce
2719 3727 2923 3783 codicis
2959 3732 3102 3786 unici
3137 3735 3502 3810 descriptione
3529 3757 3652 3812 age-

2059 3824 2200 3863 mus.
2251 3810 2436 3867 Codex
2488 3816 2598 3881 ille,
2649 3819 2776 3874 olim
2811 3821 2862 3876 in
2895 3822 3193 3894 Vaticana,
3229 3844 3370 3885 nunc
3415 3847 3480 3886 ex
3513 3836 3652 3888 dono

2061 3901 2257 3958 Leonis
2286 3905 2444 3976 Papa:
2476 3908 2543 3971 Χ,
2571 3910 2622 3964 in
2652 3911 2817 3983 Regia
2853 3916 3144 3974 Parisiensi
3173 3921 3524 3992 bibliotheca,
3556 3929 3652 3982 sub

2061 4012 2208 4050 num.
2277 4000 2456 4068 1661,
2529 4015 2683 4060 antea
2742 4008 2924 4078 1544,
2971 4013 3055 4068 vel
3116 4014 3259 4072 3975
3305 4033 3646 4088 asservatus;

2061 4092 2388 4150 membranis
2436 4098 2659 4165 nitidis,
2707 4103 3050 4174 elegantibus
3101 4118 3157 4164 et
3209 4111 3433 4181 integris
3483 4116 3650 4171 solide

2059 4197 2402 4255 compactus;
2441 4189 2493 4244 in
2530 4189 2701 4248 forma
2723 4196 3036 4259 4“;duobus
3067 4200 3237 4258 ferme
3259 4204 3546 4274 pollicibus
3579 4208 3655 4264 al-

2061 4279 2166 4336 tior
2197 4282 2357 4350 paulo
2399 4299 2560 4354 quam
2591 4286 2782 4353 latior;
2813 4301 3034 4345 auratus
3087 4293 3140 4347 in
3191 4305 3342 4364 parte
3391 4300 3569 4354 antica
3604 4311 3656 4357 et

2060 4373 2341 4444 levigatus,
2395 4379 2596 4446 postica
2627 4395 2754 4435 vero
2787 4382 2956 4437 tribus
2986 4385 3165 4442 liliolis
3195 4391 3394 4444 auratis
3424 4391 3653 4450 distinc-

2058 4475 2174 4533 tus;
2211 4469 2384 4538 lignea
2419 4471 2619 4542 duplici
2649 4473 2871 4540 tabella,
2895 4478 3092 4533 avulsis
3142 4483 3421 4552 utriusque
3451 4484 3652 4554 fibulis,

2057 4563 2315 4632 stipatus;
2348 4562 2474 4620 hinc
2515 4575 2568 4621 et
2595 4565 2720 4622 inde
2753 4575 3064 4638 tegumenta
3111 4575 3336 4630 vestitus
3384 4578 3653 4647 vitulina,

2059 4654 2242 4725 nigro,
2281 4657 2443 4710 variis
2464 4656 2708 4727 insperso
2737 4664 3070 4718 ornamentis
3099 4665 3236 4720 inter
3255 4682 3375 4736 quae
3419 4671 3654 4725 emicant

2059 4757 2181 4802 nota
2205 4749 2417 4804 Ilenrici
2443 4748 2482 4802 Il
2500 4759 2554 4804 et
2573 4750 2755 4808 Diana:
2777 4754 3133 4813 Pictaviensis
3153 4766 3476 4823 stemmata;
3501 4761 3649 4816 nullo

2057 4840 2350 4912 inscriptus
2403 4841 2595 4909 titulo,
2646 4845 2746 4900 nisi
2796 4847 2899 4901 hoc
2941 4848 3060 4903 solo
3106 4850 3323 4906 nomine
3374 4867 3653 4920 annosus,

2056 4940 2166 4988 tum
2218 4931 2473 5002 operculo
2506 4944 2615 4990 tum
2667 4937 2842 5007 primo
2891 4938 3020 4994 folio
3069 4943 3328 5011 prmlixo;
3365 4944 3534 5000 tribus
3598 4956 3660 5004 et

2056 5022 2240 5094 viginti
2291 5033 2546 5083 constans
2592 5038 2715 5083 octo
2783 5027 3034 5085 foliorum
3095 5033 3390 5101 fasciculis,
3443 5036 3496 5090 in
3535 5039 3661 5108 qni-

2054 5114 2154 5170 bus
2209 5113 2316 5170 duo
2358 5117 2633 5188 sexaginta
2675 5119 2797 5176 folia
2846 5122 3176 5190 Arnobium,
3235 5135 3360 5180 octo
3413 5141 3540 5182 vero
3603 5139 3660 5186 et

2054 5209 2239 5281 viginti
2271 5207 2550 5265 Octavium
2600 5213 2899 5269 continent.
2957 5215 3082 5272 "(PC
3122 5228 3296 5278 autem
3349 5228 3474 5274 sunt
3502 5230 3661 5279 nota-

2051 5302 2240 5357 biliora
2275 5303 2702 5375 palamgraphica
2753 5314 2805 5360 et
2855 5311 3206 5376 grammatica
3248 5314 3435 5382 signa;
3480 5316 3661 5374 codex

2052 5394 2244 5449 unciali
2275 5409 2370 5450 seu
2402 5397 2652 5456 Carolino
2684 5397 2986 5455 minusculo
3047 5412 3323 5460 caractcre
3373 5416 3656 5480 cxaratnr,

2053 5487 2222 5542 nitido
2280 5505 2449 5552 sane,
2510 5502 2688 5559 puro,
2756 5499 2810 5544 et
2870 5495 3110 5564 apprime
3165 5497 3441 5568 genuino,
3505 5500 3657 5558 nulla

2049 5581 2412 5654 Merovingica
2449 5596 2549 5637 nec
2594 5581 2944 5640 Lombardica
2978 5587 3236 5643 varietate
3265 5590 3473 5655 mixto;
3528 5606 3652 5648 ma-

2146 5742 2197 5799 li
2226 5740 2331 5809 Id.,
2360 5741 2458 5811 Ep.
2489 5756 2542 5796 ιχ
2574 5782 2587 5804 ,
2618 5750 2746 5796 tom.
2780 5756 2858 5806 tv,
2887 5757 2934 5796 c.
2968 5742 3074 5796 255
3097 5783 3112 5806 ,
3144 5760 3198 5797 Α.

2142 5812 2198 5883 2)
2228 5811 2328 5881 Id.,
2359 5813 2458 5884 Ep.
2494 5828 2664 5884 Lx1x_,
2701 5821 2829 5884 tom.
2864 5827 2954 5884 ix,
2986 5828 3034 5866 c.
3066 5814 3193 5880 407,
3225 5837 3278 5877 Α,

2228 5879 2330 5965 Id.,
2361 5879 2585 5938 tractatu
2604 5881 2665 5935 de
2700 5879 3029 5937 Mortalitate.
3064 5891 3194 5940 tom.
3228 5908 3305 5956 ιγ,
3338 5903 3382 5945 c.
3423 5890 3647 5959 596,].
