  <div class='ocr_page' id='page_1' title='image "/cluster/home/n/w/nwhite01/storage/ocr_20150623/3/uva.x000669812/034.png"; bbox 0 0 3876 6282; ppageno 0'>
   <div class='ocr_carea' id='block_1_1' title="bbox 292 370 407 410">
    <p class='ocr_par' dir='ltr' id='par_1_1' title="bbox 292 370 407 410">
     <span class='ocr_line' id='line_1_1' title="bbox 292 370 407 410; baseline 0.009 -1"><span class='ocrx_word' id='word_1_1' title='bbox 292 370 407 410; x_wconf 72' lang='lat' dir='ltr'><strong>XLV</strong></span> 
     </span>
    </p>
   </div>
   <div class='ocr_carea' id='block_1_2' title="bbox 283 468 1902 554">
    <p class='ocr_par' dir='ltr' id='par_1_2' title="bbox 283 468 1902 554">
     <span class='ocr_line' id='line_1_2' title="bbox 283 468 1902 554; baseline 0.01 -29"><span class='ocrx_word' id='word_1_2' title='bbox 283 468 528 541; x_wconf 88' lang='lat' dir='ltr'><strong>jusculis</strong></span> <span class='ocrx_word' id='word_1_3' title='bbox 575 470 788 527; x_wconf 72' lang='lat' dir='ltr'><strong>rusticis</strong></span> <span class='ocrx_word' id='word_1_4' title='bbox 832 473 1014 531; x_wconf 85' lang='lat' dir='ltr'><strong>rubris</strong></span> <span class='ocrx_word' id='word_1_5' title='bbox 1060 475 1128 532; x_wconf 89' lang='lat' dir='ltr'><strong>ad</strong></span> <span class='ocrx_word' id='word_1_6' title='bbox 1176 477 1386 549; x_wconf 86' lang='lat' dir='ltr'><strong>singula</strong></span> <span class='ocrx_word' id='word_1_7' title='bbox 1433 481 1670 552; x_wconf 89' lang='lat' dir='ltr'><strong>capitum</strong></span> <span class='ocrx_word' id='word_1_8' title='bbox 1718 483 1902 554; x_wconf 91' lang='lat' dir='ltr'><strong>initia,</strong></span> 
     </span>
    </p>
   </div>
   <div class='ocr_carea' id='block_1_3' title="bbox 292 565 1906 650">
    <p class='ocr_par' dir='ltr' id='par_1_3' title="bbox 292 565 1906 650">
     <span class='ocr_line' id='line_1_3' title="bbox 292 565 1906 650; baseline 0.011 -32"><span class='ocrx_word' id='word_1_9' title='bbox 292 565 488 636; x_wconf 84' lang='lat' dir='ltr'><strong>primo</strong></span> <span class='ocrx_word' id='word_1_10' title='bbox 518 573 721 622; x_wconf 85' lang='lat' dir='ltr'><strong>tantum</strong></span> <span class='ocrx_word' id='word_1_11' title='bbox 762 577 1026 640; x_wconf 83' lang='lat' dir='ltr'><strong>excepto,</strong></span> <span class='ocrx_word' id='word_1_12' title='bbox 1059 571 1264 642; x_wconf 79' lang='lat' dir='ltr'><strong>absque</strong></span> <span class='ocrx_word' id='word_1_13' title='bbox 1296 573 1421 631; x_wconf 89' lang='lat' dir='ltr'><strong>ullis</strong></span> <span class='ocrx_word' id='word_1_14' title='bbox 1449 575 1646 636; x_wconf 84' lang='lat' dir='ltr'><strong>litteris</strong></span> <span class='ocrx_word' id='word_1_15' title='bbox 1672 579 1906 650; x_wconf 87' lang='lat' dir='ltr'><strong>pseudo-</strong></span> 
     </span>
    </p>
   </div>
   <div class='ocr_carea' id='block_1_4' title="bbox 300 657 1906 738">
    <p class='ocr_par' dir='ltr' id='par_1_4' title="bbox 300 657 1906 738">
     <span class='ocr_line' id='line_1_4' title="bbox 300 657 1906 738; baseline 0.009 -26"><span class='ocrx_word' id='word_1_16' title='bbox 300 658 554 729; x_wconf 86' lang='lat' dir='ltr'><strong>morphis</strong></span> <span class='ocrx_word' id='word_1_17' title='bbox 573 657 654 712; x_wconf 90' lang='lat' dir='ltr'><strong>vel</strong></span> <span class='ocrx_word' id='word_1_18' title='bbox 675 660 907 727; x_wconf 88' lang='lat' dir='ltr'><strong>ornatis,</strong></span> <span class='ocrx_word' id='word_1_19' title='bbox 928 660 1308 734; x_wconf 67' lang='lat' dir='ltr'><strong>distinguitur;</strong></span> <span class='ocrx_word' id='word_1_20' title='bbox 1333 665 1512 726; x_wconf 89' lang='lat' dir='ltr'><strong>solent</strong></span> <span class='ocrx_word' id='word_1_21' title='bbox 1533 671 1774 738; x_wconf 75' lang='lat' dir='ltr'><strong>separari</strong></span> <span class='ocrx_word' id='word_1_22' title='bbox 1798 670 1906 728; x_wconf 88' lang='lat' dir='ltr'><strong>duo</strong></span> 
     </span>
    </p>
   </div>
   <div class='ocr_carea' id='block_1_5' title="bbox 313 750 1906 832">
    <p class='ocr_par' dir='ltr' id='par_1_5' title="bbox 313 750 1906 832">
     <span class='ocr_line' id='line_1_5' title="bbox 313 750 1906 832; baseline 0.008 -25"><span class='ocrx_word' id='word_1_23' title='bbox 313 750 574 828; x_wconf 72' lang='grc' dir='ltr'><strong>διφθὸνσγου</strong></span> <span class='ocrx_word' id='word_1_24' title='bbox 601 767 646 805; x_wconf 73' lang='lat' dir='ltr'><strong>te</strong></span> <span class='ocrx_word' id='word_1_25' title='bbox 673 752 919 808; x_wconf 89' lang='lat' dir='ltr'><strong>membra</strong></span> <span class='ocrx_word' id='word_1_26' title='bbox 941 795 958 826; x_wconf 86' lang='lat'><strong>,</strong></span> <span class='ocrx_word' id='word_1_27' title='bbox 989 770 1114 826; x_wconf 78' lang='lat' dir='ltr'><strong>quae</strong></span> <span class='ocrx_word' id='word_1_28' title='bbox 1143 765 1325 814; x_wconf 83' lang='lat' dir='ltr'><strong>tamen</strong></span> <span class='ocrx_word' id='word_1_29' title='bbox 1355 760 1660 829; x_wconf 71' lang='lat' dir='ltr'><strong>aliquoties,</strong></span> <span class='ocrx_word' id='word_1_30' title='bbox 1692 764 1834 832; x_wconf 90' lang='lat' dir='ltr'><strong>quod</strong></span> <span class='ocrx_word' id='word_1_31' title='bbox 1875 779 1906 820; x_wconf 90' lang='lat' dir='ltr'><strong>e</strong></span> 
     </span>
    </p>
   </div>
   <div class='ocr_carea' id='block_1_6' title="bbox 313 843 1905 948">
    <p class='ocr_par' dir='ltr' id='par_1_6' title="bbox 313 843 1905 948">
     <span class='ocr_line' id='line_1_6' title="bbox 313 843 1905 948; baseline 0.009 -49"><span class='ocrx_word' id='word_1_32' title='bbox 313 843 660 900; x_wconf 84' lang='lat' dir='ltr'><strong>Lombardica</strong></span> <span class='ocrx_word' id='word_1_33' title='bbox 689 846 929 903; x_wconf 77' lang='lat' dir='ltr'><strong>derivari</strong></span> <span class='ocrx_word' id='word_1_34' title='bbox 960 848 1196 918; x_wconf 90' lang='lat' dir='ltr'><strong>videtur,</strong></span> <span class='ocrx_word' id='word_1_35' title='bbox 1237 868 1340 910; x_wconf 81' lang='lat' dir='ltr'><strong>una</strong></span> <span class='ocrx_word' id='word_1_36' title='bbox 1373 853 1604 948; x_wconf 57' lang='lat' dir='ltr'><strong>litterae</strong></span> <span class='ocrx_word' id='word_1_37' title='bbox 1651 871 1775 912; x_wconf 88' lang='lat' dir='ltr'><strong>cum</strong></span> <span class='ocrx_word' id='word_1_38' title='bbox 1805 873 1905 913; x_wconf 91' lang='lat' dir='ltr'><strong>un-</strong></span> 
     </span>
    </p>
   </div>
   <div class='ocr_carea' id='block_1_7' title="bbox 311 937 1904 1019">
    <p class='ocr_par' dir='ltr' id='par_1_7' title="bbox 311 937 1904 1019">
     <span class='ocr_line' id='line_1_7' title="bbox 311 937 1904 1019; baseline 0.006 -24"><span class='ocrx_word' id='word_1_39' title='bbox 311 939 489 995; x_wconf 88' lang='lat' dir='ltr'><strong>cinula</strong></span> <span class='ocrx_word' id='word_1_40' title='bbox 519 937 762 996; x_wconf 80' lang='lat' dir='ltr'><strong>inferiori</strong></span> <span class='ocrx_word' id='word_1_41' title='bbox 804 941 1219 1014; x_wconf 80' lang='lat' dir='ltr'><strong>exprimuntur;</strong></span> <span class='ocrx_word' id='word_1_42' title='bbox 1248 946 1301 1000; x_wconf 84' lang='lat' dir='ltr'><strong>in</strong></span> <span class='ocrx_word' id='word_1_43' title='bbox 1333 960 1545 1003; x_wconf 87' lang='lat' dir='ltr'><strong>summo</strong></span> <span class='ocrx_word' id='word_1_44' title='bbox 1578 937 1794 1019; x_wconf 81' lang='lat' dir='ltr'><strong>iurgere</strong></span> <span class='ocrx_word' id='word_1_45' title='bbox 1823 950 1904 1005; x_wconf 85' lang='lat' dir='ltr'><strong>vi-</strong></span> 
     </span>
    </p>
   </div>
   <div class='ocr_carea' id='block_1_8' title="bbox 312 1031 1902 1110">
    <p class='ocr_par' dir='ltr' id='par_1_8' title="bbox 312 1031 1902 1110">
     <span class='ocr_line' id='line_1_8' title="bbox 312 1031 1902 1110; baseline 0.007 -22"><span class='ocrx_word' id='word_1_46' title='bbox 312 1031 503 1088; x_wconf 90' lang='lat' dir='ltr'><strong>dentur</strong></span> <span class='ocrx_word' id='word_1_47' title='bbox 531 1035 849 1104; x_wconf 85' lang='lat' dir='ltr'><strong>superiores</strong></span> <span class='ocrx_word' id='word_1_48' title='bbox 879 1035 1185 1092; x_wconf 88' lang='lat' dir='ltr'><strong>litterarum</strong></span> <span class='ocrx_word' id='word_1_49' title='bbox 1215 1040 1672 1108; x_wconf 89' lang='lat' dir='ltr'><strong>proemiuentium</strong></span> <span class='ocrx_word' id='word_1_50' title='bbox 1703 1040 1902 1110; x_wconf 73' lang='lat' dir='ltr'><strong>hastae;</strong></span> 
     </span>
    </p>
   </div>
   <div class='ocr_carea' id='block_1_9' title="bbox 306 1125 1904 1203">
    <p class='ocr_par' dir='ltr' id='par_1_9' title="bbox 306 1125 1904 1203">
     <span class='ocr_line' id='line_1_9' title="bbox 306 1125 1904 1203; baseline 0.006 -21"><span class='ocrx_word' id='word_1_51' title='bbox 306 1125 363 1182; x_wconf 85' lang='lat' dir='ltr'><strong>in</strong></span> <span class='ocrx_word' id='word_1_52' title='bbox 391 1125 586 1180; x_wconf 73' lang='lat' dir='ltr'><strong>litteris</strong></span> <span class='ocrx_word' id='word_1_53' title='bbox 617 1143 700 1194; x_wconf 90' lang='lat' dir='ltr'><strong>m,</strong></span> <span class='ocrx_word' id='word_1_54' title='bbox 734 1144 789 1195; x_wconf 87' lang='grc' dir='ltr'><strong>η,</strong></span> <span class='ocrx_word' id='word_1_55' title='bbox 814 1144 866 1194; x_wconf 82' lang='lat' dir='ltr'><strong>u,</strong></span> <span class='ocrx_word' id='word_1_56' title='bbox 900 1129 1198 1186; x_wconf 90' lang='lat' dir='ltr'><strong>anteriores</strong></span> <span class='ocrx_word' id='word_1_57' title='bbox 1229 1139 1431 1186; x_wconf 88' lang='lat' dir='ltr'><strong>tractus</strong></span> <span class='ocrx_word' id='word_1_58' title='bbox 1457 1133 1750 1203; x_wconf 82' lang='lat' dir='ltr'><strong>aliquando</strong></span> <span class='ocrx_word' id='word_1_59' title='bbox 1769 1134 1904 1190; x_wconf 82' lang='lat' dir='ltr'><strong>dex-</strong></span> 
     </span>
    </p>
   </div>
   <div class='ocr_carea' id='block_1_10' title="bbox 300 1218 1906 1295">
    <p class='ocr_par' dir='ltr' id='par_1_10' title="bbox 300 1218 1906 1295">
     <span class='ocr_line' id='line_1_10' title="bbox 300 1218 1906 1295; baseline 0.007 -23"><span class='ocrx_word' id='word_1_60' title='bbox 300 1228 536 1274; x_wconf 88' lang='lat' dir='ltr'><strong>trorsum</strong></span> <span class='ocrx_word' id='word_1_61' title='bbox 558 1258 575 1286; x_wconf 92' lang='lat'><strong>,</strong></span> <span class='ocrx_word' id='word_1_62' title='bbox 605 1218 927 1290; x_wconf 89' lang='lat' dir='ltr'><strong>plerumque</strong></span> <span class='ocrx_word' id='word_1_63' title='bbox 959 1221 1378 1279; x_wconf 89' lang='lat' dir='ltr'><strong>sinistroversus</strong></span> <span class='ocrx_word' id='word_1_64' title='bbox 1406 1224 1790 1295; x_wconf 85' lang='lat' dir='ltr'><strong>inﬂectuntur;</strong></span> <span class='ocrx_word' id='word_1_65' title='bbox 1817 1228 1906 1283; x_wconf 92' lang='lat' dir='ltr'><strong>lit-</strong></span> 
     </span>
    </p>
   </div>
   <div class='ocr_carea' id='block_1_11' title="bbox 289 1313 1901 1387">
    <p class='ocr_par' dir='ltr' id='par_1_11' title="bbox 289 1313 1901 1387">
     <span class='ocr_line' id='line_1_11' title="bbox 289 1313 1901 1387; baseline 0.005 -22"><span class='ocrx_word' id='word_1_66' title='bbox 289 1319 415 1366; x_wconf 84' lang='lat' dir='ltr'><strong>tera</strong></span> <span class='ocrx_word' id='word_1_67' title='bbox 445 1328 477 1364; x_wconf 91' lang='lat' dir='ltr'><strong>a</strong></span> <span class='ocrx_word' id='word_1_68' title='bbox 519 1327 621 1370; x_wconf 92' lang='lat' dir='ltr'><strong>suo</strong></span> <span class='ocrx_word' id='word_1_69' title='bbox 652 1313 894 1369; x_wconf 73' lang='lat' dir='ltr'><strong>interiori</strong></span> <span class='ocrx_word' id='word_1_70' title='bbox 923 1315 1126 1372; x_wconf 88' lang='lat' dir='ltr'><strong>circulo</strong></span> <span class='ocrx_word' id='word_1_71' title='bbox 1153 1315 1446 1383; x_wconf 89' lang='lat' dir='ltr'><strong>strictiori,</strong></span> <span class='ocrx_word' id='word_1_72' title='bbox 1478 1325 1536 1372; x_wconf 87' lang='lat' dir='ltr'><strong>ut</strong></span> <span class='ocrx_word' id='word_1_73' title='bbox 1577 1318 1633 1373; x_wconf 91' lang='lat' dir='ltr'><strong>in</strong></span> <span class='ocrx_word' id='word_1_74' title='bbox 1663 1319 1860 1375; x_wconf 88' lang='lat' dir='ltr'><strong>unciali</strong></span> <span class='ocrx_word' id='word_1_75' title='bbox 1886 1361 1901 1387; x_wconf 92' lang='lat'><strong>,</strong></span> 
     </span>
    </p>
   </div>
   <div class='ocr_carea' id='block_1_12' title="bbox 269 1399 1907 1478">
    <p class='ocr_par' dir='ltr' id='par_1_12' title="bbox 269 1399 1907 1478">
     <span class='ocr_line' id='line_1_12' title="bbox 269 1399 1907 1478; baseline 0.005 -19"><span class='ocrx_word' id='word_1_76' title='bbox 269 1399 604 1475; x_wconf 84' lang='lat' dir='ltr'><strong>perﬁcitur,</strong></span> <span class='ocrx_word' id='word_1_77' title='bbox 648 1420 752 1461; x_wconf 90' lang='lat' dir='ltr'><strong>nec</strong></span> <span class='ocrx_word' id='word_1_78' title='bbox 780 1420 1005 1478; x_wconf 85' lang='lat' dir='ltr'><strong>usquam</strong></span> <span class='ocrx_word' id='word_1_79' title='bbox 1025 1449 1040 1476; x_wconf 89' lang='lat'><strong>,</strong></span> <span class='ocrx_word' id='word_1_80' title='bbox 1076 1415 1132 1462; x_wconf 91' lang='lat' dir='ltr'><strong>ut</strong></span> <span class='ocrx_word' id='word_1_81' title='bbox 1162 1408 1212 1462; x_wconf 91' lang='lat' dir='ltr'><strong>in</strong></span> <span class='ocrx_word' id='word_1_82' title='bbox 1245 1408 1490 1476; x_wconf 85' lang='lat' dir='ltr'><strong>cursiva,</strong></span> <span class='ocrx_word' id='word_1_83' title='bbox 1523 1423 1552 1463; x_wconf 87' lang='lat' dir='ltr'><strong>a</strong></span> <span class='ocrx_word' id='word_1_84' title='bbox 1581 1411 1789 1468; x_wconf 87' lang='lat' dir='ltr'><strong>vertice</strong></span> <span class='ocrx_word' id='word_1_85' title='bbox 1819 1412 1907 1468; x_wconf 90' lang='lat' dir='ltr'><strong>in-</strong></span> 
     </span>
    </p>
   </div>
   <div class='ocr_carea' id='block_1_13' title="bbox 290 1496 1905 1574">
    <p class='ocr_par' dir='ltr' id='par_1_13' title="bbox 290 1496 1905 1574">
     <span class='ocr_line' id='line_1_13' title="bbox 290 1496 1905 1574; baseline 0.007 -22"><span class='ocrx_word' id='word_1_86' title='bbox 290 1496 576 1570; x_wconf 83' lang='lat' dir='ltr'><strong>cluditur;</strong></span> <span class='ocrx_word' id='word_1_87' title='bbox 605 1514 632 1553; x_wconf 86' lang='lat' dir='ltr'><strong>c</strong></span> <span class='ocrx_word' id='word_1_88' title='bbox 653 1513 784 1555; x_wconf 88' lang='lat' dir='ltr'><strong>vero</strong></span> <span class='ocrx_word' id='word_1_89' title='bbox 811 1499 970 1556; x_wconf 88' lang='lat' dir='ltr'><strong>toties</strong></span> <span class='ocrx_word' id='word_1_90' title='bbox 990 1502 1203 1571; x_wconf 89' lang='lat' dir='ltr'><strong>quoties</strong></span> <span class='ocrx_word' id='word_1_91' title='bbox 1227 1502 1458 1560; x_wconf 88' lang='lat' dir='ltr'><strong>rotunde</strong></span> <span class='ocrx_word' id='word_1_92' title='bbox 1479 1503 1692 1560; x_wconf 89' lang='lat' dir='ltr'><strong>circuit.</strong></span> <span class='ocrx_word' id='word_1_93' title='bbox 1717 1505 1905 1574; x_wconf 87' lang='lat' dir='ltr'><strong>Quoad</strong></span> 
     </span>
    </p>
   </div>
   <div class='ocr_carea' id='block_1_14' title="bbox 291 1594 1901 1672">
    <p class='ocr_par' dir='ltr' id='par_1_14' title="bbox 291 1594 1901 1672">
     <span class='ocr_line' id='line_1_14' title="bbox 291 1594 1901 1672; baseline 0.009 -25"><span class='ocrx_word' id='word_1_94' title='bbox 291 1602 529 1648; x_wconf 55' lang='lat' dir='ltr'><strong>exteras</strong></span> <span class='ocrx_word' id='word_1_95' title='bbox 571 1601 729 1648; x_wconf 89' lang='lat' dir='ltr'><strong>notas</strong></span> <span class='ocrx_word' id='word_1_96' title='bbox 770 1594 1251 1666; x_wconf 84' lang='lat' dir='ltr'><strong>orthograpbicas,</strong></span> <span class='ocrx_word' id='word_1_97' title='bbox 1290 1598 1469 1669; x_wconf 85' lang='lat' dir='ltr'><strong>potius</strong></span> <span class='ocrx_word' id='word_1_98' title='bbox 1504 1615 1667 1671; x_wconf 90' lang='lat' dir='ltr'><strong>quam</strong></span> <span class='ocrx_word' id='word_1_99' title='bbox 1699 1602 1901 1672; x_wconf 80' lang='lat' dir='ltr'><strong>palaeo-</strong></span> 
     </span>
    </p>
   </div>
   <div class='ocr_carea' id='block_1_15' title="bbox 297 1685 1902 1768">
    <p class='ocr_par' dir='ltr' id='par_1_15' title="bbox 297 1685 1902 1768">
     <span class='ocr_line' id='line_1_15' title="bbox 297 1685 1902 1768; baseline 0.011 -31"><span class='ocrx_word' id='word_1_100' title='bbox 297 1685 616 1756; x_wconf 83' lang='lat' dir='ltr'><strong>graphieas,</strong></span> <span class='ocrx_word' id='word_1_101' title='bbox 649 1700 819 1757; x_wconf 90' lang='lat' dir='ltr'><strong>pauca</strong></span> <span class='ocrx_word' id='word_1_102' title='bbox 849 1687 1113 1744; x_wconf 86' lang='lat' dir='ltr'><strong>addemus</strong></span> <span class='ocrx_word' id='word_1_103' title='bbox 1144 1708 1156 1743; x_wconf 89' lang='lat'><strong>:</strong></span> <span class='ocrx_word' id='word_1_104' title='bbox 1188 1701 1389 1762; x_wconf 90' lang='lat' dir='ltr'><strong>puncto</strong></span> <span class='ocrx_word' id='word_1_105' title='bbox 1415 1693 1693 1750; x_wconf 81' lang='lat' dir='ltr'><strong>dumtaxat</strong></span> <span class='ocrx_word' id='word_1_106' title='bbox 1718 1699 1902 1768; x_wconf 87' lang='lat' dir='ltr'><strong>expri-</strong></span> 
     </span>
    </p>
   </div>
   <div class='ocr_carea' id='block_1_16' title="bbox 307 1776 1894 1864">
    <p class='ocr_par' dir='ltr' id='par_1_16' title="bbox 307 1776 1894 1864">
     <span class='ocr_line' id='line_1_16' title="bbox 307 1776 1894 1864; baseline 0.012 -35"><span class='ocrx_word' id='word_1_107' title='bbox 307 1777 480 1831; x_wconf 88' lang='lat' dir='ltr'><strong>mitur</strong></span> <span class='ocrx_word' id='word_1_108' title='bbox 499 1791 651 1832; x_wconf 89' lang='lat' dir='ltr'><strong>casus</strong></span> <span class='ocrx_word' id='word_1_109' title='bbox 666 1776 874 1833; x_wconf 83' lang='lat' dir='ltr'><strong>dativus</strong></span> <span class='ocrx_word' id='word_1_110' title='bbox 891 1789 946 1834; x_wconf 88' lang='lat' dir='ltr'><strong>et</strong></span> <span class='ocrx_word' id='word_1_111' title='bbox 966 1781 1232 1839; x_wconf 86' lang='lat' dir='ltr'><strong>ablativus</strong></span> <span class='ocrx_word' id='word_1_112' title='bbox 1249 1785 1303 1839; x_wconf 93' lang='lat' dir='ltr'><strong>in</strong></span> <span class='ocrx_word' id='word_1_113' title='bbox 1324 1799 1552 1841; x_wconf 89' lang='lat' dir='ltr'><strong>numero</strong></span> <span class='ocrx_word' id='word_1_114' title='bbox 1572 1785 1763 1854; x_wconf 86' lang='lat' dir='ltr'><strong>plurali</strong></span> <span class='ocrx_word' id='word_1_115' title='bbox 1785 1809 1894 1864; x_wconf 87' lang='lat' dir='ltr'><strong>v.g.</strong></span> 
     </span>
    </p>
   </div>
   <div class='ocr_carea' id='block_1_17' title="bbox 311 1865 1899 1953">
    <p class='ocr_par' dir='ltr' id='par_1_17' title="bbox 311 1865 1899 1953">
     <span class='ocr_line' id='line_1_17' title="bbox 311 1865 1899 1953; baseline 0.012 -31"><span class='ocrx_word' id='word_1_116' title='bbox 311 1869 504 1922; x_wconf 80' lang='lat' dir='ltr'><strong>nostris</strong></span> <span class='ocrx_word' id='word_1_117' title='bbox 519 1869 701 1940; x_wconf 82' lang='lat' dir='ltr'><strong>pedib.;</strong></span> <span class='ocrx_word' id='word_1_118' title='bbox 723 1887 850 1940; x_wconf 79' lang='lat' dir='ltr'><strong>esse,</strong></span> <span class='ocrx_word' id='word_1_119' title='bbox 867 1882 1018 1940; x_wconf 82' lang='lat' dir='ltr'><strong>esset,</strong></span> <span class='ocrx_word' id='word_1_120' title='bbox 1035 1873 1112 1930; x_wconf 89' lang='lat' dir='ltr'><strong>sic</strong></span> <span class='ocrx_word' id='word_1_121' title='bbox 1125 1891 1188 1934; x_wconf 88' lang='lat' dir='ltr'><strong>se</strong></span> <span class='ocrx_word' id='word_1_122' title='bbox 1204 1877 1407 1941; x_wconf 85' lang='lat' dir='ltr'><strong>habent</strong></span> <span class='ocrx_word' id='word_1_123' title='bbox 1427 1865 1505 1950; x_wconf 66' lang='grc' dir='ltr'><strong>ἴε,</strong></span> <span class='ocrx_word' id='word_1_124' title='bbox 1539 1867 1648 1953; x_wconf 46' lang='lat' dir='ltr'><strong>eet;</strong></span> <span class='ocrx_word' id='word_1_125' title='bbox 1673 1894 1748 1943; x_wconf 81' lang='lat' dir='ltr'><strong>est</strong></span> <span class='ocrx_word' id='word_1_126' title='bbox 1770 1900 1899 1941; x_wconf 90' lang='lat' dir='ltr'><strong>vero</strong></span> 
     </span>
    </p>
   </div>
   <div class='ocr_carea' id='block_1_18' title="bbox 302 1959 1898 2048">
    <p class='ocr_par' dir='ltr' id='par_1_18' title="bbox 302 1959 1898 2048">
     <span class='ocr_line' id='line_1_18' title="bbox 302 1959 1898 2048; baseline 0.011 -34"><span class='ocrx_word' id='word_1_127' title='bbox 302 1959 602 2032; x_wconf 85' lang='lat' dir='ltr'><strong>aliquando</strong></span> <span class='ocrx_word' id='word_1_128' title='bbox 649 1960 704 2016; x_wconf 91' lang='lat' dir='ltr'><strong>ﬁt</strong></span> <span class='ocrx_word' id='word_1_129' title='bbox 753 1962 813 2030; x_wconf 81' lang='lat' dir='ltr'><strong>é;</strong></span> <span class='ocrx_word' id='word_1_130' title='bbox 865 1981 916 2024; x_wconf 85' lang='lat' dir='ltr'><strong>m</strong></span> <span class='ocrx_word' id='word_1_131' title='bbox 967 1967 1290 2041; x_wconf 90' lang='lat' dir='ltr'><strong>plerumque</strong></span> <span class='ocrx_word' id='word_1_132' title='bbox 1345 1976 1642 2044; x_wconf 88' lang='lat' dir='ltr'><strong>omittitur;</strong></span> <span class='ocrx_word' id='word_1_133' title='bbox 1689 1977 1898 2048; x_wconf 80' lang='lat' dir='ltr'><strong>singula</strong></span> 
     </span>
    </p>
   </div>
   <div class='ocr_carea' id='block_1_19' title="bbox 292 2051 1895 2140">
    <p class='ocr_par' dir='ltr' id='par_1_19' title="bbox 292 2051 1895 2140">
     <span class='ocr_line' id='line_1_19' title="bbox 292 2051 1895 2140; baseline 0.013 -36"><span class='ocrx_word' id='word_1_134' title='bbox 292 2051 527 2107; x_wconf 83' lang='lat' dir='ltr'><strong>amissio</strong></span> <span class='ocrx_word' id='word_1_135' title='bbox 564 2067 660 2123; x_wconf 89' lang='lat' dir='ltr'><strong>per</strong></span> <span class='ocrx_word' id='word_1_136' title='bbox 700 2054 920 2114; x_wconf 92' lang='lat' dir='ltr'><strong>ductum</strong></span> <span class='ocrx_word' id='word_1_137' title='bbox 974 2057 1367 2120; x_wconf 84' lang='lat' dir='ltr'><strong>horizontalem</strong></span> <span class='ocrx_word' id='word_1_138' title='bbox 1412 2067 1686 2140; x_wconf 82' lang='lat' dir='ltr'><strong>indigitari</strong></span> <span class='ocrx_word' id='word_1_139' title='bbox 1723 2070 1895 2138; x_wconf 88' lang='lat' dir='ltr'><strong>solet;</strong></span> 
     </span>
    </p>
   </div>
   <div class='ocr_carea' id='block_1_20' title="bbox 288 2151 1899 2222">
    <p class='ocr_par' dir='ltr' id='par_1_20' title="bbox 288 2151 1899 2222">
     <span class='ocr_line' id='line_1_20' title="bbox 288 2151 1899 2222; baseline 0.013 -25"><span class='ocrx_word' id='word_1_140' title='bbox 288 2158 487 2214; x_wconf 68' lang='lat' dir='ltr'><strong>paucae</strong></span> <span class='ocrx_word' id='word_1_141' title='bbox 514 2156 811 2202; x_wconf 90' lang='lat' dir='ltr'><strong>occurrunt</strong></span> <span class='ocrx_word' id='word_1_142' title='bbox 833 2151 1284 2222; x_wconf 89' lang='lat' dir='ltr'><strong>eonjunctiones,</strong></span> <span class='ocrx_word' id='word_1_143' title='bbox 1318 2173 1418 2214; x_wconf 90' lang='lat' dir='ltr'><strong>nec</strong></span> <span class='ocrx_word' id='word_1_144' title='bbox 1444 2159 1560 2216; x_wconf 82' lang='lat' dir='ltr'><strong>fere</strong></span> <span class='ocrx_word' id='word_1_145' title='bbox 1601 2162 1699 2216; x_wconf 89' lang='lat' dir='ltr'><strong>nisi</strong></span> <span class='ocrx_word' id='word_1_146' title='bbox 1728 2162 1780 2217; x_wconf 94' lang='lat' dir='ltr'><strong>in</strong></span> <span class='ocrx_word' id='word_1_147' title='bbox 1815 2161 1899 2218; x_wconf 92' lang='lat' dir='ltr'><strong>his</strong></span> 
     </span>
    </p>
   </div>
   <div class='ocr_carea' id='block_1_21' title="bbox 284 2239 1898 2321">
    <p class='ocr_par' dir='ltr' id='par_1_21' title="bbox 284 2239 1898 2321">
     <span class='ocr_line' id='line_1_21' title="bbox 284 2239 1898 2321; baseline 0.011 -27"><span class='ocrx_word' id='word_1_148' title='bbox 284 2239 522 2301; x_wconf 77' lang='lat' dir='ltr'><strong>vocibus</strong></span> <span class='ocrx_word' id='word_1_149' title='bbox 549 2256 625 2310; x_wconf 86' lang='lat' dir='ltr'><strong>re,</strong></span> <span class='ocrx_word' id='word_1_150' title='bbox 648 2257 732 2310; x_wconf 85' lang='lat' dir='ltr'><strong>ra,</strong></span> <span class='ocrx_word' id='word_1_151' title='bbox 761 2242 814 2297; x_wconf 90' lang='lat' dir='ltr'><strong>in</strong></span> <span class='ocrx_word' id='word_1_152' title='bbox 845 2245 1149 2314; x_wconf 88' lang='lat' dir='ltr'><strong>copulativa</strong></span> <span class='ocrx_word' id='word_1_153' title='bbox 1175 2249 1319 2321; x_wconf 39' lang='lat' dir='ltr'><strong>ethin</strong></span> <span class='ocrx_word' id='word_1_154' title='bbox 1349 2251 1551 2310; x_wconf 88' lang='lat' dir='ltr'><strong>ultimis</strong></span> <span class='ocrx_word' id='word_1_155' title='bbox 1573 2255 1721 2316; x_wconf 87' lang='lat' dir='ltr'><strong>vocis</strong></span> <span class='ocrx_word' id='word_1_156' title='bbox 1740 2254 1898 2314; x_wconf 84' lang='lat' dir='ltr'><strong>unius</strong></span> 
     </span>
    </p>
   </div>
   <div class='ocr_carea' id='block_1_22' title="bbox 287 2329 1900 2418">
    <p class='ocr_par' dir='ltr' id='par_1_22' title="bbox 287 2329 1900 2418">
     <span class='ocr_line' id='line_1_22' title="bbox 287 2329 1900 2418; baseline 0.011 -34"><span class='ocrx_word' id='word_1_157' title='bbox 287 2329 496 2387; x_wconf 86' lang='lat' dir='ltr'><strong>litteris</strong></span> <span class='ocrx_word' id='word_1_158' title='bbox 541 2347 666 2387; x_wconf 89' lang='lat' dir='ltr'><strong>cum</strong></span> <span class='ocrx_word' id='word_1_159' title='bbox 711 2333 936 2390; x_wconf 88' lang='lat' dir='ltr'><strong>alterius</strong></span> <span class='ocrx_word' id='word_1_160' title='bbox 981 2339 1202 2408; x_wconf 84' lang='lat' dir='ltr'><strong>primis;</strong></span> <span class='ocrx_word' id='word_1_161' title='bbox 1253 2350 1510 2400; x_wconf 86' lang='lat' dir='ltr'><strong>caeterum</strong></span> <span class='ocrx_word' id='word_1_162' title='bbox 1536 2356 1706 2402; x_wconf 85' lang='lat' dir='ltr'><strong>scatet</strong></span> <span class='ocrx_word' id='word_1_163' title='bbox 1728 2348 1900 2418; x_wconf 82' lang='lat' dir='ltr'><strong>scrip—</strong></span> 
     </span>
    </p>
   </div>
   <div class='ocr_carea' id='block_1_23' title="bbox 291 2422 1899 2512">
    <p class='ocr_par' dir='ltr' id='par_1_23' title="bbox 291 2422 1899 2512">
     <span class='ocr_line' id='line_1_23' title="bbox 291 2422 1899 2512; baseline 0.013 -36"><span class='ocrx_word' id='word_1_164' title='bbox 291 2432 419 2478; x_wconf 87' lang='lat' dir='ltr'><strong>tura</strong></span> <span class='ocrx_word' id='word_1_165' title='bbox 450 2422 880 2494; x_wconf 87' lang='lat' dir='ltr'><strong>spbalmatibus;</strong></span> <span class='ocrx_word' id='word_1_166' title='bbox 928 2438 1133 2486; x_wconf 89' lang='lat' dir='ltr'><strong>temere</strong></span> <span class='ocrx_word' id='word_1_167' title='bbox 1173 2432 1605 2512; x_wconf 82' lang='lat' dir='ltr'><strong>interpuugitur;</strong></span> <span class='ocrx_word' id='word_1_168' title='bbox 1643 2439 1899 2496; x_wconf 88' lang='lat' dir='ltr'><strong>sectioni-</strong></span> 
     </span>
    </p>
   </div>
   <div class='ocr_carea' id='block_1_24' title="bbox 285 2514 1898 2594">
    <p class='ocr_par' dir='ltr' id='par_1_24' title="bbox 285 2514 1898 2594">
     <span class='ocr_line' id='line_1_24' title="bbox 285 2514 1898 2594; baseline 0.012 -24"><span class='ocrx_word' id='word_1_169' title='bbox 285 2514 399 2570; x_wconf 88' lang='lat' dir='ltr'><strong>bus</strong></span> <span class='ocrx_word' id='word_1_170' title='bbox 424 2515 653 2571; x_wconf 87' lang='lat' dir='ltr'><strong>absonis</strong></span> <span class='ocrx_word' id='word_1_171' title='bbox 688 2526 869 2576; x_wconf 89' lang='lat' dir='ltr'><strong>textus</strong></span> <span class='ocrx_word' id='word_1_172' title='bbox 895 2520 1268 2594; x_wconf 80' lang='lat' dir='ltr'><strong>distinguitur.</strong></span> <span class='ocrx_word' id='word_1_173' title='bbox 1302 2527 1517 2586; x_wconf 83' lang='lat' dir='ltr'><strong>Maximi</strong></span> <span class='ocrx_word' id='word_1_174' title='bbox 1545 2530 1898 2590; x_wconf 84' lang='lat' dir='ltr'><strong>nihilominus</strong></span> 
     </span>
    </p>
   </div>
   <div class='ocr_carea' id='block_1_25' title="bbox 288 2609 1898 2687">
    <p class='ocr_par' dir='ltr' id='par_1_25' title="bbox 288 2609 1898 2687">
     <span class='ocr_line' id='line_1_25' title="bbox 288 2609 1898 2687; baseline 0.012 -24"><span class='ocrx_word' id='word_1_175' title='bbox 288 2609 484 2678; x_wconf 85' lang='lat' dir='ltr'><strong>pretii,</strong></span> <span class='ocrx_word' id='word_1_176' title='bbox 507 2611 674 2666; x_wconf 89' lang='lat' dir='ltr'><strong>immo</strong></span> <span class='ocrx_word' id='word_1_177' title='bbox 699 2625 862 2682; x_wconf 90' lang='lat' dir='ltr'><strong>supra</strong></span> <span class='ocrx_word' id='word_1_178' title='bbox 889 2629 1050 2670; x_wconf 87' lang='lat' dir='ltr'><strong>omne</strong></span> <span class='ocrx_word' id='word_1_179' title='bbox 1079 2617 1308 2687; x_wconf 89' lang='lat' dir='ltr'><strong>pretium</strong></span> <span class='ocrx_word' id='word_1_180' title='bbox 1327 2630 1411 2675; x_wconf 91' lang='lat' dir='ltr'><strong>est</strong></span> <span class='ocrx_word' id='word_1_181' title='bbox 1437 2621 1624 2678; x_wconf 91' lang='lat' dir='ltr'><strong>unicus</strong></span> <span class='ocrx_word' id='word_1_182' title='bbox 1652 2625 1742 2680; x_wconf 89' lang='lat' dir='ltr'><strong>ille</strong></span> <span class='ocrx_word' id='word_1_183' title='bbox 1763 2626 1898 2682; x_wconf 87' lang='lat' dir='ltr'><strong>duo-</strong></span> 
     </span>
    </p>
   </div>
   <div class='ocr_carea' id='block_1_26' title="bbox 294 2703 1898 2784">
    <p class='ocr_par' dir='ltr' id='par_1_26' title="bbox 294 2703 1898 2784">
     <span class='ocr_line' id='line_1_26' title="bbox 294 2703 1898 2784; baseline 0.013 -31"><span class='ocrx_word' id='word_1_184' title='bbox 294 2715 424 2754; x_wconf 85' lang='lat' dir='ltr'><strong>rum</strong></span> <span class='ocrx_word' id='word_1_185' title='bbox 450 2703 774 2771; x_wconf 89' lang='lat' dir='ltr'><strong>optimorum</strong></span> <span class='ocrx_word' id='word_1_186' title='bbox 803 2706 1130 2778; x_wconf 87' lang='lat' dir='ltr'><strong>scriptorum</strong></span> <span class='ocrx_word' id='word_1_187' title='bbox 1149 2709 1357 2778; x_wconf 86' lang='lat' dir='ltr'><strong>codex;</strong></span> <span class='ocrx_word' id='word_1_188' title='bbox 1395 2712 1548 2784; x_wconf 87' lang='lat' dir='ltr'><strong>cujus</strong></span> <span class='ocrx_word' id='word_1_189' title='bbox 1574 2726 1790 2774; x_wconf 85' lang='lat' dir='ltr'><strong>aetatem</strong></span> <span class='ocrx_word' id='word_1_190' title='bbox 1813 2719 1898 2774; x_wconf 85' lang='lat' dir='ltr'><strong>de-</strong></span> 
     </span>
    </p>
   </div>
   <div class='ocr_carea' id='block_1_27' title="bbox 290 2791 1900 2873">
    <p class='ocr_par' dir='ltr' id='par_1_27' title="bbox 290 2791 1900 2873">
     <span class='ocr_line' id='line_1_27' title="bbox 290 2791 1900 2873; baseline 0.014 -27"><span class='ocrx_word' id='word_1_191' title='bbox 290 2791 458 2848; x_wconf 83' lang='lat' dir='ltr'><strong>ﬁnire</strong></span> <span class='ocrx_word' id='word_1_192' title='bbox 488 2793 628 2850; x_wconf 89' lang='lat' dir='ltr'><strong>haud</strong></span> <span class='ocrx_word' id='word_1_193' title='bbox 656 2797 970 2868; x_wconf 79' lang='lat' dir='ltr'><strong>ambiguum</strong></span> <span class='ocrx_word' id='word_1_194' title='bbox 1003 2810 1120 2857; x_wconf 88' lang='lat' dir='ltr'><strong>est:</strong></span> <span class='ocrx_word' id='word_1_195' title='bbox 1151 2817 1216 2857; x_wconf 83' lang='lat' dir='ltr'><strong>ex</strong></span> <span class='ocrx_word' id='word_1_196' title='bbox 1237 2802 1474 2873; x_wconf 69' lang='lat' dir='ltr'><strong>praefatis</strong></span> <span class='ocrx_word' id='word_1_197' title='bbox 1506 2808 1649 2862; x_wconf 91' lang='lat' dir='ltr'><strong>enim</strong></span> <span class='ocrx_word' id='word_1_198' title='bbox 1677 2809 1900 2867; x_wconf 88' lang='lat' dir='ltr'><strong>charac-</strong></span> 
     </span>
    </p>
   </div>
   <div class='ocr_carea' id='block_1_28' title="bbox 298 2887 1895 2970">
    <p class='ocr_par' dir='ltr' id='par_1_28' title="bbox 298 2887 1895 2970">
     <span class='ocr_line' id='line_1_28' title="bbox 298 2887 1895 2970; baseline 0.01 -30"><span class='ocrx_word' id='word_1_199' title='bbox 298 2887 529 2952; x_wconf 86' lang='lat' dir='ltr'><strong>teribus,</strong></span> <span class='ocrx_word' id='word_1_200' title='bbox 563 2889 618 2942; x_wconf 89' lang='lat' dir='ltr'><strong>in</strong></span> <span class='ocrx_word' id='word_1_201' title='bbox 645 2887 836 2959; x_wconf 87' lang='lat' dir='ltr'><strong>primis</strong></span> <span class='ocrx_word' id='word_1_202' title='bbox 863 2907 931 2948; x_wconf 82' lang='lat' dir='ltr'><strong>ex</strong></span> <span class='ocrx_word' id='word_1_203' title='bbox 955 2891 1128 2949; x_wconf 82' lang='lat' dir='ltr'><strong>forma</strong></span> <span class='ocrx_word' id='word_1_204' title='bbox 1153 2895 1457 2953; x_wconf 87' lang='lat' dir='ltr'><strong>litterarum</strong></span> <span class='ocrx_word' id='word_1_205' title='bbox 1485 2915 1567 2967; x_wconf 92' lang='lat' dir='ltr'><strong>m,</strong></span> <span class='ocrx_word' id='word_1_206' title='bbox 1605 2917 1660 2968; x_wconf 83' lang='grc' dir='ltr'><strong>η,</strong></span> <span class='ocrx_word' id='word_1_207' title='bbox 1694 2918 1749 2970; x_wconf 88' lang='lat' dir='ltr'><strong>u,</strong></span> <span class='ocrx_word' id='word_1_208' title='bbox 1776 2902 1895 2958; x_wconf 67' lang='lat' dir='ltr'><strong>sui-</strong></span> 
     </span>
    </p>
   </div>
   <div class='ocr_carea' id='block_1_29' title="bbox 301 2977 1898 3064">
    <p class='ocr_par' dir='ltr' id='par_1_29' title="bbox 301 2977 1898 3064">
     <span class='ocr_line' id='line_1_29' title="bbox 301 2977 1898 3064; baseline 0.014 -34"><span class='ocrx_word' id='word_1_209' title='bbox 301 2977 630 3049; x_wconf 81' lang='lat' dir='ltr'><strong>fragantibus</strong></span> <span class='ocrx_word' id='word_1_210' title='bbox 679 2983 864 3038; x_wconf 87' lang='lat' dir='ltr'><strong>multis</strong></span> <span class='ocrx_word' id='word_1_211' title='bbox 895 2983 1038 3040; x_wconf 88' lang='lat' dir='ltr'><strong>haud</strong></span> <span class='ocrx_word' id='word_1_212' title='bbox 1087 2987 1262 3044; x_wconf 90' lang='lat' dir='ltr'><strong>ultimi</strong></span> <span class='ocrx_word' id='word_1_213' title='bbox 1314 2991 1556 3048; x_wconf 90' lang='lat' dir='ltr'><strong>subsellii</strong></span> <span class='ocrx_word' id='word_1_214' title='bbox 1608 2993 1782 3064; x_wconf 90' lang='lat' dir='ltr'><strong>viris,</strong></span> <span class='ocrx_word' id='word_1_215' title='bbox 1829 2996 1898 3052; x_wconf 89' lang='lat' dir='ltr'><strong>ad</strong></span> 
     </span>
    </p>
   </div>
   <div class='ocr_carea' id='block_1_30' title="bbox 289 3071 1898 3158">
    <p class='ocr_par' dir='ltr' id='par_1_30' title="bbox 289 3071 1898 3158">
     <span class='ocr_line' id='line_1_30' title="bbox 289 3071 1898 3158; baseline 0.012 -34"><span class='ocrx_word' id='word_1_216' title='bbox 289 3071 526 3141; x_wconf 87' lang='lat' dir='ltr'><strong>primam</strong></span> <span class='ocrx_word' id='word_1_217' title='bbox 581 3076 707 3128; x_wconf 88' lang='lat' dir='ltr'><strong>noni</strong></span> <span class='ocrx_word' id='word_1_218' title='bbox 763 3076 948 3134; x_wconf 61' lang='lat' dir='ltr'><strong>saeculi</strong></span> <span class='ocrx_word' id='word_1_219' title='bbox 1007 3089 1218 3149; x_wconf 88' lang='lat' dir='ltr'><strong>partem</strong></span> <span class='ocrx_word' id='word_1_220' title='bbox 1275 3092 1388 3139; x_wconf 89' lang='lat' dir='ltr'><strong>tuto</strong></span> <span class='ocrx_word' id='word_1_221' title='bbox 1442 3082 1712 3153; x_wconf 76' lang='lat' dir='ltr'><strong>refertur,</strong></span> <span class='ocrx_word' id='word_1_222' title='bbox 1771 3103 1898 3158; x_wconf 91' lang='lat' dir='ltr'><strong>pro-</strong></span> 
     </span>
    </p>
   </div>
   <div class='ocr_carea' id='block_1_31' title="bbox 283 3165 1898 3244">
    <p class='ocr_par' dir='ltr' id='par_1_31' title="bbox 283 3165 1898 3244">
     <span class='ocr_line' id='line_1_31' title="bbox 283 3165 1898 3244; baseline 0.012 -26"><span class='ocrx_word' id='word_1_223' title='bbox 283 3165 525 3237; x_wconf 91' lang='lat' dir='ltr'><strong>piorque</strong></span> <span class='ocrx_word' id='word_1_224' title='bbox 562 3167 630 3222; x_wconf 88' lang='lat' dir='ltr'><strong>ad</strong></span> <span class='ocrx_word' id='word_1_225' title='bbox 674 3169 911 3226; x_wconf 90' lang='lat' dir='ltr'><strong>medium</strong></span> <span class='ocrx_word' id='word_1_226' title='bbox 957 3189 1120 3244; x_wconf 88' lang='lat' dir='ltr'><strong>quam</strong></span> <span class='ocrx_word' id='word_1_227' title='bbox 1171 3176 1238 3231; x_wconf 87' lang='lat' dir='ltr'><strong>ad</strong></span> <span class='ocrx_word' id='word_1_228' title='bbox 1282 3179 1494 3236; x_wconf 91' lang='lat' dir='ltr'><strong>initium</strong></span> <span class='ocrx_word' id='word_1_229' title='bbox 1526 3180 1792 3239; x_wconf 86' lang='lat' dir='ltr'><strong>accedere</strong></span> <span class='ocrx_word' id='word_1_230' title='bbox 1820 3182 1898 3238; x_wconf 89' lang='lat' dir='ltr'><strong>vi—</strong></span> 
     </span>
    </p>
   </div>
   <div class='ocr_carea' id='block_1_32' title="bbox 284 3260 475 3315">
    <p class='ocr_par' dir='ltr' id='par_1_32' title="bbox 284 3260 475 3315">
     <span class='ocr_line' id='line_1_32' title="bbox 284 3260 475 3315; baseline -0.005 -1"><span class='ocrx_word' id='word_1_231' title='bbox 284 3260 475 3315; x_wconf 90' lang='lat' dir='ltr'><strong>detur.</strong></span> 
     </span>
    </p>
   </div>
   <div class='ocr_carea' id='block_1_33' title="bbox 914 3354 1274 3398">
    <p class='ocr_par' dir='ltr' id='par_1_33' title="bbox 914 3354 1274 3398">
     <span class='ocr_line' id='line_1_33' title="bbox 914 3354 1274 3398; baseline 0.008 -4"><span class='ocrx_word' id='word_1_232' title='bbox 914 3354 1128 3398; x_wconf 59' lang='grc' dir='ltr'><strong>δεουιο</strong></span> <span class='ocrx_word' id='word_1_233' title='bbox 1165 3359 1274 3397; x_wconf 77' lang='lat' dir='ltr'><strong>XVI.</strong></span> 
     </span>
    </p>
   </div>
   <div class='ocr_carea' id='block_1_34' title="bbox 911 3432 1257 3490">
    <p class='ocr_par' dir='ltr' id='par_1_34' title="bbox 911 3432 1257 3490">
     <span class='ocr_line' id='line_1_34' title="bbox 911 3432 1257 3490; baseline 0.012 -6"><span class='ocrx_word' id='word_1_234' title='bbox 911 3432 1058 3487; x_wconf 82' lang='lat' dir='ltr'><strong>Anno</strong></span> <span class='ocrx_word' id='word_1_235' title='bbox 1101 3435 1257 3490; x_wconf 67' lang='lat'><strong>154?.</strong></span> 
     </span>
    </p>
   </div>
   <div class='ocr_carea' id='block_1_35' title="bbox 359 3515 1896 3595">
    <p class='ocr_par' dir='ltr' id='par_1_35' title="bbox 359 3515 1896 3595">
     <span class='ocr_line' id='line_1_35' title="bbox 359 3515 1896 3595; baseline 0.012 -26"><span class='ocrx_word' id='word_1_236' title='bbox 359 3515 559 3572; x_wconf 75' lang='grc' dir='ltr'><strong>Ευιτιο</strong></span> <span class='ocrx_word' id='word_1_237' title='bbox 598 3530 852 3576; x_wconf 74' lang='lat' dir='ltr'><strong>rmucsrs</strong></span> <span class='ocrx_word' id='word_1_238' title='bbox 890 3521 1137 3579; x_wconf 61' lang='lat' dir='ltr'><strong>Bonam.</strong></span> <span class='ocrx_word' id='word_1_239' title='bbox 1161 3525 1374 3581; x_wconf 86' lang='lat' dir='ltr'><strong>Minucii</strong></span> <span class='ocrx_word' id='word_1_240' title='bbox 1399 3525 1611 3595; x_wconf 88' lang='lat' dir='ltr'><strong>Felicis,</strong></span> <span class='ocrx_word' id='word_1_241' title='bbox 1646 3545 1749 3586; x_wconf 88' lang='lat' dir='ltr'><strong>una</strong></span> <span class='ocrx_word' id='word_1_242' title='bbox 1774 3544 1896 3588; x_wconf 92' lang='lat' dir='ltr'><strong>cum</strong></span> 
     </span>
    </p>
   </div>
   <div class='ocr_carea' id='block_1_36' title="bbox 281 3608 1898 3678">
    <p class='ocr_par' dir='ltr' id='par_1_36' title="bbox 281 3608 1898 3678">
     <span class='ocr_line' id='line_1_36' title="bbox 281 3608 1898 3678; baseline 0.01 -15"><span class='ocrx_word' id='word_1_243' title='bbox 281 3608 558 3676; x_wconf 86' lang='lat' dir='ltr'><strong>Arnobio,</strong></span> <span class='ocrx_word' id='word_1_244' title='bbox 588 3610 655 3665; x_wconf 90' lang='lat' dir='ltr'><strong>ad</strong></span> <span class='ocrx_word' id='word_1_245' title='bbox 687 3612 844 3668; x_wconf 86' lang='lat' dir='ltr'><strong>ﬁdem</strong></span> <span class='ocrx_word' id='word_1_246' title='bbox 874 3618 1033 3672; x_wconf 90' lang='lat' dir='ltr'><strong>unius</strong></span> <span class='ocrx_word' id='word_1_247' title='bbox 1059 3620 1324 3673; x_wconf 87' lang='lat' dir='ltr'><strong>exstantis</strong></span> <span class='ocrx_word' id='word_1_248' title='bbox 1351 3621 1402 3674; x_wconf 93' lang='lat' dir='ltr'><strong>iu</strong></span> <span class='ocrx_word' id='word_1_249' title='bbox 1430 3620 1764 3678; x_wconf 89' lang='lat' dir='ltr'><strong>Bibliotheca</strong></span> <span class='ocrx_word' id='word_1_250' title='bbox 1791 3623 1898 3678; x_wconf 84' lang='lat' dir='ltr'><strong>Va-</strong></span> 
     </span>
    </p>
   </div>
   <div class='ocr_carea' id='block_1_37' title="bbox 284 3704 1892 3788">
    <p class='ocr_par' dir='ltr' id='par_1_37' title="bbox 284 3704 1892 3788">
     <span class='ocr_line' id='line_1_37' title="bbox 284 3704 1892 3788; baseline 0.009 -30"><span class='ocrx_word' id='word_1_251' title='bbox 284 3704 472 3758; x_wconf 89' lang='lat' dir='ltr'><strong>ticana</strong></span> <span class='ocrx_word' id='word_1_252' title='bbox 503 3705 726 3774; x_wconf 87' lang='lat' dir='ltr'><strong>codicis,</strong></span> <span class='ocrx_word' id='word_1_253' title='bbox 757 3721 979 3766; x_wconf 84' lang='lat' dir='ltr'><strong>curante</strong></span> <span class='ocrx_word' id='word_1_254' title='bbox 1009 3711 1209 3766; x_wconf 86' lang='lat' dir='ltr'><strong>Fausto</strong></span> <span class='ocrx_word' id='word_1_255' title='bbox 1246 3714 1437 3772; x_wconf 61' lang='lat' dir='ltr'><strong>Sabaeo</strong></span> <span class='ocrx_word' id='word_1_256' title='bbox 1473 3714 1749 3785; x_wconf 75' lang='lat' dir='ltr'><strong>Brittium),</strong></span> <span class='ocrx_word' id='word_1_257' title='bbox 1780 3726 1892 3788; x_wconf 91' lang='lat' dir='ltr'><strong>typ.</strong></span> 
     </span>
    </p>
   </div>
   <div class='ocr_carea' id='block_1_38' title="bbox 287 3795 1896 3879">
    <p class='ocr_par' dir='ltr' id='par_1_38' title="bbox 287 3795 1896 3879">
     <span class='ocr_line' id='line_1_38' title="bbox 287 3795 1896 3879; baseline 0.011 -28"><span class='ocrx_word' id='word_1_258' title='bbox 287 3795 533 3854; x_wconf 89' lang='lat' dir='ltr'><strong>Ferrarii</strong></span> <span class='ocrx_word' id='word_1_259' title='bbox 561 3801 1087 3874; x_wconf 88' lang='lat' dir='ltr'><strong>etPriscoanensis,</strong></span> <span class='ocrx_word' id='word_1_260' title='bbox 1131 3809 1243 3879; x_wconf 83' lang='lat' dir='ltr'><strong>regi</strong></span> <span class='ocrx_word' id='word_1_261' title='bbox 1295 3809 1625 3870; x_wconf 88' lang='lat' dir='ltr'><strong>Francorum</strong></span> <span class='ocrx_word' id='word_1_262' title='bbox 1673 3811 1896 3868; x_wconf 86' lang='lat' dir='ltr'><strong>Franci-</strong></span> 
     </span>
    </p>
   </div>
   <div class='ocr_carea' id='block_1_39' title="bbox 285 3912 1890 3987">
    <p class='ocr_par' dir='ltr' id='par_1_39' title="bbox 285 3912 1890 3987">
     <span class='ocr_line' id='line_1_39' title="bbox 285 3912 1890 3987; baseline 0.005 -20"><span class='ocrx_word' id='word_1_263' title='bbox 285 3926 386 3968; x_wconf 91' lang='lat' dir='ltr'><strong>sco</strong></span> <span class='ocrx_word' id='word_1_264' title='bbox 415 3912 458 3982; x_wconf 87' lang='grc' dir='ltr'><strong>Ι,</strong></span> <span class='ocrx_word' id='word_1_265' title='bbox 503 3913 675 3984; x_wconf 89' lang='lat' dir='ltr'><strong>jussu,</strong></span> <span class='ocrx_word' id='word_1_266' title='bbox 711 3925 770 3969; x_wconf 89' lang='lat' dir='ltr'><strong>ut</strong></span> <span class='ocrx_word' id='word_1_267' title='bbox 793 3915 1026 3984; x_wconf 88' lang='lat' dir='ltr'><strong>videtur,</strong></span> <span class='ocrx_word' id='word_1_268' title='bbox 1056 3915 1328 3987; x_wconf 90' lang='lat' dir='ltr'><strong>pontiﬁcis</strong></span> <span class='ocrx_word' id='word_1_269' title='bbox 1350 3917 1568 3974; x_wconf 79' lang='lat' dir='ltr'><strong>maximi</strong></span> <span class='ocrx_word' id='word_1_270' title='bbox 1594 3916 1793 3976; x_wconf 86' lang='lat' dir='ltr'><strong>Leonis</strong></span> <span class='ocrx_word' id='word_1_271' title='bbox 1821 3916 1890 3987; x_wconf 85' lang='lat' dir='ltr'><strong>X,</strong></span> 
     </span>
    </p>
   </div>
   <div class='ocr_carea' id='block_1_40' title="bbox 284 4007 1423 4082">
    <p class='ocr_par' dir='ltr' id='par_1_40' title="bbox 284 4007 1423 4082">
     <span class='ocr_line' id='line_1_40' title="bbox 284 4007 1423 4082; baseline 0.005 -22"><span class='ocrx_word' id='word_1_272' title='bbox 284 4015 620 4077; x_wconf 86' lang='lat' dir='ltr'><strong>nuncupata,</strong></span> <span class='ocrx_word' id='word_1_273' title='bbox 644 4007 828 4064; x_wconf 74' lang='lat' dir='ltr'><strong>Romte</strong></span> <span class='ocrx_word' id='word_1_274' title='bbox 861 4008 1074 4080; x_wconf 89' lang='lat' dir='ltr'><strong>prodiit,</strong></span> <span class='ocrx_word' id='word_1_275' title='bbox 1105 4009 1156 4064; x_wconf 93' lang='lat' dir='ltr'><strong>in</strong></span> <span class='ocrx_word' id='word_1_276' title='bbox 1194 4009 1314 4065; x_wconf 82' lang='lat' dir='ltr'><strong>fol°.</strong></span> <span class='ocrx_word' id='word_1_277' title='bbox 1343 4010 1423 4082; x_wconf 90' lang='lat'><strong>(1)</strong></span> 
     </span>
    </p>
   </div>
   <div class='ocr_carea' id='block_1_41' title="bbox 1008 4100 1168 4156">
    <p class='ocr_par' dir='ltr' id='par_1_41' title="bbox 1008 4100 1168 4156">
     <span class='ocr_line' id='line_1_41' title="bbox 1008 4100 1168 4156; baseline -0.006 0"><span class='ocrx_word' id='word_1_278' title='bbox 1008 4100 1168 4156; x_wconf 74' lang='grc'>1546.</span> 
     </span>
    </p>
   </div>
   <div class='ocr_carea' id='block_1_42' title="bbox 357 4192 1897 4265">
    <p class='ocr_par' dir='ltr' id='par_1_42' title="bbox 357 4192 1897 4265">
     <span class='ocr_line' id='line_1_42' title="bbox 357 4192 1897 4265; baseline 0.003 -17"><span class='ocrx_word' id='word_1_279' title='bbox 357 4192 766 4260; x_wconf 70' lang='grc' dir='ltr'><strong>ΒΑειιεεΝειει,</strong></span> <span class='ocrx_word' id='word_1_280' title='bbox 790 4193 933 4264; x_wconf 87' lang='lat' dir='ltr'><strong>apud</strong></span> <span class='ocrx_word' id='word_1_281' title='bbox 957 4193 1189 4252; x_wconf 82' lang='lat' dir='ltr'><strong>Froben.</strong></span> <span class='ocrx_word' id='word_1_282' title='bbox 1205 4236 1219 4261; x_wconf 93' lang='lat'><strong>,</strong></span> <span class='ocrx_word' id='word_1_283' title='bbox 1245 4210 1308 4250; x_wconf 86' lang='lat' dir='ltr'><strong>ex</strong></span> <span class='ocrx_word' id='word_1_284' title='bbox 1335 4193 1663 4265; x_wconf 84' lang='lat' dir='ltr'><strong>Sigismundi</strong></span> <span class='ocrx_word' id='word_1_285' title='bbox 1687 4195 1897 4256; x_wconf 88' lang='lat' dir='ltr'><strong>Gelcuii</strong></span> 
     </span>
    </p>
   </div>
   <div class='ocr_carea' id='block_1_43' title="bbox 279 4287 1276 4357">
    <p class='ocr_par' dir='ltr' id='par_1_43' title="bbox 279 4287 1276 4357">
     <span class='ocr_line' id='line_1_43' title="bbox 279 4287 1276 4357; baseline -0.003 -12"><span class='ocrx_word' id='word_1_286' title='bbox 279 4289 630 4357; x_wconf 82' lang='lat' dir='ltr'><strong>recensione,</strong></span> <span class='ocrx_word' id='word_1_287' title='bbox 663 4303 785 4344; x_wconf 92' lang='lat' dir='ltr'><strong>cum</strong></span> <span class='ocrx_word' id='word_1_288' title='bbox 816 4287 1077 4357; x_wconf 83' lang='lat' dir='ltr'><strong>Arnobio,</strong></span> <span class='ocrx_word' id='word_1_289' title='bbox 1111 4289 1162 4346; x_wconf 89' lang='lat' dir='ltr'><strong>in</strong></span> <span class='ocrx_word' id='word_1_290' title='bbox 1200 4287 1276 4346; x_wconf 89' lang='lat'><strong>8°.</strong></span> 
     </span>
    </p>
   </div>
   <div class='ocr_carea' id='block_1_44' title="bbox 1008 4382 1165 4438">
    <p class='ocr_par' dir='ltr' id='par_1_44' title="bbox 1008 4382 1165 4438">
     <span class='ocr_line' id='line_1_44' title="bbox 1008 4382 1165 4438; baseline -0.013 0"><span class='ocrx_word' id='word_1_291' title='bbox 1008 4382 1165 4438; x_wconf 75' lang='grc'>1560.</span> 
     </span>
    </p>
   </div>
   <div class='ocr_carea' id='block_1_45' title="bbox 360 4476 1896 4549">
    <p class='ocr_par' dir='ltr' id='par_1_45' title="bbox 360 4476 1896 4549">
     <span class='ocr_line' id='line_1_45' title="bbox 360 4476 1896 4549; baseline 0.007 -19"><span class='ocrx_word' id='word_1_292' title='bbox 360 4476 708 4538; x_wconf 70' lang='lat' dir='ltr'><strong>BASILEENSIS</strong></span> <span class='ocrx_word' id='word_1_293' title='bbox 755 4477 823 4544; x_wconf 87' lang='lat' dir='ltr'><strong>ll,</strong></span> <span class='ocrx_word' id='word_1_294' title='bbox 870 4476 1010 4549; x_wconf 89' lang='lat' dir='ltr'><strong>apud</strong></span> <span class='ocrx_word' id='word_1_295' title='bbox 1061 4477 1323 4546; x_wconf 66' lang='lat' dir='ltr'><strong>Froben,</strong></span> <span class='ocrx_word' id='word_1_296' title='bbox 1368 4477 1534 4547; x_wconf 83' lang='lat' dir='ltr'><strong>in-8°,</strong></span> <span class='ocrx_word' id='word_1_297' title='bbox 1581 4478 1633 4538; x_wconf 83' lang='lat' dir='ltr'><strong>in</strong></span> <span class='ocrx_word' id='word_1_298' title='bbox 1657 4479 1896 4540; x_wconf 81' lang='lat' dir='ltr'><strong>secunda</strong></span> 
     </span>
    </p>
   </div>
   <div class='ocr_carea' id='block_1_46' title="bbox 284 4567 1042 4631">
    <p class='ocr_par' dir='ltr' id='par_1_46' title="bbox 284 4567 1042 4631">
     <span class='ocr_line' id='line_1_46' title="bbox 284 4567 1042 4631; baseline 0 -6"><span class='ocrx_word' id='word_1_299' title='bbox 284 4567 523 4626; x_wconf 86' lang='lat' dir='ltr'><strong>editione</strong></span> <span class='ocrx_word' id='word_1_300' title='bbox 552 4570 785 4631; x_wconf 78' lang='lat' dir='ltr'><strong>Arnobii</strong></span> <span class='ocrx_word' id='word_1_301' title='bbox 813 4569 1042 4629; x_wconf 89' lang='lat' dir='ltr'><strong>Gelenii.</strong></span> 
     </span>
    </p>
   </div>
   <div class='ocr_carea' id='block_1_47' title="bbox 885 4663 1264 4718">
    <p class='ocr_par' dir='ltr' id='par_1_47' title="bbox 885 4663 1264 4718">
     <span class='ocr_line' id='line_1_47' title="bbox 885 4663 1264 4718; baseline 0.003 -1"><span class='ocrx_word' id='word_1_302' title='bbox 885 4663 1080 4718; x_wconf 82' lang='lat' dir='ltr'><strong>Eodem</strong></span> <span class='ocrx_word' id='word_1_303' title='bbox 1110 4680 1264 4718; x_wconf 84' lang='lat' dir='ltr'><strong>anno.</strong></span> 
     </span>
    </p>
   </div>
   <div class='ocr_carea' id='block_1_48' title="bbox 353 4757 1893 4828">
    <p class='ocr_par' dir='ltr' id='par_1_48' title="bbox 353 4757 1893 4828">
     <span class='ocr_line' id='line_1_48' title="bbox 353 4757 1893 4828; baseline -0.001 -12"><span class='ocrx_word' id='word_1_304' title='bbox 353 4759 890 4823; x_wconf 74' lang='lat' dir='ltr'><strong>lleinewenceusrs,</strong></span> <span class='ocrx_word' id='word_1_305' title='bbox 925 4757 1094 4828; x_wconf 88' lang='lat' dir='ltr'><strong>prima</strong></span> <span class='ocrx_word' id='word_1_306' title='bbox 1123 4757 1224 4811; x_wconf 86' lang='lat' dir='ltr'><strong>sub</strong></span> <span class='ocrx_word' id='word_1_307' title='bbox 1252 4758 1470 4827; x_wconf 88' lang='lat' dir='ltr'><strong>proprio</strong></span> <span class='ocrx_word' id='word_1_308' title='bbox 1517 4760 1753 4814; x_wconf 89' lang='lat' dir='ltr'><strong>auctoris</strong></span> <span class='ocrx_word' id='word_1_309' title='bbox 1796 4773 1893 4814; x_wconf 91' lang='lat' dir='ltr'><strong>no-</strong></span> 
     </span>
    </p>
   </div>
   <div class='ocr_carea' id='block_1_49' title="bbox 283 4849 1892 4911">
    <p class='ocr_par' dir='ltr' id='par_1_49' title="bbox 283 4849 1892 4911">
     <span class='ocr_line' id='line_1_49' title="bbox 283 4849 1892 4911; baseline -0.001 -4"><span class='ocrx_word' id='word_1_310' title='bbox 283 4854 429 4910; x_wconf 90' lang='lat' dir='ltr'><strong>mine</strong></span> <span class='ocrx_word' id='word_1_311' title='bbox 478 4853 625 4906; x_wconf 86' lang='lat' dir='ltr'><strong>data.</strong></span> <span class='ocrx_word' id='word_1_312' title='bbox 678 4852 890 4906; x_wconf 85' lang='lat' dir='ltr'><strong>Primus</strong></span> <span class='ocrx_word' id='word_1_313' title='bbox 941 4849 1265 4905; x_wconf 89' lang='lat' dir='ltr'><strong>Franciscus</strong></span> <span class='ocrx_word' id='word_1_314' title='bbox 1317 4850 1613 4911; x_wconf 77' lang='lat' dir='ltr'><strong>Balduinus</strong></span> <span class='ocrx_word' id='word_1_315' title='bbox 1659 4851 1892 4908; x_wconf 79' lang='lat' dir='ltr'><strong>Minucio</strong></span> 
     </span>
    </p>
   </div>
   <div class='ocr_carea' id='block_1_50' title="bbox 289 4941 1888 5002">
    <p class='ocr_par' dir='ltr' id='par_1_50' title="bbox 289 4941 1888 5002">
     <span class='ocr_line' id='line_1_50' title="bbox 289 4941 1888 5002; baseline 0.001 -3"><span class='ocrx_word' id='word_1_316' title='bbox 289 4946 522 5000; x_wconf 86' lang='lat' dir='ltr'><strong>restituit</strong></span> <span class='ocrx_word' id='word_1_317' title='bbox 563 4943 830 4998; x_wconf 80' lang='lat' dir='ltr'><strong>Octavium</strong></span> <span class='ocrx_word' id='word_1_318' title='bbox 873 4944 1130 4998; x_wconf 88' lang='lat' dir='ltr'><strong>hactenus</strong></span> <span class='ocrx_word' id='word_1_319' title='bbox 1158 4941 1384 4999; x_wconf 84' lang='lat' dir='ltr'><strong>Arnobii</strong></span> <span class='ocrx_word' id='word_1_320' title='bbox 1414 4945 1605 4999; x_wconf 92' lang='lat' dir='ltr'><strong>librum</strong></span> <span class='ocrx_word' id='word_1_321' title='bbox 1638 4955 1888 5002; x_wconf 89' lang='lat' dir='ltr'><strong>octavum</strong></span> 
     </span>
    </p>
   </div>
   <div class='ocr_carea' id='block_1_51' title="bbox 293 5037 1889 5110">
    <p class='ocr_par' dir='ltr' id='par_1_51' title="bbox 293 5037 1889 5110">
     <span class='ocr_line' id='line_1_51' title="bbox 293 5037 1889 5110; baseline -0.001 -14"><span class='ocrx_word' id='word_1_322' title='bbox 293 5051 623 5110; x_wconf 83' lang='lat' dir='ltr'><strong>reputatum;</strong></span> <span class='ocrx_word' id='word_1_323' title='bbox 661 5049 744 5105; x_wconf 87' lang='lat' dir='ltr'><strong>at,</strong></span> <span class='ocrx_word' id='word_1_324' title='bbox 791 5046 914 5092; x_wconf 88' lang='lat' dir='ltr'><strong>ante</strong></span> <span class='ocrx_word' id='word_1_325' title='bbox 954 5038 1270 5092; x_wconf 88' lang='lat' dir='ltr'><strong>Balduinum</strong></span> <span class='ocrx_word' id='word_1_326' title='bbox 1320 5037 1564 5093; x_wconf 78' lang='lat' dir='ltr'><strong>fraudem</strong></span> <span class='ocrx_word' id='word_1_327' title='bbox 1613 5040 1889 5094; x_wconf 85' lang='lat' dir='ltr'><strong>detexisse</strong></span> 
     </span>
    </p>
   </div>
   <div class='ocr_carea' id='block_1_52' title="bbox 283 5129 1885 5202">
    <p class='ocr_par' dir='ltr' id='par_1_52' title="bbox 283 5129 1885 5202">
     <span class='ocr_line' id='line_1_52' title="bbox 283 5129 1885 5202; baseline -0.001 -14"><span class='ocrx_word' id='word_1_328' title='bbox 283 5133 616 5188; x_wconf 82' lang='lat' dir='ltr'><strong>Hadrianum</strong></span> <span class='ocrx_word' id='word_1_329' title='bbox 643 5129 882 5197; x_wconf 80' lang='lat' dir='ltr'><strong>Juniuiu,</strong></span> <span class='ocrx_word' id='word_1_330' title='bbox 913 5130 1181 5186; x_wconf 90' lang='lat' dir='ltr'><strong>medicum</strong></span> <span class='ocrx_word' id='word_1_331' title='bbox 1201 5131 1456 5185; x_wconf 83' lang='lat' dir='ltr'><strong>Batavum</strong></span> <span class='ocrx_word' id='word_1_332' title='bbox 1479 5140 1533 5186; x_wconf 92' lang='lat' dir='ltr'><strong>et</strong></span> <span class='ocrx_word' id='word_1_333' title='bbox 1551 5131 1885 5202; x_wconf 83' lang='lat' dir='ltr'><strong>philologum</strong></span> 
     </span>
    </p>
   </div>
   <div class='ocr_carea' id='block_1_53' title="bbox 275 5223 1888 5284">
    <p class='ocr_par' dir='ltr' id='par_1_53' title="bbox 275 5223 1888 5284">
     <span class='ocr_line' id='line_1_53' title="bbox 275 5223 1888 5284; baseline -0.001 -2"><span class='ocrx_word' id='word_1_334' title='bbox 275 5243 390 5283; x_wconf 77' lang='lat' dir='ltr'><strong>suae</strong></span> <span class='ocrx_word' id='word_1_335' title='bbox 429 5225 612 5280; x_wconf 72' lang='lat' dir='ltr'><strong>a-tatis</strong></span> <span class='ocrx_word' id='word_1_336' title='bbox 639 5224 1075 5282; x_wconf 87' lang='lat' dir='ltr'><strong>celeberrimum.</strong></span> <span class='ocrx_word' id='word_1_337' title='bbox 1099 5223 1270 5280; x_wconf 85' lang='lat' dir='ltr'><strong>Immo</strong></span> <span class='ocrx_word' id='word_1_338' title='bbox 1300 5239 1433 5280; x_wconf 88' lang='lat' dir='ltr'><strong>vero</strong></span> <span class='ocrx_word' id='word_1_339' title='bbox 1474 5239 1580 5280; x_wconf 92' lang='lat' dir='ltr'><strong>non</strong></span> <span class='ocrx_word' id='word_1_340' title='bbox 1611 5223 1755 5284; x_wconf 84' lang='lat' dir='ltr'><strong>Junii</strong></span> <span class='ocrx_word' id='word_1_341' title='bbox 1788 5227 1888 5280; x_wconf 89' lang='lat' dir='ltr'><strong>iste</strong></span> 
     </span>
    </p>
   </div>
   <div class='ocr_carea' id='block_1_54' title="bbox 275 5315 1887 5386">
    <p class='ocr_par' dir='ltr' id='par_1_54' title="bbox 275 5315 1887 5386">
     <span class='ocr_line' id='line_1_54' title="bbox 275 5315 1887 5386; baseline -0.003 -11"><span class='ocrx_word' id='word_1_342' title='bbox 275 5321 480 5386; x_wconf 88' lang='lat' dir='ltr'><strong>honor,</strong></span> <span class='ocrx_word' id='word_1_343' title='bbox 516 5317 614 5374; x_wconf 90' lang='lat' dir='ltr'><strong>sed</strong></span> <span class='ocrx_word' id='word_1_344' title='bbox 638 5317 855 5374; x_wconf 79' lang='lat' dir='ltr'><strong>Antonii</strong></span> <span class='ocrx_word' id='word_1_345' title='bbox 882 5315 1198 5382; x_wconf 84' lang='lat' dir='ltr'><strong>Morrilloni,</strong></span> <span class='ocrx_word' id='word_1_346' title='bbox 1233 5331 1340 5374; x_wconf 90' lang='lat' dir='ltr'><strong>em.</strong></span> <span class='ocrx_word' id='word_1_347' title='bbox 1366 5316 1657 5376; x_wconf 84' lang='lat' dir='ltr'><strong>cardinalis</strong></span> <span class='ocrx_word' id='word_1_348' title='bbox 1676 5316 1887 5374; x_wconf 56' lang='lat' dir='ltr'><strong>Grand,</strong></span> 
     </span>
    </p>
   </div>
   <div class='ocr_carea' id='block_1_55' title="bbox 271 5409 1886 5480">
    <p class='ocr_par' dir='ltr' id='par_1_55' title="bbox 271 5409 1886 5480">
     <span class='ocr_line' id='line_1_55' title="bbox 271 5409 1886 5480; baseline -0.004 -12"><span class='ocrx_word' id='word_1_349' title='bbox 271 5413 421 5469; x_wconf 84' lang='lat' dir='ltr'><strong>velle</strong></span> <span class='ocrx_word' id='word_1_350' title='bbox 480 5411 782 5467; x_wconf 89' lang='lat' dir='ltr'><strong>secretario</strong></span> <span class='ocrx_word' id='word_1_351' title='bbox 830 5419 886 5465; x_wconf 89' lang='lat' dir='ltr'><strong>et</strong></span> <span class='ocrx_word' id='word_1_352' title='bbox 937 5409 1380 5478; x_wconf 81' lang='lat' dir='ltr'><strong>bibliothecario,</strong></span> <span class='ocrx_word' id='word_1_353' title='bbox 1435 5411 1500 5466; x_wconf 85' lang='lat' dir='ltr'><strong>ad</strong></span> <span class='ocrx_word' id='word_1_354' title='bbox 1543 5425 1702 5480; x_wconf 87' lang='lat' dir='ltr'><strong>quem</strong></span> <span class='ocrx_word' id='word_1_355' title='bbox 1747 5427 1886 5466; x_wconf 59' lang='lat' dir='ltr'><strong>non.</strong></span> 
     </span>
    </p>
   </div>
   <div class='ocr_carea' id='block_1_56' title="bbox 276 5501 1887 5574">
    <p class='ocr_par' dir='ltr' id='par_1_56' title="bbox 276 5501 1887 5574">
     <span class='ocr_line' id='line_1_56' title="bbox 276 5501 1887 5574; baseline -0.003 -11"><span class='ocrx_word' id='word_1_356' title='bbox 276 5507 444 5563; x_wconf 68' lang='lat' dir='ltr'><strong>nulla:</strong></span> <span class='ocrx_word' id='word_1_357' title='bbox 473 5513 692 5562; x_wconf 78' lang='lat' dir='ltr'><strong>exstant</strong></span> <span class='ocrx_word' id='word_1_358' title='bbox 719 5502 864 5559; x_wconf 80' lang='lat' dir='ltr'><strong>Junii</strong></span> <span class='ocrx_word' id='word_1_359' title='bbox 893 5501 1170 5571; x_wconf 60' lang='lat' dir='ltr'><strong>Epistula,</strong></span> <span class='ocrx_word' id='word_1_360' title='bbox 1197 5511 1252 5557; x_wconf 90' lang='lat' dir='ltr'><strong>et</strong></span> <span class='ocrx_word' id='word_1_361' title='bbox 1278 5504 1362 5557; x_wconf 92' lang='lat' dir='ltr'><strong>cui</strong></span> <span class='ocrx_word' id='word_1_362' title='bbox 1388 5503 1504 5574; x_wconf 90' lang='lat' dir='ltr'><strong>ipse</strong></span> <span class='ocrx_word' id='word_1_363' title='bbox 1528 5502 1720 5557; x_wconf 85' lang='lat' dir='ltr'><strong>Junius</strong></span> <span class='ocrx_word' id='word_1_364' title='bbox 1749 5502 1887 5558; x_wconf 90' lang='lat' dir='ltr'><strong>hanc</strong></span> 
     </span>
    </p>
   </div>
   <div class='ocr_carea' id='block_1_57' title="bbox 283 5595 1882 5663">
    <p class='ocr_par' dir='ltr' id='par_1_57' title="bbox 283 5595 1882 5663">
     <span class='ocr_line' id='line_1_57' title="bbox 283 5595 1882 5663; baseline -0.003 -9"><span class='ocrx_word' id='word_1_365' title='bbox 283 5598 502 5654; x_wconf 82' lang='lat' dir='ltr'><strong>laudem</strong></span> <span class='ocrx_word' id='word_1_366' title='bbox 545 5597 783 5654; x_wconf 86' lang='lat' dir='ltr'><strong>vindieat</strong></span> <span class='ocrx_word' id='word_1_367' title='bbox 825 5596 879 5651; x_wconf 92' lang='lat' dir='ltr'><strong>in</strong></span> <span class='ocrx_word' id='word_1_368' title='bbox 927 5595 1304 5656; x_wconf 74' lang='lat' dir='ltr'><strong>Animadverss.</strong></span> <span class='ocrx_word' id='word_1_369' title='bbox 1335 5597 1428 5654; x_wconf 86' lang='lat' dir='ltr'><strong>lib.</strong></span> <span class='ocrx_word' id='word_1_370' title='bbox 1458 5612 1537 5663; x_wconf 83' lang='lat' dir='ltr'><strong>Ill,</strong></span> <span class='ocrx_word' id='word_1_371' title='bbox 1575 5612 1624 5651; x_wconf 85' lang='lat' dir='ltr'><strong>c.</strong></span> <span class='ocrx_word' id='word_1_372' title='bbox 1666 5598 1716 5663; x_wconf 91' lang='lat'><strong>1,</strong></span> <span class='ocrx_word' id='word_1_373' title='bbox 1753 5595 1882 5652; x_wconf 89' lang='lat' dir='ltr'><strong>edit.</strong></span> 
     </span>
    </p>
   </div>
   <div class='ocr_carea' id='block_1_58' title="bbox 287 5685 1886 5749">
    <p class='ocr_par' dir='ltr' id='par_1_58' title="bbox 287 5685 1886 5749">
     <span class='ocr_line' id='line_1_58' title="bbox 287 5685 1886 5749; baseline -0.002 -4"><span class='ocrx_word' id='word_1_374' title='bbox 287 5705 416 5745; x_wconf 91' lang='lat' dir='ltr'><strong>nov.</strong></span> <span class='ocrx_word' id='word_1_375' title='bbox 466 5688 692 5746; x_wconf 83' lang='lat' dir='ltr'><strong>Roterd.</strong></span> <span class='ocrx_word' id='word_1_376' title='bbox 747 5687 903 5744; x_wconf 66' lang='lat'><strong>1709.</strong></span> <span class='ocrx_word' id='word_1_377' title='bbox 949 5685 1214 5744; x_wconf 72' lang='lat' dir='ltr'><strong>Caeterum</strong></span> <span class='ocrx_word' id='word_1_378' title='bbox 1250 5687 1368 5744; x_wconf 80' lang='lat' dir='ltr'><strong>haec</strong></span> <span class='ocrx_word' id='word_1_379' title='bbox 1426 5687 1672 5744; x_wconf 87' lang='lat' dir='ltr'><strong>Balduini</strong></span> <span class='ocrx_word' id='word_1_380' title='bbox 1722 5687 1886 5749; x_wconf 84' lang='lat' dir='ltr'><strong>editio</strong></span> 
     </span>
    </p>
   </div>
   <div class='ocr_carea' id='block_1_59' title="bbox 389 5802 1890 5874">
    <p class='ocr_par' dir='ltr' id='par_1_59' title="bbox 389 5802 1890 5874">
     <span class='ocr_line' id='line_1_59' title="bbox 389 5802 1890 5874; baseline 0.001 -14"><span class='ocrx_word' id='word_1_381' title='bbox 389 5804 442 5874; x_wconf 86' lang='lat'><strong>1)</strong></span> <span class='ocrx_word' id='word_1_382' title='bbox 486 5803 650 5860; x_wconf 81' lang='lat' dir='ltr'><strong>Multa</strong></span> <span class='ocrx_word' id='word_1_383' title='bbox 698 5804 750 5858; x_wconf 93' lang='lat' dir='ltr'><strong>in</strong></span> <span class='ocrx_word' id='word_1_384' title='bbox 772 5802 864 5874; x_wconf 87' lang='lat' dir='ltr'><strong>his</strong></span> <span class='ocrx_word' id='word_1_385' title='bbox 905 5811 961 5859; x_wconf 92' lang='lat' dir='ltr'><strong>et</strong></span> <span class='ocrx_word' id='word_1_386' title='bbox 1007 5802 1354 5874; x_wconf 81' lang='lat' dir='ltr'><strong>sequentibus</strong></span> <span class='ocrx_word' id='word_1_387' title='bbox 1411 5802 1767 5860; x_wconf 90' lang='lat' dir='ltr'><strong>desumuutur</strong></span> <span class='ocrx_word' id='word_1_388' title='bbox 1815 5819 1890 5861; x_wconf 82' lang='lat' dir='ltr'><strong>ex</strong></span> 
     </span>
    </p>
   </div>
   <div class='ocr_carea' id='block_1_60' title="bbox 291 5872 1740 5954">
    <p class='ocr_par' dir='ltr' id='par_1_60' title="bbox 291 5872 1740 5954">
     <span class='ocr_line' id='line_1_60' title="bbox 291 5872 1740 5954; baseline -0.003 -21"><span class='ocrx_word' id='word_1_389' title='bbox 291 5872 739 5944; x_wconf 70' lang='lat' dir='ltr'><strong>Schuanemanni,</strong></span> <span class='ocrx_word' id='word_1_390' title='bbox 764 5873 1034 5952; x_wconf 82' lang='lat' dir='ltr'><strong>Lumperi,</strong></span> <span class='ocrx_word' id='word_1_391' title='bbox 1065 5872 1280 5942; x_wconf 75' lang='lat' dir='ltr'><strong>Cellerii</strong></span> <span class='ocrx_word' id='word_1_392' title='bbox 1307 5874 1579 5954; x_wconf 82' lang='lat' dir='ltr'><strong>operibus.</strong></span> <span class='ocrx_word' id='word_1_393' title='bbox 1609 5875 1740 5937; x_wconf 81' lang='lat' dir='ltr'><strong>Eun.</strong></span> 
     </span>
    </p>
   </div>
   <div class='ocr_carea' id='block_1_61' title="bbox 1781 367 2173 430">
    <p class='ocr_par' dir='ltr' id='par_1_61' title="bbox 1781 367 2173 430">
     <span class='ocr_line' id='line_1_61' title="bbox 1781 367 2173 430; baseline 0.013 -5"><span class='ocrx_word' id='word_1_394' title='bbox 1781 367 2173 430; x_wconf 66' lang='lat' dir='ltr'><strong>PREFATIO.</strong></span> 
     </span>
    </p>
   </div>
   <div class='ocr_carea' id='block_1_62' title="bbox 3490 393 3620 449">
    <p class='ocr_par' dir='ltr' id='par_1_62' title="bbox 3490 393 3620 449">
     <span class='ocr_line' id='line_1_62' title="bbox 3490 393 3620 449; baseline 0.038 -5"><span class='ocrx_word' id='word_1_395' title='bbox 3490 393 3620 449; x_wconf 65' lang='lat' dir='ltr'><strong>xcvi</strong></span> 
     </span>
    </p>
   </div>
   <div class='ocr_carea' id='block_1_63' title="bbox 2012 495 3618 574">
    <p class='ocr_par' dir='ltr' id='par_1_63' title="bbox 2012 495 3618 574">
     <span class='ocr_line' id='line_1_63' title="bbox 2012 495 3618 574; baseline 0.014 -30"><span class='ocrx_word' id='word_1_396' title='bbox 2012 496 2216 546; x_wconf 83' lang='lat' dir='ltr'><strong>textum</strong></span> <span class='ocrx_word' id='word_1_397' title='bbox 2248 507 2456 549; x_wconf 90' lang='lat' dir='ltr'><strong>merum</strong></span> <span class='ocrx_word' id='word_1_398' title='bbox 2489 495 2745 563; x_wconf 86' lang='lat' dir='ltr'><strong>exhibet;</strong></span> <span class='ocrx_word' id='word_1_399' title='bbox 2778 499 2862 554; x_wconf 90' lang='lat' dir='ltr'><strong>cui</strong></span> <span class='ocrx_word' id='word_1_400' title='bbox 2904 501 3148 571; x_wconf 56' lang='lat' dir='ltr'><strong>praefatio</strong></span> <span class='ocrx_word' id='word_1_401' title='bbox 3190 503 3371 560; x_wconf 89' lang='lat' dir='ltr'><strong>addita</strong></span> <span class='ocrx_word' id='word_1_402' title='bbox 3415 514 3530 574; x_wconf 89' lang='lat' dir='ltr'><strong>est,</strong></span> <span class='ocrx_word' id='word_1_403' title='bbox 3562 510 3618 566; x_wconf 93' lang='lat' dir='ltr'><strong>in</strong></span> 
     </span>
    </p>
   </div>
   <div class='ocr_carea' id='block_1_64' title="bbox 2009 589 3619 661">
    <p class='ocr_par' dir='ltr' id='par_1_64' title="bbox 2009 589 3619 661">
     <span class='ocr_line' id='line_1_64' title="bbox 2009 589 3619 661; baseline 0.012 -21"><span class='ocrx_word' id='word_1_404' title='bbox 2009 601 2112 655; x_wconf 86' lang='lat' dir='ltr'><strong>qua</strong></span> <span class='ocrx_word' id='word_1_405' title='bbox 2143 602 2265 642; x_wconf 92' lang='lat' dir='ltr'><strong>cum</strong></span> <span class='ocrx_word' id='word_1_406' title='bbox 2297 589 2544 647; x_wconf 67' lang='lat' dir='ltr'><strong>vindiciaa‘</strong></span> <span class='ocrx_word' id='word_1_407' title='bbox 2571 608 2666 661; x_wconf 89' lang='lat' dir='ltr'><strong>pro</strong></span> <span class='ocrx_word' id='word_1_408' title='bbox 2683 593 2916 650; x_wconf 84' lang='lat' dir='ltr'><strong>Minucio</strong></span> <span class='ocrx_word' id='word_1_409' title='bbox 2931 595 3114 653; x_wconf 87' lang='lat' dir='ltr'><strong>Felice</strong></span> <span class='ocrx_word' id='word_1_410' title='bbox 3142 614 3274 655; x_wconf 89' lang='lat' dir='ltr'><strong>vero</strong></span> <span class='ocrx_word' id='word_1_411' title='bbox 3301 610 3524 657; x_wconf 88' lang='lat' dir='ltr'><strong>auctore</strong></span> <span class='ocrx_word' id='word_1_412' title='bbox 3548 617 3619 658; x_wconf 84' lang='lat' dir='ltr'><strong>ex</strong></span> 
     </span>
    </p>
   </div>
   <div class='ocr_carea' id='block_1_65' title="bbox 2012 677 3618 762">
    <p class='ocr_par' dir='ltr' id='par_1_65' title="bbox 2012 677 3618 762">
     <span class='ocr_line' id='line_1_65' title="bbox 2012 677 3618 762; baseline 0.013 -31"><span class='ocrx_word' id='word_1_413' title='bbox 2012 677 2320 751; x_wconf 81' lang='lat' dir='ltr'><strong>Hieronymi</strong></span> <span class='ocrx_word' id='word_1_414' title='bbox 2358 692 2412 736; x_wconf 89' lang='lat' dir='ltr'><strong>et</strong></span> <span class='ocrx_word' id='word_1_415' title='bbox 2456 683 2719 739; x_wconf 83' lang='lat' dir='ltr'><strong>Lactantii</strong></span> <span class='ocrx_word' id='word_1_416' title='bbox 2763 689 3122 756; x_wconf 87' lang='lat' dir='ltr'><strong>testimoniis,</strong></span> <span class='ocrx_word' id='word_1_417' title='bbox 3156 693 3281 762; x_wconf 88' lang='lat' dir='ltr'><strong>styli</strong></span> <span class='ocrx_word' id='word_1_418' title='bbox 3326 703 3382 749; x_wconf 92' lang='lat' dir='ltr'><strong>et</strong></span> <span class='ocrx_word' id='word_1_419' title='bbox 3423 695 3618 753; x_wconf 73' lang='lat' dir='ltr'><strong>forma:</strong></span> 
     </span>
    </p>
   </div>
   <div class='ocr_carea' id='block_1_66' title="bbox 2008 772 3614 852">
    <p class='ocr_par' dir='ltr' id='par_1_66' title="bbox 2008 772 3614 852">
     <span class='ocr_line' id='line_1_66' title="bbox 2008 772 3614 852; baseline 0.009 -26"><span class='ocrx_word' id='word_1_420' title='bbox 2008 772 2280 828; x_wconf 88' lang='lat' dir='ltr'><strong>scribendi</strong></span> <span class='ocrx_word' id='word_1_421' title='bbox 2321 775 2390 828; x_wconf 90' lang='lat' dir='ltr'><strong>ab</strong></span> <span class='ocrx_word' id='word_1_422' title='bbox 2430 777 2746 832; x_wconf 85' lang='lat' dir='ltr'><strong>Arnubiano</strong></span> <span class='ocrx_word' id='word_1_423' title='bbox 2777 779 3138 850; x_wconf 89' lang='lat' dir='ltr'><strong>discrepantia</strong></span> <span class='ocrx_word' id='word_1_424' title='bbox 3169 784 3471 852; x_wconf 88' lang='lat' dir='ltr'><strong>traduntur,</strong></span> <span class='ocrx_word' id='word_1_425' title='bbox 3502 797 3614 841; x_wconf 90' lang='lat' dir='ltr'><strong>tum</strong></span> 
     </span>
    </p>
   </div>
   <div class='ocr_carea' id='block_1_67' title="bbox 2008 871 3674 947">
    <p class='ocr_par' dir='ltr' id='par_1_67' title="bbox 2008 871 3674 947">
     <span class='ocr_line' id='line_1_67' title="bbox 2008 871 3674 947; baseline 0.011 -30"><span class='ocrx_word' id='word_1_426' title='bbox 2008 875 2386 934; x_wconf 76' lang='lat' dir='ltr'><strong>argumentum</strong></span> <span class='ocrx_word' id='word_1_427' title='bbox 2415 878 2471 923; x_wconf 89' lang='lat' dir='ltr'><strong>et</strong></span> <span class='ocrx_word' id='word_1_428' title='bbox 2499 871 2734 942; x_wconf 81' lang='lat' dir='ltr'><strong>analysis</strong></span> <span class='ocrx_word' id='word_1_429' title='bbox 2764 873 2925 927; x_wconf 90' lang='lat' dir='ltr'><strong>totius</strong></span> <span class='ocrx_word' id='word_1_430' title='bbox 2955 874 3074 928; x_wconf 86' lang='lat' dir='ltr'><strong>libri</strong></span> <span class='ocrx_word' id='word_1_431' title='bbox 3108 879 3441 947; x_wconf 89' lang='lat' dir='ltr'><strong>proponitur.</strong></span> <span class='ocrx_word' id='word_1_432' title='bbox 3472 879 3618 935; x_wconf 85' lang='lat' dir='ltr'><strong>Nun-</strong></span> <span class='ocrx_word' id='word_1_433' title='bbox 3669 922 3674 927; x_wconf 64' lang='grc' dir='ltr'><strong>η</strong></span> 
     </span>
    </p>
   </div>
   <div class='ocr_carea' id='block_1_68' title="bbox 2009 959 3618 1038">
    <p class='ocr_par' dir='ltr' id='par_1_68' title="bbox 2009 959 3618 1038">
     <span class='ocr_line' id='line_1_68' title="bbox 2009 959 3618 1038; baseline 0.011 -27"><span class='ocrx_word' id='word_1_434' title='bbox 2009 960 2226 1027; x_wconf 89' lang='lat' dir='ltr'><strong>cupavit</strong></span> <span class='ocrx_word' id='word_1_435' title='bbox 2249 959 2545 1018; x_wconf 84' lang='lat' dir='ltr'><strong>Balduinus</strong></span> <span class='ocrx_word' id='word_1_436' title='bbox 2570 963 2860 1019; x_wconf 83' lang='lat' dir='ltr'><strong>Minucium</strong></span> <span class='ocrx_word' id='word_1_437' title='bbox 2887 982 3040 1021; x_wconf 87' lang='lat' dir='ltr'><strong>suum</strong></span> <span class='ocrx_word' id='word_1_438' title='bbox 3070 967 3370 1038; x_wconf 88' lang='lat' dir='ltr'><strong>Friderieo,</strong></span> <span class='ocrx_word' id='word_1_439' title='bbox 3393 972 3618 1028; x_wconf 89' lang='lat' dir='ltr'><strong>electori</strong></span> 
     </span>
    </p>
   </div>
   <div class='ocr_carea' id='block_1_69' title="bbox 2008 1048 3615 1131">
    <p class='ocr_par' dir='ltr' id='par_1_69' title="bbox 2008 1048 3615 1131">
     <span class='ocr_line' id='line_1_69' title="bbox 2008 1048 3615 1131; baseline 0.011 -26"><span class='ocrx_word' id='word_1_440' title='bbox 2008 1048 2282 1120; x_wconf 88' lang='lat' dir='ltr'><strong>Palatino,</strong></span> <span class='ocrx_word' id='word_1_441' title='bbox 2309 1054 2642 1110; x_wconf 83' lang='lat' dir='ltr'><strong>academiam</strong></span> <span class='ocrx_word' id='word_1_442' title='bbox 2675 1055 3215 1131; x_wconf 85' lang='lat' dir='ltr'><strong>Heidelbergensem,</strong></span> <span class='ocrx_word' id='word_1_443' title='bbox 3245 1079 3437 1121; x_wconf 90' lang='lat' dir='ltr'><strong>recens</strong></span> <span class='ocrx_word' id='word_1_444' title='bbox 3489 1075 3615 1123; x_wconf 91' lang='lat' dir='ltr'><strong>tunc</strong></span> 
     </span>
    </p>
   </div>
   <div class='ocr_carea' id='block_1_70' title="bbox 2009 1145 3616 1224">
    <p class='ocr_par' dir='ltr' id='par_1_70' title="bbox 2009 1145 3616 1224">
     <span class='ocr_line' id='line_1_70' title="bbox 2009 1145 3616 1224; baseline 0.009 -25"><span class='ocrx_word' id='word_1_445' title='bbox 2009 1145 2078 1200; x_wconf 90' lang='lat' dir='ltr'><strong>ab</strong></span> <span class='ocrx_word' id='word_1_446' title='bbox 2118 1145 2222 1200; x_wconf 91' lang='lat' dir='ltr'><strong>isto</strong></span> <span class='ocrx_word' id='word_1_447' title='bbox 2267 1145 2509 1218; x_wconf 85' lang='lat' dir='ltr'><strong>principe</strong></span> <span class='ocrx_word' id='word_1_448' title='bbox 2549 1148 2886 1218; x_wconf 89' lang='lat' dir='ltr'><strong>institutam,</strong></span> <span class='ocrx_word' id='word_1_449' title='bbox 2917 1153 3003 1207; x_wconf 88' lang='lat' dir='ltr'><strong>his</strong></span> <span class='ocrx_word' id='word_1_450' title='bbox 3048 1155 3302 1224; x_wconf 90' lang='lat' dir='ltr'><strong>primitiis</strong></span> <span class='ocrx_word' id='word_1_451' title='bbox 3340 1172 3616 1219; x_wconf 86' lang='lat' dir='ltr'><strong>musarum</strong></span> 
     </span>
    </p>
   </div>
   <div class='ocr_carea' id='block_1_71' title="bbox 2009 1239 3618 1320">
    <p class='ocr_par' dir='ltr' id='par_1_71' title="bbox 2009 1239 3618 1320">
     <span class='ocr_line' id='line_1_71' title="bbox 2009 1239 3618 1320; baseline 0.009 -29"><span class='ocrx_word' id='word_1_452' title='bbox 2009 1239 2160 1308; x_wconf 89' lang='lat' dir='ltr'><strong>quasi</strong></span> <span class='ocrx_word' id='word_1_453' title='bbox 2187 1250 2623 1297; x_wconf 88' lang='lat' dir='ltr'><strong>consecraturus.</strong></span> <span class='ocrx_word' id='word_1_454' title='bbox 2656 1243 2731 1298; x_wconf 79' lang='lat' dir='ltr'><strong>Ex</strong></span> <span class='ocrx_word' id='word_1_455' title='bbox 2761 1242 2851 1298; x_wconf 78' lang='lat' dir='ltr'><strong>oﬁ‘.</strong></span> <span class='ocrx_word' id='word_1_456' title='bbox 2897 1244 3034 1301; x_wconf 89' lang='lat' dir='ltr'><strong>Lud.</strong></span> <span class='ocrx_word' id='word_1_457' title='bbox 3071 1246 3220 1302; x_wconf 91' lang='lat' dir='ltr'><strong>Lucii</strong></span> <span class='ocrx_word' id='word_1_458' title='bbox 3255 1259 3363 1320; x_wconf 90' lang='lat' dir='ltr'><strong>typ.</strong></span> <span class='ocrx_word' id='word_1_459' title='bbox 3398 1249 3618 1306; x_wconf 87' lang='lat' dir='ltr'><strong>lleidel-</strong></span> 
     </span>
    </p>
   </div>
   <div class='ocr_carea' id='block_1_72' title="bbox 2006 1329 2376 1403">
    <p class='ocr_par' dir='ltr' id='par_1_72' title="bbox 2006 1329 2376 1403">
     <span class='ocr_line' id='line_1_72' title="bbox 2006 1329 2376 1403; baseline -0.003 -16"><span class='ocrx_word' id='word_1_460' title='bbox 2006 1329 2183 1403; x_wconf 85' lang='lat' dir='ltr'><strong>berg.,</strong></span> <span class='ocrx_word' id='word_1_461' title='bbox 2213 1333 2376 1388; x_wconf 83' lang='lat' dir='ltr'><strong>iii-8°.</strong></span> 
     </span>
    </p>
   </div>
   <div class='ocr_carea' id='block_1_73' title="bbox 2731 1408 2893 1465">
    <p class='ocr_par' dir='ltr' id='par_1_73' title="bbox 2731 1408 2893 1465">
     <span class='ocr_line' id='line_1_73' title="bbox 2731 1408 2893 1465; baseline 0 -3"><span class='ocrx_word' id='word_1_462' title='bbox 2731 1408 2893 1465; x_wconf 82' lang='lat'><strong>1580.</strong></span> 
     </span>
    </p>
   </div>
   <div class='ocr_carea' id='block_1_74' title="bbox 2078 1495 3615 1575">
    <p class='ocr_par' dir='ltr' id='par_1_74' title="bbox 2078 1495 3615 1575">
     <span class='ocr_line' id='line_1_74' title="bbox 2078 1495 3615 1575; baseline 0.005 -24"><span class='ocrx_word' id='word_1_463' title='bbox 2078 1495 2412 1554; x_wconf 73' lang='lat' dir='ltr'><strong>Punsreusrs</strong></span> <span class='ocrx_word' id='word_1_464' title='bbox 2463 1499 2513 1567; x_wconf 89' lang='grc' dir='ltr'><strong>Ι,</strong></span> <span class='ocrx_word' id='word_1_465' title='bbox 2559 1515 2663 1556; x_wconf 91' lang='lat' dir='ltr'><strong>una</strong></span> <span class='ocrx_word' id='word_1_466' title='bbox 2710 1516 2832 1556; x_wconf 89' lang='lat' dir='ltr'><strong>cum</strong></span> <span class='ocrx_word' id='word_1_467' title='bbox 2866 1503 3204 1561; x_wconf 85' lang='lat' dir='ltr'><strong>Tertulliano</strong></span> <span class='ocrx_word' id='word_1_468' title='bbox 3242 1513 3298 1562; x_wconf 93' lang='lat' dir='ltr'><strong>et</strong></span> <span class='ocrx_word' id='word_1_469' title='bbox 3339 1505 3615 1575; x_wconf 88' lang='lat' dir='ltr'><strong>Arnobio,</strong></span> 
     </span>
    </p>
   </div>
   <div class='ocr_carea' id='block_1_75' title="bbox 2005 1591 3097 1665">
    <p class='ocr_par' dir='ltr' id='par_1_75' title="bbox 2005 1591 3097 1665">
     <span class='ocr_line' id='line_1_75' title="bbox 2005 1591 3097 1665; baseline 0.006 -19"><span class='ocrx_word' id='word_1_470' title='bbox 2005 1605 2136 1647; x_wconf 88' lang='lat' dir='ltr'><strong>cura</strong></span> <span class='ocrx_word' id='word_1_471' title='bbox 2175 1591 2454 1648; x_wconf 89' lang='lat' dir='ltr'><strong>Laurentii</strong></span> <span class='ocrx_word' id='word_1_472' title='bbox 2487 1593 2555 1650; x_wconf 93' lang='lat' dir='ltr'><strong>de</strong></span> <span class='ocrx_word' id='word_1_473' title='bbox 2581 1594 2655 1649; x_wconf 89' lang='lat' dir='ltr'><strong>La</strong></span> <span class='ocrx_word' id='word_1_474' title='bbox 2683 1595 2879 1665; x_wconf 87' lang='lat' dir='ltr'><strong>Barre,</strong></span> <span class='ocrx_word' id='word_1_475' title='bbox 2919 1597 3097 1653; x_wconf 83' lang='lat' dir='ltr'><strong>in-l&#39;ol.</strong></span> 
     </span>
    </p>
   </div>
   <div class='ocr_carea' id='block_1_76' title="bbox 2733 1689 2892 1744">
    <p class='ocr_par' dir='ltr' id='par_1_76' title="bbox 2733 1689 2892 1744">
     <span class='ocr_line' id='line_1_76' title="bbox 2733 1689 2892 1744; baseline 0 -2"><span class='ocrx_word' id='word_1_476' title='bbox 2733 1689 2892 1744; x_wconf 76' lang='grc'>1585.</span> 
     </span>
    </p>
   </div>
   <div class='ocr_carea' id='block_1_77' title="bbox 2077 1777 3619 1852">
    <p class='ocr_par' dir='ltr' id='par_1_77' title="bbox 2077 1777 3619 1852">
     <span class='ocr_line' id='line_1_77' title="bbox 2077 1777 3619 1852; baseline 0.004 -20"><span class='ocrx_word' id='word_1_477' title='bbox 2077 1777 2305 1833; x_wconf 62' lang='lat' dir='ltr'><strong>Romus</strong></span> <span class='ocrx_word' id='word_1_478' title='bbox 2331 1777 2393 1844; x_wconf 92' lang='lat' dir='ltr'><strong>ll,</strong></span> <span class='ocrx_word' id='word_1_479' title='bbox 2423 1790 2534 1852; x_wconf 88' lang='lat' dir='ltr'><strong>typ.</strong></span> <span class='ocrx_word' id='word_1_480' title='bbox 2563 1780 2718 1835; x_wconf 91' lang='lat' dir='ltr'><strong>Dom.</strong></span> <span class='ocrx_word' id='word_1_481' title='bbox 2751 1781 2922 1845; x_wconf 76' lang='lat' dir='ltr'><strong>Basse,</strong></span> <span class='ocrx_word' id='word_1_482' title='bbox 2955 1797 3017 1837; x_wconf 85' lang='lat' dir='ltr'><strong>ex</strong></span> <span class='ocrx_word' id='word_1_483' title='bbox 3047 1782 3219 1838; x_wconf 78' lang='lat' dir='ltr'><strong>Fulvii</strong></span> <span class='ocrx_word' id='word_1_484' title='bbox 3250 1783 3429 1840; x_wconf 86' lang='lat' dir='ltr'><strong>Ursini</strong></span> <span class='ocrx_word' id='word_1_485' title='bbox 3454 1784 3619 1839; x_wconf 88' lang='lat' dir='ltr'><strong>casti-</strong></span> 
     </span>
    </p>
   </div>
   <div class='ocr_carea' id='block_1_78' title="bbox 2001 1872 3618 1948">
    <p class='ocr_par' dir='ltr' id='par_1_78' title="bbox 2001 1872 3618 1948">
     <span class='ocr_line' id='line_1_78' title="bbox 2001 1872 3618 1948; baseline 0.007 -23"><span class='ocrx_word' id='word_1_486' title='bbox 2001 1872 2254 1941; x_wconf 87' lang='lat' dir='ltr'><strong>gatione,</strong></span> <span class='ocrx_word' id='word_1_487' title='bbox 2311 1873 2454 1928; x_wconf 87' lang='lat' dir='ltr'><strong>Petri</strong></span> <span class='ocrx_word' id='word_1_488' title='bbox 2503 1873 2775 1930; x_wconf 90' lang='lat' dir='ltr'><strong>Ciaccouii</strong></span> <span class='ocrx_word' id='word_1_489' title='bbox 2821 1877 3035 1933; x_wconf 91' lang='lat' dir='ltr'><strong>schedis</strong></span> <span class='ocrx_word' id='word_1_490' title='bbox 3082 1878 3286 1947; x_wconf 82' lang='lat' dir='ltr'><strong>adjuti,</strong></span> <span class='ocrx_word' id='word_1_491' title='bbox 3336 1887 3618 1948; x_wconf 84' lang='lat' dir='ltr'><strong>praeeunte</strong></span> 
     </span>
    </p>
   </div>
   <div class='ocr_carea' id='block_1_79' title="bbox 2004 1963 3618 2041">
    <p class='ocr_par' dir='ltr' id='par_1_79' title="bbox 2004 1963 3618 2041">
     <span class='ocr_line' id='line_1_79' title="bbox 2004 1963 3618 2041; baseline 0.005 -23"><span class='ocrx_word' id='word_1_492' title='bbox 2004 1963 2281 2031; x_wconf 84' lang='lat' dir='ltr'><strong>Arnobio,</strong></span> <span class='ocrx_word' id='word_1_493' title='bbox 2313 1965 2408 2020; x_wconf 93' lang='lat' dir='ltr'><strong>sed</strong></span> <span class='ocrx_word' id='word_1_494' title='bbox 2437 1967 2658 2022; x_wconf 79' lang='lat' dir='ltr'><strong>neruine</strong></span> <span class='ocrx_word' id='word_1_495' title='bbox 2687 1967 2904 2022; x_wconf 84' lang='lat' dir='ltr'><strong>Minucii</strong></span> <span class='ocrx_word' id='word_1_496' title='bbox 2945 1969 3226 2041; x_wconf 83' lang='lat' dir='ltr'><strong>inscripto,</strong></span> <span class='ocrx_word' id='word_1_497' title='bbox 3263 1970 3430 2026; x_wconf 68' lang='grc' dir='ltr'><strong>ἰπὶ-4⁸.</strong></span> <span class='ocrx_word' id='word_1_498' title='bbox 3464 1971 3618 2026; x_wconf 85' lang='lat' dir='ltr'><strong>Ursi-</strong></span> 
     </span>
    </p>
   </div>
   <div class='ocr_carea' id='block_1_80' title="bbox 2003 2057 3614 2126">
    <p class='ocr_par' dir='ltr' id='par_1_80' title="bbox 2003 2057 3614 2126">
     <span class='ocr_line' id='line_1_80' title="bbox 2003 2057 3614 2126; baseline 0.005 -16"><span class='ocrx_word' id='word_1_499' title='bbox 2003 2073 2137 2123; x_wconf 88' lang='lat' dir='ltr'><strong>nus,</strong></span> <span class='ocrx_word' id='word_1_500' title='bbox 2168 2057 2281 2112; x_wconf 83' lang='lat' dir='ltr'><strong>sive</strong></span> <span class='ocrx_word' id='word_1_501' title='bbox 2309 2059 2597 2126; x_wconf 88' lang='lat' dir='ltr'><strong>nescierit,</strong></span> <span class='ocrx_word' id='word_1_502' title='bbox 2631 2060 2746 2115; x_wconf 92' lang='lat' dir='ltr'><strong>sive</strong></span> <span class='ocrx_word' id='word_1_503' title='bbox 2788 2060 3002 2117; x_wconf 91' lang='lat' dir='ltr'><strong>nescire</strong></span> <span class='ocrx_word' id='word_1_504' title='bbox 3046 2063 3382 2118; x_wconf 89' lang='lat' dir='ltr'><strong>simulaverit</strong></span> <span class='ocrx_word' id='word_1_505' title='bbox 3424 2079 3614 2118; x_wconf 86' lang='lat' dir='ltr'><strong>verum</strong></span> 
     </span>
    </p>
   </div>
   <div class='ocr_carea' id='block_1_81' title="bbox 2003 2151 3617 2223">
    <p class='ocr_par' dir='ltr' id='par_1_81' title="bbox 2003 2151 3617 2223">
     <span class='ocr_line' id='line_1_81' title="bbox 2003 2151 3617 2223; baseline 0.004 -21"><span class='ocrx_word' id='word_1_506' title='bbox 2003 2156 2280 2204; x_wconf 89' lang='lat' dir='ltr'><strong>auctorem</strong></span> <span class='ocrx_word' id='word_1_507' title='bbox 2325 2166 2355 2204; x_wconf 89' lang='lat' dir='ltr'><strong>a</strong></span> <span class='ocrx_word' id='word_1_508' title='bbox 2397 2151 2659 2206; x_wconf 88' lang='lat' dir='ltr'><strong>Balduino</strong></span> <span class='ocrx_word' id='word_1_509' title='bbox 2701 2151 2868 2209; x_wconf 78' lang='lat' dir='ltr'><strong>fuisse</strong></span> <span class='ocrx_word' id='word_1_510' title='bbox 2915 2153 3224 2223; x_wconf 89' lang='lat' dir='ltr'><strong>detectum,</strong></span> <span class='ocrx_word' id='word_1_511' title='bbox 3275 2153 3327 2210; x_wconf 93' lang='lat' dir='ltr'><strong>id</strong></span> <span class='ocrx_word' id='word_1_512' title='bbox 3378 2155 3617 2211; x_wconf 88' lang='lat' dir='ltr'><strong>sensisse</strong></span> 
     </span>
    </p>
   </div>
   <div class='ocr_carea' id='block_1_82' title="bbox 2004 2242 3174 2310">
    <p class='ocr_par' dir='ltr' id='par_1_82' title="bbox 2004 2242 3174 2310">
     <span class='ocr_line' id='line_1_82' title="bbox 2004 2242 3174 2310; baseline 0.009 -16"><span class='ocrx_word' id='word_1_513' title='bbox 2004 2242 2239 2310; x_wconf 88' lang='lat' dir='ltr'><strong>primum</strong></span> <span class='ocrx_word' id='word_1_514' title='bbox 2269 2242 2601 2300; x_wconf 87' lang='lat' dir='ltr'><strong>cardinalem</strong></span> <span class='ocrx_word' id='word_1_515' title='bbox 2633 2244 2892 2304; x_wconf 91' lang='lat' dir='ltr'><strong>Sirletum</strong></span> <span class='ocrx_word' id='word_1_516' title='bbox 2919 2246 3174 2304; x_wconf 82' lang='lat' dir='ltr'><strong>afﬁrmat.</strong></span> 
     </span>
    </p>
   </div>
   <div class='ocr_carea' id='block_1_83' title="bbox 2728 2339 2890 2394">
    <p class='ocr_par' dir='ltr' id='par_1_83' title="bbox 2728 2339 2890 2394">
     <span class='ocr_line' id='line_1_83' title="bbox 2728 2339 2890 2394; baseline -0.006 -1"><span class='ocrx_word' id='word_1_517' title='bbox 2728 2339 2890 2394; x_wconf 86' lang='lat'><strong>1589.</strong></span> 
     </span>
    </p>
   </div>
   <div class='ocr_carea' id='block_1_84' title="bbox 2077 2424 3178 2498">
    <p class='ocr_par' dir='ltr' id='par_1_84' title="bbox 2077 2424 3178 2498">
     <span class='ocr_line' id='line_1_84' title="bbox 2077 2424 3178 2498; baseline 0.005 -18"><span class='ocrx_word' id='word_1_518' title='bbox 2077 2424 2412 2482; x_wconf 77' lang='lat' dir='ltr'><strong>PARISIENSIS</strong></span> <span class='ocrx_word' id='word_1_519' title='bbox 2437 2426 2500 2498; x_wconf 88' lang='lat' dir='ltr'><strong>ll,</strong></span> <span class='ocrx_word' id='word_1_520' title='bbox 2535 2428 2740 2497; x_wconf 86' lang='lat' dir='ltr'><strong>iu-l&#39;ol.,</strong></span> <span class='ocrx_word' id='word_1_521' title='bbox 2769 2430 2822 2485; x_wconf 92' lang='lat' dir='ltr'><strong>in</strong></span> <span class='ocrx_word' id='word_1_522' title='bbox 2853 2430 2989 2487; x_wconf 88' lang='lat' dir='ltr'><strong>Bibl.</strong></span> <span class='ocrx_word' id='word_1_523' title='bbox 3020 2432 3178 2488; x_wconf 88' lang='lat' dir='ltr'><strong>Bodl.</strong></span> 
     </span>
    </p>
   </div>
   <div class='ocr_carea' id='block_1_85' title="bbox 2720 2520 2883 2577">
    <p class='ocr_par' dir='ltr' id='par_1_85' title="bbox 2720 2520 2883 2577">
     <span class='ocr_line' id='line_1_85' title="bbox 2720 2520 2883 2577; baseline 0.012 -2"><span class='ocrx_word' id='word_1_524' title='bbox 2720 2520 2883 2577; x_wconf 80' lang='grc'>1598.</span> 
     </span>
    </p>
   </div>
   <div class='ocr_carea' id='block_1_86' title="bbox 2074 2609 3615 2689">
    <p class='ocr_par' dir='ltr' id='par_1_86' title="bbox 2074 2609 3615 2689">
     <span class='ocr_line' id='line_1_86' title="bbox 2074 2609 3615 2689; baseline 0.004 -21"><span class='ocrx_word' id='word_1_525' title='bbox 2074 2609 2199 2668; x_wconf 82' lang='lat' dir='ltr'><strong>Joh.</strong></span> <span class='ocrx_word' id='word_1_526' title='bbox 2252 2611 2470 2668; x_wconf 89' lang='lat' dir='ltr'><strong>Meursii</strong></span> <span class='ocrx_word' id='word_1_527' title='bbox 2508 2612 2868 2688; x_wconf 79' lang='lat' dir='ltr'><strong>Hypocriticus</strong></span> <span class='ocrx_word' id='word_1_528' title='bbox 2918 2615 3283 2687; x_wconf 79' lang='lat' dir='ltr'><strong>Minucianus,</strong></span> <span class='ocrx_word' id='word_1_529' title='bbox 3325 2633 3445 2674; x_wconf 91' lang='lat' dir='ltr'><strong>cum</strong></span> <span class='ocrx_word' id='word_1_530' title='bbox 3497 2617 3615 2689; x_wconf 82' lang='lat' dir='ltr'><strong>ejus</strong></span> 
     </span>
    </p>
   </div>
   <div class='ocr_carea' id='block_1_87' title="bbox 2004 2702 3120 2779">
    <p class='ocr_par' dir='ltr' id='par_1_87' title="bbox 2004 2702 3120 2779">
     <span class='ocr_line' id='line_1_87' title="bbox 2004 2702 3120 2779; baseline 0.005 -21"><span class='ocrx_word' id='word_1_531' title='bbox 2004 2702 2189 2770; x_wconf 85' lang='lat' dir='ltr'><strong>critico</strong></span> <span class='ocrx_word' id='word_1_532' title='bbox 2218 2704 2550 2762; x_wconf 83' lang='lat' dir='ltr'><strong>Arnobiano.</strong></span> <span class='ocrx_word' id='word_1_533' title='bbox 2585 2707 2755 2779; x_wconf 90' lang='lat' dir='ltr'><strong>Lugd.</strong></span> <span class='ocrx_word' id='word_1_534' title='bbox 2787 2708 2930 2775; x_wconf 90' lang='lat' dir='ltr'><strong>Bat.,</strong></span> <span class='ocrx_word' id='word_1_535' title='bbox 2956 2710 3120 2768; x_wconf 86' lang='lat' dir='ltr'><strong>in-8°.</strong></span> 
     </span>
    </p>
   </div>
   <div class='ocr_carea' id='block_1_88' title="bbox 2613 2835 2991 2877">
    <p class='ocr_par' dir='ltr' id='par_1_88' title="bbox 2613 2835 2991 2877">
     <span class='ocr_line' id='line_1_88' title="bbox 2613 2835 2991 2877; baseline -0.003 0"><span class='ocrx_word' id='word_1_536' title='bbox 2613 2835 2834 2877; x_wconf 66' lang='lat' dir='ltr'><strong>SECULO</strong></span> <span class='ocrx_word' id='word_1_537' title='bbox 2862 2837 2991 2877; x_wconf 71' lang='lat' dir='ltr'><strong>XVII.</strong></span> 
     </span>
    </p>
   </div>
   <div class='ocr_carea' id='block_1_89' title="bbox 2615 2935 2957 2992">
    <p class='ocr_par' dir='ltr' id='par_1_89' title="bbox 2615 2935 2957 2992">
     <span class='ocr_line' id='line_1_89' title="bbox 2615 2935 2957 2992; baseline 0.003 -3"><span class='ocrx_word' id='word_1_538' title='bbox 2615 2935 2765 2990; x_wconf 80' lang='lat' dir='ltr'><strong>Anno</strong></span> <span class='ocrx_word' id='word_1_539' title='bbox 2797 2935 2957 2992; x_wconf 80' lang='lat'><strong>1605.</strong></span> 
     </span>
    </p>
   </div>
   <div class='ocr_carea' id='block_1_90' title="bbox 2075 3025 3613 3099">
    <p class='ocr_par' dir='ltr' id='par_1_90' title="bbox 2075 3025 3613 3099">
     <span class='ocr_line' id='line_1_90' title="bbox 2075 3025 3613 3099; baseline 0.005 -18"><span class='ocrx_word' id='word_1_540' title='bbox 2075 3025 2420 3085; x_wconf 76' lang='lat' dir='ltr'><strong>BASILEBNSIS</strong></span> <span class='ocrx_word' id='word_1_541' title='bbox 2453 3026 2532 3090; x_wconf 90' lang='lat' dir='ltr'><strong>ll,</strong></span> <span class='ocrx_word' id='word_1_542' title='bbox 2563 3041 2635 3082; x_wconf 86' lang='lat' dir='ltr'><strong>ex</strong></span> <span class='ocrx_word' id='word_1_543' title='bbox 2679 3027 2996 3099; x_wconf 87' lang='lat' dir='ltr'><strong>bibliopotio</strong></span> <span class='ocrx_word' id='word_1_544' title='bbox 3034 3027 3408 3099; x_wconf 88' lang='lat' dir='ltr'><strong>Frobeniano,</strong></span> <span class='ocrx_word' id='word_1_545' title='bbox 3439 3031 3613 3091; x_wconf 79' lang='lat' dir='ltr'><strong>in-8‘.</strong></span> 
     </span>
    </p>
   </div>
   <div class='ocr_carea' id='block_1_91' title="bbox 2000 3118 3612 3194">
    <p class='ocr_par' dir='ltr' id='par_1_91' title="bbox 2000 3118 3612 3194">
     <span class='ocr_line' id='line_1_91' title="bbox 2000 3118 3612 3194; baseline 0.003 -20"><span class='ocrx_word' id='word_1_546' title='bbox 2000 3118 2165 3176; x_wconf 77' lang='lat' dir='ltr'><strong>Marci</strong></span> <span class='ocrx_word' id='word_1_547' title='bbox 2208 3121 2426 3176; x_wconf 85' lang='lat' dir='ltr'><strong>Minucii</strong></span> <span class='ocrx_word' id='word_1_548' title='bbox 2473 3120 2670 3176; x_wconf 88' lang='lat' dir='ltr'><strong>Felicis</strong></span> <span class='ocrx_word' id='word_1_549' title='bbox 2708 3119 2946 3175; x_wconf 83' lang='lat' dir='ltr'><strong>Octavius</strong></span> <span class='ocrx_word' id='word_1_550' title='bbox 2973 3130 3028 3178; x_wconf 89' lang='lat' dir='ltr'><strong>et</strong></span> <span class='ocrx_word' id='word_1_551' title='bbox 3054 3120 3308 3194; x_wconf 85' lang='lat' dir='ltr'><strong>Cypriani</strong></span> <span class='ocrx_word' id='word_1_552' title='bbox 3335 3123 3401 3179; x_wconf 79' lang='lat' dir='ltr'><strong>de</strong></span> <span class='ocrx_word' id='word_1_553' title='bbox 3430 3121 3612 3179; x_wconf 83' lang='lat' dir='ltr'><strong>Idolo-</strong></span> 
     </span>
    </p>
   </div>
   <div class='ocr_carea' id='block_1_92' title="bbox 1996 3213 3613 3273">
    <p class='ocr_par' dir='ltr' id='par_1_92' title="bbox 1996 3213 3613 3273">
     <span class='ocr_line' id='line_1_92' title="bbox 1996 3213 3613 3273; baseline 0.003 -6"><span class='ocrx_word' id='word_1_554' title='bbox 1996 3229 2114 3268; x_wconf 77' lang='lat' dir='ltr'><strong>rum</strong></span> <span class='ocrx_word' id='word_1_555' title='bbox 2151 3213 2405 3269; x_wconf 65' lang='lat' dir='ltr'><strong>Vanitatis.</strong></span> <span class='ocrx_word' id='word_1_556' title='bbox 2439 3215 2559 3269; x_wconf 82' lang='lat' dir='ltr'><strong>Joh.</strong></span> <span class='ocrx_word' id='word_1_557' title='bbox 2587 3230 2618 3267; x_wconf 89' lang='lat' dir='ltr'><strong>a</strong></span> <span class='ocrx_word' id='word_1_558' title='bbox 2646 3213 2868 3270; x_wconf 82' lang='lat' dir='ltr'><strong>Wower</strong></span> <span class='ocrx_word' id='word_1_559' title='bbox 2893 3217 3184 3270; x_wconf 86' lang='lat' dir='ltr'><strong>recensuit.</strong></span> <span class='ocrx_word' id='word_1_560' title='bbox 3215 3215 3477 3272; x_wconf 73' lang='lat' dir='ltr'><strong>Prtefatus</strong></span> <span class='ocrx_word' id='word_1_561' title='bbox 3501 3231 3613 3273; x_wconf 89' lang='lat' dir='ltr'><strong>non</strong></span> 
     </span>
    </p>
   </div>
   <div class='ocr_carea' id='block_1_93' title="bbox 1999 3305 3608 3376">
    <p class='ocr_par' dir='ltr' id='par_1_93' title="bbox 1999 3305 3608 3376">
     <span class='ocr_line' id='line_1_93' title="bbox 1999 3305 3608 3376; baseline 0.004 -18"><span class='ocrx_word' id='word_1_562' title='bbox 1999 3315 2101 3358; x_wconf 87' lang='lat' dir='ltr'><strong>est.</strong></span> <span class='ocrx_word' id='word_1_563' title='bbox 2135 3305 2424 3360; x_wconf 87' lang='lat' dir='ltr'><strong>Lectiones</strong></span> <span class='ocrx_word' id='word_1_564' title='bbox 2451 3321 2598 3376; x_wconf 68' lang='lat' dir='ltr'><strong>saepe</strong></span> <span class='ocrx_word' id='word_1_565' title='bbox 2628 3305 2833 3369; x_wconf 87' lang='lat' dir='ltr'><strong>laudat,</strong></span> <span class='ocrx_word' id='word_1_566' title='bbox 2865 3321 2985 3376; x_wconf 83' lang='lat' dir='ltr'><strong>quae</strong></span> <span class='ocrx_word' id='word_1_567' title='bbox 3017 3307 3332 3376; x_wconf 91' lang='lat' dir='ltr'><strong>plerumque</strong></span> <span class='ocrx_word' id='word_1_568' title='bbox 3356 3323 3477 3363; x_wconf 91' lang='lat' dir='ltr'><strong>cum</strong></span> <span class='ocrx_word' id='word_1_569' title='bbox 3502 3323 3608 3364; x_wconf 88' lang='lat' dir='ltr'><strong>ms.</strong></span> 
     </span>
    </p>
   </div>
   <div class='ocr_carea' id='block_1_94' title="bbox 1998 3397 3611 3469">
    <p class='ocr_par' dir='ltr' id='par_1_94' title="bbox 1998 3397 3611 3469">
     <span class='ocr_line' id='line_1_94' title="bbox 1998 3397 3611 3469; baseline 0.001 -15"><span class='ocrx_word' id='word_1_570' title='bbox 1998 3399 2148 3468; x_wconf 85' lang='lat' dir='ltr'><strong>regio</strong></span> <span class='ocrx_word' id='word_1_571' title='bbox 2193 3398 2415 3454; x_wconf 89' lang='lat' dir='ltr'><strong>minime</strong></span> <span class='ocrx_word' id='word_1_572' title='bbox 2459 3397 2823 3464; x_wconf 90' lang='lat' dir='ltr'><strong>concordant;</strong></span> <span class='ocrx_word' id='word_1_573' title='bbox 2852 3413 2950 3453; x_wconf 91' lang='lat' dir='ltr'><strong>nec</strong></span> <span class='ocrx_word' id='word_1_574' title='bbox 2980 3400 3144 3453; x_wconf 84' lang='lat' dir='ltr'><strong>ullam</strong></span> <span class='ocrx_word' id='word_1_575' title='bbox 3177 3399 3338 3454; x_wconf 89' lang='lat' dir='ltr'><strong>ﬁdem</strong></span> <span class='ocrx_word' id='word_1_576' title='bbox 3373 3400 3611 3469; x_wconf 85' lang='lat' dir='ltr'><strong>habent,</strong></span> 
     </span>
    </p>
   </div>
   <div class='ocr_carea' id='block_1_95' title="bbox 1997 3489 3610 3561">
    <p class='ocr_par' dir='ltr' id='par_1_95' title="bbox 1997 3489 3610 3561">
     <span class='ocr_line' id='line_1_95' title="bbox 1997 3489 3610 3561; baseline 0.001 -16"><span class='ocrx_word' id='word_1_577' title='bbox 1997 3489 2263 3560; x_wconf 87' lang='lat' dir='ltr'><strong>siquidem</strong></span> <span class='ocrx_word' id='word_1_578' title='bbox 2287 3491 2462 3545; x_wconf 90' lang='lat' dir='ltr'><strong>bonus</strong></span> <span class='ocrx_word' id='word_1_579' title='bbox 2480 3490 2570 3544; x_wconf 88' lang='lat' dir='ltr'><strong>ille</strong></span> <span class='ocrx_word' id='word_1_580' title='bbox 2587 3491 2668 3544; x_wconf 91' lang='lat' dir='ltr'><strong>vir</strong></span> <span class='ocrx_word' id='word_1_581' title='bbox 2687 3490 2886 3559; x_wconf 90' lang='lat' dir='ltr'><strong>imponi</strong></span> <span class='ocrx_word' id='word_1_582' title='bbox 2911 3490 3012 3544; x_wconf 89' lang='lat' dir='ltr'><strong>sibi</strong></span> <span class='ocrx_word' id='word_1_583' title='bbox 3035 3505 3223 3559; x_wconf 85' lang='lat' dir='ltr'><strong>passus</strong></span> <span class='ocrx_word' id='word_1_584' title='bbox 3238 3500 3320 3544; x_wconf 86' lang='lat' dir='ltr'><strong>est</strong></span> <span class='ocrx_word' id='word_1_585' title='bbox 3340 3491 3407 3545; x_wconf 90' lang='lat' dir='ltr'><strong>ab</strong></span> <span class='ocrx_word' id='word_1_586' title='bbox 3428 3491 3610 3561; x_wconf 88' lang='lat' dir='ltr'><strong>aliquo</strong></span> 
     </span>
    </p>
   </div>
   <div class='ocr_carea' id='block_1_96' title="bbox 1999 3581 3607 3654">
    <p class='ocr_par' dir='ltr' id='par_1_96' title="bbox 1999 3581 3607 3654">
     <span class='ocr_line' id='line_1_96' title="bbox 1999 3581 3607 3654; baseline -0.001 -15"><span class='ocrx_word' id='word_1_587' title='bbox 1999 3585 2088 3654; x_wconf 92' lang='lat' dir='ltr'><strong>qui</strong></span> <span class='ocrx_word' id='word_1_588' title='bbox 2118 3584 2190 3638; x_wconf 88' lang='lat' dir='ltr'><strong>ita</strong></span> <span class='ocrx_word' id='word_1_589' title='bbox 2214 3598 2336 3639; x_wconf 86' lang='lat' dir='ltr'><strong>esse</strong></span> <span class='ocrx_word' id='word_1_590' title='bbox 2359 3583 2413 3638; x_wconf 86' lang='lat' dir='ltr'><strong>in</strong></span> <span class='ocrx_word' id='word_1_591' title='bbox 2444 3585 2649 3653; x_wconf 90' lang='lat' dir='ltr'><strong>optimo</strong></span> <span class='ocrx_word' id='word_1_592' title='bbox 2669 3583 2809 3637; x_wconf 90' lang='lat' dir='ltr'><strong>libro</strong></span> <span class='ocrx_word' id='word_1_593' title='bbox 2839 3582 3220 3638; x_wconf 89' lang='lat' dir='ltr'><strong>mentiebatur.</strong></span> <span class='ocrx_word' id='word_1_594' title='bbox 3254 3581 3418 3638; x_wconf 87' lang='lat' dir='ltr'><strong>Notas</strong></span> <span class='ocrx_word' id='word_1_595' title='bbox 3445 3597 3607 3649; x_wconf 86' lang='lat' dir='ltr'><strong>suas,</strong></span> 
     </span>
    </p>
   </div>
   <div class='ocr_carea' id='block_1_97' title="bbox 1998 3677 3607 3748">
    <p class='ocr_par' dir='ltr' id='par_1_97' title="bbox 1998 3677 3607 3748">
     <span class='ocr_line' id='line_1_97' title="bbox 1998 3677 3607 3748; baseline -0.001 -16"><span class='ocrx_word' id='word_1_596' title='bbox 1998 3679 2244 3748; x_wconf 84' lang='lat' dir='ltr'><strong>quamvis</strong></span> <span class='ocrx_word' id='word_1_597' title='bbox 2271 3677 2459 3733; x_wconf 87' lang='lat' dir='ltr'><strong>doctas</strong></span> <span class='ocrx_word' id='word_1_598' title='bbox 2479 3718 2494 3743; x_wconf 91' lang='lat'><strong>,</strong></span> <span class='ocrx_word' id='word_1_599' title='bbox 2528 3693 2626 3733; x_wconf 92' lang='lat' dir='ltr'><strong>uec</strong></span> <span class='ocrx_word' id='word_1_600' title='bbox 2655 3687 2852 3747; x_wconf 81' lang='lat' dir='ltr'><strong>praeter</strong></span> <span class='ocrx_word' id='word_1_601' title='bbox 2880 3677 3056 3732; x_wconf 92' lang='lat' dir='ltr'><strong>locum</strong></span> <span class='ocrx_word' id='word_1_602' title='bbox 3089 3679 3397 3748; x_wconf 82' lang='lat' dir='ltr'><strong>appositas,</strong></span> <span class='ocrx_word' id='word_1_603' title='bbox 3429 3678 3607 3746; x_wconf 84' lang='lat' dir='ltr'><strong>spatio</strong></span> 
     </span>
    </p>
   </div>
   <div class='ocr_carea' id='block_1_98' title="bbox 1998 3768 3604 3825">
    <p class='ocr_par' dir='ltr' id='par_1_98' title="bbox 1998 3768 3604 3825">
     <span class='ocr_line' id='line_1_98' title="bbox 1998 3768 3604 3825; baseline 0 -1"><span class='ocrx_word' id='word_1_604' title='bbox 1998 3769 2186 3824; x_wconf 91' lang='lat' dir='ltr'><strong>decem</strong></span> <span class='ocrx_word' id='word_1_605' title='bbox 2209 3770 2418 3825; x_wconf 88' lang='lat' dir='ltr'><strong>dierum</strong></span> <span class='ocrx_word' id='word_1_606' title='bbox 2438 3769 2757 3824; x_wconf 87' lang='lat' dir='ltr'><strong>adornavit:</strong></span> <span class='ocrx_word' id='word_1_607' title='bbox 2780 3770 2831 3824; x_wconf 90' lang='lat' dir='ltr'><strong>in</strong></span> <span class='ocrx_word' id='word_1_608' title='bbox 2854 3769 2986 3823; x_wconf 87' lang='lat' dir='ltr'><strong>locis</strong></span> <span class='ocrx_word' id='word_1_609' title='bbox 3005 3777 3183 3823; x_wconf 89' lang='lat' dir='ltr'><strong>tamen</strong></span> <span class='ocrx_word' id='word_1_610' title='bbox 3206 3768 3604 3824; x_wconf 79' lang='lat' dir='ltr'><strong>difﬁcilioribus</strong></span> 
     </span>
    </p>
   </div>
   <div class='ocr_carea' id='block_1_99' title="bbox 1998 3861 3601 3932">
    <p class='ocr_par' dir='ltr' id='par_1_99' title="bbox 1998 3861 3601 3932">
     <span class='ocr_line' id='line_1_99' title="bbox 1998 3861 3601 3932; baseline 0.002 -17"><span class='ocrx_word' id='word_1_611' title='bbox 1998 3861 2304 3932; x_wconf 87' lang='lat' dir='ltr'><strong>adjutorem</strong></span> <span class='ocrx_word' id='word_1_612' title='bbox 2341 3861 2530 3917; x_wconf 88' lang='lat' dir='ltr'><strong>habuit</strong></span> <span class='ocrx_word' id='word_1_613' title='bbox 2570 3861 2994 3918; x_wconf 88' lang='lat' dir='ltr'><strong>eruditissimum</strong></span> <span class='ocrx_word' id='word_1_614' title='bbox 3036 3862 3208 3916; x_wconf 92' lang='lat' dir='ltr'><strong>virum</strong></span> <span class='ocrx_word' id='word_1_615' title='bbox 3247 3861 3601 3931; x_wconf 83' lang='lat' dir='ltr'><strong>Scaligerum.</strong></span> 
     </span>
    </p>
   </div>
   <div class='ocr_carea' id='block_1_100' title="bbox 2715 3955 2877 4010">
    <p class='ocr_par' dir='ltr' id='par_1_100' title="bbox 2715 3955 2877 4010">
     <span class='ocr_line' id='line_1_100' title="bbox 2715 3955 2877 4010; baseline -0.012 -1"><span class='ocrx_word' id='word_1_616' title='bbox 2715 3955 2877 4010; x_wconf 82' lang='grc'>1605.</span> 
     </span>
    </p>
   </div>
   <div class='ocr_carea' id='block_1_101' title="bbox 2072 4045 3605 4117">
    <p class='ocr_par' dir='ltr' id='par_1_101' title="bbox 2072 4045 3605 4117">
     <span class='ocr_line' id='line_1_101' title="bbox 2072 4045 3605 4117; baseline -0.001 -15"><span class='ocrx_word' id='word_1_617' title='bbox 2072 4046 2476 4103; x_wconf 69' lang='grc' dir='ltr'><strong>ΗΑΝυιονιςιιΑΝΑ</strong></span> <span class='ocrx_word' id='word_1_618' title='bbox 2512 4046 2552 4102; x_wconf 89' lang='grc' dir='ltr'>Ι.</span> <span class='ocrx_word' id='word_1_619' title='bbox 2582 4046 2816 4102; x_wconf 86' lang='lat' dir='ltr'><strong>Geverh.</strong></span> <span class='ocrx_word' id='word_1_620' title='bbox 2868 4045 3249 4102; x_wconf 80' lang='lat' dir='ltr'><strong>ElmenhorStii</strong></span> <span class='ocrx_word' id='word_1_621' title='bbox 3289 4047 3430 4117; x_wconf 88' lang='lat' dir='ltr'><strong>typis</strong></span> <span class='ocrx_word' id='word_1_622' title='bbox 3471 4045 3605 4101; x_wconf 84' lang='lat' dir='ltr'><strong>We-</strong></span> 
     </span>
    </p>
   </div>
   <div class='ocr_carea' id='block_1_102' title="bbox 1999 4139 3603 4206">
    <p class='ocr_par' dir='ltr' id='par_1_102' title="bbox 1999 4139 3603 4206">
     <span class='ocr_line' id='line_1_102' title="bbox 1999 4139 3603 4206; baseline -0.001 -10"><span class='ocrx_word' id='word_1_623' title='bbox 1999 4139 2170 4206; x_wconf 89' lang='lat' dir='ltr'><strong>chel.,</strong></span> <span class='ocrx_word' id='word_1_624' title='bbox 2205 4139 2376 4206; x_wconf 82' lang='lat' dir='ltr'><strong>iii—8°,</strong></span> <span class='ocrx_word' id='word_1_625' title='bbox 2407 4156 2531 4195; x_wconf 86' lang='lat' dir='ltr'><strong>cttm</strong></span> <span class='ocrx_word' id='word_1_626' title='bbox 2568 4140 2840 4206; x_wconf 81' lang='lat' dir='ltr'><strong>Arnobio,</strong></span> <span class='ocrx_word' id='word_1_627' title='bbox 2875 4139 2950 4194; x_wconf 90' lang='lat' dir='ltr'><strong>nil</strong></span> <span class='ocrx_word' id='word_1_628' title='bbox 3000 4140 3102 4195; x_wconf 91' lang='lat' dir='ltr'><strong>nisi</strong></span> <span class='ocrx_word' id='word_1_629' title='bbox 3147 4155 3353 4195; x_wconf 90' lang='lat' dir='ltr'><strong>merum</strong></span> <span class='ocrx_word' id='word_1_630' title='bbox 3397 4147 3603 4195; x_wconf 86' lang='lat' dir='ltr'><strong>textum</strong></span> 
     </span>
    </p>
   </div>
   <div class='ocr_carea' id='block_1_103' title="bbox 1999 4231 3603 4303">
    <p class='ocr_par' dir='ltr' id='par_1_103' title="bbox 1999 4231 3603 4303">
     <span class='ocr_line' id='line_1_103' title="bbox 1999 4231 3603 4303; baseline -0.001 -15"><span class='ocrx_word' id='word_1_631' title='bbox 1999 4234 2104 4288; x_wconf 88' lang='lat' dir='ltr'><strong>hoc</strong></span> <span class='ocrx_word' id='word_1_632' title='bbox 2143 4248 2286 4288; x_wconf 88' lang='lat' dir='ltr'><strong>anno</strong></span> <span class='ocrx_word' id='word_1_633' title='bbox 2312 4233 2534 4289; x_wconf 86' lang='lat' dir='ltr'><strong>dedisse</strong></span> <span class='ocrx_word' id='word_1_634' title='bbox 2581 4231 2798 4287; x_wconf 90' lang='lat' dir='ltr'><strong>videtur</strong></span> <span class='ocrx_word' id='word_1_635' title='bbox 2828 4249 2841 4286; x_wconf 93' lang='lat'><strong>:</strong></span> <span class='ocrx_word' id='word_1_636' title='bbox 2873 4233 3048 4288; x_wconf 92' lang='lat' dir='ltr'><strong>serius</strong></span> <span class='ocrx_word' id='word_1_637' title='bbox 3079 4233 3452 4303; x_wconf 69' lang='lat' dir='ltr'><strong>praegrandem</strong></span> <span class='ocrx_word' id='word_1_638' title='bbox 3485 4242 3603 4287; x_wconf 88' lang='lat' dir='ltr'><strong>tur-</strong></span> 
     </span>
    </p>
   </div>
   <div class='ocr_carea' id='block_1_104' title="bbox 2001 4323 3603 4395">
    <p class='ocr_par' dir='ltr' id='par_1_104' title="bbox 2001 4323 3603 4395">
     <span class='ocr_line' id='line_1_104' title="bbox 2001 4323 3603 4395; baseline 0.001 -15"><span class='ocrx_word' id='word_1_639' title='bbox 2001 4326 2124 4380; x_wconf 89' lang='lat' dir='ltr'><strong>bam</strong></span> <span class='ocrx_word' id='word_1_640' title='bbox 2143 4335 2420 4380; x_wconf 89' lang='lat' dir='ltr'><strong>auctorum</strong></span> <span class='ocrx_word' id='word_1_641' title='bbox 2444 4334 2499 4379; x_wconf 90' lang='lat' dir='ltr'><strong>et</strong></span> <span class='ocrx_word' id='word_1_642' title='bbox 2521 4325 2762 4379; x_wconf 91' lang='lat' dir='ltr'><strong>locorum</strong></span> <span class='ocrx_word' id='word_1_643' title='bbox 2783 4323 3029 4378; x_wconf 89' lang='lat' dir='ltr'><strong>eamdem</strong></span> <span class='ocrx_word' id='word_1_644' title='bbox 3052 4339 3167 4378; x_wconf 88' lang='lat' dir='ltr'><strong>rem</strong></span> <span class='ocrx_word' id='word_1_645' title='bbox 3190 4325 3603 4395; x_wconf 86' lang='lat' dir='ltr'><strong>illustrantium,</strong></span> 
     </span>
    </p>
   </div>
   <div class='ocr_carea' id='block_1_105' title="bbox 2003 4417 3600 4490">
    <p class='ocr_par' dir='ltr' id='par_1_105' title="bbox 2003 4417 3600 4490">
     <span class='ocr_line' id='line_1_105' title="bbox 2003 4417 3600 4490; baseline 0.001 -17"><span class='ocrx_word' id='word_1_646' title='bbox 2003 4429 2369 4490; x_wconf 76' lang='lat' dir='ltr'><strong>przetereaque</strong></span> <span class='ocrx_word' id='word_1_647' title='bbox 2407 4419 2541 4473; x_wconf 87' lang='lat' dir='ltr'><strong>nihil</strong></span> <span class='ocrx_word' id='word_1_648' title='bbox 2570 4417 2766 4473; x_wconf 89' lang='lat' dir='ltr'><strong>attulit.</strong></span> <span class='ocrx_word' id='word_1_649' title='bbox 2786 4417 2914 4474; x_wconf 90' lang='lat' dir='ltr'><strong>lnde</strong></span> <span class='ocrx_word' id='word_1_650' title='bbox 2935 4426 3116 4474; x_wconf 83' lang='lat' dir='ltr'><strong>tamen</strong></span> <span class='ocrx_word' id='word_1_651' title='bbox 3140 4419 3279 4474; x_wconf 89' lang='lat' dir='ltr'><strong>inter</strong></span> <span class='ocrx_word' id='word_1_652' title='bbox 3299 4417 3437 4476; x_wconf 82' lang='lat' dir='ltr'><strong>duos</strong></span> <span class='ocrx_word' id='word_1_653' title='bbox 3453 4419 3600 4475; x_wconf 85' lang='lat' dir='ltr'><strong>viros</strong></span> 
     </span>
    </p>
   </div>
   <div class='ocr_carea' id='block_1_106' title="bbox 2001 4512 3603 4585">
    <p class='ocr_par' dir='ltr' id='par_1_106' title="bbox 2001 4512 3603 4585">
     <span class='ocr_line' id='line_1_106' title="bbox 2001 4512 3603 4585; baseline 0.001 -17"><span class='ocrx_word' id='word_1_654' title='bbox 2001 4512 2242 4580; x_wconf 88' lang='lat' dir='ltr'><strong>dissidia,</strong></span> <span class='ocrx_word' id='word_1_655' title='bbox 2274 4515 2425 4581; x_wconf 79' lang='lat' dir='ltr'><strong>rixae,</strong></span> <span class='ocrx_word' id='word_1_656' title='bbox 2456 4512 2821 4580; x_wconf 83' lang='lat' dir='ltr'><strong>contumeliae,</strong></span> <span class='ocrx_word' id='word_1_657' title='bbox 2845 4513 2914 4570; x_wconf 87' lang='lat' dir='ltr'><strong>de</strong></span> <span class='ocrx_word' id='word_1_658' title='bbox 2943 4528 3050 4584; x_wconf 92' lang='lat' dir='ltr'><strong>quo</strong></span> <span class='ocrx_word' id='word_1_659' title='bbox 3081 4513 3323 4585; x_wconf 73' lang='lat' dir='ltr'><strong>legendae</strong></span> <span class='ocrx_word' id='word_1_660' title='bbox 3342 4513 3603 4585; x_wconf 79' lang='lat' dir='ltr'><strong>Scaligeri</strong></span> 
     </span>
    </p>
   </div>
   <div class='ocr_carea' id='block_1_107' title="bbox 1999 4623 2560 4679">
    <p class='ocr_par' dir='ltr' id='par_1_107' title="bbox 1999 4623 2560 4679">
     <span class='ocr_line' id='line_1_107' title="bbox 1999 4623 2560 4679; baseline -0.005 -15"><span class='ocrx_word' id='word_1_661' title='bbox 1999 4623 2126 4679; x_wconf 91' lang='lat' dir='ltr'><strong>epp.</strong></span> <span class='ocrx_word' id='word_1_662' title='bbox 2155 4623 2288 4664; x_wconf 63' lang='grc' dir='ltr'><strong>σου(</strong></span> <span class='ocrx_word' id='word_1_663' title='bbox 2302 4636 2328 4649; x_wconf 88' lang='grc'><strong>-</strong></span> <span class='ocrx_word' id='word_1_664' title='bbox 2344 4623 2560 4664; x_wconf 68' lang='grc' dir='ltr'><strong>(ιοωίιιι.</strong></span> 
     </span>
    </p>
   </div>
   <div class='ocr_carea' id='block_1_108' title="bbox 2713 4679 2872 4736">
    <p class='ocr_par' dir='ltr' id='par_1_108' title="bbox 2713 4679 2872 4736">
     <span class='ocr_line' id='line_1_108' title="bbox 2713 4679 2872 4736; baseline -0.019 0"><span class='ocrx_word' id='word_1_665' title='bbox 2713 4679 2872 4736; x_wconf 79' lang='lat'><strong>1605.</strong></span> 
     </span>
    </p>
   </div>
   <div class='ocr_carea' id='block_1_109' title="bbox 2069 4774 3602 4850">
    <p class='ocr_par' dir='ltr' id='par_1_109' title="bbox 2069 4774 3602 4850">
     <span class='ocr_line' id='line_1_109' title="bbox 2069 4774 3602 4850; baseline 0.002 -22"><span class='ocrx_word' id='word_1_666' title='bbox 2069 4774 2402 4831; x_wconf 78' lang='lat' dir='ltr'><strong>PARlSlENSlS</strong></span> <span class='ocrx_word' id='word_1_667' title='bbox 2433 4775 2498 4840; x_wconf 92' lang='lat' dir='ltr'><strong>Il,</strong></span> <span class='ocrx_word' id='word_1_668' title='bbox 2531 4775 2672 4846; x_wconf 90' lang='lat' dir='ltr'><strong>apud</strong></span> <span class='ocrx_word' id='word_1_669' title='bbox 2717 4775 2883 4832; x_wconf 86' lang='lat' dir='ltr'><strong>Mare.</strong></span> <span class='ocrx_word' id='word_1_670' title='bbox 2907 4776 3066 4850; x_wconf 90' lang='lat' dir='ltr'><strong>Orry,</strong></span> <span class='ocrx_word' id='word_1_671' title='bbox 3093 4775 3252 4843; x_wconf 90' lang='lat' dir='ltr'><strong>in—8°,</strong></span> <span class='ocrx_word' id='word_1_672' title='bbox 3281 4789 3401 4829; x_wconf 91' lang='lat' dir='ltr'><strong>cum</strong></span> <span class='ocrx_word' id='word_1_673' title='bbox 3425 4775 3602 4842; x_wconf 81' lang='lat' dir='ltr'><strong>Arno-</strong></span> 
     </span>
    </p>
   </div>
   <div class='ocr_carea' id='block_1_110' title="bbox 1996 4867 3605 4937">
    <p class='ocr_par' dir='ltr' id='par_1_110' title="bbox 1996 4867 3605 4937">
     <span class='ocr_line' id='line_1_110' title="bbox 1996 4867 3605 4937; baseline 0.002 -15"><span class='ocrx_word' id='word_1_674' title='bbox 1996 4867 2086 4922; x_wconf 90' lang='lat' dir='ltr'><strong>bio</strong></span> <span class='ocrx_word' id='word_1_675' title='bbox 2141 4869 2403 4923; x_wconf 83' lang='lat' dir='ltr'><strong>Desiderii</strong></span> <span class='ocrx_word' id='word_1_676' title='bbox 2474 4869 2691 4924; x_wconf 86' lang='lat' dir='ltr'><strong>lleraldi</strong></span> <span class='ocrx_word' id='word_1_677' title='bbox 2757 4869 2874 4924; x_wconf 80' lang='lat' dir='ltr'><strong>haec</strong></span> <span class='ocrx_word' id='word_1_678' title='bbox 2924 4870 3347 4926; x_wconf 87' lang='lat' dir='ltr'><strong>Schoenemann.</strong></span> <span class='ocrx_word' id='word_1_679' title='bbox 3396 4867 3605 4937; x_wconf 70' lang='lat' dir='ltr'><strong>Qumrit</strong></span> 
     </span>
    </p>
   </div>
   <div class='ocr_carea' id='block_1_111' title="bbox 1997 4957 3602 5032">
    <p class='ocr_par' dir='ltr' id='par_1_111' title="bbox 1997 4957 3602 5032">
     <span class='ocr_line' id='line_1_111' title="bbox 1997 4957 3602 5032; baseline 0.001 -17"><span class='ocrx_word' id='word_1_680' title='bbox 1997 4969 2176 5016; x_wconf 90' lang='lat' dir='ltr'><strong>tamen</strong></span> <span class='ocrx_word' id='word_1_681' title='bbox 2206 4962 2269 5016; x_wconf 90' lang='grc' dir='ltr'><strong>Ι).</strong></span> <span class='ocrx_word' id='word_1_682' title='bbox 2300 4961 2537 5032; x_wconf 84' lang='lat' dir='ltr'><strong>Lumpcr</strong></span> <span class='ocrx_word' id='word_1_683' title='bbox 2560 4962 2702 5017; x_wconf 90' lang='lat' dir='ltr'><strong>unde</strong></span> <span class='ocrx_word' id='word_1_684' title='bbox 2727 4962 3016 5016; x_wconf 88' lang='lat' dir='ltr'><strong>editionem</strong></span> <span class='ocrx_word' id='word_1_685' title='bbox 3042 4963 3179 5016; x_wconf 90' lang='lat' dir='ltr'><strong>hanc</strong></span> <span class='ocrx_word' id='word_1_686' title='bbox 3199 4961 3267 5017; x_wconf 93' lang='lat' dir='ltr'><strong>de</strong></span> <span class='ocrx_word' id='word_1_687' title='bbox 3294 4977 3438 5016; x_wconf 89' lang='lat' dir='ltr'><strong>anno</strong></span> <span class='ocrx_word' id='word_1_688' title='bbox 3460 4957 3602 5018; x_wconf 81' lang='lat'><strong>1605</strong></span> 
     </span>
    </p>
   </div>
   <div class='ocr_carea' id='block_1_112' title="bbox 1993 5052 3602 5127">
    <p class='ocr_par' dir='ltr' id='par_1_112' title="bbox 1993 5052 3602 5127">
     <span class='ocr_line' id='line_1_112' title="bbox 1993 5052 3602 5127; baseline 0.001 -19"><span class='ocrx_word' id='word_1_689' title='bbox 1993 5053 2193 5110; x_wconf 88' lang='lat' dir='ltr'><strong>habeat</strong></span> <span class='ocrx_word' id='word_1_690' title='bbox 2221 5053 2814 5126; x_wconf 83' lang='lat' dir='ltr'><strong>Fabricius(Supplem.</strong></span> <span class='ocrx_word' id='word_1_691' title='bbox 2847 5052 2984 5107; x_wconf 83' lang='lat' dir='ltr'><strong>Bibl.</strong></span> <span class='ocrx_word' id='word_1_692' title='bbox 3007 5053 3099 5106; x_wconf 79' lang='lat' dir='ltr'><strong>(at.</strong></span> <span class='ocrx_word' id='word_1_693' title='bbox 3123 5053 3192 5108; x_wconf 88' lang='lat' dir='ltr'><strong>ad</strong></span> <span class='ocrx_word' id='word_1_694' title='bbox 3223 5055 3314 5110; x_wconf 90' lang='lat' dir='ltr'><strong>lib.</strong></span> <span class='ocrx_word' id='word_1_695' title='bbox 3340 5072 3412 5121; x_wconf 85' lang='lat' dir='ltr'><strong>tv,</strong></span> <span class='ocrx_word' id='word_1_696' title='bbox 3443 5071 3492 5108; x_wconf 94' lang='lat' dir='ltr'><strong>c.</strong></span> <span class='ocrx_word' id='word_1_697' title='bbox 3515 5053 3602 5127; x_wconf 82' lang='grc'><strong>5.)</strong></span> 
     </span>
    </p>
   </div>
   <div class='ocr_carea' id='block_1_113' title="bbox 1991 5146 3598 5222">
    <p class='ocr_par' dir='ltr' id='par_1_113' title="bbox 1991 5146 3598 5222">
     <span class='ocr_line' id='line_1_113' title="bbox 1991 5146 3598 5222; baseline -0.002 -18"><span class='ocrx_word' id='word_1_698' title='bbox 1991 5157 2047 5204; x_wconf 89' lang='lat' dir='ltr'><strong>et</strong></span> <span class='ocrx_word' id='word_1_699' title='bbox 2071 5146 2353 5204; x_wconf 84' lang='lat' dir='ltr'><strong>Ceillerius</strong></span> <span class='ocrx_word' id='word_1_700' title='bbox 2384 5148 2547 5221; x_wconf 76' lang='lat' dir='ltr'><strong>(I-Iist.</strong></span> <span class='ocrx_word' id='word_1_701' title='bbox 2577 5149 2860 5222; x_wconf 25' lang='lat' dir='ltr'><strong>génér.‘des</strong></span> <span class='ocrx_word' id='word_1_702' title='bbox 2880 5147 3000 5202; x_wconf 86' lang='lat' dir='ltr'><strong>Aut.</strong></span> <span class='ocrx_word' id='word_1_703' title='bbox 3034 5149 3182 5218; x_wconf 80' lang='lat' dir='ltr'><strong>eccl.,</strong></span> <span class='ocrx_word' id='word_1_704' title='bbox 3214 5157 3252 5201; x_wconf 92' lang='lat' dir='ltr'><strong>t.</strong></span> <span class='ocrx_word' id='word_1_705' title='bbox 3280 5165 3337 5215; x_wconf 88' lang='lat' dir='ltr'><strong>ll,</strong></span> <span class='ocrx_word' id='word_1_706' title='bbox 3370 5148 3598 5218; x_wconf 70' lang='lat' dir='ltr'><strong>p.255).</strong></span> 
     </span>
    </p>
   </div>
   <div class='ocr_carea' id='block_1_114' title="bbox 1999 5241 3598 5315">
    <p class='ocr_par' dir='ltr' id='par_1_114' title="bbox 1999 5241 3598 5315">
     <span class='ocr_line' id='line_1_114' title="bbox 1999 5241 3598 5315; baseline 0.002 -20"><span class='ocrx_word' id='word_1_707' title='bbox 1999 5261 2017 5295; x_wconf 84' lang='grc'><strong>‹</strong></span> <span class='ocrx_word' id='word_1_708' title='bbox 2050 5242 2165 5297; x_wconf 87' lang='lat' dir='ltr'><strong>Hoc</strong></span> <span class='ocrx_word' id='word_1_709' title='bbox 2193 5258 2356 5310; x_wconf 90' lang='lat' dir='ltr'><strong>vero,</strong></span> <span class='ocrx_word' id='word_1_710' title='bbox 2385 5244 2590 5315; x_wconf 87' lang='lat' dir='ltr'><strong>inquit,</strong></span> <span class='ocrx_word' id='word_1_711' title='bbox 2625 5243 2756 5298; x_wconf 89' lang='lat' dir='ltr'><strong>satis</strong></span> <span class='ocrx_word' id='word_1_712' title='bbox 2788 5243 2900 5296; x_wconf 90' lang='lat' dir='ltr'><strong>scio</strong></span> <span class='ocrx_word' id='word_1_713' title='bbox 2928 5253 2982 5297; x_wconf 89' lang='lat' dir='ltr'><strong>et</strong></span> <span class='ocrx_word' id='word_1_714' title='bbox 3010 5241 3150 5297; x_wconf 84' lang='lat' dir='ltr'><strong>hunc</strong></span> <span class='ocrx_word' id='word_1_715' title='bbox 3181 5249 3236 5297; x_wconf 91' lang='lat' dir='ltr'><strong>et</strong></span> <span class='ocrx_word' id='word_1_716' title='bbox 3272 5241 3498 5295; x_wconf 86' lang='lat' dir='ltr'><strong>alteram</strong></span> <span class='ocrx_word' id='word_1_717' title='bbox 3525 5242 3598 5299; x_wconf 83' lang='lat' dir='ltr'><strong>de</strong></span> 
     </span>
    </p>
   </div>
   <div class='ocr_carea' id='block_1_115' title="bbox 1993 5335 3598 5408">
    <p class='ocr_par' dir='ltr' id='par_1_115' title="bbox 1993 5335 3598 5408">
     <span class='ocr_line' id='line_1_115' title="bbox 1993 5335 3598 5408; baseline 0 -17"><span class='ocrx_word' id='word_1_718' title='bbox 1993 5352 2136 5392; x_wconf 90' lang='lat' dir='ltr'><strong>anno</strong></span> <span class='ocrx_word' id='word_1_719' title='bbox 2167 5336 2325 5402; x_wconf 85' lang='lat'><strong>1615,</strong></span> <span class='ocrx_word' id='word_1_720' title='bbox 2355 5353 2477 5392; x_wconf 92' lang='lat' dir='ltr'><strong>cum</strong></span> <span class='ocrx_word' id='word_1_721' title='bbox 2512 5336 2751 5390; x_wconf 89' lang='lat' dir='ltr'><strong>Arnobio</strong></span> <span class='ocrx_word' id='word_1_722' title='bbox 2772 5338 3027 5393; x_wconf 83' lang='lat' dir='ltr'><strong>emissam</strong></span> <span class='ocrx_word' id='word_1_723' title='bbox 3057 5337 3211 5394; x_wconf 90' lang='lat' dir='ltr'><strong>nihili</strong></span> <span class='ocrx_word' id='word_1_724' title='bbox 3239 5351 3379 5401; x_wconf 89' lang='lat' dir='ltr'><strong>esse,</strong></span> <span class='ocrx_word' id='word_1_725' title='bbox 3405 5338 3448 5390; x_wconf 92' lang='lat' dir='ltr'><strong>si</strong></span> <span class='ocrx_word' id='word_1_726' title='bbox 3479 5335 3598 5408; x_wconf 90' lang='lat' dir='ltr'><strong>qui-</strong></span> 
     </span>
    </p>
   </div>
   <div class='ocr_carea' id='block_1_116' title="bbox 1993 5428 3596 5499">
    <p class='ocr_par' dir='ltr' id='par_1_116' title="bbox 1993 5428 3596 5499">
     <span class='ocr_line' id='line_1_116' title="bbox 1993 5428 3596 5499; baseline 0 -16"><span class='ocrx_word' id='word_1_727' title='bbox 1993 5428 2115 5484; x_wconf 92' lang='lat' dir='ltr'><strong>dem</strong></span> <span class='ocrx_word' id='word_1_728' title='bbox 2148 5429 2329 5484; x_wconf 87' lang='lat' dir='ltr'><strong>Desid.</strong></span> <span class='ocrx_word' id='word_1_729' title='bbox 2361 5428 2624 5482; x_wconf 89' lang='lat' dir='ltr'><strong>Heraldus</strong></span> <span class='ocrx_word' id='word_1_730' title='bbox 2651 5429 2948 5484; x_wconf 87' lang='lat' dir='ltr'><strong>Arnobium</strong></span> <span class='ocrx_word' id='word_1_731' title='bbox 2990 5445 3144 5486; x_wconf 88' lang='lat' dir='ltr'><strong>suum</strong></span> <span class='ocrx_word' id='word_1_732' title='bbox 3181 5430 3292 5499; x_wconf 89' lang='lat' dir='ltr'><strong>jam</strong></span> <span class='ocrx_word' id='word_1_733' title='bbox 3332 5439 3459 5485; x_wconf 88' lang='lat' dir='ltr'><strong>ante</strong></span> <span class='ocrx_word' id='word_1_734' title='bbox 3494 5429 3596 5484; x_wconf 88' lang='lat' dir='ltr'><strong>Mi-</strong></span> 
     </span>
    </p>
   </div>
   <div class='ocr_carea' id='block_1_117' title="bbox 1994 5519 3597 5587">
    <p class='ocr_par' dir='ltr' id='par_1_117' title="bbox 1994 5519 3597 5587">
     <span class='ocr_line' id='line_1_117' title="bbox 1994 5519 3597 5587; baseline 0.001 -13"><span class='ocrx_word' id='word_1_735' title='bbox 1994 5521 2211 5575; x_wconf 89' lang='lat' dir='ltr'><strong>nucium</strong></span> <span class='ocrx_word' id='word_1_736' title='bbox 2240 5519 2506 5587; x_wconf 86' lang='lat' dir='ltr'><strong>ediderat,</strong></span> <span class='ocrx_word' id='word_1_737' title='bbox 2530 5530 2589 5575; x_wconf 93' lang='lat' dir='ltr'><strong>ut</strong></span> <span class='ocrx_word' id='word_1_738' title='bbox 2614 5529 2845 5576; x_wconf 90' lang='lat' dir='ltr'><strong>testatur</strong></span> <span class='ocrx_word' id='word_1_739' title='bbox 2869 5519 2923 5576; x_wconf 90' lang='lat' dir='ltr'><strong>in</strong></span> <span class='ocrx_word' id='word_1_740' title='bbox 2950 5519 3275 5577; x_wconf 80' lang='lat' dir='ltr'><strong>Praefatione</strong></span> <span class='ocrx_word' id='word_1_741' title='bbox 3299 5521 3366 5576; x_wconf 88' lang='lat' dir='ltr'><strong>ad</strong></span> <span class='ocrx_word' id='word_1_742' title='bbox 3394 5521 3597 5584; x_wconf 69' lang='lat' dir='ltr'><strong>Julian.</strong></span> 
     </span>
    </p>
   </div>
   <div class='ocr_carea' id='block_1_118' title="bbox 1993 5611 2412 5669">
    <p class='ocr_par' dir='ltr' id='par_1_118' title="bbox 1993 5611 2412 5669">
     <span class='ocr_line' id='line_1_118' title="bbox 1993 5611 2412 5669; baseline -0.014 -1"><span class='ocrx_word' id='word_1_743' title='bbox 1993 5611 2355 5669; x_wconf 86' lang='lat' dir='ltr'><strong>Bochardum.</strong></span> <span class='ocrx_word' id='word_1_744' title='bbox 2395 5628 2412 5662; x_wconf 69' lang='grc' dir='ltr'>ι</span> 
     </span>
    </p>
   </div>
   <div class='ocr_carea' id='block_1_119' title="bbox 2708 5683 2867 5741">
    <p class='ocr_par' dir='ltr' id='par_1_119' title="bbox 2708 5683 2867 5741">
     <span class='ocr_line' id='line_1_119' title="bbox 2708 5683 2867 5741; baseline 0 -1"><span class='ocrx_word' id='word_1_745' title='bbox 2708 5683 2867 5741; x_wconf 89' lang='grc'>1610.</span> 
     </span>
    </p>
   </div>
   <div class='ocr_carea' id='block_1_120' title="bbox 2074 5773 3598 5850">
    <p class='ocr_par' dir='ltr' id='par_1_120' title="bbox 2074 5773 3598 5850">
     <span class='ocr_line' id='line_1_120' title="bbox 2074 5773 3598 5850; baseline -0.001 -18"><span class='ocrx_word' id='word_1_746' title='bbox 2074 5776 2567 5834; x_wconf 69' lang='lat' dir='ltr'><strong>Hsrnamencsusns</strong></span> <span class='ocrx_word' id='word_1_747' title='bbox 2593 5775 2864 5846; x_wconf 87' lang='lat' dir='ltr'><strong>Balduini,</strong></span> <span class='ocrx_word' id='word_1_748' title='bbox 2900 5776 3132 5850; x_wconf 86' lang='lat' dir='ltr'><strong>repetita</strong></span> <span class='ocrx_word' id='word_1_749' title='bbox 3157 5775 3406 5836; x_wconf 82' lang='lat' dir='ltr'><strong>Francot‘.</strong></span> <span class='ocrx_word' id='word_1_750' title='bbox 3431 5773 3598 5845; x_wconf 84' lang='lat' dir='ltr'><strong>in-8°,</strong></span> 
     </span>
    </p>
   </div>
   <div class='ocr_carea' id='block_1_121' title="bbox 2010 5866 2810 5937">
    <p class='ocr_par' dir='ltr' id='par_1_121' title="bbox 2010 5866 2810 5937">
     <span class='ocr_line' id='line_1_121' title="bbox 2010 5866 2810 5937; baseline -0.004 -12"><span class='ocrx_word' id='word_1_751' title='bbox 2010 5868 2218 5926; x_wconf 86' lang='lat' dir='ltr'><strong>Fabric.</strong></span> <span class='ocrx_word' id='word_1_752' title='bbox 2257 5868 2367 5924; x_wconf 93' lang='lat' dir='ltr'><strong>Del.</strong></span> <span class='ocrx_word' id='word_1_753' title='bbox 2403 5870 2591 5937; x_wconf 84' lang='lat' dir='ltr'><strong>Argg.,</strong></span> <span class='ocrx_word' id='word_1_754' title='bbox 2611 5881 2664 5937; x_wconf 88' lang='lat' dir='ltr'><strong>p.</strong></span> <span class='ocrx_word' id='word_1_755' title='bbox 2683 5866 2810 5922; x_wconf 72' lang='lat'><strong>216.</strong></span> 
     </span>
    </p>
   </div>
  </div>
