3876 6282
338 405 481 446 XLV”

943 505 1132 558 Eodem
1163 520 1318 559 anno.
1755 526 1761 531 ·

410 595 740 651 ΡΑιιιδιεΝειε
783 595 870 661 lll,
906 594 1090 650 in-fol.
1129 594 1266 664 (Cal.
1296 594 1431 650 Bibl.
1464 593 1667 649 Barber.
1726 600 1764 648 t.
1801 609 1860 661 ιι,
1893 591 1934 646 Γ.

336 704 392 760 p.
417 689 507 756 76,
536 700 591 746 et
611 690 722 745 Cal.
744 689 880 744 Bibl.
904 687 1084 762 Bodl.)

1057 817 1215 872 1612.

411 933 817 987 llusuncensrs
839 930 952 997 l,in
983 931 1103 998 lol.,
1131 930 1292 986 Marci
1311 930 1527 988 Minucii
1547 931 1744 987 Felicis
1777 931 1939 986 θείας

339 1027 448 1080 vius
475 1041 540 1080 ex
572 1025 893 1082 recensione
931 1035 986 1080 et
1012 1040 1135 1080 eum
1183 1025 1590 1080 commentariis
1639 1025 1941 1080 Geverltarti

336 1118 746 1175 Elmenhorstii:
769 1118 1033 1174 accedunt
1056 1117 1250 1174 Frane.
1277 1118 1519 1174 Balduini
1549 1119 1940 1190 Prolegomena

336 1211 393 1266 in
424 1211 491 1265 M.
539 1211 667 1266 Mitt.
710 1212 828 1266 Fel.
887 1210 1178 1266 Octavium.
1216 1211 1602 1268 Elmenhorstii
1635 1214 1941 1270 notationes

338 1306 748 1362 commentariis
811 1304 1073 1361 Wowerii
1132 1306 1492 1376 interspersas
1541 1322 1664 1383 esse
1712 1321 1942 1378 eumque

340 1412 488 1466 saepe
519 1398 712 1452 librum
745 1413 845 1452 ms.
877 1406 1077 1464 citare,
1129 1397 1218 1453 ubi
1267 1399 1637 1454 tantummodo
1682 1398 1940 1454 lectiones

341 1489 544 1545 codicis
594 1491 726 1561 regii
776 1490 1110 1561 appellanda:
1162 1490 1674 1562 fuissentRigaltius
1716 1493 1938 1548 notavit.

343 1581 564 1637 Scilicet
590 1598 656 1637 ex
685 1583 876 1638 eodem
904 1582 1180 1640 Wowerio
1211 1583 1407 1638 librum
1437 1583 1586 1638 illum
1620 1599 1722 1638 ms.
1755 1583 1944 1639 lauda-

341 1674 431 1728 hat
463 1717 478 1741 ,
509 1683 567 1730 ut
591 1691 657 1730 ex
685 1675 751 1731 iis
780 1691 899 1746 quae
926 1691 1084 1746 supra
1114 1675 1180 1731 ad
1217 1674 1618 1731 Wowerianam
1647 1675 1941 1732 editionem

346 1767 687 1837 scripsimus,
743 1768 879 1824 disci
921 1778 1117 1840 potest.
1169 1767 1460 1833 Cteterum,
1497 1783 1595 1838 pro
1641 1782 1792 1824 more
1819 1782 1939 1836 suo,

341 1859 577 1928 integras
626 1867 909 1915 auctorum
941 1869 1187 1916 veterum
1217 1859 1408 1914 similis
1435 1859 1736 1929 argumenti
1789 1858 1942 1929 pagi-

338 1964 441 2005 nas
487 1951 729 2023 apponit,
785 1951 999 2024 egregie
1058 1952 1158 2009 hac
1209 1953 1424 2009 testium
1468 1951 1612 2008 nube
1663 1949 1944 2008 Minutium

331 2047 598 2105 illustrari
613 2063 865 2106 censetis.

1066 2166 1222 2224 1615.

416 2280 750 2337 ΡΑιιιειεκειε
776 2279 864 2347 ιν,
887 2281 1112 2337 Lutetia:
1141 2283 1338 2352 Paris.,
1364 2284 1528 2354 ιιι-ι’,
1551 2287 1696 2358 typis
1716 2287 1778 2343 P.
1809 2287 1946 2346 Met-

348 2379 523 2444 tayer.
555 2372 628 2427 M.
657 2371 727 2427 Μ.
774 2372 890 2428 Fel.
935 2372 1058 2430 Oct.
1081 2374 1203 2430 Des.
1241 2374 1504 2432 l-leraldus
1554 2393 1656 2434 ms.
1698 2395 1812 2450 reg.
1843 2395 1947 2452 ope

349 2465 660 2522 emendavit
711 2477 764 2522 et
796 2475 952 2522 notas
1008 2468 1232 2523 addidit.
1260 2499 1333 2510 --
1355 2469 1556 2525 Confer
1586 2488 1704 2542 qua:
1731 2489 1761 2527 a
1791 2475 1948 2531 nobis

345 2558 490 2614 dicta
541 2569 667 2615 sunt
696 2559 762 2616 ad
805 2561 1121 2616 Tertulliani
1173 2562 1606 2634 Apologeticum,
1653 2566 1720 2620 ab
1754 2565 1944 2622 eodem

343 2650 452 2706 hoc
503 2667 649 2706 anno
705 2653 930 2708 editum.
999 2653 1228 2708 'l‘extum
1304 2655 1391 2711 hic
1459 2671 1775 2726 expressum
1837 2657 1945 2729 jam

344 2757 440 2796 an.
493 2743 631 2799 1605
683 2759 802 2798 cum
850 2743 1092 2800 Arnobio
1118 2745 1496 2802 excudendum
1525 2758 1826 2816 curaverat,
1859 2749 1949 2807 hic

345 2833 562 2890 tandem
605 2837 744 2891 notis
774 2853 872 2907 pro
919 2853 1070 2893 more
1114 2838 1289 2894 doctis
1319 2849 1374 2895 et
1399 2841 1679 2910 exquisitis
1709 2843 1945 2898 ornavit.

344 2925 406 2980 In
435 2941 642 2984 summa
676 2929 972 2985 Romanam
1022 2930 1111 2986 ed.
1144 2930 1317 2986 Fulvii
1364 2931 1548 2988 Ursini
1598 2950 1656 2988 se
1703 2945 1946 2990 secutum

333 3035 473 3087 .esse
533 3022 814 3092 protitetur
858 3039 921 3078 ea
968 3023 1106 3094 lege,
1147 3033 1205 3078 ut
1253 3025 1322 3080 ab
1367 3025 1457 3079 illa
1508 3041 1667 3096 quam
1711 3027 1949 3082 omnium

348 3112 724 3170 ﬁdelissimam
775 3129 895 3171 esse
943 3123 1152 3182 censet,
1195 3116 1296 3171 nisi
1344 3131 1445 3171 ms.
1478 3118 1626 3189 regio
1657 3129 1948 3187 praeeunte,

349 3223 462 3262 non
511 3208 826 3275 recederet,
883 3216 940 3264 et
985 3224 1050 3266 ea
1081 3210 1196 3280 ipsa
1247 3209 1406 3278 adeo,
1466 3227 1584 3280 qua:
1635 3212 1720 3267 vel
1777 3214 1952 3282 primo

349 3300 612 3370 adspectu
642 3301 830 3356 vitium
881 3315 1035 3356 suum
1092 3301 1407 3372 proderent,
1436 3303 1698 3360 retineret
1746 3314 1950 3372 tamen,

352 3406 458 3447 nec
491 3392 603 3462 Sig.
653 3392 882 3458 Gelenii,
913 3393 1003 3464 qui
1036 3393 1153 3448 haec
1179 3396 1357 3450 omnia
1406 3395 1638 3468 (vitiosa
1671 3397 1948 3468 intellige)

349 3492 562 3538 mutare
628 3500 734 3540 non
804 3485 1172 3551 dubitaverat,
1238 3489 1548 3560 exemplum
1614 3501 1952 3560 sequeretur.

350 3575 756 3643 Nihilominus,
813 3578 957 3648 quod
1009 3579 1061 3633 in
1109 3578 1323 3635 laudem
1377 3581 1476 3635 viri
1533 3580 1736 3636 dictum
1787 3583 1952 3652 volo,

354 3669 562 3726 Gelenii
618 3670 880 3726 lectiones
934 3671 1220 3728 nonnullas
1271 3681 1564 3744 utcumque
1617 3673 1787 3730 bonas
1846 3692 1954 3731 non

351 3762 622 3827 deseruit,
675 3763 769 3818 sed
824 3763 1083 3819 Romanae
1135 3765 1386 3834 praetulit.
1443 3764 1697 3822 Codicem
1749 3767 1952 3838 regium

353 3855 566 3911 Tbuani
597 3856 861 3912 benelicio
892 3866 1081 3912 nactus
1107 3866 1242 3912 erat.
1287 3858 1566 3928 Inscripsit
1602 3869 1782 3915 autem
1813 3858 1956 3915 hunc

354 3948 600 4005 libellum
651 3948 843 4004 Joanni
883 3948 1166 4005 Bochardo
1211 3949 1361 4005 Sacri
1407 3950 1728 4006 Consistorii
1773 3952 1955 4008 consi-

351 4043 536 4110 liario,
565 4052 669 4098 etc.
699 4075 769 4084 —
789 4043 962 4098 Aliam
997 4043 1204 4098 Octavii
1223 4058 1344 4099 cum
1375 4043 1590 4100 Heraldi
1614 4043 1957 4101 animadver-

354 4136 606 4194 sionibus
657 4135 948 4193 editionem
1007 4153 1128 4192 cum
1159 4134 1419 4204 Arnobio,
1474 4153 1562 4192 an.
1600 4138 1759 4204 1615,
1819 4140 1958 4194 iri-4°

355 4229 556 4285 factam
609 4228 890 4285 Fabricius
942 4239 1354 4296 commemorat,
1411 4229 1569 4300 cujus
1623 4241 1802 4288 tamen
1860 4246 1960 4286 nec

355 4323 476 4396 ipse
506 4323 571 4379 ad
602 4322 921 4392 Arnobium,
965 4339 1064 4380 nec
1113 4333 1309 4395 praeter
1335 4339 1461 4380 eum
1504 4324 1790 4396 quisquam
1841 4340 1958 4381 me-

353 4415 532 4472 minit.
571 4414 748 4487 (Bibl.
776 4417 865 4470 lat.
913 4431 952 4482 ι,
983 4431 1056 4484 tv,
1091 4432 1141 4473 c.
1176 4417 1232 4484 5,
1279 4415 1368 4472 ed.
1405 4415 1540 4472 Ven.
1574 4425 1613 4472 t.
1643 4432 1702 4484 ιι,
1734 4431 1786 4488 p.
1815 4417 1956 4487 289.;

360 4519 419 4566 et
449 4509 504 4565 in
533 4507 652 4566 Del.
678 4509 837 4584 Argg.
875 4526 927 4582 p.
957 4510 1112 4582 216.)

1083 4628 1243 4684 1617.

435 4743 636 4799 Vensno
655 4783 670 4810 ,
699 4741 940 4798 omnium
965 4739 1160 4811 prima,
1184 4739 1390 4797 Gallica
1430 4741 1472 4808 l,
1499 4750 1720 4799 auctore
1752 4743 1959 4800 Thoma

357 4835 682 4894 Rcverendo
718 4850 789 4890 ex
832 4834 974 4906 typis
999 4833 1186 4889 Jacobi
1230 4833 1436 4902 Lebas,
1467 4835 1645 4903 ιιι-12,
1679 4837 1961 4894 χν-185-5

359 4945 456 5000 pp.
515 4929 678 5002 (Bibl.
728 4927 1002 5000 Lugdun.)
1049 4927 1361 4999 Nuncupata
1407 4928 1573 4984 nobili
1620 4929 1737 4985 viro
1782 4928 1958 4985 Fran-

357 5023 508 5078 cisco
536 5020 857 5076 Reverendo
889 5019 1165 5092 (Francois
1190 5019 1264 5075 Le
1291 5019 1571 5090 Révérend,
1599 5023 1829 5094 sicur_de
1862 5021 1962 5077 Ca-

358 5114 470 5186 lix)
491 5154 506 5180 ,
534 5111 774 5168 auctoris
799 5113 1099 5178 avunculo,
1133 5113 1245 5184 regi
1283 5128 1312 5167 a
1355 5114 1628 5182 consiliis,
1659 5125 1766 5171 etc.
1810 5115 1958 5171 Prte-

357 5208 594 5266 mittitur
616 5206 877 5261 monitum
909 5204 977 5261 ad
1010 5205 1295 5273 lectorem,
1326 5207 1378 5261 in
1406 5221 1514 5278 quo
1538 5207 1807 5278 interpres
1836 5222 1959 5264 sex-

359 5301 536 5357 decim
583 5307 790 5353 tantum
828 5298 986 5354 annis
1013 5308 1196 5363 natus,
1227 5299 1441 5366 dicitur,
1476 5315 1782 5371 nomenque
1835 5317 1962 5371 pro-

358 5393 538 5465 prium
570 5393 633 5444 de
659 5388 810 5445 Bauli
835 5391 907 5447 Le
938 5391 1202 5448 Récérend
1230 5407 1297 5448 eo
1326 5393 1430 5449 loci
1459 5408 1571 5463 prie
1605 5408 1666 5448 se.
1695 5395 1826 5458 fert;
1861 5409 1960 5451 nec

355 5484 541 5557 iunior
580 5483 708 5539 licet
735 5495 787 5540 et
811 5485 1052 5542 omnium
1098 5485 1333 5557 primus,
1363 5485 1747 5558 despiciendus
1787 5486 1958 5544 inter-

357 5592 506 5649 pres.

1072 5690 1235 5748 1624.

432 5807 528 5862 En.
562 5805 890 5865 PARISIENSIS
908 5805 977 5861 V.
1010 5804 1207 5869 Paris,
1236 5801 1442 5873 in-l‘ol.,
1470 5801 1526 5860 in
1552 5804 1692 5862 Bibl.
1715 5805 1820 5865 PP.
1845 5806 1954 5866 vol.

351 5917 427 5972 ιιι,
451 5900 554 5957 col.
582 5901 634 5955 1.

1765 385 2154 444 PREFATIO.

3486 402 3660 444 XLVIII

2764 500 2926 558 1627.

2114 593 2432 651 (immensas
2459 595 2499 651 l.
2532 592 2736 663 Oxon.,
2769 596 2942 654 in-l2.
2972 594 3188 652 Minucii
3213 594 3469 652 Octavius.
3495 593 3659 669 (Bibl.

2042 685 2391 760 Mus..Britt.,
2421 705 2556 746 voce
2584 689 2800 762 Fam.)

2623 783 3022 839 "1636-1657.

2117 875 2318 932 Vsasw
2345 874 2584 932 GALLICA
2604 876 2668 932 II.
2700 875 2914 932 Minucii
2946 875 3142 932 Felicis
3179 875 3425 931 Octavius
3460 875 3660 949 gallice

2047 968 2293 1024 redditus
2323 985 2353 1024 a
2382 968 2610 1026 Nicolao
2636 969 2829 1026 Perrot
2854 969 3274 1034 d’Ablancourt;
3303 969 3478 1025 Paris.
3515 971 3661 1040 apud

2045 1061 2170 1118 Joh.
2197 1062 2450 1118 Camusat
2473 1105 2488 1130 ,
2520 1063 2706 1130 ιιι-12,
2737 1063 2909 1119 xtl-96
2954 1080 3044 1134 pp.
3090 1063 3372 1134 privilegio
3411 1064 3569 1132 regio
3599 1065 3661 1120 in

2044 1153 2134 1210 die
2162 1155 2196 1208 5
2223 1164 2362 1225 sept.
2395 1171 2524 1210 ann.
2555 1155 2694 1211 1656
2724 1156 3075 1228 subsignata;
3115 1156 3259 1228 typis
3299 1156 3552 1212 absoluta
3593 1156 3666 1212 24

2047 1248 2165 1303 tlec.
2197 1248 2372 1318 ejusd.
2405 1250 2556 1317 anni,
2591 1249 2911 1316 Pbilandro,
2942 1249 3044 1307 sub
3069 1254 3224 1320 cujus
3239 1249 3460 1305 nomine
3485 1249 3666 1306 latitat

2045 1339 2300 1410 Conrart,
2333 1343 2582 1400 dediczna
2617 1364 2630 1400 :
2664 1343 2863 1415 prodiit
2905 1359 3049 1399 anno
3093 1343 3251 1398 1657.
3285 1345 3491 1400 lterum
3533 1358 3660 1400 ann.

2049 1435 2209 1501 1660,
2233 1435 2426 1502 in-l8;
2459 1436 2830 1504 1662,in-12;
2857 1436 3229 1504 1677,ἱιι-12;
3265 1437 3435 1492 vicies
3465 1436 3666 1493 deinde

2047 1530 2274 1599 repetita
2298 1571 2312 1596 ,
2342 1530 2504 1586 modo
2549 1540 2700 1588 textu
2736 1532 2936 1600 latino,
2964 1531 3127 1587 modo
3157 1532 3302 1587 notis
3327 1541 3486 1588 aucta
3509 1573 3526 1597 ,
3558 1547 3663 1589 nec

2048 1636 2301 1693 umquam
2339 1623 2552 1688 verior,
2594 1638 2692 1680 nec
2730 1623 2942 1680 ﬁdelior
2981 1639 3140 1694 quam
3170 1633 3381 1680 czeterte
3407 1623 3654 1695 ejusdem

2047 1715 2286 1772 auctoris
2309 1717 2613 1773 versiones.

2775 1811 2931 1869 1656.

2123 1900 2325 1958 νειιειο
2350 1902 2594 1960 Ancum
2623 1903 2665 1958 Ι.
2696 1904 2767 1960 Μ.
2793 1905 3060 1961 Minucius
3085 1904 3237 1961 Felix
3261 1904 3344 1961 bis
3375 1905 3658 1976 dialogue,

2047 1992 2218 2048 called
2250 1994 2507 2064 Octavius,
2543 1998 2838 2054 translated
2878 1999 2994 2054 into
3031 1997 3254 2069 English
3275 2041 3291 2070 ,
3325 1998 3395 2073 by
3422 1997 3662 2055 Richard

2047 2085 2232 2143 James
2259 2087 2322 2144 of
2341 2103 2391 2144 c.
2423 2105 2475 2147 c.
2500 2105 2552 2149 c.
2586 2091 2639 2147 in
2663 2091 2893 2156 Oxford,
2925 2093 3088 2150 ιιι-8⁸.

2779 2185 2941 2244 1657.

2123 2269 2325 2328 Vensw
2349 2273 2590 2332 GALLICA
2619 2274 2707 2332 lll.
2733 2276 2948 2334 Minucii
2973 2279 3175 2336 Felicis
3205 2279 3446 2335 Octavius
3471 2279 3662 2352 gallice

2047 2362 2292 2420 redditus
2322 2380 2486 2436 opera
2514 2367 2786 2424 Guillelmi
2816 2371 2894 2425 Du
2931 2371 3073 2438 Has,
3105 2373 3344 2428 canonici
3373 2381 3428 2427 et
3471 2369 3661 2428 decani

2050 2458 2245 2513 eccles.
2271 2459 2514 2516 catbedr.
2544 2462 2871 2518 Aletbensis.
2894 2465 3067 2520 Paris.
3097 2466 3235 2537 apud
3263 2465 3366 2522 vid.
3390 2466 3466 2522 De
3487 2465 3656 2524 Tous-

2050 2552 2226 2608 Sainct
2253 2553 2325 2608 du
2354 2553 2540 2628 Bray.,
2574 2557 2726 2626 inut“,
2761 2559 3098 2617 16-146-155
3131 2577 3218 2632 pp.

2768 2651 2932 2707 1645.

2124 2737 2454 2796 ΡΑιιιειεΝειε
2479 2740 2564 2808 Vl,
2615 2742 2951 2800 RIGALTIANA
3005 2745 3045 2800 Ι.
3103 2745 3353 2811 Lntetite,
3409 2745 3518 2801 vid.
3549 2747 3661 2802 Ma-

2053 2827 2200 2882 tbur.
2239 2830 2458 2900 Dupuis,
2509 2832 2664 2888 ili-4°
2693 2835 2761 2888 Μ.
2790 2835 2858 2890 Μ.
2885 2835 2947 2890 F.
2981 2837 3244 2904 Octavius,
3285 2847 3340 2892 et
3374 2836 3518 2892 Ctec.
3552 2837 3656 2910 Cy-

2053 2919 2228 2990 priani
2276 2922 2414 2977 liber
2460 2923 2524 2978 de
2563 2925 2833 2980 [dolorum
2876 2925 3142 2994 Vanitate;
3181 2929 3348 2985 editio
3399 2944 3541 2985 nova
3592 2930 3659 2986 ad

2054 3011 2216 3068 ﬁdem
2250 3024 2494 3072 veterum
2551 3020 2961 3091 exemplarium,
3009 3039 3074 3078 ex
3107 3024 3424 3080 recensione
3449 3035 3510 3080 et
3539 3039 3656 3080 cum

2054 3103 2521 3164 observationibus
2554 3108 2677 3164 Nic.
2712 3112 2947 3183 Rigaltii.
2979 3114 3131 3170 Nota:
3161 3125 3284 3172 sunt
3316 3131 3528 3186 paucae,
3569 3117 3656 3174 sed

2055 3197 2282 3253 eruditae
2312 3209 2367 3254 et
2403 3213 2562 3269 aptae,
2611 3211 2668 3257 ut
2717 3204 2893 3259 solent
2940 3205 3192 3277 Rigaltii;
3245 3209 3531 3278 praemissa
3581 3219 3657 3264 est

2057 3291 2128 3347 de
2156 3294 2319 3348 variis
2346 3294 2677 3352 editionibus
2708 3297 2905 3354 Octavii
2931 3300 3215 3356 Minuciani
3246 3301 3657 3373 prmfatiuncula

2056 3389 2277 3460 egregio
2326 3389 2535 3460 judicio
2584 3401 2641 3447 et
2695 3393 2960 3451 modestia
3013 3397 3340 3467 conscripta.
3403 3395 3658 3454 Codicem

2057 3480 2262 3550 regium
2316 3497 2534 3552 quoque
2578 3483 2775 3542 iterum
2820 3487 3137 3555 studiosius,
3169 3503 3269 3545 nec
3310 3489 3426 3546 sine
3479 3490 3658 3548 fructu

2058 3573 2320 3646 Rigaltius
2346 3575 2608 3634 adhibuit.

2775 3673 2937 3730 1645.

2131 3757 2466 3816 Βιωιτιιικλ
2513 3761 2576 3816 ll.
2611 3761 2782 3833 Lugd.
2811 3764 2929 3819 Bat.
2954 3779 3022 3820 ex
3050 3765 3142 3823 00‘.
3166 3765 3304 3823 Justi
3336 3766 3496 3836 Livii,
3538 3767 3661 3825 in-S°

2059 3847 2098 3904 f.
2133 3851 2220 3904 12.
2252 3851 2319 3905 Μ.
2339 3852 2408 3908 Μ.
2434 3852 2496 3908 F.
2534 3853 2648 3908 Oct.
2672 3853 2813 3910 Ctec.
2839 3855 3084 3927 Cypr.de
3108 3856 3130 3911 ι
3139 3859 3372 3914 dolorum
3404 3861 3659 3932 Vanitalc,

2059 3955 2182 3998 cum
2222 3944 2694 4002 observationibus
2722 3947 2838 4003 Nic.
2875 3948 3125 4019 Rigaltii;
3159 3961 3213 4007 et
3252 3952 3424 4010 Julius
3465 3955 3662 4012 Firmi-

2060 4049 2157 4090 cus
2203 4035 2266 4090 de
2309 4041 2530 4110 profana
2574 4055 2634 4092 ac
2683 4056 2798 4094 vera
2843 4040 3132 4113 Religione,
3181 4059 3302 4099 cum
3343 4046 3484 4101 notis
3528 4048 3657 4104 alo.

2061 4126 2328 4196 Wowcr.,
2371 4145 2474 4185 una
2502 4145 2624 4186 cum
2655 4147 2796 4188 novo
2823 4133 3024 4190 Indice.
3065 4166 3135 4175 ——
3170 4135 3274 4192 Jul.
3306 4137 3580 4196 Firmicus
3597 4156 3658 4195 ex

2062 4221 2380 4277 recensione
2429 4221 2688 4279 Wowerii
2738 4225 3064 4295 peculiarem
3121 4229 3334 4284 titulum
3385 4231 3555 4287 habet
3603 4247 3661 4287 ac

2060 4313 2286 4368 seorsim
2310 4314 2427 4369 sisti
2449 4324 2645 4385 potest.
2667 4315 2907 4387 Uterque
2929 4318 3066 4374 liber
3095 4335 3193 4390 pro
3221 4322 3430 4376 ratione
3456 4322 3660 4378 Biblio-

2061 4406 2198 4476 polae
2242 4415 2461 4461 curatus
2504 4416 2607 4463 est.
2648 4407 2730 4462 Ad
2777 4408 3057 4465 Minutium
3111 4413 3403 4482 pertinent,
3458 4426 3662 4486 praeter

2061 4497 2277 4570 Rigaltii
2330 4497 2386 4554 in
2441 4498 2723 4555 Minatium
2773 4511 2828 4556 et
2882 4501 3209 4574 Cyprianum
3260 4509 3658 4573 annotationes,

2061 4592 2332 4650 indiculus
2371 4592 2682 4664 verborum,
2711 4604 2767 4651 et
2809 4595 3052 4654 Balduini
3085 4599 3489 4670 prolegomena,
3523 4601 3658 4675 typis

2062 4685 2259 4742 iterum
2289 4684 2588 4758 exscripta.

2780 4782 2940 4841 1645.

2135 4894 2467 4952 ΡΑιιιειεΝεις
2493 4895 2608 4963 VII,
2643 4895 2978 4954 meum“
3003 4897 3068 4954 ll.
3089 4899 3342 4966 Lutetiae,
3373 4915 3462 4972 ap.
3491 4897 3655 4956 Matb.

2065 4988 2290 5060 Dupuis,
2321 4991 2489 5058 ιιι-ιη
2539 4991 2728 5047 iterata
2759 4991 3061 5065 Rigaltiana
3091 4991 3306 5051 Fabric.
3349 4993 3471 5067 (Del
3497 4995 3655 5068 Argg.

2064 5097 2116 5156 p.
2149 5082 2304 5156 216.)

2782 5157 2940 5215 1648.

2133 5245 2392 5304 Cussnm
2414 5248 2452 5303 Ι.
2476 5248 2816 5322 Rothomagi,
2835 5267 2922 5322 ap.
2942 5250 3028 5307 Jo.
3045 5252 3096 5308 le
3121 5251 3466 5324 Boullenger,
3489 5253 3654 5309 in-li.

2062 5339 2134 5396 M.
2162 5339 2232 5395 M.
2257 5340 2372 5396 Fel.
2406 5339 2666 5398 Octavius.
2685 5344 2890 5400 Textus
2921 5349 2973 5401 in
3005 5360 3159 5402 usum
3189 5347 3398 5419 collegii
3425 5348 3655 5404 societa-

2061 5431 2131 5489 tis
2155 5431 2306 5502 Jesu,
2335 5432 2657 5506 Rothomagi
2686 5437 3013 5508 exscriptus.

2784 5533 2946 5589 1652.

2133 5622 2445 5680 ΟυιειιΑΝΑ
2471 5624 2510 5680 Ι.
2542 5623 2712 5698 Lugd.
2746 5627 2864 5684 Bat.
2900 5645 2967 5686 ex
2993 5629 3085 5685 oll'.
3126 5628 3213 5686 ιο,
3246 5629 3433 5698 Maire,
3489 5627 3653 5686 in-l‘.

2061 5711 2194 5771 Cum
2225 5715 2448 5787 integris
2472 5718 2711 5773 omnium
2736 5719 2879 5775 notis
2903 5734 2968 5775 ac
2987 5722 3388 5777 commentariis
3410 5735 3655 5791 novaque

2061 5809 2380 5867 recensione
2419 5810 2537 5870 Jac.
2566 5811 2804 5882 Ouzelii;
2850 5815 3007 5885 cujus
3034 5825 3087 5871 et
3119 5815 3380 5873 accedunt
3405 5815 3654 5874 animad-

2065 5901 2377 5971 versiones;
2431 5918 2547 5962 acc.
2600 5915 2860 5978 praeterea
2914 5907 3050 5965 liber
3095 5907 3233 5984 Julii.
3271 5908 3487 5967 Firmici
3542 5909 3652 5966 Ma-
