3876 6282
172 389 264 429 ux
1611 402 2002 465 PRIEFATIO.
3465 461 3498 504 ι,

172 492 320 549 terni
348 493 421 550 γ.
447 493 510 552 C.
536 496 600 552 de
628 497 824 556 Errare
851 505 1186 575 profanarum
1215 511 1563 586 Religionum.
1589 551 1660 562 —-
1682 522 1789 579 Fu-

173 585 425 643 tilissimi
492 589 648 661 hujus
718 603 1164 660 commentatoris
1217 585 1462 666 notarum
1531 615 1790 673 colluvies

173 680 556 741 immensitate
582 700 674 741 sua
719 688 1054 762 reliquorum
1083 699 1320 756 omnium
1362 703 1519 776 longe
1548 719 1784 780 superat.

176 773 267 830 Ad
299 777 510 848 singula
542 778 755 836 Minucii
805 785 972 842 verba
1022 791 1386 866 undicumque
1435 799 1613 854 omnia
1661 813 1786 872 apta

179 867 370 938 inepta
421 868 723 927 incredibili
753 882 981 946 stupore
1032 891 1088 938 et
1139 884 1500 956 imprudentia
1560 908 1782 951 corrosa
1869 921 1879 932 ·

179 971 328 1016 sunt.
367 961 471 1018 Nec
498 979 742 1025 veroex
794 973 1012 1040 proprio
1066 978 1281 1047 quidem
1328 981 1571 1042 lectionis
1615 1003 1779 1058 penu,

1831 550 1854 578 ις
1898 540 1987 579 seu
2013 528 2420 600 elegantissimus
2449 537 2670 598 Minucii
2696 561 2791 616 pro
2817 548 3029 607 ueritate
3054 554 3317 627 religionis
3357 561 3499 617 chri-

1893 622 2080 678 stiana:
2122 625 2380 701 dialogus,
2427 634 2483 688 in
2508 636 2670 692 theses
2713 641 2952 712 digestus,
3003 664 3131 718 quas
3151 622 3346 709 vitabuit
3371 671 3498 724 prte-

1890 713 2001 805 side
2041 714 2106 770 B.
2157 718 2224 774 Β.
2275 721 2568 784 Kortltolto.
2623 730 2898 804 (Kilonite,
2930 713 3093 796 in-d'.
3127 741 3258 801 Vide
3285 713 3492 805 Moileri

1891 801 2114 862 Cimbria
2140 809 2295 867 litter.
2327 813 2366 882 Ι,
2399 816 2518 892 81.)

2609 916 2767 975 1689.

1958 993 2055 1052 SS.
2101 996 2417 1069 Felicitatis,
2474 1006 2758 1078 Perpetuam.
2800 1021 2853 1070 et
2901 1015 3000 1073 SS.
3028 1017 3320 1094 Martyrum
3347 1025 3489 1097 [pas-

1616 1054 1631 1058 v
1765 1054 1771 1057 _
2231 1054 2417 1069 -.-ην-,ι
2474 1054 2497 1062 ..
2521 1054 2757 1078 ν-.ιν.ιιυσ
2801 1054 2853 1070 νο
2902 1054 3000 1073 υυο
3028 1054 3129 1076 una!
3145 1054 3320 1094 tJluul
3347 1054 3482 1097 ςμδδ·

179 1054 277 1110 sed
320 1056 549 1114 aliorum
602 1065 695 1134 qui
741 1066 902 1139 longe
942 1070 1049 1126 alio
1088 1073 1316 1128 consilio
1346 1079 1585 1147 congesti
1627 1092 1781 1136 erant
1881 1085 1984 1153 sio,
2038 1088 2179 1147 inter
2226 1095 2354 1149 Acta
2401 1099 2602 1156 sincera
2647 1103 2962 1176 Martyrum,
2995 1124 3126 1167 cura
3175 1113 3239 1170 D.
3273 1116 3482 1176 Tlteod.

179 1150 397 1176 n.-.~...IZ-
448 1153 606 1176 ﬂ---)
661 1174 671 1176 ξ
701 1159 718 1176 1
765 1169 777 1176 ι
858 1173 867 1176 -
1055 1166 1109 1176 ’ν’
1275 1169 1285 1176 ⁵
1370 1170 1404 1176 ’⁸
1464 1171 1476 1176 ³
1577 1174 1585 1176 Δ

175 1150 416 1207 cumulis.
447 1153 608 1221 Quod
653 1159 718 1214 ad
763 1169 966 1219 textum
1013 1166 1242 1237 attinet,
1274 1169 1323 1224 in
1354 1170 1697 1229 distinctione
1725 1185 1779 1232 et

170 1240 616 1312 interpunctione
639 1253 925 1311 verborum
948 1258 1114 1315 multa
1131 1275 1192 1317 se
1221 1265 1433 1334 egregia
1459 1267 1776 1335 prteStitisse

160 1333 466 1404 gloriatur,
523 1342 595 1397 de
657 1347 850 1415 quibus
904 1365 1071 1421 penes
1121 1354 1259 1410 alios
1321 1333 1470 1414 esto
1487 1358 1769 1428 judicium.

162 1424 448 1498 Inscripsit
478 1432 735 1492 Ouzelius
764 1455 900 1511 opus
936 1458 1093 1499 suum
1123 1445 1410 1505 Christinte
1451 1449 1769 1511 Succorum:

160 1516 432 1578 Firmicus
458 1539 526 1581 ex
555 1526 818 1587 Wowerii
869 1537 1189 1596 recensione
1218 1549 1273 1596 et
1318 1542 1478 1601 unius
1507 1543 1769 1605 Wowerii

159 1611 726 1679 animadversionibus
755 1623 931 1683 editus
951 1638 1050 1685 est.

889 1720 1050 1779 1666.

242 1820 405 1881 Enrr.
438 1825 756 1888 PABISIENSIS
783 1832 920 1891 VIII.
961 1837 1206 1910 Parisiis,
1253 1858 1341 1914 ap.
1397 1844 1484 1901 Jo.
1534 1845 1760 1922 Dupuis.

161 1913 372 1986 in-l’ol.,
401 1933 522 1977 cum
551 1919 791 1995 Cypriani
821 1931 1096 2002 operibus,
1125 1949 1194 1990 ex
1223 1913 1315 1993 ed.
1346 1937 1559 1997 Priorii.

795 2021 1119 2083 1671-1672.

142 2100 156 2124 ³
225 2101 285 2159 S.
315 2104 372 2162 S.
407 2104 669 2178 Cornelii,
695 2113 870 2185 Lucii,
903 2118 1160 2191 Stephani
1183 2134 1238 2180 et
1263 2127 1490 2184 aliorum
1520 2131 1763 2202 epistolae

142 2193 203 2250 in
237 2197 454 2257 Collect.
502 2209 768 2264 concilior.
807 2227 936 2270 cura
963 2214 1022 2272 P.
1056 2217 1115 2272 P.
1147 2219 1366 2278 Labbcei
1415 2233 1471 2280 et
1517 2193 1756 2286 Cbssart.

139 2288 297 2346 edita
328 2291 528 2365 Paris.,
557 2299 581 2354 1
614 2302 723 2359 vol.
754 2304 941 2362 in-l’oi.

889 2399 1044 2456 1672.

221 2480 541 2544 ΟσΖΕωΑΝΑ
589 2488 654 2545 II.
684 2491 855 2566 Lugd.
889 2497 1008 2553 Bat.
1030 2513 1098 2556 ex
1137 2501 1227 2557 oti.
1257 2503 1530 2565 Hackiana
1561 2528 1573 2566 :
1600 2527 1758 2582 repe-

140 2572 248 2628 tita
279 2576 598 2648 Ouzeliana,
622 2600 723 2641 nec
755 2597 931 2645 tamen
963 2591 1028 2647 ad
1061 2609 1291 2666 unguem
1333 2615 1754 2674 repraesentata;

144 2665 252 2721 sed
299 2670 440 2739 quod
489 2673 767 2742 ingeniose
797 2695 824 2734 a
859 2665 1205 2757 typographis
1247 2665 1606 2764 excogitatum
1637 2708 1754 2766 est,

140 2769 407 2817 notarum
440 2767 679 2822 omnium
707 2776 1010 2844 congeries,
1038 2793 1158 2848 quae
1186 2781 1238 2837 in
1271 2784 1435 2853 priori
1467 2787 1754 2848 Ouzeliana

145 2862 282 2921 post
309 2863 516 2912 textum
545 2874 737 2930 agmen
781 2865 1028 2936 ducebat,
1075 2870 1160 2926 hic
1190 2873 1362 2944 ipsum
1392 2888 1593 2935 textum
1635 2899 1756 2954 pre-

159 2947 295 3012 mit,
351 2959 410 3004 ut
457 2955 644 3024 sapius
695 2957 852 3016 lineis
876 2963 1066 3020 iisdem
1117 2969 1296 3025 sexies
1325 2982 1379 3027 et
1406 2975 1638 3044 amplius
1686 2978 1753 3034 ad

149 3039 487 3110 singulorum
539 3058 862 3122 auctorum,
921 3057 1012 3127 qui
1060 3063 1299 3118 numeris
1352 3065 1753 3139 distinguuntur

143 3132 647 3197 animadversiones
665 3146 909 3215 repetitis
928 3151 1015 3205 vix
1035 3160 1236 3210 textum
1261 3173 1371 3226 prm
1391 3168 1536 3216 textu
1554 3163 1749 3236 digno-

143 3240 298 3282 scere
329 3232 527 3299 possis;
562 3235 639 3292 De
677 3253 824 3294 novo
868 3242 1204 3314 adjecerunt,
1256 3254 1513 3309 membris
1565 3257 1746 3313 itidem

144 3317 444 3390 distractis,
493 3326 713 3385 Meursii
744 3331 991 3390 criticum
1021 3337 1391 3398 Minutianum.
1424 3346 1578 3414 Quod
1609 3349 1746 3421 lepi-

143 3410 427 3473 dissimum
479 3420 714 3494 denique
743 3426 958 3497 accidit,
989 3433 1194 3489 medias
1231 3436 1372 3493 inter
1416 3410 1745 3511 reliquorum

146 3522 636 3572 commentatorum
685 3521 1180 3584 animadvertiones
1232 3531 1421 3588 titulus
1478 3537 1744 3594 variarum

147 3601 435 3662 lectionum
461 3611 689 3667 seorsim
716 3617 1064 3686 conspicitur,
1094 3636 1212 3693 quae
1245 3625 1386 3681 unde
1407 3627 1583 3684 allatae
1612 3631 1740 3698 sint,

146 3694 228 3750 vix
259 3697 550 3769 divinabis,
590 3705 693 3759 nisi
739 3709 955 3777 penitus
1000 3712 1094 3768 tibi
1122 3727 1401 3786 perspecta
1428 3721 1497 3775 sit
1547 3694 1744 3779 biblio;

146 3789 278 3857 pola:
325 3791 489 3862 hujus
525 3789 595 3850 'in
641 3801 954 3856 exornanda
1007 3803 1108 3862 bac
1161 3807 1400 3867 editione
1457 3814 1737 3873 sedulitas;

149 3879 402 3941 Videlicet
451 3889 618 3944 variae
664 3889 924 3949 lectiones
967 3907 1093 3954 sunt
1142 3903 1366 3959 seorsim
1419 3906 1485 3962 ad
1533 3909 1738 3965 calcem

149 3973 390 4034 editionis
417 3995 532 4036 suae
561 3983 631 4038 ab
658 3984 1057 4045 Elmenhorstio
1101 3996 1374 4064 exhibitze,
1422 4014 1554 4070 quas
1596 4001 1739 4058 sicut

153 4065 239 4123 ille
282 4086 345 4126 ex
403 4074 629 4146 singulis
687 4079 924 4148 priorum
982 4084 1246 4142 editorum
1301 4095 1737 4152 annotationibus

155 4158 463 4232 collegerat,
512 4167 585 4221 ita
625 4177 680 4225 et
721 4171 836 4226 suis
888 4173 1019 4232 locis
1067 4179 1325 4251 singulas,
1381 4194 1434 4239 et
1482 4186 1736 4245 collectas

151 4249 335 4311 iterum
365 4261 507 4330 typis
536 4263 879 4326 mandarunt.

862 4363 1020 4422 1678.
1379 4437 1385 4442 _

216 4437 530 4503 Oxomsssis
559 4449 619 4505 li.
654 4452 990 4512 [incanum
1031 4457 1115 4515 ΙΙΙ.
1147 4459 1392 4532 Οχοηίω,
1425 4480 1546 4521 cum
1591 4470 1731 4525 notis

144 4527 244 4586 Nic
272 4533 492 4607 Rigaltii.
537 4543 810 4617 (Giornale
856 4549 910 4605 di
940 4550 1130 4622 Roma,
1164 4555 1327 4626 1679,
1360 4527 1413 4629 ῥ.
1449 4560 1569 4616 157.
1617 4560 1727 4617 Fa-

143 4625 263 4681 bric.
291 4630 325 4684 l.
355 4631 416 4703 l.)

845 4735 1005 4794 1682.

158 4799 165 4804 ’
215 4820 398 4882 Yensro
413 4825 656 4883 Axcucn
681 4826 745 4882 ll.
770 4829 814 4884 A
841 4830 1116 4902 Dialogue,
1142 4833 1212 4906 by
1235 4834 1446 4893 Marcus
1470 4838 1728 4898 Minucius

159 4906 326 4981 Felix,
374 4920 669 4976 translated
737 4921 850 4978 into
917 4925 1164 4995 english,
1212 4927 1280 5000 by
1352 4929 1411 4984 P.
1465 4931 1723 5001 Lorrain;

155 5003 373 5081 London,
415 5015 469 5072 in
505 5015 593 5073 8°.
643 5015 845 5074 Eodem
899 5021 1126 5092 repetita
1177 5037 1322 5080 anno
1373 5025 1535 5095 1695,
1592 5027 1720 5084 ibid.

144 5097 310 5158 ἱππ-12.

844 5183 1001 5240 1683.

209 5265 302 5326 En.
335 5270 699 5332 Hoummca.
750 5277 1049 5336 Amstelod.
1099 5282 1279 5353 ἰπὶ-12,
1333 5301 1454 5341 cum
1500 5301 1640 5342 nova
1667 5297 1723 5344 et

140 5363 326 5431 optima
354 5369 594 5425 omnium
625 5387 688 5427 ac
715 5374 987 5430 rarissima
1012 5379 1295 5435 recusione
1320 5382 1584 5439 versionis
1611 5383 1721 5455 gal-

139 5448 248 5510 lica:
276 5457 598 5517 Ablancurtii
628 5478 659 5519 e
684 5465 906 5536 regione
933 5475 1110 5524 textus
1134 5470 1345 5540 positae.

845 5559 1005 5617 1685.

213 5637 350 5696 Petri
374 5644 584 5704 Antonii
619 5650 936 5720 Burcbardi,
970 5653 1295 5714 Slevicensis
1322 5659 1624 5717 Dissertatio
1653 5664 1717 5721 de

146 5726 384 5803 Minucio,
411 5755 562 5810 quam
613 5744 854 5800 tbesibus
891 5763 956 5803 ex
999 5749 1119 5820 ejus
1142 5752 1336 5808 libellis
1357 5757 1624 5826 excerptis
1663 5768 1715 5814 et

144 5816 573 5888 Cbrcstomathire
600 5835 914 5895 Minucianze
945 5844 1227 5912 praemisit,
1256 5847 1354 5902 sub
1378 5848 1481 5905 hoc
1510 5851 1661 5907 titulo
1696 5870 1709 5906 ε

155 5910 225 5970 il.
252 5916 452 5979 Minucii
479 5924 669 5988 Felicis
697 5910 956 6005 Octavius,
982 5953 1082 5993 non
1112 5910 1461 6016 octavuslibcr
1481 5945 1710 6016 Arnobii,

1884 1177 2146 1238 Ruinartii
2173 1185 2315 1242 edita
2343 1189 2538 1262 Paris.;
2572 1195 2737 1267 ἱππ-40,
2765 1202 2993 1272 repetita
3021 1203 3325 1265 Amstelod.
3353 1226 3483 1269 ann.

1880 1270 2038 1342 1715,
2070 1273 2268 1334 Veron.
2304 1283 2462 1340 1751.

2604 1383 2764 1441 1689.

1946 1455 2242 1520 LIPSIENSIS
2295 1466 2335 1522 Ι.
2385 1469 2611 1542 Lipsiae,
2647 1476 2821 1546 iii-12,
2858 1493 2980 1536 cum
3011 1485 3262 1543 versione
3289 1489 3479 1559 gallica

1871 1546 2488 1645 Abla-ncurtiieregione
2506 1574 2684 1624 textus
2710 1571 2899 1638 posita.
2933 1574 3148 1646 (Fabric
3189 1578 3224 1634 l.
3256 1546 3478 1656 1:217.)

2004 1639 2011 1645 ’
2598 1660 2756 1718 1696.

1870 1740 1884 1776 ι’
1957 1739 2155 1801 Vensm
2211 1744 2556 1808 HOLLANDICA
2612 1753 2696 1824 Il,
2751 1771 2818 1813 ex
2881 1760 3023 1831 typis
3078 1761 3474 1837 Elzevirianis,

1867 1830 2031 1890 in-iﬁ.

2580 1922 2739 1980 1698.

1935 2000 1998 2056 L.
2032 2002 2094 2058 Ε.
2127 2005 2324 2078 Dupin,
2356 2009 2424 2066 de
2469 2013 2723 2086 Minucio,
2771 2019 2823 2076 in
2853 2035 2992 2078 nova
3023 2023 3278 2084 Bibliotb.
3309 2026 3466 2087 Auct.

1863 2091 2254 2169 Ecclesiastic.,
2285 2110 2416 2158 tom.
2447 2122 2484 2175 ι,
2514 2107 2672 2165 in-4°.

2600 2202 2754 2262 1699.

1935 2282 2199 2344 ΗΑιεκειε
2227 2288 2243 2343 Ι
2262 2333 2276 2358 ,
2308 2291 2565 2351 Crassum
2613 2297 2677 2354 Il.
2711 2299 2920 2370 Halas.,
2953 2313 3174 2378 sumptt.
3206 2307 3289 2364 Jo.
3314 2309 3358 2366 F
3361 2311 3464 2368 rid.

1862 2373 2081 2434 Zeitleri
2102 2390 2157 2436 et
2189 2381 2354 2438 Henr.
2388 2385 2651 2460 Musselii,
2682 2393 2854 2450 in-8".
2888 2373 3105 2456 Minucii
3141 2401 3383 2460 Octavius
3412 2415 3466 2464 et

1860 2468 2151 2542 Cypriani;
2185 2485 2412 2551 uterque
2439 2488 2744 2543 recensitus
2760 2499 2816 2545 et
2837 2490 3135 2552 illustratus
3163 2511 3192 2551 a
3219 2497 3464 2556 Christo-

1861 2562 2036 2633 phoro
2081 2565 2409 2628 Cellario.—
2434 2575 2562 2632 Usui
2619 2581 2960 2651 scholarum,
3027 2604 3147 2656 qua:
3195 2602 3311 2647 erat
3362 2594 3463 2651 viri

1859 2653 2020 2726 hujus
2048 2660 2252 2728 optime
2280 2667 2456 2721 meriti
2498 2669 2566 2726 de
2592 2671 2879 2740 juventute
2917 2676 3210 2748 sedulitas,
3249 2685 3462 2740 consul-

1861 2757 2032 2817 turus,
2075 2760 2280 2812 textum
2335 2759 2547 2818 Minucii
2575 2779 2639 2820 ex
2690 2769 3033 2838 superiorum
3064 2773 3329 2831 editorum
3360 2794 3461 2835 nec

1857 2854 1965 2895 non
1993 2841 2078 2898 Jo.
2110 2844 2259 2901 Frid.
2313 2849 2590 2923 Gronovii,
2639 2857 2725 2911 cui
2771 2859 2969 2929 primas
3010 2864 3205 2920 merito
3248 2867 3455 2938 defert,

1857 2933 2252 2994 animadversis
2321 2945 2744 3004 emendatiorem
2817 2953 3192 3011 excudendum
3251 2961 3458 3018 curavit

1854 3029 2404 3104 annotationibusque
2426 3052 2534 3093 non
2555 3040 2737 3096 multis
2763 3053 2816 3098 et
2841 3045 3084 3114 prolixis,
3111 3048 3203 3103 sed
3225 3052 3454 3121 egregiis

1852 3129 1908 3176 et
1935 3121 2083 3178 nullo
2112 3140 2217 3181 non
2251 3136 2493 3200 tempore
2522 3133 2824 3205 legentibus
2879 3140 3172 3210 profuturis
3218 3148 3453 3216 explica-

1851 3215 1963 3283 vit,
2020 3233 2138 3287 quze
2179 3221 2262 3276 vel
2317 3222 2385 3277 ad
2436 3224 2720 3284 lecti0nem
2778 3231 2972 3302 ipsam,
3027 3237 3110 3290 vel
3169 3236 3449 3296 historiam

1850 3319 2010 3380 atque
2060 3312 2290 3383 fabulas,
2343 3320 2430 3374 vel
2483 3321 2718 3394 denique
2762 3324 3076 3384 latinitatem
3106 3341 3441 3403 spectarent,

1848 3401 2102 3474 Cypriani
2159 3408 2396 3466 libellum
2447 3414 2514 3470 ad
2566 3416 2825 3474 Wowerii
2875 3401 3178 3492 exemplum
3225 3401 3443 3497 adjecit,

1847 3495 2083 3570 itemque
2144 3502 2392 3561 Balduini
2439 3509 2908 3580 dissertationem;
2959 3516 3190 3588 denique
3234 3495 3303 3574 in,
3339 3520 3447 3578 line

1845 3604 2229 3663 accesserunt,
2277 3600 2417 3668 quod
2471 3603 2646 3659 serius
2698 3615 2752 3660 et
2807 3617 2953 3664 textu
3005 3609 3114 3680 jam
3173 3613 3444 3682 exscripto

1845 3681 2059 3739 demum
2091 3687 2251 3744 allata
2298 3704 2502 3761 essent,
2530 3695 2816 3754 observata
2847 3701 3092 3771 quaedam
3137 3703 3258 3760 Jac.
3294 3704 3445 3761 Peri-

1841 3778 1997 3831 zonii.
2032 3779 2334 3852 Postremo,
2381 3802 2501 3857 quae
2531 3789 2670 3844 haud
2698 3793 2916 3848 minima
2963 3795 3084 3850 libri
3127 3796 3224 3853 dos
3256 3807 3359 3864 est,
3388 3799 3441 3854 in

1841 3869 2069 3940 capitula
2113 3883 2166 3928 et
2211 3879 2582 3950 paragraphos
2636 3893 2760 3954 apte
2826 3895 3028 3943 textum
3079 3887 3439 3944 Minucianum

1841 3962 2046 4032 primus
2073 3966 2377 4041 descripsit.

2437 4104 2655 4148 SECULO
2693 4107 2845 4150 XVIII.

2553 4204 2711 4261 1705.

1913 4286 2074 4343 Vnus.
2099 4289 2336 4347 Ancucs
2363 4293 2450 4349 Ill.
2476 4297 2517 4350 A
2541 4296 2819 4369 Dialogue,
2846 4299 2912 4371 by
2939 4300 3148 4354 Marcus
3170 4301 3435 4357 Minucius

1835 4377 1988 4434 Felix
2008 4382 2301 4440 translated
2325 4385 2438 4442 into
2462 4388 2722 4460 engliscb,
2753 4390 2821 4463 by
2842 4391 2914 4446 Μ.
2937 4391 3164 4449 Combe.
3185 4393 3430 4463 London,

1834 4472 2001 4528 iit-8°.

2539 4554 2720 4611 i707.‘

1904 4637 2007 4693 En.
2031 4638 2346 4710 DAVISIANA,
2372 4639 2630 4702 Cussma
2649 4647 2736 4702 III.
2757 4647 3113 4723 Cantabrigiae
3139 4653 3279 4724 typis
3305 4667 3429 4708 aca-

1831 4727 2076 4797 demicis,
2100 4731 2342 4804 impensa
2365 4733 2679 4807 10.0weni,
2706 4740 3160 4798 in-8°.—Minucii
3187 4744 3428 4800 Octavius

1829 4834 1952 4876 eum
1981 4822 2204 4896 integris
2230 4827 2702 4889 observationibus
2729 4833 2846 4890 Nic.
2881 4834 3097 4907 Rigaltii
3131 4844 3186 4892 et
3208 4837 3424 4893 selectis

1829 4914 2060 4972 aliorum
2085 4922 2357 4976 recensuit
2383 4938 2617 4994 suasque
2643 4937 2800 4982 notas
2826 4927 3022 4998 adjecit
3048 4928 3132 4983 Jo.
3156 4930 3422 4986 Davisius.

1827 5010 2260 5070 —Praemittitur
2280 5015 2474 5074 Franc.
2502 5019 2750 5075 Balduini
2771 5021 3104 5087 dissertatio,
3131 5040 3425 5094 rerumque

1827 5111 1884 5158 et
1910 5104 2196 5162 latinitatis
2239 5109 2448 5167 indices
2483 5113 2894 5169 subnectuntur.
2930 5116 3197 5183 Quoniam
3240 5127 3420 5172 autem

1826 5193 2117 5267 Rigaltium
2139 5200 2472 5272 reliquorum
2500 5205 2712 5260 Minucii
2736 5203 3090 5276 interpretum
3112 5224 3302 5280 agmen
3321 5209 3421 5263 du—

1823 5301 1952 5344 cere
1981 5291 2227 5349 Davisius
2252 5298 2532 5363 censebat,
2559 5314 2882 5368 quamquam
2913 5316 3021 5356 non
3050 5303 3118 5356 ab
3145 5307 3290 5355 omni
3318 5301 3416 5355 ba-

1823 5381 2097 5440 lucinandi
2149 5389 2392 5459 periculo
2443 5405 2566 5446 eum
2606 5401 2775 5448 tutum
2823 5409 2944 5450 esse
2987 5394 3256 5460 concedit,
3300 5393 3417 5464 ejus

1820 5491 1934 5547 pra:
1974 5479 2194 5553 reliquis
2230 5499 2415 5538 curam
2459 5483 2664 5540 habuit.
2692 5486 2798 5543 Sed
2838 5503 2938 5542 nec
2977 5488 3112 5542 alios
3150 5488 3411 5558 neglexit,

1821 5579 1921 5629 nec
1947 5575 2083 5630 adeo
2107 5591 2170 5630 ea
2203 5577 2470 5633 interdum
2507 5579 2745 5653 cﬁ'ugere
2785 5597 2974 5651 passus
3017 5592 3119 5649 est,
3163 5599 3284 5654 qua:
3310 5584 3414 5641 viri

1819 5664 1963 5721 docti
1987 5667 2184 5735 passim
2211 5670 2353 5725 aliud
2385 5683 2607 5743 agentes
2638 5674 2706 5730 de
2742 5674 2977 5730 Minucio
3009 5675 3410 5744 observassent,

1818 5759 1864 5815 si
1893 5775 1997 5830 qua
2026 5760 2215 5818 barum
2247 5766 2777 5824 animadversionum
2813 5768 3026 5825 utilitas
3051 5784 3172 5824 esse
3205 5781 3406 5840 posset.

1816 5851 2020 5909 Textus
2049 5853 2480 5916 distributionem
2509 5879 2538 5916 a
2565 5858 2804 5916 Cellario
2822 5860 3120 5931 adoptavit.
3140 5859 3408 5917 Caeterum

1823 5946 2110 6006 admodum
2143 5951 2387 6011 modeste
2413 5954 2481 6013 de
2520 5971 2683 6025 opera
2729 5969 2826 6012 sua
2857 5956 3024 6013 sentit
3051 5956 3130 6014 vir
3161 5955 3411 6013 doctissi-
