3866 6278
455 385 508 426 L1
1859 365 2254 436 ΡΒῌῖΔΤΙΟ.
3668 391 3726 434 ιιι

459 496 599 550 mus,
620 495 741 556 quae
763 479 828 536 ad
847 478 1102 550 iuvenum
1124 476 1336 548 ingenia
1356 478 1650 550 erudienda
1667 486 1722 548 et
1741 478 2052 548 exacuenda

458 588 569 650 pra:
591 573 774 644 multis
799 561 1030 630 aliorum
1059 579 1144 629 est
1171 563 1482 634 utilissima.

459 659 472 666 ’
1175 677 1337 736 1708.

534 775 697 832 Vnus.
729 773 969 830 Arsacias
1019 769 1110 830 Ν.
1141 770 1213 828 Μ.
1246 771 1506 830 Minucius
1563 772 1764 831 Felix's
1817 771 2057 830 Octavius

459 870 563 926 and
587 868 934 924 Tertullian's
955 865 1190 941 Apology
1216 867 1301 924 for
1325 867 1414 924 the
1443 867 1715 940 primitive
1731 867 2055 925 Christians.

461 963 708 1034 London,
750 961 917 1030 in-8°.

1176 1061 1337 1122 1709.

534 1157 632 1224 Eo.
665 1156 1038 1220 GBONOYIANA.
1068 1156 1235 1228 Lugd.
1282 1157 1399 1212 Bat.
1431 1171 1520 1228 ap.
1547 1155 1712 1213 Corn.
1753 1156 2062 1214 Boutestein

463 1259 520 1306 et
546 1250 692 1307 Sam.
719 1249 1071 1305 Luchtmaur.
1099 1249 1263 1306 in-8°.
1297 1280 1368 1289 —
1393 1248 1612 1306 Minucii
1667 1248 1910 1306 Octauius
1940 1263 2064 1305 cum

470 1341 696 1412 integris
737 1341 1003 1409 Woweri,
1048 1341 1465 1402 Elmenhorstii.
1509 1341 1728 1396 Heraldi
1761 1350 1814 1396 et
1851 1339 2066 1411 Rigaltii

473 1434 618 1505 notis
643 1434 984 1506 aliorumque
1016 1433 1143 1496 hinc
1182 1433 1308 1496 inde
1349 1435 1595 1492 collectis
1638 1451 1704 1492 ex
1747 1433 2067 1490 recensione

472 1525 586 1584 Jac.
612 1527 890 1593 Gronorii,
911 1527 1002 1600 qui
1029 1527 1440 1586 emendationes
1459 1537 1513 1584 et
1538 1527 1924 1599 explicationes
1943 1541 2068 1583 suas

475 1619 694 1692 adjecit.
739 1621 962 1678 Accedit
1005 1619 1148 1677 Caec.
1201 1620 1504 1694 Cyprianus
1557 1632 1609 1678 et
1653 1621 1758 1677 Jul.
1799 1620 2069 1677 Firmicus

473 1713 767 1782 Maternus.
790 1744 862 1758 -—
891 1713 1135 1774 Dandum
1167 1713 1420 1773 nimirum
1445 1725 1564 1772 erat
1606 1716 1915 1786 bibliopolis
1941 1715 2068 1785 hoc,

447 1795 624 1880 .puto,
653 1818 708 1864 ut
734 1816 889 1864 notas
917 1808 1157 1864 virorum
1185 1825 1238 1864 in
1283 1810 1438 1864 titulo
1466 1808 1803 1865 laudatorum
1834 1809 2072 1880 integras

473 1903 643 1972 repeti
674 1909 948 1973 pateretur
975 1901 1303 1969 Gronovius,
1330 1903 1419 1972 qui
1451 1901 1518 1958 de
1544 1903 1676 1972 ipsis
1698 1916 1849 1967 sane,
1878 1900 1922 1954 si
1952 1901 2073 1970 quis

475 1996 636 2062 alios,
668 2010 854 2052 veram
877 1995 1204 2051 sententiam
1230 1995 1373 2052 tulit.
1405 1994 1658 2050 Secundo
1680 2009 1813 2049 vero
1843 1992 2074 2049 consilio

476 2102 633 2143 curas
665 2086 998 2142 eruditorum
1031 2086 1163 2141 foris
1184 2087 1238 2140 in
1268 2085 1551 2144 Minucium
1571 2087 1861 2153 exercitas,
1893 2085 1946 2141 id
1968 2091 2072 2152 est,

481 2181 862 2237 annotationes
893 2180 959 2235 ad
991 2180 1237 2238 diversos
1265 2192 1517 2236 auctores
1552 2180 1836 2236 occasione
1866 2179 1988 2234 data
2020 2179 2076 2234 in

479 2274 696 2334 Minucii
747 2275 890 2344 loca,
940 2288 1036 2330 seu
1080 2282 1140 2330 ut
1180 2274 1515 2331 lllustrarent
1558 2287 1656 2331 seu
1701 2271 2074 2338 emendarem,

479 2370 712 2440 scriptas
735 2368 1049 2440 diligentius
1078 2368 1409 2440 conquisitas
1435 2368 1695 2434 excussit,
1723 2381 1834 2438 quo
1857 2365 2078 2422 nomine

483 2462 746 2518 Pricaium
785 2461 853 2518 ad
882 2459 1170 2531 Apuleium
1211 2460 1266 2516 in
1309 2460 1494 2531 primis
1521 2460 1712 2532 iniagni
1759 2459 1908 2514 facit.
1940 2455 2079 2524 Quid

485 2554 599 2626 ipse
625 2551 787 2610 studii
817 2552 884 2608 ad
915 2551 1206 2610 Minucium
1249 2551 1562 2619 contulerit,
1593 2567 1660 2606 ex
1690 2550 1774 2606 his
1803 2549 1920 2620 ejus
1951 2563 2078 2605 ver-

483 2645 567 2704 bis
599 2645 802 2717 optime
833 2653 964 2715 puto
988 2644 1294 2701 constabit:
1327 2662 1346 2697 ‹
1381 2643 1546 2702 Insita
1571 2643 1796 2713 Dialogo
1832 2641 2079 2698 doctrina

485 2738 919 2810 suppeditaverat
965 2736 1188 2794 hilarem
1231 2737 1566 2803 ubertatem,
1616 2735 1809 2806 inquit.
1855 2733 2082 2804 Insuper

485 2847 697 2906 quoque
721 2831 1001 2889 materiam
1029 2830 1197 2888 libelli
1239 2829 1494 2901 gerebam
1535 2827 1814 2886 memerita
1840 2826 2080 2894 insitam,

485 2938 539 2985 et
559 2929 747 2984 aderat
763 2928 1040 2983 veneratio
1061 2926 1331 2982 sermonis
1350 2924 1504 2980 latini
1529 2933 1638 2978 tam
1659 2930 1808 2978 caste
1832 2921 1900 2975 ab
1921 2919 2088 2990 scrip-

488 3032 608 3080 tore
647 3025 910 3095 usurpati,
957 3032 1014 3078 ut
1053 3023 1131 3079 sic
1173 3023 1229 3078 in
1273 3021 1503 3092 legendo
1546 3020 1696 3076 varia
1736 3027 1971 3086 secutus,
2015 3017 2085 3072 ad

487 3115 832 3174 collationem
877 3117 1148 3186 ingentem
1191 3112 1362 3170 forem
1403 3121 1703 3182 promptus.
1734 3110 1850 3167 Etsi
1890 3119 2088 3181 praeter

487 3207 738 3264 Sahteum
780 3219 832 3264 et
859 3208 1140 3272 Ursinum,
1180 3214 1377 3278 praeter
1402 3205 1690 3262 Heraldum
1717 3215 1772 3262 et
1795 3204 2084 3275 Rigaltium

489 3299 760 3369 Iosephus
788 3299 1032 3371 Scaliger
1069 3313 1286 3370 quoque
1319 3307 1374 3354 et
1404 3297 1702 3355 Salmasius
1731 3311 1956 3367 operam
1987 3311 2085 3352 na-

489 3402 752 3448 vaverant
776 3392 1050 3449 collationi
1079 3393 1282 3448 codicis
1306 3405 1436 3459 ms.,
1458 3391 1550 3462 qui
1576 3399 1658 3447 est
1686 3389 1938 3456 Lutetite,
1969 3390 2090 3446 nul-

490 3488 600 3544 lum
625 3496 804 3544 tamen
835 3489 972 3542 istuc
1002 3486 1274 3558 proficisci
1303 3503 1331 3542 a
1363 3486 1533 3542 multo
1557 3494 1804 3556 tempore
1827 3483 2086 3550 intellexi,

491 3595 651 3651 quem
688 3595 793 3636 non
822 3580 889 3636 ad
920 3580 1310 3652 inspiciendum
1340 3595 1530 3637 rursus
1565 3579 1815 3636 hortarer
1845 3589 1900 3635 et
1937 3577 2091 3634 insti-

491 3690 697 3747 garem.
728 3674 853 3732 Haec
879 3675 996 3746 ipsa
1029 3674 1127 3731 fuit
1157 3675 1319 3732 etiam
1345 3674 1561 3730 occasio
1581 3687 1829 3728 accensas
1855 3671 2087 3728 acrimo-

494 3769 598 3838 nite
625 3767 694 3824 ad
725 3769 870 3824 varia
901 3767 1307 3826 subolfacienda
1333 3778 1390 3825 et
1419 3775 1655 3823 veterem
1688 3781 1904 3822 manum
1935 3781 2092 3836 repo-

493 3859 725 3917 nendam
749 3869 840 3915 aut
865 3859 1242 3931 proferendam
1275 3859 1600 3916 sententiam
1618 3859 1922 3928 scriptoris,
1947 3859 2094 3916 unde

495 3953 818 4009 abcrrabant
854 3953 964 4019 alii,
999 3970 1162 4025 quum
1195 3969 1254 4010 se
1295 3953 1604 4025 judicarent
1643 3953 1882 4009 maxime
1911 3952 2094 4008 felices

496 4055 550 4100 et
583 4061 821 4116 sagaces.
857 4065 874 4099 ι
907 4046 988 4101 Ad
1037 4047 1210 4108 locum
1252 4061 1372 4118 cap.
1414 4062 1502 4104 χχι
1546 4045 1615 4100 de
1657 4046 1819 4099 Diana
1862 4044 2093 4114 Ephesia

496 4139 730 4194 verubus
758 4150 1036 4197 exstructa
1054 4142 1314 4213 integram
1345 4140 1503 4196 Luca:
1521 4139 1784 4194 Holstenii
1814 4138 2090 4193 dissertat.

496 4235 777 4306 apposuit,
822 4234 1035 4298 doctam
1081 4236 1264 4308 utique
1317 4243 1373 4291 et
1414 4235 1745 4305 ingeniosam
1796 4245 1950 4296 sane,
1985 4229 2096 4286 sed

499 4328 651 4400 cujus
682 4327 819 4386 forte
864 4330 1203 4392 commodius
1245 4344 1454 4386 summa
1498 4337 1702 4384 tantum
1735 4325 2095 4383 adscribenda

498 4422 688 4477 fuisset
718 4423 818 4495 (l).
842 4421 920 4479 Ne
948 4438 1078 4478 vero
1095 4431 1146 4477 te
1161 4421 1421 4490 oll'endat,
1449 4419 1589 4491 quod
1613 4429 1756 4476 totus
1787 4420 1858 4474 sit
1888 4417 1942 4475 in
1969 4433 2097 4473 exa-

499 4515 716 4588 gitando
736 4526 790 4571 et
817 4517 1139 4580 cavillando,
1176 4518 1264 4587 qui
1293 4517 1361 4574 ab
1385 4531 1452 4571 eo
1483 4517 1568 4569 vix
1603 4513 1868 4569 nominari
1897 4512 2095 4582 dignus

499 4619 618 4668 erat
669 4609 929 4675 Ouzelio,
986 4610 1243 4668 Jacobum
1303 4608 1631 4664 Gronovium
1689 4621 1849 4662 nosse
1905 4604 2091 4661 debes.

499 4703 760 4762 Nummos
789 4713 843 4760 et
871 4703 1068 4774 figuras
1091 4717 1200 4758 tere
1235 4701 1432 4756 incisas
1463 4709 1594 4755 aetas
1623 4698 1715 4754 illa
1741 4699 1791 4753 in
1815 4707 2095 4755 auctorum

498 4808 742 4856 veterum
789 4796 1117 4854 editionibus
1157 4796 1211 4850 in
1245 4794 1454 4850 deliciis
1497 4792 1766 4858 habebat;
1816 4791 1886 4848 ad
1928 4807 2086 4850 usum

502 4893 630 4951 nihil
655 4891 962 4950 conferunt.

1222 4979 1382 5037 1709.

571 5077 676 5136 Ed.
727 5077 906 5134 Prima
949 5075 1178 5133 seorsim
1229 5075 1350 5131 data
1402 5073 1756 5146 quorumdam
1814 5070 2097 5130 Novatiani

500 5186 749 5244 operum,
798 5170 901 5226 sub
947 5169 1051 5226 hoc
1101 5169 1255 5225 titulo
1289 5186 1302 5222 ;
1335 5165 1528 5226 Incerti
1557 5166 1781 5223 auctoris
1807 5165 1870 5221 de
1900 5165 2100 5237 Regula

509 5265 750 5322 Veritatis
775 5263 877 5318 sive
902 5261 1073 5328 Fidei,
1097 5264 1247 5334 vulgo
1271 5257 1551 5318 Novatiani
1581 5260 1644 5314 de
1674 5258 1920 5314 Trinitate
1951 5258 2097 5327 liber,

502 5359 570 5412 ad
598 5356 821 5412 Pamelii
843 5357 997 5427 ﬁdem
1027 5357 1348 5427 descriptus;
1372 5372 1461 5412 nec
1489 5354 1608 5409 ullis
1645 5352 2102 5408 animadversioni-

503 5453 592 5506 bus
619 5450 926 5518 illustratus,
986 5467 1110 5505 cura
1151 5449 1387 5506 William
1432 5446 1717 5505 Wltiston‘s
1756 5447 1808 5502 in
1855 5445 2102 5502 Sermons

501 5545 605 5600 and
635 5560 807 5613 essay:
833 5561 973 5616 upon
998 5543 1192 5600 several
1216 5544 1455 5608 subjects.

1136 5635 1468 5693 1709-1716.

579 5731 747 5789 Vens.
779 5731 1016 5789 Ancum
1043 5730 1109 5788 V.
1147 5729 1454 5785 Octavius...
1489 5725 1788 5784 translated
1829 5723 1987 5780 with.
2017 5738 2106 5784 no-

591 5843 695 5974 (l1.i
727 5844 863 5902 Vide
889 5859 1073 5916 supra,
1099 5841 1436 5900 curramdcm
1466 5839 1728 5912 edendam
1749 5853 1868 5895 esse
1885 5837 2101 5894 duxeri-

591 5932 628 5973 IS
700 5931 786 5974 oo.

507 5930 628 5978 Inus
654 5930 786 5978 ΕΜ).

2159 489 2310 543 tes...
2342 481 2409 554 by
2440 481 2675 540 William
2708 483 2984 542 Reeves...
3015 485 3230 556 printed
3267 486 3400 543 with
3435 488 3525 544 the
3553 490 3726 562 Apolo-

2160 574 2275 646 gies
2313 573 2377 642 of
2396 575 2486 631 the
2515 575 2786 648 primitive
2815 576 3039 634 fathers.
3070 578 3322 650 London,
3350 581 3387 636 2
3414 583 3519 637 vol.
3548 584 3671 639 iri-8.

2894 671 3053 728 1711.

2236 760 2336 818 Eo.
2355 761 2642 821 Davrsuna
2658 761 2722 820 11.
2744 763 3126 836 Cantabrigim,
3149 766 3309 823 iii-8°.
3333 767 3410 823 Ex
3426 769 3727 828 secundalo.

2166 853 2366 912 Davisii
2391 856 2714 912 recensione
2740 871 2865 913 cum
2895 857 3178 914 Variorum
3217 860 3382 927 notis,
3409 861 3732 930 additoﬁom-

2167 948 2442 1010 mediano.
2465 947 2567 1018 (Cl.
2602 949 2735 1005 Acta
2766 949 2958 1016 Erud.,
2984 960 3024 1007 t.
3046 967 3124 1020 tv,
3151 954 3357 1026 suppl.,
3393 971 3445 1025 p.
3477 955 3730 1022 425;Bibl.

2166 1037 2392 1109 Choisie,
2425 1049 2466 1096 t.
2493 1057 2644 1110 xvm,
2679 1060 2729 1113 p.
2757 1045 2854 1100 5M
2881 1062 2896 1113 ;
2928 1045 3083 1102 Mem.
3115 1051 3190 1118 of.
3225 1046 3540 1116 Literature,
3572 1060 3609 1105 t.
3641 1067 3672 1120 I,
3695 1069 3732 1123 p.

2168 1133 2304 1200 555;
2346 1131 2504 1190 Mém.
2544 1134 2608 1194 de
2640 1132 2898 1204 Trévoux,
2939 1146 2976 1191 ι.
3015 1153 3075 1206 ll,
3112 1155 3166 1211 p.
3201 1139 3342 1207 888;
3382 1139 3517 1197 Bibl.
3549 1141 3735 1212 Choisir,

2170 1232 2209 1282 t.
2237 1241 2386 1294 χειν,
2407 1241 2459 1298 p.
2483 1226 2634 1301 120.)
2888 1300 3028 1356 nm

2243 1390 2442 1448 Vsasro
2500 1390 2840 1452 Heaunmca
2896 1395 2983 1464 Ill,
3042 1405 3266 1454 curante
3322 1398 3381 1456 D.
3438 1399 3740 1474 Garganum,

2159 1482 2441 1558 'Flessing,
2466 1485 2633 1542 in-8°.

2894 1559 3055 1616 1715.

2250 1648 2312 1702 1).
2341 1647 2516 1705 Nico].
2563 1649 2637 1704 Le
2681 1649 2916 1723 Nourry,
2952 1651 3261 1711 Dissertatio
3286 1655 3340 1712 in
3372 1655 3592 1714 Minucii
3621 1659 3744 1714 Octa-

2175 1741 2333 1808 uium,
2366 1751 2497 1796 tom.
2533 1757 2568 1796 ιι
2595 1744 2853 1813 Apparat.

2769 1856 2962 1914 Eodem
2993 1875 3149 1916 anno.

2252 1969 2350 2028 SS.
2375 1969 2635 2042 Cornelii,
2675 1972 2850 2047 Lucii,
2897 1975 3158 2050 Stephani
3197 1987 3252 2033 et
3295 1979 3528 2036 aliorum
3547 1981 3749 2052 epistola

2179 2064 2233 2119 in
2262 2063 2389 2120 Joh.
2425 2064 2680 2120 Harduini
2711 2066 3057 2130 Conciliorum
3079 2070 3380 2128 collectione
3403 2075 3654 2130 maxima.
3673 2073 3750 2128 Pa-

2179 2159 2299 2226 ris.,
2328 2156 2536 2226 in-fol.,
2567 2166 2698 2220 tom.
2724 2176 2762 2218 ι.

2893 2233 3052 2288 1721.

2252 2324 2582 2380 Eorumdem
2628 2326 2874 2398 epistolae
2903 2343 2932 2383 a
2966 2329 3026 2383 D.
3087 2330 3248 2386 Petro
3281 2331 3602 2388 Constantio
3629 2331 3752 2390 edita

2183 2419 2236 2474 in
2265 2421 2468 2476 eximio
2495 2435 2595 2476 nec
2630 2421 2762 2476 satis
2788 2421 3059 2479 laudando
3087 2439 3254 2496 opere
3283 2428 3372 2482 cui
3402 2428 3588 2483 titulus
3617 2447 3629 2483 :
3655 2427 3754 2496 Epi-

2183 2514 2331 2569 stula:
2353 2513 2706 2569 Romanorum
2738 2515 3050 2588 Pontiﬁcum
3095 2530 3146 2575 et
3172 2535 3292 2591 quae
3320 2520 3386 2575 ad
3431 2535 3526 2577 eos
3577 2521 3754 2591 scripta

2183 2615 2342 2675 sunt,
2369 2623 2399 2662 a
2427 2608 2485 2664 S.
2515 2607 2793 2664 Clemente
2821 2609 2837 2663 Ι
2863 2625 3030 2681 usque
3060 2612 3126 2668 ad
3159 2589 3528 2672 Innocentium
3553 2614 3647 2684 ΠΙ,
3675 2589 3752 2670 etc.

2908 2702 3068 2759 1724.

2261 2791 2359 2848 En.
2393 2792 2632 2849 Ancum
2658 2792 2702 2848 11
2728 2794 3032 2851 Novatiani.
3064 2795 3283 2866 Oxonii,
3310 2813 3340 2854 e
3368 2798 3595 2854 Theatra
3627 2800 3765 2856 Shel—

2187 2883 2317 2949 don.
2351 2886 2511 2942 in-80.
2537 2886 2818 2942 Novatiani
2847 2903 3014 2960 opera
3045 2905 3165 2960 qua:
3196 2899 3427 2954 exstant,
3449 2889 3627 2946 omnia
3657 2906 3764 2946 cor-

2188 2979 2391 3035 rectius
2422 2980 2580 3050 longe
2607 2996 2766 3052 quam
2795 2998 3050 3058 umquam
3078 2982 3309 3040 antehac
3337 2983 3480 3040 edita
3500 3027 3514 3052 ,
3541 2985 3763 3056 notisque

2190 3074 2454 3128 lllustrata
2484 3088 2578 3144 per
2607 3073 2918 3128 Eduardum
2948 3074 3323 3131 Welchmann.

2266 3165 2598 3222 Exhibentur
2613 3166 2778 3222 libelli
2805 3167 2946 3224 inter
2974 3166 3338 3223 Tertullianea
3358 3167 3558 3223 servati
3580 3176 3630 3224 et
3650 3165 3764 3221 alte-

2192 3274 2250 3314 ra
2277 3257 2345 3313 ad
2375 3257 2537 3331 Cypr.
2559 3259 2657 3330 Ep.
2674 3259 3016 3327 Welchman,
3035 3261 3462 3338 quiadversatur
3481 3260 3763 3325 Wbistono,

2193 3353 2409 3424 repetiit
2453 3363 2657 3409 textum
2689 3353 3066 3411 Gelenianum.
3104 3374 3122 3408 ι
3160 3357 3367 3412 Mendis
3391 3358 3656 3412 universis
3675 3354 3769 3425 qui-

2194 3447 2293 3503 bus
2317 3456 2425 3502 tum
2451 3450 2501 3503 in
2535 3449 2756 3506 vocibus
2779 3492 2794 3518 ,
2824 3459 2935 3505 tum
2959 3451 3010 3504 in
3034 3451 3396 3506 clausularum
3437 3449 3767 3506 distinctioni-

2195 3541 2293 3596 bus
2326 3543 2521 3612 passim
2553 3542 2850 3610 laborabat,
2885 3542 3148 3598 medicam
3179 3559 3396 3598 manum
3435 3559 3642 3598 summa
3668 3556 3765 3598 cura

2194 3650 2253 3692 se
2283 3635 2600 3707 apposuisse
2625 3635 2771 3692 dicit.
2830 3657 2848 3689 ι
2904 3636 3132 3706 Propter
3169 3651 3290 3707 quae
3335 3651 3512 3692 acrem
3543 3633 3770 3692 Jacksoni

2197 3743 2296 3783 nec
2324 3730 2478 3798 plane
2508 3729 2830 3784 immeritam
2863 3743 3144 3785 censuram
3177 3743 3368 3798 passus
3398 3739 3483 3784 est
3508 3771 3522 3796 ,
3551 3727 3728 3784 menda
3748 3741 3772 3780 a

2198 3821 2435 3876 Pamelio
2487 3833 2727 3889 remota,
2770 3823 3051 3878 Geleninm
3093 3822 3368 3893 sequendo
3409 3823 3606 3879 iterum
3639 3821 3774 3877 infer-

2197 3915 2354 3978 sisse,
2386 3915 2643 3986 pluraque
2663 3918 2886 3972 omnino
2913 3916 3196 3988 reliquisse
3218 3932 3376 3991 quam
3404 3916 3683 3972 sustulisse
3702 3915 3778 3970 ob-

2196 4006 2432 4075 jicientis
2478 4023 2600 4062 cum
2660 4017 2838 4064 tamen
2883 4023 3129 4079 magnam
3179 4024 3362 4063 earum
3410 4018 3618 4079 partem
3648 4007 3779 4063 facile

2198 4099 2502 4155 emaculare
2523 4101 2778 4170 potuerit,
2803 4101 2849 4156 si
2874 4100 3228 4172 Anglicanum
3282 4115 3386 4156 ms.
3440 4102 3715 4171 exemplar
3757 4113 3783 4152 a

2202 4194 2440 4250 Pamelio
2469 4193 2799 4266 descriptum
2827 4209 2934 4250 non
2966 4194 3290 4264 neglexisset
3329 4203 3383 4249 et
3411 4194 3586 4250 Fulvii
3618 4192 3783 4250 Ursini

2201 4303 2266 4343 ex
2297 4304 2428 4344 mss.
2461 4289 2865 4344 observationes
2888 4304 2917 4342 a
2943 4288 3027 4343 Jo.
3049 4287 3306 4344 Wowero
3329 4289 3652 4359 exscriptas,
3668 4299 3782 4358 quas

2203 4383 2439 4438 nancisci
2473 4383 2728 4452 potuerit,
2762 4396 2868 4437 non
2902 4381 3113 4452 penitus
3142 4381 3525 4453 ignoravisset.
3557 4382 3784 4436 Alterum

2203 4477 2345 4548 quod
2378 4477 2546 4544 addit,
2576 4475 3032 4532 Welcbmannum
3061 4475 3281 4546 quidem
3311 4474 3491 4530 luxata
3521 4474 3695 4546 capita
3729 4467 3788 4524 ad

2204 4572 2418 4642 prepria
2451 4571 2567 4626 loca
2598 4571 2901 4634 reduxisse;
2930 4569 3028 4626 sed
3059 4570 3110 4624 in
3151 4569 3253 4625 hoc
3277 4577 3678 4624 antecesserant
3709 4565 3794 4619 ha-

2205 4665 2388 4720 buisse
2414 4664 2678 4735 Responsi
2718 4674 2994 4720 auctorem
3033 4673 3220 4718 contra
3247 4663 3310 4717 D.
3340 4660 3672 4718 Waterlandi
3703 4659 3798 4712 de-

2203 4757 2507 4813 fensionem
2555 4759 2912 4829 qumstionum
2963 4756 3317 4828 quarumdam
3339 4799 3354 4823 ,
3386 4771 3515 4828 quas
3541 4753 3710 4809 edidit
3730 4751 3799 4806 de

2203 4849 2478 4905 Trinitatis
2506 4850 2895 4917 controversia,
2925 4865 3023 4906 nec
3051 4858 3228 4905 tamen
3261 4849 3378 4920 ejus
3406 4847 3720 4904 meminisse
3745 4853 3795 4900 et

2205 4943 2273 4998 de
2294 4943 2491 4998 notulis
2514 4942 2664 5008 item,
2689 4959 2852 4998 unam
2875 4951 2928 4999 et
2949 4942 3172 4998 alteram
3194 4951 3248 4997 et
3272 4941 3516 4996 locorum
3543 4940 3603 4997 S.
3625 4939 3796 5008 Scrip—

2207 5045 2341 5092 tura:
2364 5037 2596 5092 indicem
2619 5037 2775 5092 valde
2798 5035 3172 5108 imperfectum
3202 5035 3468 5105 adjecisse
3502 5052 3515 5090 :
3549 5033 3603 5090 id
3631 5029 3800 5090 multis

2209 5131 2434 5186 fortasse
2472 5130 2631 5201 paulo
2674 5131 2906 5202 iniquius
2934 5131 3002 5188 ab
3043 5145 3110 5192 eo
3139 5129 3340 5184 dictum
3371 5126 3668 5184 videbitur.

2934 5244 3094 5300 1728.

2281 5340 2382 5400 Eo.
2438 5341 2676 5399 Ancum
2711 5337 2779 5396 Ill
2825 5338 3147 5396 NOVA'I‘IANI.
3200 5337 3476 5396 Londini:
3529 5335 3676 5407 typis
3729 5333 3806 5391 Jo.

2213 5437 2388 5506 Darby
2432 5445 2487 5490 et
2520 5435 2581 5489 Τ.
2631 5434 2852 5498 Brown,
2903 5443 2960 5490 et
2993 5433 3253 5504 impensis
3296 5430 3521 5488 Joannis
3563 5429 3725 5486 Noon
3763 5424 3812 5481 in

2210 5531 2330 5585 vico
2359 5527 2505 5583 dicto
2529 5525 2855 5596 Cheapside,
2893 5525 3046 5597 juxta
3071 5525 3331 5581 sacellum
3369 5522 3814 5578 Metaxariorum.

2212 5655 2281 5666 —
2325 5621 2608 5680 Novatiani
2655 5620 2842 5676 Presb.
2897 5619 3123 5675 Romani
3156 5633 3341 5690 opera,
3371 5632 3492 5688 qua:
3521 5619 3820 5687 supersunt

2212 5717 2390 5774 omnia
2413 5757 2426 5782 ,
2460 5724 2582 5786 post
2605 5712 2793 5770 Jacobi
2834 5712 3053 5768 Pamelii
3084 5710 3370 5782 Brugensis
3403 5709 3816 5772 rccensionem,

2214 5811 2279 5866 ad
2311 5808 2645 5879 antiquiores
2671 5804 2938 5861 editiones
2964 5804 3255 5874 castigata,
3287 5812 3343 5859 et
3374 5816 3404 5856 a
3434 5801 3628 5856 multis
3675 5812 3824 5858 ineu-

2231 5904 2314 5976 dis
2337 5905 2628 5973 expurgata
2663 5915 2675 5951 :
2710 5895 2969 5952 illustrata
3008 5894 3169 5951 etiam
3213 5892 3605 5979 copiosissimis
3634 5891 3831 5949 obser~
