3876 6282
123 385 232 423 ιιιι

1621 363 2017 426 ΡΒΕΡΑΤΙΟ.
3377 383 3466 428 uv

110 485 460 541 vationibus
510 493 565 540 et
612 484 788 552 notis,
840 483 894 540 in
945 484 1142 555 quibus
1175 492 1342 539 totum
1374 490 1747 554 argumentum
1783 511 1830 550 νδ
1860 481 2257 538 accessionibus
2294 482 2360 538 ad
2399 482 2576 538 omnis
2615 484 2830 555 generis
2871 481 3250 540 eruditionem.
3299 483 3466 540 Goet-

115 581 391 639 auctoris
433 579 504 636 de
529 577 713 650 regula
742 577 869 634 fidei
899 592 964 634 ex
1007 587 1248 634 veterum
1296 576 1515 633 Patrum
1562 571 1807 650 monu-

118 675 356 730 mentis
417 673 523 728 late
571 647 883 726 discutitur.
931 669 1282 726 Prtemittitur
1326 668 1633 726 dissertatio
1684 647 1806 742 de?

124 765 292 820 Filio
311 764 408 820 Dei
427 763 722 828 homousio,
752 762 868 817 sive
884 761 1316 819 co-essentialite
1343 762 1436 816 uni
1455 763 1564 817 Deo
1583 760 1746 816 Patri.

128 858 350 916 Studio
379 857 596 914 Joannis
624 855 882 918 Jackson.
909 854 1167 910 Ecclesiae
1187 854 1500 925 Anglicanas
1523 852 1750 924 Presby-

131 953 276 1017 teri,
308 962 360 1008 et
380 951 443 1005 de
461 948 755 1004 Wherwell
775 949 1035 1008 comitatu
1056 948 1337 1004 llantonize
1370 943 1745 1016 praebendarii.

220 1045 426 1101 Praeter
448 1058 533 1108 ea,
567 1058 688 1112 qua:
719 1042 967 1111 superior
1008 1040 1196 1106 editio,
1229 1038 1603 1109 complectitur
1632 1035 1749 1090 haec

134 1139 310 1194 etiam
352 1134 581 1190 alteram
623 1134 755 1189 cleri
800 1131 1031 1188 Romani
1075 1131 1145 1186 ad
1189 1130 1516 1203 Cyprianum
1551 1128 1748 1199 episto-

130 1231 279 1294 lam,
344 1228 413 1283 de
459 1243 570 1293 quo
621 1242 783 1296 supra
834 1225 997 1280 verba
1024 1224 1269 1280 fecimus.
1299 1223 1452 1290 Quod
1481 1221 1747 1277 rationem
1820 1211 1826 1220 ’

118 1321 351 1384 attinet,
373 1334 536 1390 quam
557 1319 611 1372 in
629 1316 964 1373 recensendo
980 1326 1127 1373 textu
1146 1323 1362 1372 secutus
1381 1324 1483 1382 est,
1503 1328 1531 1368 a
1556 1313 1746 1368 Pame-

118 1411 278 1466 liano
293 1411 555 1482 exemplo
577 1425 870 1480 numquam
895 1423 954 1464 se
979 1409 1294 1464 discessisse
1316 1406 1616 1479 proﬁtetur,
1641 1405 1744 1461 nisi

116 1503 354 1574 quando
382 1516 581 1558 sensus
607 1510 662 1558 et
691 1503 829 1557 ratio
856 1502 1092 1557 auctoris
1121 1499 1555 1556 emendationem
1588 1498 1746 1570 plane

115 1597 459 1668 postularet,
492 1607 586 1651 aut
613 1595 855 1652 vindices
882 1595 1018 1650 alios
1039 1637 1054 1662 ,
1085 1595 1172 1650 vel
1214 1593 1600 1664 exemplarium
1631 1592 1742 1646 sul~

119 1691 370 1762 fragium
423 1705 604 1745 secum
662 1689 905 1744 haberet.
966 1688 1080 1756 Qua
1126 1689 1179 1743 in
1223 1703 1282 1742 re
1305 1687 1420 1742 Lat.
1455 1683 1664 1741 Latinio
1692 1692 1746 1738 et

132 1783 236 1839 Fr.
262 1783 425 1840 Iunio
445 1783 700 1839 nonnulla
719 1797 780 1839 se
805 1782 1004 1838 debere
1031 1782 1319 1853 plurimum
1345 1795 1474 1836 vero
1501 1796 1604 1836 ms.
1631 1785 1742 1834 Ano-

134 1876 368 1947 glicano
412 1887 466 1932 et
517 1876 579 1934 F.
627 1873 746 1934 Urs.
781 1889 913 1932 mss.
945 1876 1086 1931 notis
1130 1873 1369 1941 adjutum
1400 1888 1460 1929 se
1485 1871 1737 1928 afﬁrmat.

127 1970 450 2026 Plurimum
470 1968 572 2024 sibi
589 1969 781 2025 laboris
805 1969 1094 2025 indulsisse
1107 1977 1310 2035 narrat,
1331 1977 1390 2023 ut
1405 1966 1741 2022 versionibus

119 2061 540 2130 Scripturarum
565 2060 794 2116 diversis
811 2070 867 2116 et
894 2069 1139 2115 veterum
1158 2060 1376 2116 Patrum
1399 2058 1742 2115 citationibus

118 2167 249 2206 cum
283 2151 588 2223 archetypo
616 2161 765 2206 textu
806 2153 1016 2208 collatis
1046 2166 1234 2207 omnes
1280 2151 1540 2206 lectiones
1564 2152 1740 2204 varias

120 2244 519 2314 cujuscumque
547 2254 725 2299 textus
747 2259 778 2298 a
802 2243 1101 2299 Novatiano
1121 2243 1290 2316 citati,
1319 2243 1440 2298 inde
1462 2242 1733 2298 deducen-

117 2338 244 2404 das,
279 2354 404 2407 qua:
431 2347 621 2392 notatu
649 2338 826 2408 digna:
852 2346 1051 2404 essent,
1074 2352 1178 2392 una
1199 2336 1734 2408 conquireretetlec—

121 2433 229 2488 tori
264 2433 506 2487 sisteret.
548 2452 565 2484 ι
606 2433 757 2488 llanc
785 2447 915 2488 vero
943 2447 1163 2502 operam
1195 2431 1331 2499 tuli,
1374 2432 1576 2501 inquit,
1630 2443 1738 2484 non

118 2531 270 2602 quod
301 2546 392 2586 me
448 2530 648 2601 aliquid
679 2531 872 2587 fecisse
911 2532 1130 2603 quosvis
1168 2542 1355 2602 putare
1384 2531 1577 2588 vellem
1603 2549 1621 2597 ;
1644 2533 1738 2588 sed

121 2625 275 2695 quod
323 2625 460 2680 alios
496 2625 749 2694 exemplo
789 2641 947 2692 meo,
991 2625 1035 2680 si
1077 2626 1307 2690 liceret,
1360 2639 1634 2681 moverem
1681 2635 1738 2681 ut

126 2717 182 2770 in
213 2717 441 2772 edendis
461 2727 698 2772 veterum
725 2719 875 2772 libris
897 2718 996 2774 hac
1018 2720 1102 2772 via
1117 2718 1452 2783 incederent,
1479 2727 1532 2772 et
1548 2733 1737 2774 omnes

127 2812 310 2866 varias
367 2810 623 2866 lectiones
660 2810 903 2866 locorum
934 2811 1175 2865 omnium
1208 2809 1527 2878 Scripturae,
1562 2810 1654 2880 qui
1681 2809 1736 2865 in

137 2915 464 2971 unoquoque
489 2902 752 2970 scriptore
773 2903 1027 2966 citantur,
1049 2910 1406 2971 congererent
1426 2917 1439 2953 :
1459 2911 1616 2971 atque
1635 2901 1736 2957 hoc

139 2992 208 3047 ad
229 2992 644 3062 promerendam
661 3009 938 3048 sacrarum
956 2994 1280 3048 Litterarum
1301 2992 1732 3048 emendationem

128 3097 182 3140 et
215 3087 582 3157 cognitionem
613 3087 844 3141 multum
867 3087 1184 3141 collaturum
1211 3085 1446 3142 conﬁdo.
1497 3105 1516 3138 ι

197 3175 356 3231 Nota:
388 3177 621 3247 denique
648 3186 702 3232 et.
725 3179 1132 3233 observationes
1173 3179 1357 3232 multm
1388 3186 1441 3233 et
1469 3188 1736 3234 accurata:

128 3273 515 3344 [relegomena
571 3274 725 3328 docta
778 3274 1090 3344 indicesque
1138 3273 1584 3343 locupletissimi,
1631 3288 1733 3329 nec

128 3382 231 3420 non
256 3367 310 3421 in
335 3367 506 3423 rebus
531 3367 826 3422 levioribus
852 3385 978 3423 cura
999 3369 1300 3433 manifesta,
1326 3369 1540 3440 egregie
1563 3368 1735 3425 edito-

128 3462 200 3519 ris
226 3463 348 3518 vice
377 3461 624 3517 functum
653 3461 977 3518 Jacksonum
1000 3463 1311 3518 ostendunt.
1589 3463 1592 3467 ’

764 3557 1101 3613 1750-1710.

197 3646 487 3702 Variorum
521 3658 662 3702 noue
691 3657 745 3704 et
773 3648 1147 3704 commentarii
1178 3649 1233 3703 in
1267 3648 1536 3703 Octavium
1567 3647 1735 3704 Minu-

133 3742 195 3796 cii
225 3741 430 3795 Felicis
451 3781 466 3807 ,
526 3740 667 3794 inter
694 3757 827 3813 quos
851 3741 900 3796 1.
929 3740 1165 3805 .lurtinii,
1201 3752 1254 3796 ut
1281 3750 1435 3812 putat
1462 3741 1652 3798 Saxius
1682 3742 1734 3796 in

139 3832 486 3896 Onomastico,
513 3842 653 3886 nota:
674 3833 873 3888 criticze
901 3833 955 3886 in
984 3833 1203 3888 Miscell.
1240 3833 1529 3901 Observal.,
1561 3833 1666 3887 vol.
1694 3850 1732 3901 ι,

135 3935 170 3977 t.
203 3939 240 3987 ι,
275 3940 327 3996 p.
357 3923 464 3991 25;
499 3925 608 3980 vol.
637 3941 696 3990 ιι,
726 3935 764 3978 t.
791 3941 868 3991 ιιι,
905 3942 955 3996 ρ.
988 3925 1260 3988 108-409ς
1292 3926 1398 3980 vol.
1430 3941 1508 3993 ιιι,
1539 3933 1577 3980 t.
1609 3942 1646 3996 ι,
1679 3941 1732 3996 p.

137 4017 318 4078 μιν
350 4027 388 4071 t.
423 4033 479 4080 ιι,
517 4033 568 4085 p.
602 4019 864 4081 177-18’l;
906 4029 944 4073 t.
974 4034 1051 4087 ιιι,
1086 4034 1138 4088 p.
1170 4017 1732 4074 522-324.-—.lercm.

140 4109 488 4175 Marcklandi,
525 4111 576 4163 in
607 4111 711 4164 vol.
744 4127 800 4177 ιι,
834 4120 871 4164 t.
905 4127 942 4176 ι,
977 4126 1030 4180 p.
1060 4111 1244 4166 54-60.
1264 4111 1550 4167 —Thom.
1576 4109 1738 4182 Wop-

141 4201 339 4269 Kensii,
373 4203 426 4255 in
471 4203 581 4256 vol.
616 4219 688 4269 Ix,
723 4213 760 4257 t.
791 4219 829 4269 ι,
865 4219 918 4273 p.
952 4204 1158 4268 Eii-75;
1186 4203 1294 4257 vol.
1323 4220 1377 4268 χ,
1413 4212 1452 4258 t.
1484 4221 1521 4271 ι,
1551 4219 1606 4275 p.
1640 4206 1735 4260 11-

130 4297 310 4352 51.—
334 4295 638 4351 Heumanni
669 4295 946 4351 Ferculum
967 4313 1024 4363 ιι,
1056 4298 1109 4350 in
1141 4296 1246 4350 vol.
1278 4311 1376 4363 vn,
1410 4305 1547 4366 part.
1583 4313 1642 4364 ιι,
1678 4313 1729 4368 p.

131 4387 402 4453 247-272;
452 4386 663 4444 Fercul.
715 4387 805 4452 lll,
857 4388 986 4443 ibid.
1038 4398 1176 4458 part.
1225 4403 1300 4454 ιιι,
1357 4405 1411 4458 p.
1459 4389 1730 4457 #21478;

133 4481 350 4536 Fercul.
381 4497 452 4548 tv,
496 4483 602 4537 vol.
634 4497 746 4544 VIII,
777 4497 830 4550 p.
864 4483 916 4547 1,
952 4497 1039 4551 pp.
1074 4481 1348 4546 115-151;
1383 4480 1593 4537 Fercul.
1623 4499 1654 4536 v
1681 4491 1737 4538 et

133 4576 230 4630 ult.
258 4583 399 4645 part.
431 4591 504 4639 ιιι.
544 4592 596 4644 p.
644 4574 910 4632 451-479.
933 4574 1107 4629 -Fr.
1138 4573 1248 4629 Ott.
1277 4574 1574 4630 Menckenii
1604 4576 1735 4632 Ἐπί-

134 4691 299 4740 29m,-
352 4667 596 4723 modesta
639 4684 827 4722 eorum
856 4684 974 4739 qua:
1005 4667 1072 4721 ad
1104 4667 1394 4722 Minucium
1424 4667 1661 4723 Felicem
1702 4683 1734 4723 a

139 4761 329 4816 celebr.
359 4760 676 4816 l‘leumanno
701 4761 986 4818 observata
1009 4769 1156 4816 sunt.
1190 4759 1352 4826 lbid.,
1383 4775 1436 4816 v.
1470 4760 1642 4828 in-a",
1676 4775 1730 4831 p.

149 4853 264 4908 7‘29.

846 4947 1005 5004 1730.

216 5061 276 5116 D.
316 5061 518 5135 Remig.
563 5062 824 5119 Ceillerii.
869 5063 934 5120 Ο.
967 5064 1022 5121 S.
1056 5063 1117 5119 Β.
1161 5063 1301 5119 Hist.
1355 5063 1592 5136 générale
1645 5064 1734 5121 des

137 5166 338 5211 autaut:
363 5158 646 5212 ecclésiast.
672 5167 777 5214 art.
809 5156 1033 5225 Μίνωα,
1067 5165 1106 5213 t.
1133 5173 1212 5226 ιιι,
1247 5173 1300 5229 p.
1328 5155 1456 5214 225.

851 5271 1010 5328 1753.

200 5385 275 5440 De
305 5385 364 5440 S.
399 5384 681 5455 Stephano
719 5399 853 5456 papa
897 5395 950 5440 et
1000 5394 1256 5456 martyre,
1311 5386 1453 5443 inter
1477 5395 1593 5444 acta
1631 5387 1728 5445 SS.

137 5479 512 5546 Bollandiana,
567 5480 632 5535 ad
685 5480 828 5536 diem
873 5480 910 5534 2
953 5497 1098 5552 aug.,
1131 5489 1262 5537 tom.
1305 5498 1344 5551 ι,
1390 5482 1730 5555 p.112-116,

139 5583 357 5632 auctore
378 5575 543 5631 Petro
567 5574 794 5631 Boscho.

861 5667 1020 5726 1756.

205 5778 384 5852 Chpb.
436 5779 500 5834 A.
547 5779 844 5836 Heumanni
874 5782 1182 5839 observatio
1206 5799 1309 5856 qua
1340 5799 1566 5842 numero
1587 5785 1735 5857 jure-

134 5873 514 5932 consultorum
547 5874 804 5930 eximitur
826 5874 1086 5933 Minucius
1105 5876 1276 5948 Felix,
1297 5878 1348 5933 in
1372 5880 1610 5954 parergis
1637 5895 1734 5940 seu

1859 575 2012 646 ting.,
2044 575 2206 632 in—8°.

2575 679 2735 734 1758.

1926 771 2092 828 Marci
2121 771 2336 830 Minucii
2368 773 2564 829 Felicis
2605 789 2702 845 pro
2739 789 2799 829 se
2829 782 2882 829 et
2912 783 3054 830 statu
3086 789 3186 832 suo
3233 775 3464 846 epistola

1854 865 2189 938 apolngetica
2219 867 2286 922 ad
2320 867 2409 922 Fr.
2444 867 2699 922 Ottonem
2742 867 3136 936 Menckenium,
3173 884 3278 940 qua
3320 870 3464 926 Heu-

1855 960 2035 1017 manni
2085 961 2396 1018 observatio
2425 963 2689 1019 refutatur
2735 962 2788 1018 in
2819 961 2971 1019 Nova
3000 964 3128 1020 Acta
3167 963 3462 1034 Eruditor.,

1853 1067 1996 1109 anno
2021 1052 2179 1121 1758,
2213 1070 2268 1124 p.
2297 1054 2424 1111 210.

2572 1169 2730 1226 1745.

1927 1282 2026 1337 En.
2059 1281 2413 1339 Gnoxovum
2444 1284 2484 1338 Ι.
2518 1284 2910 1353 Rotterodami,
2943 1301 3030 1358 ap.
3073 1286 3157 1342 10.
3189 1286 3322 1342 Dan.
3356 1287 3460 1344 Be-

1853 1391 2000 1432 man.
2031 1407 2101 1419 --
2131 1377 2211 1432 Ex
2244 1392 2460 1433 recens.
2493 1377 2777 1446 Gronovii,
2817 1380 2905 1435 ed.
2937 1395 2986 1436 a.
3021 1379 3182 1448 1709,
3213 1382 3459 1452 repetita.

2587 1491 2744 1547 1750.

1920 1603 2017 1659 En.
2039 1604 2329 1660 ῡΑνιειΑΝΑ
2353 1604 2416 1658 ll.
2439 1604 2705 1676 Glasgum.
2730 1605 2782 1662 in
2801 1605 2902 1662 md.
2927 1606 3093 1662 Acad.
3114 1622 3232 1662 exc.
3251 1606 3388 1670 Rob.
3408 1615 3462 1664 et

1848 1696 2017 1751 Andr.
2038 1696 2224 1752 Foulis
2239 1696 2405 1752 Acad.
2439 1699 3003 1770 typography.,in-4°.
3036 1697 3107 1754 M.
3137 1699 3377 1756 Octavius
3393 1716 3459 1756 ex

1853 1805 2064 1848 recens.
2093 1788 2178 1844 10.
2215 1789 2434 1846 Davisii.
2472 1791 2671 1846 Textus
2713 1807 2833 1858 cum
2877 1789 3054 1847 indice
3081 1793 3242 1848 solito
3283 1793 3459 1852 nitore

1851 1897 2161 1953 expressus.

2571 1986 2730 2054 1751.

1915 2079 2038 2134 Joh.
2089 2077 2277 2135 Wern.
2331 2078 2532 2134 Meiner
2583 2077 2798 2133 Minucii
2849 2078 3050 2142 Felicis
3104 2079 3206 2134 loci
3255 2078 3461 2147 aliquot

1846 2187 2132 2243 perperam
2163 2169 2463 2237 sollicitati,
2497 2186 2524 2226 a
2554 2170 2922 2242 corruptionis
2955 2169 3263 2241 suspicione
3289 2170 3462 2228 vindi-

1843 2265 1966 2319 cati.
1988 2262 2404 2335 Longosalissae,
2425 2261 2592 2318 in-4°.

2575 2353 2734 2410 1752.

1915 2447 2078 2502 Vsus.
2108 2447 2426 2502 Genumca
2451 2447 2491 2501 l.
2522 2445 2738 2504 Minucii
2759 2445 2957 2502 Felicis
2993 2446 3258 2514 Octavius,
3292 2447 3462 2512 inter-

1849 2547 1998 2610 prete
2025 2537 2074 2594 1.
2101 2537 2161 2592 F.
2195 2538 2506 2600 Hollander,
2538 2538 2738 2610 prodiit
2764 2537 3040 2607 Francol.,
3077 2538 3236 2596 iii-8°.

2483 2653 2820 2710 1754-1755.

1917 2766 2154 2823 Gruneri
2189 2766 2601 2823 observationes
2632 2767 2834 2823 criticae
2877 2767 3017 2822 inter
3047 2768 3173 2822 Acta
3201 2768 3458 2824 societatis

1842 2860 2019 2916 latina:
2037 2859 2288 2925 Ieuensis,
2304 2861 2414 2916 vol.
2434 2877 2510 2927 ιιι,
2533 2877 2586 2930 p.
2603 2861 2709 2926 55;
2739 2860 2848 2914 vol.
2867 2875 2939 2926 tv,
2959 2875 3017 2930 p.
3033 2859 3160 2927 208,
3178 2875 3234 2916 ν.
3252 2875 3306 2932 p.
3325 2859 3448 2916 220.

2580 2974 2741 3030 1756.

1914 3087 2115 3144 Vansm
2140 3086 2356 3143 lnuca
2377 3088 2417 3142 l.
2445 3086 2499 3142 ln
2534 3087 2786 3153 Venetia,
2817 3102 3004 3158 presso
3024 3086 3243 3143 Simone
3262 3086 3449 3144 Occlii.

1842 3179 2007 3245 in-8°,
2041 3179 2284 3234 l’Ouavio
2310 3180 2362 3234 di
2411 3181 2481 3233 M.
2509 3179 2744 3234 Minucio
2782 3179 2986 3244 Felice,
3019 3189 3202 3234 recato
3255 3181 3307 3235 in
3345 3179 3453 3235 lin-

1838 3287 1941 3342 gua
1974 3271 2197 3326 ltaliana
2224 3276 2309 3326 col
2367 3281 2504 3327 testo
2536 3273 2703 3326 latino
2753 3289 2780 3326 a
2812 3274 3109 3338 rincontro,
3148 3289 3178 3328 e
3209 3289 3312 3327 con
3351 3288 3453 3344 op-

1839 3376 2070 3434 portune
2113 3365 2456 3419 annotazloni
2503 3365 2768 3418 illttslrale
2815 3365 2881 3418 da
2928 3365 2985 3418 D.
3017 3365 3193 3420 Marco
3241 3365 3441 3421 Poleti.

1845 3453 1926 3508 Cl.
1962 3454 2028 3510 R.
2072 3455 2354 3510 Somasco.
2389 3487 2458 3496 —
2496 3456 2645 3510 Haud
2680 3458 2860 3526 inepte
2905 3457 3207 3512 institutum
3255 3459 3451 3514 editori

1841 3550 2009 3604 cessit
2026 3548 2279 3619 (Paltoni,
2309 3547 2444 3604 Bibl.
2465 3549 2602 3620 degli
2619 3550 2792 3603 autori
2813 3550 3010 3603 antichi
3029 3549 3178 3604 Greci
3203 3561 3249 3604 et
3278 3550 3452 3607 Latini

1837 3641 2194 3712 volgarizzati,
2223 3657 2280 3709 ιι,
2311 3641 2438 3698 250.
2475 3641 2703 3707 Gamba,
2739 3641 2887 3698 Serie
2915 3643 2998 3698 dei
3023 3645 3140 3699 testi
3171 3643 3225 3698 di
3247 3645 3447 3718 lingua,

1841 3733 1900 3789 n°
1926 3735 2110 3807 εδει).

2554 3830 2714 3888 1760.

1911 3921 2009 3977 Ει).
2048 3921 2396 3977 LINDNERANA
2425 3919 2464 3977 l.
2499 3922 2927 3995 Longnsalissm,
2959 3936 3158 3996 sumpt.
3195 3927 3277 3982 10.
3313 3928 3442 3984 Chr.

1837 4011 2070 4079 Martini,
2097 4013 2584 4069 in-8°.——0ctavius
2605 4026 2658 4070 et
2673 4016 2975 4087 Cyprianus
2989 4019 3051 4071 de
3081 4017 3444 4076 Vanitateido-

1838 4108 2039 4174 lorum;
2067 4138 2139 4148 ——
2165 4118 2390 4179 uterque
2431 4110 2732 4165 recensitus
2761 4120 2816 4165 et
2846 4111 3148 4166 illustratus
3177 4115 3319 4168 notis
3349 4130 3440 4169 va-

1838 4200 2042 4255 riorum
2087 4201 2307 4256 selectis
2361 4211 2523 4272 atque
2551 4202 2713 4257 etiam
2758 4205 2872 4257 suis
2919 4218 2949 4256 a
2996 4203 3152 4259 Joan.
3183 4204 3440 4263 Gottlieb.

1836 4292 2123 4355 Lindnero.
2155 4294 2464 4363 (Longosal.
2518 4294 2701 4349 Schol.
2774 4303 2885 4350 tum
2936 4297 3266 4368 correctore)
3315 4311 3460 4353 cum'

1838 4385 2152 4456 prmfatione
2190 4387 2275 4441 .lo.
2308 4392 2443 4457 Aug.
2476 4388 2705 4442 Ernesti.
2743 4389 3026 4458 Diligentia
3068 4401 3122 4445 et
3152 4407 3279 4446 cura
3328 4394 3442 4448 edi-

1839 4481 1972 4534 toris
2003 4480 2175 4550 prima
2201 4479 2365 4550 hujus
2395 4480 2649 4536 editionis
2681 4483 2855 4536 virtus
2881 4491 2999 4546 est;
3030 4484 3226 4539 deinde
3249 4485 3436 4556 altera,

1836 4573 1979 4644 quod
2006 4588 2098 4628 eas
2125 4589 2260 4644 quas
2299 4591 2363 4629 ex
2395 4574 2649 4630 Gronovii
2681 4574 2806 4630 inde
2835 4584 3078 4645 tempore
3111 4580 3272 4632 variis
3305 4579 3438 4635 locis

1839 4667 1939 4720 viri
1971 4666 2113 4721 docti
2144 4667 2210 4721 ad
2250 4666 2539 4721 Minucium
2578 4667 3011 4738 perpoliendum,
3047 4669 3430 4726 illustrandum

1841 4767 1896 4816 et
1939 4759 2340 4816 obscurandum
2383 4761 2542 4815 etiam
2584 4761 2943 4816 contulissent
2983 4762 3278 4834 symbolas,
3313 4777 3434 4818 cum

1834 4849 2041 4920 judicio
2064 4850 2294 4906 dilectas
2326 4851 2610 4922 propinat;
2647 4852 2821 4921 tertia,
2861 4851 3003 4924 quod
3031 4854 3194 4908 crisin
3223 4853 3437 4910 modes-

1839 4953 1945 5000 tam
1988 4954 2044 5001 et
2087 4955 2395 5000 accuratam
2437 4944 2613 5001 editor
2652 4946 2918 5016 sequitur,
2952 4962 3071 5016 quae
3111 4962 3178 5002 ex
3218 4945 3435 5003 Ernesti

1840 5037 2047 5095 Summi
2091 5037 2376 5108 praeceptis
2420 5036 2757 5094 defendenda
2808 5037 2976 5109 magis
3019 5048 3074 5093 et
3118 5039 3433 5110 explicanda

1838 5134 2071 5191 lectione
2095 5135 2328 5207 vulgata,
2372 5151 2532 5206 quam
2563 5133 2890 5204 conjecturis
2924 5136 3244 5190 exercendis
3274 5151 3432 5190 occu.

1836 5237 2022 5298 patur;
2055 5237 2329 5299 postrema
2361 5230 2596 5293 tandem,
2653 5227 2795 5298 quod
2826 5227 3062 5283 breviter
3099 5238 3154 5284 et
3193 5244 3431 5284 summa-

1843 5323 1964 5390 tim,
1995 5337 2096 5378 nec
2134 5331 2313 5376 tamen
2354 5337 2475 5375 cum
2516 5319 2913 5390 perspicuitatis
2951 5319 3159 5391 jactura
3200 5319 3432 5378 aliorum

1835 5417 1976 5474 bene
2023 5417 2162 5472 dicta
2208 5417 2403 5485 repetit
2447 5413 2776 5482 omninoque
2817 5415 3088 5468 sermonis
3141 5413 3432 5471 maximam

1836 5527 2020 5568 curam
2049 5511 2229 5567 habet.
2260 5508 2472 5565 Ernesti
2504 5506 2748 5577 praelatio
2787 5507 2854 5563 de
2891 5521 3166 5562 sacrorum
3206 5506 3430 5592 scripto.

1843 5621 1962 5661 rum
1991 5606 2223 5661 lectione
2251 5619 2373 5660 cum
2411 5602 2807 5673 antiquioribus
2834 5601 3040 5657 Graecis
3080 5610 3136 5657 et
3174 5601 3432 5660 Romanis

1838 5699 2190 5770 scriptoribus
2230 5696 2604 5768 conjungcnda
2652 5694 2918 5766 praecipit.
2947 5693 3171 5750 Accedit
3199 5694 3432 5766 denique

1836 5799 2032 5862 praeter
2059 5787 2301 5842 Balduini
2337 5786 2776 5843 dissertationem
2817 5783 3080 5840 Holstenii
3115 5782 3342 5856 epistola
3377 5793 3433 5844 et

1840 5880 1999 5950 index
2027 5879 2243 5951 triplex.
3162 5869 3166 5875 ’
