3876 6282
466 382 533 424 ιν
1901 370 2286 430 PREFATIO.
3675 370 3752 428 Lvi

1189 485 1332 543 1762

529 602 580 659 J.
613 604 676 659 Ι).
707 603 820 660 Van
849 601 1057 673 Hoven,
1090 619 1178 675 ep.
1231 605 1358 662 hist.
1414 609 1599 664 critica
1625 609 1692 665 de
1719 624 1845 665 vera
1874 617 2054 683 atate,

457 694 714 767 dignitate
747 705 801 752 et
847 697 1017 766 patria
1069 697 1233 754 Marci
1281 701 1492 757 Minucii
1545 701 1760 771 Felicis,
1815 705 2050 779 Campis,

455 790 540 846 in-
558 791 624 856 1⁸,
643 791 732 860 qui
753 805 944 862 magna
966 795 1311 849 contentione
1330 795 1380 849 id
1399 797 1527 865 egit,
1547 806 1604 850 ut
1626 797 1912 855 Minucium
1931 812 2056 858 ante

457 882 842 938 Tertulliannm
891 894 946 940 et
995 886 1066 941 Μ.
1120 886 1374 942 Antonini
1426 892 1757 960 temporibus
1805 893 2055 952 ﬂoruisse

453 975 724 1046 probaret.
751 976 962 1034 Recusa
984 989 1067 1035 est
1095 981 1210 1036 haec
1234 982 1456 1052 epistola
1486 983 1539 1037 in
1577 989 1811 1043 auctoris
1835 990 2055 1058 spicile-

450 1069 552 1139 giis
582 1069 772 1126 critico
821 1073 1141 1143 antiquariis
1165 1083 1220 1130 et
1264 1074 1318 1130 in
1343 1074 1604 1134 Lindneri
1647 1078 1924 1138 additione
1968 1098 2054 1140 se-

453 1161 628 1218 cunda
655 1162 874 1221 Minucii
899 1165 1117 1223 Felicis.

1186 1264 1342 1321 1765.

526 1354 691 1411 Vens.
746 1354 1067 1414 GERMANICA
1122 1359 1188 1415 II.
1244 1359 1466 1431 Octavii,
1519 1362 1814 1436 interprete
1870 1382 2052 1438 magn.

456 1445 650 1504 Gottl‘r.
681 1447 972 1519 Lichtwer,
1004 1453 1177 1510 in-8°.

1184 1557 1344 1613 1766.

531 1644 630 1701 En.
660 1645 1058 1704 GALLANDIANA.
1088 1649 1145 1703 In
1170 1650 1384 1707 collect.
1416 1666 1551 1708 nova
1579 1651 1722 1709 Vett.
1755 1653 1884 1723 PP.,
1917 1663 1956 1710 t.
1995 1655 2056 1712 iI.

457 1736 719 1804 Venetiis,
755 1738 953 1809 in-l'ol.,
987 1741 1054 1796 ad
1085 1741 1354 1812 duplicem
1412 1745 1612 1800 Davisii
1656 1747 2055 1815 recensionem,

457 1828 675 1886 selectis
692 1831 962 1887 variorum
992 1835 1137 1890 notis
1157 1849 1278 1905 qua:
1298 1844 1613 1893 contextum
1643 1837 2056 1894 emaculandum

457 1922 813 1994 respicerent.

1168 2021 1330 2078 1767.

534 2117 592 2174 S.
622 2117 855 2175 Cornelii
884 2128 939 2176 et
964 2118 1248 2177 Novatiani
1285 2136 1451 2190 opera
1481 2123 1537 2177 in
1568 2121 1761 2178 eadem
1788 2121 2058 2178 Gallandii

460 2209 792 2269 Collectione
815 2252 830 2280 ,
863 2221 901 2269 t.
934 2229 1031 2283 III,
1063 2229 1119 2286 p.
1150 2214 1411 2280 278-287,
1436 2223 1489 2272 et
1519 2212 1764 2272 555-562
1787 2256 1801 2282 ,
1835 2215 2056 2282 Venet.,

453 2303 702 2362 in-folio.

1181 2405 1340 2460 1778.

533 2494 633 2552 En.
680 2495 1027 2554 LlNDNERANA
1054 2496 1120 2553 ll.
1153 2499 1416 2556 Secundis
1445 2498 1592 2557 curis
1617 2499 1700 2558 Cl.
1755 2501 2062 2558 Lindnerus

461 2586 789 2654 Minucium,
827 2588 1229 2660 Longosalissa:
1255 2593 1558 2664 evolgavit,
1595 2594 1758 2650 iii-8°.
1814 2595 1872 2650 III
1923 2610 2062 2651 nova

462 2683 566 2741 hac
591 2683 830 2741 editione
857 2684 1118 2740 lectiones
1145 2685 1437 2753 variantes,
1462 2688 1802 2758 conjecturas
1822 2689 2062 2744 virorum

462 2776 784 2847 doctorum,
817 2787 874 2834 et
911 2793 973 2834 ea
1013 2795 1133 2850 quae
1162 2779 1228 2835 ad
1256 2784 1428 2858 κρίσιν
1468 2781 1645 2836 solum
1698 2791 1946 2852 spectant
1995 2797 2065 2838 ne

466 2871 535 2927 iis
556 2913 571 2938 ,
600 2871 795 2942 quibus
819 2871 938 2927 haec
969 2887 1156 2942 parum
1190 2873 1407 2943 placent
1431 2917 1445 2939 ,
1481 2873 1640 2930 taedio
1669 2887 1848 2941 esset,
1876 2891 2063 2932 exem-

467 2965 562 3037 plo
589 2967 830 3021 virorum
859 2967 1321 3034 doctissimorum,
1345 2967 1597 3035 Gesneri,
1626 2968 1816 3040 Heynii
1835 3013 1850 3037 ,
1881 2970 2064 3040 sejun-

467 3061 644 3134 genda
674 3077 702 3115 a
737 3062 958 3132 reliquis
983 3077 1103 3118 esse
1131 3063 1302 3118 duxit.
1331 3063 1468 3118 Tum
1494 3065 1898 3130 annotationes,
1931 3080 2065 3136 quas

471 3154 600 3210 olim
642 3155 694 3210 in
726 3154 932 3212 indices
958 3156 1268 3226 conjecerat
1289 3199 1304 3222 ,
1335 3166 1389 3214 et
1440 3173 1574 3228 quas
1603 3159 1761 3229 pauci
1795 3158 1878 3213 vel
1905 3173 2066 3212 nemo

471 3248 545 3304 ibi
567 3248 845 3319 quaarebat
867 3291 883 3317 ,
916 3249 1016 3305 sub
1049 3258 1254 3305 textum
1283 3253 1578 3308 revocavit.
1623 3252 1841 3323 Singula
1872 3267 1934 3308 ac
1963 3269 2064 3309 en-

470 3344 641 3400 ratius
687 3345 946 3412 excussit,
999 3359 1134 3413 nec,
1190 3344 1362 3400 sicubi
1407 3345 1477 3401 ab
1505 3362 1570 3402 eo
1609 3356 1845 3402 erratum
1877 3355 1980 3413 est,
2015 3347 2066 3401 id

466 3436 626 3494 fateri
655 3440 885 3509 ingenue
910 3437 1190 3494 dubitavit.
1219 3440 1392 3494 Etiam
1419 3455 1513 3508 pro
1537 3441 1923 3498 dissertatione
1945 3441 2067 3496 Bal-

473 3533 636 3588 dnina
657 3575 672 3600 ,
705 3533 759 3588 in
789 3533 946 3588 terris
971 3533 1172 3588 nostris
1202 3533 1334 3590 satis
1368 3544 1492 3589 nota
1519 3535 1718 3605 ubique
1744 3535 1901 3590 obvia
1921 3577 1935 3601 ,
1964 3534 2063 3589 de-

473 3624 551 3680 dit
575 3624 854 3694 epistolam
882 3623 1028 3679 Clar.
1062 3624 1130 3679 ab
1158 3624 1341 3680 Hoven
1371 3643 1386 3684 :
1416 3625 1614 3681 Devcra
1652 3625 1872 3680 Minucii
1897 3635 2061 3690 (etate,

471 3717 631 3788 eique
660 3717 936 3788 subiunxit
965 3717 1159 3774 breves
1188 3719 1392 3789 aliquot
1417 3719 1769 3775 excursiones
1790 3759 1805 3784 ,
1839 3735 1960 3790 quae
1991 3728 2067 3774 ta-

472 3827 599 3868 men
627 3820 877 3868 notarum
909 3810 1126 3868 modum
1155 3827 1462 3869 excessurae
1493 3812 1740 3869 fuissent.

1185 3932 1345 3989 1781.
1653 3982 1659 3989 .

543 4020 745 4077 Vensm
775 4022 1013 4078 ANCLICA
1029 4022 1118 4078 Vl.
1137 4024 1178 4078 A
1198 4024 1458 4096 Dialogue
1487 4025 1554 4099 by
1581 4024 1790 4081 Marcus
1807 4023 2069 4080 Minucius

471 4111 648 4180 Felix,
674 4112 993 4184 Edimburg,
1016 4115 1068 4170 in
1083 4115 1184 4173 -8".
1203 4117 1402 4188 Dignus
1424 4125 1506 4173 est
1531 4126 1721 4172 auctor
1739 4131 2064 4188 anonymus,

469 4204 623 4275 cujus
651 4220 848 4261 nomen
878 4205 1182 4278 detegatur,
1217 4224 1414 4281 nempe
1445 4208 1613 4265 David
1645 4208 1974 4282 Dalrymple,
1996 4208 2066 4265 de

470 4298 704 4356 Minucio
731 4301 931 4372 optime
960 4304 1208 4359 meritus.

540 4485 642 4541 En.
680 4484 1039 4545 S'rAItIILIANA.
1069 4395 1410 4559 WirtleIErgi
1447 4486 1501 4542 in
1529 4485 1620 4542 off.
1657 4485 1863 4545 Stahel.
1896 4484 2064 4554 in-8°,

465 4592 588 4635 cum
618 4587 657 4634 t.
687 4594 724 4633 ιι
751 4577 990 4650 Operum
1017 4578 1273 4652 Cypriani
1303 4588 1527 4638 curante
1546 4578 1837 4636 Obcrthur.

1187 4695 1349 4752 1786.

543 4808 745 4865 Vensm
770 4807 1008 4864 GALLICA
1035 4808 1416 4877 compendiosa
1467 4808 1666 4862 Octavii
1690 4850 1703 4873 ,
1748 4815 1970 4863 auctore
2001 4807 2063 4862 ι).

471 4899 612 4955 Abb.
642 4901 711 4956 de
761 4899 998 4971 Gourcy,
1043 4902 1095 4955 in
1128 4910 1273 4956 tomo
1304 4917 1318 4955 I
1349 4901 1526 4969 oneris
1565 4901 1649 4956 cui
1696 4900 1883 4955 titulus
1915 4918 1926 4954 :
1962 4897 2067 4954 Des

472 4994 680 5049 anciens
703 4994 1026 5064 Apologistes
1057 4994 1122 5049 de
1149 4995 1201 5049 la
1229 4994 1487 5065 Religion.

1191 5110 1349 5167 1786.

544 5226 634 5282 Fr.
669 5225 770 5280 Ph.
803 5225 1074 5292 Gourdin,
1105 5225 1490 5296 reiflitterarice
1511 5233 1566 5281 et
1587 5222 1908 5293 antiquaria:
1935 5235 2065 5291 gna-

473 5335 588 5386 rus,
619 5317 686 5374 ad
717 5319 776 5372 D.
807 5317 1067 5390 Grappin,
1098 5318 1163 5375 Ο.
1191 5318 1253 5375 S.
1289 5319 1375 5385 Β.,
1401 5317 1671 5373 scribebat
1702 5315 1807 5370 hoc
1839 5329 1981 5370 anno
2008 5329 2068 5371 se

468 5412 687 5484 jamjam
719 5413 987 5468 editurum
1016 5413 1130 5469 fore
1158 5429 1310 5468 nova:
1330 5407 1562 5468 'Gallicae
1590 5409 1858 5464 versionis
1889 5409 2066 5464 Minuo

470 5506 671 5574 cianze;
706 5523 824 5577 qua:
850 5507 916 5564 ad
948 5508 1091 5564 hunc
1118 5507 1262 5563 diem
1286 5507 1620 5575 incomperta
1652 5504 1926 5560 remansit.

1195 5620 1355 5677 1791.

542 5736 606 5793 G.
638 5736 698 5792 F.
729 5738 918 5809 Steph.
943 5738 1151 5793 Sticrer
1175 5736 1564 5792 Observationes
1590 5738 1853 5793 nonnulla:
1874 5738 2066 5793 critica:

465 5830 520 5886 in
549 5831 795 5900 quaedam
826 5831 886 5888 Ρ.
923 5830 1129 5901 Virgilii
1159 5839 1213 5886 ct
1243 5829 1453 5887 Minucii
1483 5829 1684 5889 Felicis
1714 5831 1852 5889 loca.
1890 5832 2061 5905 Ausp.

465 5923 627 5980 itt-d'.

2887 487 3047 544 1792.

2234 580 2431 637 Vensm
2479 582 2764 639 HISPANICA
2805 581 2848 637 Ι.
2880 581 3088 637 Octavii
3119 581 3174 636 in
3210 595 3378 653 opere
3407 580 3495 637 cui
3523 581 3708 638 titulus
3735 600 3748 641 :

2161 671 2399 730 Colecion
2433 676 2498 730 de
2529 677 2606 730 los
2638 676 2954 747 apologistas
2982 676 3045 729 de
3088 675 3139 730 la
3187 673 3427 746 Religion
3477 675 3748 743 cristiana,

2163 768 2385 822 rennida
2416 784 2516 839 por
2559 769 2609 824 el
2641 785 2804 824 senor
2832 769 3041 825 Abbate
3069 768 3159 824 del
3185 767 3427 840 Gourcy,
3464 767 3747 826 traduceda

2161 863 2214 917 al
2245 863 2541 918 castellano
2570 874 2624 918 et
2651 863 2896 920 dedicata
2925 864 2975 918 al
3022 863 3175 918 sabio
3221 863 3384 919 Clero
3430 863 3500 919 de
3544 864 3749 934 Espana

2162 970 2263 1028 por
2293 953 2355 1012 οι
2391 956 2603 1014 Manuel
2630 957 2814 1013 lmeno
2839 973 2872 1029 y
2901 957 3142 1014 Urriera.
3175 956 3401 1013 Madrid.
3431 965 3471 1013 t.
3506 973 3566 1012 II.
3600 957 3749 1014 in-l“.

2798 1135 3019 1178 SECULO
3040 1135 3157 1176 XIX.

2881 1257 3042 1313 1825.

2237 1369 2400 1426 Vens.
2433 1368 2672 1427 GALLICA
2704 1370 2741 1426 l.
2778 1371 3002 1439 Octavii,
3031 1378 3255 1426 auctore
3301 1369 3429 1425 Ant.
3473 1369 3755 1442 Pericaud,

2163 1473 2485 1519 recensente
2515 1464 2572 1518 C.
2609 1463 2844 1534 Bregltot
2870 1462 2941 1519 du
2967 1463 3075 1518 Lut
3094 1504 3109 1528 ,
3141 1463 3512 1534 praceuntibus
3542 1463 3756 1521 Tertul~

2166 1558 2294 1612 liani
2324 1558 2466 1615 libro
2510 1558 2840 1630 Apologetico
2887 1567 2942 1614 et
2974 1565 3206 1614 tractatu
3240 1558 3303 1612 de
3345 1557 3756 1631 Prwscriptioni-

2165 1652 2278 1706 bus.

2884 1763 3048 1821 1824.

2241 1875 2400 1932 Vens.
2432 1875 2675 1933 GALLICA
2699 1877 2766 1933 ν.
2787 1876 3045 1948 Ejusdem
3079 1875 3300 1946 Octavii,
3321 1891 3409 1948 op.
3433 1877 3498 1934 D.
3520 1876 3600 1933 Μ.
3621 1877 3685 1934 N.
3710 1880 3756 1934 S.

2166 1974 2380 2031 Guillon
2408 1976 2462 2030 in
2490 1992 2546 2030 III
2573 1977 2850 2032 volumine
2874 1977 3226 2034 Bibliotheca:
3252 1977 3371 2049 ejus
3397 1978 3624 2036 selectae
3671 1979 3760 2036 Pa-

2169 2078 2312 2125 trum
2342 2068 2610 2127 Ecclesiae
2643 2070 2826 2127 latina:
2855 2081 2910 2127 et
2935 2073 3238 2128 orientalis.

2889 2191 3052 2247 1824.

2239 2303 2304 2358 Η.
2341 2303 2525 2361 Meieri
2564 2303 2936 2360 Commentatio
2964 2305 3029 2362 de
3056 2303 3290 2362 Minucio
3318 2305 3525 2379 Felice,
3556 2308 3760 2379 Turici,

2168 2397 2334 2453 in-8°.

2889 2511 3050 2569 1856.

2245 2625 2406 2683 Vens.
2427 2624 2666 2682 GALLICA
2682 2625 2769 2695 VI,
2785 2635 3007 2682 auctore
3030 2625 3078 2682 J.
3101 2627 3166 2682 D.
3185 2625 3428 2693 Buchon,
3446 2630 3537 2701 qui
3559 2644 3683 2686 eam
3699 2631 3766 2686 in-

2171 2721 2342 2775 seruit
2374 2721 2426 2774 in
2456 2719 2779 2775 collectione
2808 2720 2950 2775 dicta
2982 2719 3277 2789 Pantheon,
3302 2721 3404 2776 sub
3434 2721 3538 2777 hoc
3576 2723 3764 2778 titulo:

2170 2815 2338 2870 CIIoia:
2365 2816 2426 2870 de
2455 2825 2776 2871 monuments
2824 2816 3068 2887 primitifs
3108 2816 3172 2871 de
3211 2816 3425 2888 l’Eglise
3448 2818 3766 2888 cltrétienne,

2171 2908 2334 2963 in~4°.

2888 3024 3052 3082 1856.

2245 3138 2344 3192 En.
2375 3137 2732 3195 MUItAL'rIANA
2768 3139 2994 3205 Octaoii,
3029 3148 3256 3194 curante
3307 3139 3409 3194 Ed.
3443 3138 3514 3195 de
3560 3139 3768 3205 Muralt,

2172 3231 2374 3300 'l‘urici,
2400 3233 2452 3288 in
2481 3233 2562 3289 8°.
2591 3233 2816 3290 Accedit
2841 3233 3237 3290 commentatio
3260 3231 3330 3289 de
3351 3232 3573 3290 Minucii
3601 3244 3766 3303 mtatc,

2887 3347 3045 3403 1856.

2245 3459 2344 3513 ΕΙ).
2379 3459 2756 3516 LUBKBM‘IANA
2786 3459 3026 3530 ejusdem
3055 3459 3314 3526 auctoris,
3360 3476 3482 3516 cum
3515 3470 3659 3516 nott.
3683 3478 3700 3525 ;
3726 3470 3768 3515 et

2174 3567 2305 3607 vers.
2355 3550 2663 3607 Germanica
2693 3569 2776 3620 Iv,
2809 3563 3036 3610 curante
3065 3553 3127 3608 D.
3163 3551 3228 3608 ll.
3262 3552 3323 3607 Β.
3355 3551 3622 3609 Lubkert.
3656 3552 3767 3624 Lip-

2172 3646 2290 3715 siaz,
2323 3647 2484 3702 ἱη-δο.

2897 3762 3058 3819 1859.

2249 3879 2413 3935 Vens.
2444 3878 2683 3936 GALLICA
2711 3876 2823 3933 νη.
2855 3875 3062 3934 Octavii
3093 3877 3232 3934 inter
3254 3891 3420 3948 opera
3443 3875 3654 3932 selecta
3676 3876 3767 3933 Pa-

2173 3979 2317 4026 trum
2351 3972 2401 4025 in
2428 3969 2681 4040 gallicum
2713 3984 2869 4024 versa
2902 3969 3003 4024 sub
3027 3970 3249 4024 nomine
3287 3969 3352 4025 D.
3391 3967 3697 4037 Genoude,
3726 3968 3769 4023 in

2177 4073 2323 4120 tomo
2355 4079 2406 4118 Iv
2432 4064 2797 4130 collectionis;
2830 4064 3030 4132 Paris.,
3059 4063 3221 4120 in—8°.

2960 4180 3123 4238 1845.

2249 4292 2414 4349 Vens.
2435 4293 2674 4350 GALLICA
2692 4292 2759 4349 IV
2783 4294 2978 4349 iterum
3001 4293 3070 4348 ab
3099 4291 3292 4348 eodem
3313 4291 3378 4346 D.
3398 4290 3698 4347 Perricaud
3725 4291 3769 4344 in

2175 4385 2352 4441 lucem
2382 4384 2535 4452 data,
2563 4401 2686 4441 cum
2713 4393 2865 4441 textu
2908 4385 3076 4440 latino
3103 4385 3169 4440 ad
3199 4384 3360 4440 ﬁdem
3383 4382 3652 4440 editionis
3695 4398 3774 4438 se-

2174 4477 2364 4533 cundae
2393 4477 2673 4544 Lindneri;
2701 4487 2755 4531 et
2784 4478 2928 4532 notis
2955 4477 3200 4545 plurimis
3227 4485 3384 4532 aucta
3412 4489 3477 4531 ac
3506 4475 3560 4530 in
3585 4475 3770 4546 primis

2175 4569 2646 4626 dissertationibus
2666 4568 2963 4626 doctissimi
2977 4569 3075 4624 viri
3095 4567 3310 4640 Greppo
3327 4566 3541 4640 egregie
3556 4574 3770 4623 ornata.

2886 4681 3049 4739 1844.

2251 4794 2352 4851 En.
2389 4811 2526 4852 non
2553 4796 2887 4852 PARISIENSIS
2912 4795 3129 4852 MINUCII
3157 4795 3374 4851 FELICIs
3393 4836 3408 4863 ,
3437 4793 3551 4849 haec
3579 4808 3773 4866 nempe

2175 4903 2338 4959 quam
2369 4889 2558 4944 damus
2581 4931 2596 4956 ,
2627 4889 2694 4944 ad
2725 4889 2885 4945 ﬁdem
2916 4889 3074 4943 unius
3103 4888 3311 4942 codicis
3339 4887 3608 4942 exstantis
3659 4886 3774 4942 dili-

2174 4991 2366 5052 genter
2395 4983 2610 5050 collati,
2640 4999 2760 5038 cum
2786 4984 2930 5036 notis
2958 4982 3175 5038 selectis
3205 4981 3496 5049 Lindneri,
3529 4979 3769 5052 Rigaltii,

2177 5073 2429 5140 Heraldi,
2458 5073 2755 5140 Wowerii,
2785 5072 3077 5138 Gronovii,
3127 5073 3390 5149 Gruneri,
3442 5071 3772 5128 Elmenhor-

2176 5168 2298 5233 stii,
2335 5167 2667 5232 Heumanni,
2715 5167 2965 5232 Cellarii,
2998 5167 3322 5236 Menckenii,
3377 5167 3613 5234 Davisii,
3670 5166 3772 5221 Ou-

2176 5261 2322 5330 zelii,
2351 5259 2670 5330 Wopkenii,
2721 5258 3016 5326 Gallandii,
3051 5258 3304 5325 Meursii,
3334 5267 3461 5326 etc.,
3499 5257 3648 5313 haud
3677 5271 3773 5312 ne-

2174 5354 2366 5426 glectis
2383 5354 2742 5410 recentiorum
2759 5352 3023 5409 editorum
3043 5366 3098 5409 et
3115 5353 3475 5423 interpretum
3491 5349 3770 5415 subsidiis,

2175 5449 2470 5521 praemissis
2526 5449 2586 5502 D.
2621 5448 2856 5519 Lumper
2903 5448 3204 5519 prooemiis,
3253 5446 3468 5502 Ernesti
3516 5444 3770 5517 epistola,

2177 5544 2424 5600 Balduini
2473 5544 2859 5599 dissertatione
2881 5587 2896 5611 ,
2926 5541 3184 5598 Lindneri
3210 5541 3493 5611 synoptica
3522 5547 3578 5595 et
3596 5537 3773 5609 logica

2175 5637 2380 5708 analysi
2401 5678 2415 5701 ,
2446 5637 2741 5707 seduloque
2769 5635 3036 5707 adjunctis
3065 5633 3224 5688 Lucae
3252 5631 3515 5688 liolslenii
3541 5628 3773 5700 epistola

2176 5740 2231 5788 et
2259 5730 2464 5786 Nicolai
2493 5731 2568 5788 Le
2597 5730 2808 5800 Nourry
2848 5725 3232 5784 dissertatione
3271 5725 3334 5779 de
3377 5723 3608 5777 Minucio
3635 5761 3653 5786 ,
3681 5735 3773 5775 cu-

2178 5832 2331 5880 rante
2370 5822 2530 5893 hujus
2557 5821 2908 5878 Bibliotheca:
2939 5815 3153 5873 editore
3197 5814 3249 5872 J.
3277 5815 3340 5872 P.
3375 5815 3584 5888 Migne,
3615 5811 3773 5867 Pari-

2178 5915 2272 5973 siis
2291 5956 2307 5985 ,
2333 5913 2500 5970 insi".
