3866 6278
456 375 546 419 ιιι
1922 332 2069 398 PRA!

2183 335 2310 394 T10.
3679 361 3726 404 ιι

1105 485 1323 529 SECULO
1360 487 1413 526 V.

990 583 1126 642 Ann.
1169 583 1276 640 582
1295 616 1366 626 —
1387 583 1510 641 420.

596 705 656 759 D.
692 704 1053 766 Hmaonqus,
1088 699 1334 772 Catalogo
1370 699 1602 754 Virorum
1632 697 1909 753 illustrium
1934 713 1952 750 ε

538 816 557 850 ο
585 795 886 870 Cyprianus
914 795 1046 852 Afer
1071 795 1301 866 primum
1327 794 1559 865 gloriose
1585 791 1913 848 rhetoricam
1960 789 2058 846 d0-

459 893 568 947 cuit
600 908 612 944 :
647 888 862 955 exinde,
889 889 1150 946 suadente
1185 889 1498 960 presbytero
1533 885 1769 952 Caecilio,
1813 901 1843 940 a
1870 899 1976 956 quo
2003 895 2059 940 et

459 993 872 1055 cognomentum
892 984 1115 1038 sortitus
1133 991 1232 1044 est,
1256 979 1598 1036 Christianus
1621 979 1813 1045 factus,
1841 993 2057 1032 omnem

457 1077 814 1133 substantiam
844 1091 994 1131 suam
1028 1074 1354 1144 pauperibus
1379 1073 1620 1143 erogavit
1663 1089 1675 1124 :
1715 1087 1777 1126 ac
1804 1079 1924 1142 post
1952 1086 2058 1124 non

458 1169 686 1224 multum
709 1169 987 1238 temporis,
1021 1167 1226 1222 electus
1262 1167 1312 1220 in
1336 1165 1731 1236 presbyterum,
1768 1164 1927 1219 etiam
1951 1163 2063 1234 epi-

460 1278 657 1333 scopus
681 1261 1139 1332 Carthaginiensis
1165 1260 1486 1315 constitutus
1513 1269 1616 1314 est.
1670 1257 1838 1328 Hujus
1864 1257 2060 1329 ingenii

461 1351 789 1424 superﬂuum
818 1363 902 1408 est
927 1352 1156 1407 indicem
1187 1362 1388 1416 texere,
1412 1365 1535 1406 cum
1567 1349 1681 1404 sole
1707 1349 1936 1404 clariora
1959 1348 2067 1403 sint

462 1444 580 1514 ejus
607 1459 793 1515 opera.
822 1445 1020 1498 Passus
1038 1451 1120 1498 est
1145 1443 1246 1498 sub
1263 1441 1549 1498 Valeriano
1577 1448 1629 1496 et
1649 1439 1896 1496 Gallieno
1920 1439 2065 1510 prin-

461 1538 693 1610 cipihus,
724 1537 1100 1609 persecutione
1134 1545 1342 1602 octava,
1372 1535 1563 1591 eodem
1593 1534 1682 1591 die
1725 1550 1832 1604 quo
1879 1533 2065 1588 Romae

462 1631 766 1696 Cornelius,
798 1633 890 1686 sed
919 1647 1024 1686 non
1057 1629 1248 1686 eodem
1276 1642 1439 1682 anno.
1466 1646 1484 1681 ι

514 1719 686 1794 Epist.
704 1723 772 1776 ad
787 1721 1029 1776 Paulam.
1050 1721 1245 1777 Beatus
1259 1720 1580 1792 Cyprianus,
1602 1719 1768 1776 instar
1781 1719 1948 1775 fontis
1968 1734 2064 1789 pu-

460 1817 683 1882 rissimi,
744 1817 915 1872 dulcis
966 1815 1166 1871 incedit
1195 1825 1249 1870 et
1278 1814 1520 1884 placidus
1554 1833 1566 1866 :
1595 1825 1648 1868 et
1687 1829 1810 1869 cum
1832 1820 1974 1869 totus
1998 1813 2068 1867 sit

461 1909 514 1963 in
549 1909 940 1964 exercitatione
965 1909 1222 1962 virtutum
1249 1949 1264 1975 ,
1307 1917 1600 1976 occupatus
1627 1907 2065 1975 persecutionum

461 2006 743 2076 angustiis,
759 2005 828 2059 de
845 2005 1135 2074 Scripturis
1152 2003 1349 2057 divinis
1369 2016 1706 2072 nequaquam
1736 2001 2008 2055 disseruit.
2043 2017 2062 2052 ι

535 2098 823 2153 Comment.
857 2099 910 2151 in
961 2096 1113 2163 .lon.,
1147 2111 1268 2166 cap.
1305 2096 1338 2150 5
1388 2112 1402 2147 :
1433 2114 1451 2148 ι
1487 2094 1860 2164 Proponamus
1911 2094 2068 2148 nobis

464 2190 525 2245 Β.
557 2187 918 2262 Cyprianum,
967 2189 1057 2257 qui
1106 2190 1257 2259 prius
1303 2187 1620 2242 idololatriae
1669 2197 1911 2242 assertor
1951 2187 2066 2252 fuit,

465 2282 597 2337 etin
630 2290 835 2336 tantam
867 2281 1093 2351 gloriam
1125 2280 1272 2334 venit
1295 2279 1638 2349 eloquentiae,
1673 2286 1729 2330 ut
1776 2277 2069 2332 oratoriam

464 2392 679 2447 quoque
720 2375 941 2431 doceret
981 2371 1294 2446 Carthagini
1331 2390 1343 2426 :
1375 2371 1590 2427 audisse
1619 2370 1832 2427 tandem
1866 2384 2072 2426 sermo—

467 2485 590 2524 nem
617 2468 790 2534 Jonas,
815 2479 869 2524 et
891 2468 956 2523 ad
982 2467 1358 2539 ptenitentiam
1402 2479 1744 2530 conversum,
1783 2465 1835 2518 in
1867 2473 2069 2519 tantam

468 2563 680 2619 venisse
723 2563 1008 2628 virtutem,
1043 2572 1099 2616 ut
1141 2559 1418 2617 Christum
1473 2559 1686 2630 publice
1724 2557 2068 2628 prmdicaret,

466 2667 520 2713 ct
554 2673 649 2730 pro
681 2657 773 2712 illo
801 2657 1067 2713 cervicem
1101 2654 1276 2726 gladio
1307 2653 1576 2710 ﬂecteret.
1621 2669 1641 2704 ι

1197 2745 1321 2801 450.

540 2843 596 2899 S.
618 2842 974 2898 AUGUSTINUS.
998 2872 1068 2885 -ν
1086 2838 1304 2911 Ignorat
1321 2853 1482 2894 nemo
1510 2847 1708 2908 quanta
1722 2837 2074 2894 veneratione

466 2945 687 2991 sanctus
714 2936 1049 3005 Augustinus
1083 2942 1398 3003 prosecutus
1430 2931 1590 2986 fuerit
1629 2945 1880 3002 magnum
1931 2929 2073 2984 hunc

466 3029 942 3098 Carthaginensem
967 3027 1305 3096 epiSCOpum,
1322 3025 1509 3094 quanti
1529 3022 1716 3079 fecerit
1740 3024 1858 3094 ejus
1881 3038 2067 3094 opera,

469 3131 600 3194 quot
646 3123 904 3193 praeclara
951 3121 1276 3175 documenta
1309 3127 1364 3174 et
1393 3118 1780 3173 instructiones
1808 3117 2076 3188 repererit

469 3217 524 3272 in
555 3218 620 3273 iis
647 3217 810 3272 etiam
853 3215 1103 3271 omnibus
1134 3229 1254 3285 qua:
1282 3214 1603 3284 conscripsit
1631 3223 1851 3270 sanctus
1876 3213 2074 3285 Martyr

469 3309 537 3364 de
568 3307 814 3364 iterando
853 3305 1202 3378 Baptismate.
1233 3304 1291 3361 ld
1325 3323 1486 3362 untun
1520 3304 1754 3361 sufﬁciat
1783 3307 1980 3373 dicere,
2012 3307 2070 3362 S.

470 3403 831 3473 Augustinum
854 3399 1114 3456 dilexisse
1137 3397 1505 3468 eloquentiam
1536 3399 1644 3455 divi
1671 3401 1948 3472 Cypriani,
1976 3399 2073 3456 sed

472 3505 526 3551 ct
554 3495 713 3550 simul
752 3495 1051 3550 asseruisse
1094 3493 1472 3558 difficillimum
1503 3508 1624 3549 esse
1651 3493 1899 3548 eamdem
1927 3509 2074 3549 asse-

471 3589 562 3660 qui
593 3588 702 3663 (lib.
731 3605 803 3656 tv,
834 3589 897 3643 de
922 3588 1173 3644 Doctrina
1198 3586 1575 3653 Christiana,c.
1603 3587 1714 3660 14).
1744 3586 1865 3642 Alio‘
1896 3595 2072 3643 autem

471 3681 595 3736 loco
649 3698 662 3734 :
717 3699 737 3732 ι
798 3679 915 3735 Non
967 3696 1054 3735 me
1102 3689 1298 3746 terret,
1357 3699 1376 3732 ι
1435 3679 1606 3749 induit
1656 3679 1716 3750 (ι.
1773 3695 1807 3734 ιι
1855 3679 1918 3734 de
1970 3679 2074 3733 Ba-

474 3775 719 3846 ptismo),
757 3791 776 3826 ‹
812 3773 1103 3828 auctoritas
1135 3771 1409 3844 Cypriani,
1443 3775 1567 3842 quia
1594 3771 1770 3828 reficit
1800 3773 2072 3828 humilitas

472 3866 756 3939 Cypriani;
784 3882 1031 3937 magnum
1051 3865 1268 3936 quidem
1288 3865 1538 3921 meritum
1559 3864 1804 3921 novimus
1817 3863 2073 3938 Cypriani

473 3959 709 4029 episcopi
739 3969 792 4015 et
821 3959 1095 4031 martyris.
1139 3977 1157 4011 ι

551 4071 570 4104 σ
605 4051 773 4121 Cujus
803 4051 1084 4106 reverendi
1129 4051 1368 4121 episcopi
1415 4059 1468 4106 et
1496 4049 1785 4107 venerandi
1819 4052 2074 4124 martyris

472 4147 730 4219 Cypriani
745 4146 1013 4212 laudibus,
1039 4145 1181 4200 nulla
1203 4145 1382 4217 lingua
1402 4143 1697 4212 sufﬁceret,
1722 4161 1820 4200 nec
1833 4146 1877 4201 si
1895 4147 2074 4218 seipse

472 4241 718 4298 laudaret
739 4261 757 4295 ι
791 4239 1000 4315 (Serm.
1031 4240 1137 4295 515
1162 4239 1226 4294 de
1256 4239 1318 4295 S.
1342 4236 1691 4312 Cypriane),t
1725 4254 1825 4311 ego
1851 4238 2074 4312 Cypria-

471 4349 600 4390 num
638 4333 962 4389 catholicum
1008 4333 1345 4404 episc0pum,
1393 4333 1720 4389 catholicum
1754 4342 2070 4404 martyrem,

472 4435 526 4482 et
551 4435 752 4498 quanto
779 4428 948 4499 magis
976 4441 1202 4497 magnus
1229 4433 1364 4492 erat,
1395 4433 1543 4481 tanto
1574 4441 1632 4481 se
1681 4426 1932 4482 omnibus
1977 4427 2076 4480 hu-

471 4519 792 4589 miliantem,
847 4530 904 4575 ut
930 4534 1113 4575 coram
1162 4518 1586 4586 Deojnvenirct
1629 4520 1875 4587 gratiam,
1929 4519 2074 4574 nullo

473 4627 700 4684 prorsus
727 4612 890 4667 modo
921 4611 1269 4674 crediderim,
1303 4609 1356 4664 in
1383 4617 1575 4665 sancto
1606 4611 1904 4680 prmsertim
1948 4625 2074 4666 con-

473 4707 603 4762 cilio
631 4705 965 4776 collegarum
986 4703 1128 4759 aliud
1160 4704 1470 4773 protulisse,
1503 4717 1662 4773 quam
1693 4703 1854 4760 corde
1898 4713 2074 4775 gesta-

472 4798 566 4853 bat
601 4819 621 4852 ι
655 4797 768 4870 (lib.
799 4813 852 4853 ιιι
889 4797 952 4851 de
993 4795 1289 4865 Baptirmo,
1322 4811 1368 4849 c.
1399 4794 1477 4868 5).
1530 4813 1548 4847 ι
1585 4794 1844 4851 Ecclesia:
1881 4799 2073 4853 catho-

475 4890 590 4946 lica:
614 4893 990 4947 auctoritatem
1015 4889 1188 4960 cujus,
1214 4889 1329 4960 ipse
1347 4888 1620 4961 egregium
1646 4897 1698 4946 et
1717 4892 2073 4947 clarissimum

473 4986 779 5042 membrum
837 4995 959 5052 est,
1013 4999 1112 5054 pro
1168 4991 1349 5037 nostra
1405 4983 1718 5041 infirmitate
1769 4993 2072 5054 sectantes,

473 5081 735 5137 adversus
775 5077 1064 5134 haereticos
1090 5085 1144 5132 et
1174 5075 1550 5133 sehismaticos
1593 5077 1889 5135 enodemus
1914 5099 1932 5132 ι
1960 5079 2072 5152 (lib.

474 5189 543 5230 vn
570 5174 633 5226 de
656 5171 936 5240 Baptism,
965 5187 1010 5223 c.
1043 5169 1121 5241 1).
1159 5188 1177 5221 ‹
1217 5169 1618 5238 Bcatissimum,
1667 5183 1867 5227 corona
1909 5170 2073 5228 etiam

474 5265 720 5338 martyrii
761 5264 1211 5334 gloriosissimum
1257 5261 1604 5335 Cyprianum,
1661 5280 1759 5320 nec
1806 5253 2070 5320 Africanis

473 5369 635 5430 atque
659 5356 1091 5412 Occidentalibus
1119 5366 1342 5424 tantum,
1397 5371 1586 5414 verum
1629 5367 1684 5414 et
1711 5356 2075 5416 Orientalibus

476 5451 722 5507 ecclesiis
755 5449 894 5505 fama
936 5451 1264 5522 praedicante
1291 5461 1344 5507 et
1372 5456 1573 5524 scripta
1598 5453 1718 5523 ejus
1745 5453 1902 5524 longe
1943 5453 2078 5508 late-

477 5561 582 5615 que
611 5542 963 5610 diffundente,
1017 5543 1380 5611 nolissimum,
1413 5547 1574 5601 etiam
1624 5546 1742 5616 ipse
1794 5543 2077 5604 haeresiar-

477 5638 606 5693 ches
649 5635 878 5693 istorum
926 5636 1215 5707 Pelagius,
1265 5652 1389 5692 cum
1447 5638 1630 5694 debito
1677 5647 1824 5694 certe
1869 5637 2078 5697 honore

477 5740 867 5790 commemorat
917 5749 936 5785 ι
996 5727 1264 5804 (August,
1323 5727 1409 5784 lib.
1463 5743 1539 5800 tv,
1592 5731 1661 5786 ad
1711 5727 2076 5805 Bonifaciumj,

476 5837 590 5900 cap.
615 5824 704 5898 8

2833 453 3090 513 587-465.

2239 546 2296 602 S.
2323 545 2574 603 MAXIMUS
2605 547 2952 605 Taurinensis
2979 550 3246 622 duplicem
3288 549 3454 609 habet
3495 551 3546 607 in
3586 557 3727 611 natale

2165 638 2222 694 S.
2253 639 2504 710 Cypriani
2548 641 2850 707 homiliam,
2909 658 3093 711 unam,
3128 659 3311 711 anx,
3359 645 3467 700 col.
3499 645 3724 718 255-258,

2163 735 2410 801 alteram,
2438 752 2603 804 Lxxx,
2634 738 2740 792 col.
2769 737 3032 804 259-260,
3065 737 3197 795 edit.
3227 739 3413 806 Rom.,
3451 740 3609 796 1781.

2835 829 2940 886 492
2952 829 3098 888 ⁸496.

2165 935 2169 957 ι
2236 919 2295 974 S.
2325 921 2612 987 GELASIUS,
2646 923 2883 993 pontifex
2911 924 3205 993 Romanus,
3235 926 3287 980 in
3316 927 3433 996 ejus
3463 925 3667 983 decreto
3683 925 3729 983 tle

2168 1013 2361 1082 Script.
2398 1014 2545 1069 Eccl.
2582 1014 2848 1086 Opuscula
2873 1014 3124 1088 Cypriani
3175 1021 3419 1090 martyris
3445 1030 3491 1074 et
3512 1022 3728 1093 carthagi-

2165 1105 2336 1160 nensis
2377 1106 2646 1180 Episwpi,
2680 1118 2814 1164 tom.
2842 1124 2901 1164 tv
2930 1110 3159 1166 Collect.
3188 1112 3495 1179 concilior.,
3525 1112 3621 1169 col.
3667 1115 3729 1181 12,

2168 1199 2258 1266 62,
2308 1202 2448 1272 apud
2479 1202 2794 1272 Labhazum,
2849 1204 3206 1272 llarduinum,
3265 1215 3396 1262 tom.
3447 1223 3484 1263 ιι
3539 1207 3730 1263 Collect.

2167 1297 2473 1365 concilior.,
2523 1297 2628 1353 col.
2671 1296 2800 1366 942,
2831 1305 2885 1354 et
2916 1299 3107 1365 Mansi,
3144 1310 3274 1356 tom.
3312 1315 3421 1367 vm,
3452 1303 3556 1357 col.
3586 1299 3668 1357 l6l
3696 1312 3733 1356 et

2168 1405 2323 1461 seqq.
2368 1390 2743 1446 Becensentur
2787 1391 3002 1462 quidem
3035 1393 3086 1446 in
3119 1392 3319 1448 Gelasii
3349 1394 3575 1450 Decreto
3600 1409 3733 1466 opera

2169 1483 2330 1553 hujus
2360 1482 2535 1538 Patris
2567 1484 2702 1540 inter
2738 1498 2803 1540 ea
2832 1499 2955 1556 qua:
2995 1485 3064 1541 ab
3094 1485 3336 1542 Ecclesia
3384 1485 3638 1555 Romana,
3680 1489 3733 1540 uti

2168 1577 2477 1648 apocrypha
2501 1576 2856 1648 rejiciuntur:
2892 1577 3156 1649 Opuscula
3186 1579 3360 1634 Tascii
3385 1580 3623 1651 Cypriani
3642 1595 3737 1650 apo.

2170 1673 2384 1743 crypha,
2414 1671 2588 1743 inquit
2625 1682 2812 1728 auctor
2837 1672 2997 1743 hujus
3041 1673 3270 1729 Decreti.
3316 1673 3539 1739 Verum,
3574 1684 3737 1746 printer

2170 1763 2271 1817 alia
2330 1775 2635 1828 momenta,
2689 1780 2808 1834 qua":
2854 1766 3000 1820 clare
3043 1766 3296 1821 evincunt
3336 1767 3556 1822 recitata
3603 1767 3736 1822 verba

2175 1857 2403 1913 Decreto
2431 1856 2630 1913 Gelasii
2659 1858 2908 1930 adjuncta
2940 1859 3108 1915 fuisse
3148 1859 3214 1914 ab
3252 1859 3434 1932 aliquo
3479 1868 3735 1922 extraneo;

2173 1967 2241 2006 ex
2265 1951 2526 2007 Gratiano
2555 1953 2608 2008 itl
2631 1953 2958 2009 validissime
2989 1955 3423 2022 demonstratur;
3457 1972 3487 2010 a
3521 1956 3736 2012 Gratiano

2173 2044 2437 2114 siquidem
2461 2060 2569 2100 non
2597 2046 2736 2101 inter
2767 2047 2933 2102 libros
2966 2047 3327 2118 apocryphos,
3381 2044 3479 2103 sed
3527 2047 3660 2103 inter
3693 2045 3739 2100 li-

2172 2139 2299 2194 bros
2351 2140 2419 2194 ab
2472 2139 2709 2195 Ecclesia
2763 2143 3016 2211 probatos
3063 2152 3413 2198 recensentur
3460 2158 3618 2215 Opera
3657 2141 3738 2196 divi

2173 2228 2444 2301 Cypriani.
2473 2231 2608 2287 Vide
2653 2232 2962 2289 Tillemont.
2997 2242 3110 2289 not.
3158 2232 3249 2302 52,
3296 2250 3386 2288 sur
3425 2234 3489 2291 S.
3533 2231 3737 2308 Cyprien,

2175 2333 2307 2379 tom.
2335 2335 2409 2391 tv,
2438 2341 2489 2395 p.
2522 2325 2609 2381 55.

2811 2435 3029 2478 δεουιο
3053 2439 3126 2478 VI.

2713 2514 2859 2572 Circa
2889 2533 3078 2572 annum
3105 2520 3231 2576 550.
3832 2525 3833 2596 ι

2253 2605 2508 2673 Ρκοϐυιιη
2572 2609 2666 2665 lib.
2721 2625 2736 2664 ι
2788 2607 2921 2665 Belli
2977 2611 3200 2667 Vandal.
3245 2628 3264 2667 .'
3308 2616 3587 2690 Κυπριανὸν
3633 2615 3741 2688 ἅγιον

2176 2694 2333 2774 ἄνδρα
2400 2701 2624 2773 μάλιστα
2695 2703 2896 2758 πάντων
2965 2704 3012 2759 οἷ
3081 2703 3420 2781 Καρχηδόνιοι
3490 2707 3744 2771 σέϐονται,
3832 2711 3833 2746 l

2175 2795 2261 2846 καὶ
2284 2795 2426 2866 αὐτῷ
2445 2796 2562 2848 νέων
2588 2796 2702 2850 τινὰ
2725 2795 2874 2870 λόγου
2902 2797 3087 2852 πολλοῦ
3128 2795 3285 2864 ἄξιον,
3324 2800 3420 2871 ττρό
3464 2808 3554 2858 τῆς
3577 2799 3752 2857 πόλεως

2177 2883 2508 2960 ἱδρυσάμενοι
2538 2890 2680 2962 παρὰ
2721 2893 2811 2947 τήν
2835 2899 2928 2951 τῆς
2951 2890 3241 2952 θαλλὰσσης
3286 2890 3447 2955 sim,
3501 2892 3615 2945 τάτε
3647 2886 3751 2944 daDa

2175 2978 2511 3044 ἐξοσιοῦνται,
2530 2984 2613 3034 καὶ
2632 2977 2847 3055 ἄγουσιν
2869 2985 3115 3038 ἐνιαύσιον
3138 2985 3336 3060 ἑορτὴν,
3357 2983 3415 3042 ἢν
3432 2981 3493 3042 δή
3514 2982 3749 3060 Κυπρίουιά

2177 3072 2408 3129 καλοῦσι.
2453 3073 2768 3144 Cyprianum
2808 3077 2970 3130 virum
2991 3089 3245 3142 sanctum,
3284 3093 3393 3145 prae
3432 3077 3614 3132 cwlen's
3635 3073 3740 3128 Car-

2183 3166 2501 3236 tltaginenses
2533 3180 2849 3237 venerantur,
2886 3171 3084 3240 ipsique
3109 3168 3352 3241 templum
3383 3171 3632 3238 quoddam
3655 3183 3743 3221 scr-

2180 3275 2329 3312 ntone
2375 3259 2514 3313 haud
2541 3262 2747 3315 minimo
2785 3262 3016 3332 dignum,
3049 3261 3100 3316 in
3127 3264 3296 3317 littore
3337 3264 3495 3316 maris
3534 3272 3746 3324 erectum,

2179 3353 2318 3406 cultu
2348 3353 2668 3409 honorantur
2703 3357 2988 3428 pra‘cipuo;
3017 3371 3343 3427 annuumque
3374 3367 3529 3429 agent
3574 3359 3748 3428 festum,

2177 3445 2316 3516 quod
2344 3455 2522 3502 uocant
2547 3446 2826 3520 Cypriana.

2917 3543 3041 3598 562.

2247 3631 2630 3688 Cassmoonus.
2667 3633 2836 3688 Divin.
2867 3631 3122 3699 Lection.,
3154 3646 3274 3705 cap.
3307 3649 3395 3689 χιχ
3429 3653 3441 3688 :

2255 3743 2273 3777 ‹
2313 3725 2662 3782 Beatissimus
2684 3725 3006 3799 Cyprianus,
3030 3729 3175 3784 velut
3199 3728 3378 3784 oleum
3408 3727 3695 3786 decurrens
3715 3727 3756 3781 in

2179 3833 2394 3874 omnem
2418 3820 2738 3874 suavitatem
2771 3819 2948 3891 lingua
2979 3821 3312 3890 composita;
3337 3821 3667 3877 declamator
3691 3821 3758 3875 in-

2178 3909 2344 3980 signis
2371 3910 2666 3981 doctorque
2690 3911 3044 3968 admirabilis.
3069 3911 3310 3980 Quantos
3338 3914 3484 3968 enim
3509 3914 3601 3971 ille
3627 3911 3760 3970 dubi-

2182 4011 2358 4057 tantes
2385 4017 2490 4058 non
2534 4004 2751 4074 pertulit
2780 3996 2905 4070 labi,
2944 4005 3120 4075 lapsos
3151 4021 3278 4061 vero
3305 4005 3613 4063 firmissima
3640 4021 3763 4079 pra:-

2179 4093 2446 4150 dicatione
2476 4095 2743 4163 solidavit,
2797 4096 3139 4153 confessores
3183 4097 3249 4152 ad
3299 4100 3616 4171 martyrium
3663 4099 3767 4168 ipse

2178 4186 2473 4258 perduxit?
2522 4190 2588 4243 Et
2617 4205 2681 4244 ne
2722 4190 2899 4245 minor
2925 4198 3071 4246 esset
3122 4187 3601 4260 praedicationibus
3644 4188 3763 4255 suis,

2179 4283 2292 4353 ipse
2321 4297 2532 4353 quoque
2559 4283 2800 4354 martyrii
2826 4297 3049 4350 corona,
3086 4283 3315 4339 Domino
3343 4287 3651 4355 prmstante,
3680 4280 3763 4336 de-

2178 4386 2393 4431 coratus
2421 4385 2523 4430 est.

2253 4468 2478 4537 Eunom,
2509 4469 2678 4538 episc.
2699 4468 2970 4524 Ticincns.
3011 4488 3024 4524 :

2457 4579 2603 4646 Yatis
2618 4580 2843 4644 Cypriani
2870 4591 2920 4633 et
2945 4583 3169 4646 martyris

2458 4643 2568 4707 Cor,
2595 4643 2781 4707 lingua,
2805 4659 3000 4707 sensus,
3024 4643 3238 4707 dignitas

2458 4706 2668 4772 Mortem
2693 4706 2901 4757 ferendo
2921 4706 3196 4772 prcl'ertmt.

2460 4768 2634 4818 Vitalis
2658 4771 2809 4820 ictum
2833 4768 2933 4819 ncx'
2957 4771 3114 4830 dedit,

2458 4830 2696 4895 [iuerone
2719 4841 2855 4895 parta
2885 4833 2972 4895 lux
2995 4837 3163 4882 micat.

2465 4891 2622 4957 Dictis
2638 4891 2734 4943 fuit
2756 4894 3088 4957 prtefulgidus,

2461 4954 2526 5005 Et
2549 4969 2636 5006 ore
2658 4954 2802 5006 dives
2825 4954 2986 5015 unico,

2456 5018 2711 5081 :l‘orrentis
2733 5019 2862 5068 unda
2882 5020 3094 5081 gurgitis

2457 5080 2670 5145 Itttpacta
2693 5093 2843 5130 cornu
2878 5080 3068 5144 Spicula

2463 5142 2705 5192 Sermone
2731 5142 2936 5193 vincens
2959 5143 3198 5207 promulo,
3229 5150 3326 5194 etc.

2835 5247 3098 5300 CODICES
3107 5290 3119 5300 .

2786 5357 2998 5398 διαυιο
3028 5360 3208 5401 ιν-ινιι.

2257 5457 2429 5512 Codex
2474 5454 2784 5511 Parisiensis
2809 5473 2848 5512 ι.
2880 5458 2934 5513 ln
2968 5459 3107 5516 Bibl.
3142 5459 3325 5530 Regia,
3358 5460 3460 5516 sub
3492 5476 3649 5517 num.
3688 5459 3793 5517 ’119⁴

2185 5549 2453 5620 Supplem.
2483 5549 2574 5603 lat.
2606 5549 2734 5603 olim
2783 5551 2833 5605 in
2880 5551 3276 5608 Sun-German.
3313 5553 3432 5609 sub.
3467 5571 3620 5609 num.
3659 5555 3794 5610 185·

2188 5642 2309 5711 186,
2339 5649 2496 5696 antca
2528 5641 2578 5695 in
2609 5641 2743 5696 Bibl.
2766 5640 2989 5700 Coislin.
3017 5652 3355 5710 asservatus;
3379 5644 3448 5701 ab
3479 5646 3632 5701 Italia
3660 5645 3799 5700 forte

2187 5745 2456 5807 acceptus,
2504 5735 3376 5808 conjicientibusmon.Benedd.,
3423 5739 3476 5794 in
3523 5738 3710 5796 forma
3735 5736 3801 5794 4⁸⁸

2188 5825 2301 5882 fere
2340 5828 2633 5899 quadrata,
2685 5829 3013 5888 membranis
3053 5841 3108 5889 et
3143 5830 3360 5903 quidem
3403 5831 3805 5909 elegantibus,
