3876 6282
391 329 520 372 LXIII

465 429 596 486 ϐοά.
623 428 933 488 Parisiensis
969 428 1135 500 xxnl,
1169 428 1308 488 Bibl.
1344 443 1484 507 reg.,
1505 434 1667 501 5352,
1725 435 1883 507 epist.
1917 437 1987 493 de

392 519 625 578 Celerino
654 522 866 590 lectore,
899 522 1136 579 in-folio.

461 612 590 668 ϐοά.
616 613 957 680 Divionensis,
987 614 1127 670 Bibl.
1155 616 1304 686 pubi.
1329 617 1570 674 Divionis
1591 661 1607 688 ,
1639 619 1989 688 membrana},

389 703 634 775 in-folio,
673 706 732 762 S.
761 705 1005 776 Cypriani
1035 709 1298 778 epistolae,
1328 710 1570 767 in-l’olio.

1011 816 1228 859 δεουιο
1263 811 1356 859 Χνῖ

386 893 400 943 π
459 891 586 946 ϐοά.
615 890 925 949 Parisiemis
965 911 1114 962 xxiv,
1144 897 1285 953 Bibl.
1318 913 1435 969 reg.
1481 898 1642 968 1651,
1701 901 1830 956 olim
1865 901 1992 957 Col-

386 985 663 1052 bertinns,
699 986 921 1044 in-folio
939 1029 956 1058 ,
980 1005 1076 1056 xn,
1110 991 1332 1047 abusiva
1362 993 1508 1049 edita
1535 1009 1564 1048 a
1597 994 1657 1048 Β.
1687 993 1990 1068 Cypriano,

384 1079 585 1149 Abgari
611 1123 627 1147 ,
661 1089 771 1138 etc.

456 1171 587 1228 Cod.
619 1172 932 1231 Parisiensis
968 1192 1100 1246 xxv,
1149 1178 1290 1235 Bibl.
1338 1194 1455 1252 reg.
1499 1180 1662 1249 I659,
1697 1181 1826 1238 olim
1875 1197 1994 1238 ear-

384 1262 587 1321 dinalis
611 1265 893 1323 Borbonii.

461 1361 589 1417 Cod.
617 1361 931 1419 Parisiensis
977 1381 1135 1432 xxvr,
1156 1365 1296 1422 Bibl.
1321 1381 1435 1438 reg.
1457 1367 1586 1435 426,
1621 1383 1783 1424 manu
1813 1369 1996 1425 chorte

388 1455 544 1522 corii,
569 1470 712 1511 anno
731 1457 894 1524 1488,
920 1468 1190 1515 exaratos.
1211 1459 1398 1516 Oratio
1418 1461 1476 1517 S.
1499 1460 1774 1533 Cypriane
1799 1463 1993 1518 tributa

388 1548 542 1618 cujus
568 1564 674 1620 ope
699 1549 932 1606 infausta
964 1567 1193 1623 quaeque
1220 1567 1326 1608 non
1357 1555 1531 1609 arceri
1565 1563 1810 1624 possunt.

460 1638 588 1695 ϐοά.
617 1639 929 1698 Parisiensis
970 1660 1135 1713 xxvn,
1174 1645 1314 1700 Bibl.
1344 1662 1456 1717 reg.
1521 1647 1682 1714 757i,
1712 1647 1843 1703 olim
1873 1647 1996 1702 Col-

389 1731 635 1790 bertinus
659 1775 675 1802 ,
744 1735 1062 1793 chartaceus
1088 1777 1103 1803 ,
1152 1737 1288 1793 liber
1341 1738 1410 1795 de
1443 1737 1653 1794 Unitate
1700 1739 1952 1794 Ecclesia:
1977 1781 1994 1808 ,

391 1823 626 1881 in-l‘olio.

463 1920 590 1976 Cod.
612 1923 979 1991 Atrebatensis,
1002 1924 1142 1982 Bibl.
1163 1925 1312 1982 urbis
1329 1925 1504 1997 publ.,
1523 1927 1824 1983 membran.
1849 1926 1996 1982 ιιι-4⁸

392 2014 655 2085 (Hoenel,
690 2033 742 2086 p.
774 2017 837 2073 Μ
866 2018 908 2089 ).

466 2107 595 2162 ϐοά.
623 2110 980 2181 Sangallensis
1009 2128 1089 2180 ιιι,
1120 2114 1171 2168 in
1203 2113 1420 2172 Bibl.S.
1452 2115 1592 2171 Galli
1620 2116 1836 2173 collect.
1869 2116 1994 2174 Joh.

394 2200 578 2268 Biner,
617 2204 1003 2272 opusculorum
1039 2207 1094 2262 S.
1123 2207 1406 2263 Bernardi.

467 2293 595 2350 Cod.
650 2295 981 2367 Sangallens.
1035 2315 1109 2365 ιιι,
1145 2299 1202 2355 8.
1257 2303 1538 2372 Augustini
1561 2336 1583 2370 ,-
1633 2303 1889 2376 Cypriani
1943 2313 1999 2360 et

396 2387 602 2444 alior...
635 2389 836 2445 charta:
864 2391 915 2446 in
943 2392 1022 2446 4⁸³.

470 2478 599 2534 ϐοά.
636 2480 1056 2540 Midlehillensis.
1089 2485 1167 2541 De
1209 2487 1282 2541 xn
1326 2487 1693 2545 Ahusionibus
1741 2490 2000 2562 opuscula

401 2574 646 2644 quaedam
675 2593 688 2629 :
724 2574 874 2634 frons
916 2587 971 2634 et
992 2579 1189 2636 litterae
1221 2582 1457 2639 initiales
1483 2583 1760 2655 eleganter
1788 2600 1921 2640 auro
1949 2594 2002 2640 et

401 2667 676 2724 coloribus
722 2679 852 2726 sunt
889 2670 1154 2743 depicta},
1201 2674 1430 2747 insignia
1482 2677 1735 2734 Edwardi
1769 2677 2004 2735 Browne

403 2759 780 2831 praeﬁguntur.

906 2868 1125 2912 CODICES
1167 2872 1341 2914 IGNOTI
1370 2875 1493 2916 EVI.

478 2948 607 3003 Cod.
666 2948 978 3006 Parisiensis
1039 2968 1230 3020 xxvn,
1285 2953 1426 3009 Bibl.
1485 2954 1853 3028 Sangenovet‘.
1916 2971 1998 3012 ce.

409 3040 565 3096 1-90.
590 3040 913 3097 Tertulliani
939 3044 1129 3112 (verius
1156 3044 1468 3120 Novatiani)
1493 3055 1548 3103 et
1577 3048 1809 3104 aliorum
1842 3063 2006 3120 opus-

410 3134 553 3191 cula.

479 3226 608 3283 Cod.
655 3230 1017 3288 Avenionensis
1064 3247 1104 3301 ι,
1160 3232 1323 3304 Cypr.
1373 3246 1538 3304 opera
1589 3248 1710 3290 eum
1763 3232 2002 3304 pictura,

407 3323 755 3380 membranae
796 3325 848 3380 in
884 3326 1032 3382 folio.

409 3457 413 3464 .
483 3411 611 3468 ϐοά.
638 3417 1000 3473 Avenionensis
1027 3434 1102 3487 ιι,
1131 3419 1434 3475 membran.
1480 3418 1694 3475 in-folio
1737 3418 2004 3490 epistolae.

481 3504 610 3562 Cod.
667 3509 1029 3566 Avenionensis
1080 3526 1179 3578 ιιι,
1237 3527 1518 3568 sermones
1573 3527 1696 3568 eum
1751 3512 1958 3581 pictura
1988 3549 2005 3576 ,

409 3599 711 3656 membran.
735 3603 894 3670 epist.
921 3602 1198 3674 Cypriani,
1227 3604 1538 3678 Hieronymi
1561 3614 1617 3660 et
1643 3605 1700 3660 S.
1726 3601 2006 3660 Bernardi.

481 3693 606 3750 Cod.
640 3694 1087 3768 Carolopolitanus
1120 3699 1178 3756 S.
1211 3699 1469 3771 Cypriani
1513 3701 1566 3756 in
1616 3700 1865 3755 oratione
1896 3699 2006 3753 Do-

409 3786 613 3845 minica
640 3790 907 3858 expositio
930 3791 1071 3846 inter
1098 3792 1444 3850 miscellanea
1474 3792 1578 3848 PP.

482 3879 610 3936 ϐοά.
642 3880 973 3937 Carnutensis
1001 3883 1058 3939 S.
1089 3880 1345 3955 Cypriani
1375 3893 1429 3939 et
1455 3884 1698 3954 epistolae
1727 3898 1848 3939 cum
1876 3881 2010 3937 duo-

411 3975 514 4032 bus
559 3977 834 4048 opusculis
878 3978 942 4033 de
994 3977 1187 4033 Habitu
1225 3979 1501 4050 virginum,
1534 3979 1596 4034 de
1639 3978 2012 4050 Singularitate

412 4069 734 4124 clericorum.

411 4198 419 4232 ς
487 4162 616 4218 ϐοά.
634 4163 862 4220 άὶωοεεὶε
878 4163 1114 4222 Heimbr.
1146 4165 1361 4223 in-l‘olio
1389 4167 1446 4224 S.
1470 4161 1725 4242 Cypriani
1747 4165 2008 4239 epistolae.

409 4259 425 4326 δ
485 4256 614 4312 ϐοά.
659 4256 920 4313 Metensis.
965 4257 1022 4315 S.
1053 4257 1310 4331 Cypriani
1337 4259 1600 4330 cpistola.

486 4349 616 4405 Cod.
650 4348 948 4420 Rememis,
981 4351 1185 4409 chartae
1218 4353 1386 4408 ιιι-4⁸³.

487 4440 615 4495 ϐοά.
643 4441 964 4516 Strateburg.
989 4449 1062 4516 ‘_n,
1111 4443 1367 4518 Cypriani
1409 4444 1674 4516 epistolae,
1709 4443 2009 4502 membran.

413 4536 467 4594 in
494 4539 574 4595 4'.

487 4631 616 4688 Cod.
639 4633 970 4689 Basileensis.
1004 4631 1375 4689 Auctoritates
1402 4630 1510 4687 PP.
1537 4629 1792 4687 Ecclesia:
1819 4630 2009 4688 ortho-

412 4723 590 4794 doxaz,
625 4727 766 4782 inter
785 4741 922 4798 quos
942 4724 1108 4797 Cypr.
1136 4723 1304 4778 in-8°.

487 4819 615 4874 ϐοά.
649 4817 929 4891 Brugensis
957 4816 1014 4873 S.
1047 4815 1302 4888 Cypriani
1343 4825 1398 4871 et
1426 4815 1651 4872 aliorum
1680 4829 1865 4887 opera.

487 4911 542 4965 l.
575 4909 808 4966 Andreas
833 4909 1110 4964 Aleriensis
1137 4923 1204 4964 ex
1225 4907 1411 4964 codice
1438 4908 1730 4965 Parisiensi
1769 4908 2016 4978 descrip-

413 5012 582 5072 serat,
612 5020 734 5076 qua:
775 5004 830 5060 in
858 5003 1101 5075 principe
1131 5002 1374 5058 Romana
1403 5002 1572 5060 edidit
1598 5003 1852 5074 Cypriani
1875 5017 2011 5074 opu-

413 5098 584 5155 scula.

486 5193 541 5246 ‘2.
582 5191 771 5247 Latino
793 5190 1018 5259 Latinio,
1050 5190 1106 5247 in
1133 5190 1375 5247 Romana
1417 5190 1480 5247 P.
1513 5190 1735 5246 Manutii
1761 5198 2015 5260 suppete-

413 5283 509 5341 bat
556 5284 742 5341 Codex
811 5285 1214 5343 vetustissimus
1265 5285 1592 5351 Veronensis,
1634 5285 1702 5341 de
1758 5300 1866 5355 quo
1913 5299 2014 5342 suo

412 5377 537 5434 loco
583 5378 738 5434 nobis
789 5379 1052 5436 constitit.
1081 5379 1288 5448 Quibus
1323 5387 1512 5450 postea
1541 5379 1595 5433 in
1643 5379 1788 5434 curis
1815 5391 2010 5434 secun-

414 5473 501 5530 dis
529 5490 660 5531 usus
686 5475 776 5542 sit,
803 5491 910 5531 non
940 5475 1140 5532 diserte
1166 5475 1440 5532 indicavit.

484 5569 540 5624 5.
572 5568 837 5625 Pamelius
863 5583 994 5625 usus
1023 5578 1106 5625 est
1133 5567 1413 5624 codicibus
1443 5579 1575 5621 mss.
1623 5565 1841 5620 abbatite
1866 5564 2010 5638 Afﬂi-

410 5660 678 5733 gintensis,
703 5660 841 5718 haud
866 5662 1053 5734 procul
1072 5659 1339 5717 Bruxella.
1359 5655 1670 5729 AnglicoJo.
1692 5657 2005 5727 Clementis,

411 5753 504 5824 qui
550 5753 617 5810 ad
668 5754 845 5825 ipsum
893 5752 1155 5824 quasdam
1181 5750 1307 5806 inde
1354 5750 1736 5821 castigationes
1781 5751 2007 5806 miserat.

392 5846 623 5907 Abbatia:
660 5845 1072 5913 Blandiniensis,
1101 5843 1242 5916 apud
1261 5842 1599 5912 Gandenses,
1631 5859 1753 5917 quae
1776 5843 1841 5899 D.
1862 5841 2010 5901 Petri

1851 317 2242 378 PREFATIO.

3578 337 3729 380 LXIV

2099 443 2459 506 nuncupatur,
2493 437 2581 508 qui
2613 438 2773 509 paulo
2798 445 2974 510 posta
3008 439 3253 498 sectariis
3290 448 3565 497 crematus
3597 451 3726 498 est.

2097 528 2423 599 Fragmeuto
2471 531 2703 602 quodam
2754 532 2958 588 codicis
2983 548 3088 589 ms.
3134 533 3382 590 Ludovici
3410 532 3726 599 Carrionis,

2098 621 2151 674 in
2183 635 2290 689 quo
2320 624 2574 678 nonnulla
2606 622 2860 696 Cypriani
2893 625 3152 695 opuscula
3181 626 3641 683 continebantur.

2167 711 2381 768 Excuso
2412 715 2599 771 codice
2627 715 2716 769 Jo.
2750 714 2962 770 Canchii
2998 715 3331 788 Ultrajectini
3363 733 3488 773 cum
3528 717 3730 774 casti-

2095 804 2404 873 gationibus
2431 807 2497 861 ad
2531 808 2831 878 marginem
2858 824 2924 864 ex
2956 824 3089 864 mss.
3121 811 3284 865 variis
3307 810 3465 866 codd.
3495 809 3731 867 Codice

2099 895 2162 948 D.
2196 895 2540 952 Pantaleonis
2583 899 2725 968 apud
2777 896 3078 967 Coloniam,
3131 917 3291 972 quem
3343 902 3731 958 Coloniensem

2095 997 2275 1043 vocat.
2327 986 2784 1060 Castigationibus
2837 990 2928 1045 Jo.
2983 991 3219 1059 Costerii,
3274 993 3342 1048 ad
3400 997 3728 1066 marginem

2097 1079 2388 1151 adscripta:
2435 1082 2638 1137 codicis
2669 1081 2901 1139 Canchii.
2951 1083 3152 1139 Codice
3192 1099 3296 1140 ms.
3327 1085 3544 1142 abbatiw
3596 1087 3733 1141 Du-

2099 1173 2272 1227 nensis
2301 1174 2353 1227 in
2396 1172 2672 1242 Flandria,
2729 1191 2797 1231 ex
2835 1175 3088 1232 incendio
3115 1180 3471 1234 sectariorum
3502 1196 3733 1252 super-

2097 1264 2244 1319 stite.
2275 1264 2472 1320 Codice
2501 1281 2602 1321 ms.
2631 1266 2721 1320 Jo.
2759 1266 2986 1323 Harrisii
3009 1267 3192 1340 Angli,
3218 1286 3284 1326 ex
3334 1287 3440 1342 quo
3467 1276 3735 1346 castiga—

2098 1356 2274 1412 tiones
2307 1358 2447 1412 haud
2473 1357 2815 1428 paenitendas
2840 1369 3146 1430 acceperat.
3173 1361 3374 1418 Codice
3413 1380 3514 1420 ms.
3544 1365 3730 1419 abba-

2100 1449 2184 1504 tiae
2211 1449 2590 1506 Marc/tinensis
2622 1451 2761 1507 haud
2793 1455 2979 1524 procul
3009 1470 3051 1522 ,_a
3097 1455 3364 1511 Duacensi
3401 1457 3730 1514 academia.

2097 1539 2300 1596 Codice
2326 1557 2428 1596 ms.
2457 1542 2519 1596 Ι).
2554 1542 2760 1598 Nicolai
2787 1552 2938 1599 extra
2964 1560 3149 1600 muros
3174 1545 3546 1603 Tornacenses.

2172 1635 2227 1690 4.
2270 1634 2534 1704 Rigaltius
2581 1635 2763 1690 laudat
2786 1637 3079 1694 varietates
3109 1638 3312 1694 codicis
3338 1639 3508 1710 Regii,
3536 1639 3736 1696 Bene-

2099 1731 2322 1796 ventani,
2375 1729 2712 1797 Corbeiensis,
2765 1729 3124 1801 Neapolitani,
3176 1731 3508 1801 Rhemensis,
3550 1733 3738 1788 Vero-

2103 1823 2290 1889 nensis,
2311 1831 2357 1876 et
2380 1820 2608 1888 Thuani,
2624 1823 2814 1877 librum
2845 1822 2968 1877 Nic.
2987 1821 3172 1893 Fabri,
3192 1833 3238 1879 et
3261 1827 3521 1898 exemplar
3546 1825 3736 1882 Pom-

2105 1916 2379 1986 posianum
2390 1955 2402 1968 .

2174 2010 2228 2065 5.
2272 2011 2607 2066 Oxonienses
2635 2010 2874 2084 denique
2920 2020 3249 2084 usurparunt
3277 2028 3408 2069 mss.
3448 2014 3728 2071 codices:

2102 2113 2335 2176 quatuor
2382 2102 2714 2171 Bodleianos,
2767 2114 3000 2176 quatuor
3042 2104 3122 2161 Is.
3183 2105 3371 2162 Vossii.
3427 2107 3543 2163 Duo
3595 2109 3735 2162 novi

2104 2194 2318 2267 Collegii
2342 2192 2578 2249 Oxonite.
2615 2193 2788 2250 Unum
2814 2193 3030 2267 Collegii
3076 2193 3454 2252 Lincolniensis
3483 2196 3729 2253 ibidem.

2103 2289 2281 2346 Unum
2313 2287 2526 2360 Collegii
2564 2287 2959 2344 Pembrochiani
3005 2287 3367 2362 Cantabrigiw.
3404 2289 3577 2347 Unum
3640 2294 3727 2346 bi-

2105 2382 2372 2436 bliotheca:
2423 2380 2840 2436 Lamberthanw.
2915 2380 3092 2437 Unum
3144 2381 3266 2437 bibl.
3321 2382 3723 2441 Arundeliame.

2104 2475 2281 2533 Unum
2330 2476 2454 2531 bibl.
2501 2476 2861 2531 Eboracensis.
2918 2475 3094 2532 Unum
3124 2475 3247 2531 bibl.
3296 2476 3723 2533 Westmonaste-

2103 2572 2305 2628 riensis.
2339 2570 2516 2627 Unum
2569 2569 2693 2626 bibl.
2727 2569 3142 2626 Salisburiensis.
3182 2569 3355 2626 Unum
3401 2570 3492 2626 ibl.
3527 2568 3723 2626 Cotto-

2105 2669 2293 2723 nianw.
2359 2666 2493 2722 Item
2567 2666 2888 2722 collationes
2957 2666 3147 2719 codicis
3207 2665 3409 2736 collegii
3465 2663 3722 2736 Corporis

2106 2759 2297 2817 Christi
2325 2758 2690 2833 Cantabrigiae,
2744 2769 2799 2816 et
2839 2759 3064 2814 alterius
3095 2757 3436 2815 Londinenais
3461 2775 3559 2830 per
3599 2759 3717 2815 Th.

2107 2853 2236 2910 Cale
2280 2853 2509 2919 factam,
2558 2854 2685 2908 item
2716 2853 2938 2908 alterius
2985 2852 3266 2922 cujusdam
3313 2851 3721 2908 Salisburiensis

2106 2962 2204 3018 per
2286 2947 2600 3016 episcopum
2681 2944 3049 3016 Asaphensem.
3142 2943 3467 3000 Collatiunes
3540 2943 3712 3002 codd.

2107 3039 2316 3094 Thuani
2359 3037 2704 3093 coenobiorum
2738 3039 2800 3093 S.
2833 3036 3104 3092 Michaelis
3151 3036 3204 3091 in
3237 3035 3476 3107 periculo
3503 3039 3708 3104 maris,

2109 3131 2171 3188 S.
2210 3131 2427 3185 Victoris
2479 3129 2811 3198 Parisiensis,
2866 3130 2928 3186 S.
2977 3129 3211 3184 Mauritii
3253 3128 3596 3193 Tossatensis,
3643 3138 3706 3184 et

2107 3226 2163 3284 S.
2216 3226 2362 3282 Petri
2392 3224 2736 3282 Corbeiensis
2777 3238 2873 3297 per
2919 3223 3024 3279 PP.
3073 3223 3454 3279 Benedictinos
3478 3223 3708 3279 Lutetia:

2108 3328 2344 3376 curatas.
2400 3318 2734 3375 Collutiones
2771 3316 2980 3388 aliquot
3018 3317 3178 3372 codd.
3222 3315 3278 3372 in
3319 3315 3567 3370 Vaticana
3614 3315 3710 3369 Ve-

2108 3430 2251 3469 romc
2270 3423 2325 3470 et
2349 3412 2622 3468 Beneventi
2647 3412 3018 3476 existentium,
3055 3424 3155 3466 nec
3185 3424 3293 3465 non
3315 3408 3460 3480 regis
3483 3407 3706 3474 Galliae;

2109 3505 2292 3562 studio
2323 3505 2384 3560 D.
2418 3505 2558 3560 Rob.
2592 3504 2782 3575 Rigby.
2812 3503 3083 3558 Praeterea
3134 3505 3272 3557 ratio
3316 3500 3499 3556 habita
3547 3499 3708 3556 codd.

2110 3600 2284 3656 aJac.
2323 3599 2584 3666 Pamelio,
2636 3597 2938 3665 Goulartio,
2990 3596 3104 3652 Nic.
3149 3594 3344 3663 Fabro,
3395 3593 3516 3651 Lat.
3567 3593 3713 3649 Lati-

2111 3695 2223 3762 nio,
2256 3703 2385 3758 etc.,
2416 3691 2803 3748 adhibitorum.

2185 3787 2238 3842 6.
2282 3785 2532 3841 Baluzius
2560 3799 2668 3839 non
2701 3783 2876 3838 solum
2922 3781 3102 3836 omnia
3141 3780 3382 3853 priorum
3413 3779 3710 3836 editionum

2113 3894 2179 3936 ex
2204 3877 2480 3935 codicibus
2510 3890 2643 3932 mss.
2675 3873 2912 3930 subsidia
2940 3873 3120 3931 denuo
3149 3873 3407 3941 excussit,
3439 3872 3535 3928 sed
3566 3887 3717 3928 com-

2114 3973 2295 4044 plures
2321 3971 2389 4026 de
2434 3984 2574 4026 novo
2615 3969 2776 4025 etiam
2823 3965 3116 4032 consuluit,
3158 3980 3297 4037 quos
3326 3965 3556 4021 strictim
3585 3980 3718 4021 cnu-

2116 4074 2290 4122 merat
2314 4063 2566 4120 Maranus
2605 4063 2906 4135 prolegom.
2935 4076 2991 4132 p.
3024 4075 3227 4116 cxcvn.
3260 4058 3546 4115 Mullorum
3586 4073 3720 4114 vero

2114 4157 2293 4213 varias
2318 4157 2578 4214 lectiones
2602 4155 2753 4212 libris
2777 4154 2888 4211 suis
2914 4153 3297 4224 adscripserat,
3318 4151 3433 4218 sed,
3465 4150 3720 4222 quendam

2115 4254 2276 4310 citius
2304 4251 2382 4307 illi
2409 4250 2866 4316 distraherentur,
2889 4248 3102 4320 plenam
3128 4263 3313 4304 eorum
3341 4247 3586 4303 notitiam
3609 4247 3722 4302 col-

2116 4349 2284 4421 ligere
2313 4362 2423 4405 non
2451 4347 2671 4404 licebat.

2585 4437 2862 4481 EDITIONES
2898 4435 3227 4480 CYPBIANICAE
3240 4457 3254 4482 ι

2189 4519 2498 4577 Editionum
2539 4515 2792 4590 Cypriani
2833 4524 3042 4588 septem
3067 4514 3271 4571 classes
3298 4513 3585 4570 commode
3612 4513 3722 4570 dis-

2117 4616 2265 4673 cerni
2291 4620 2557 4685 possunt,
2583 4625 2812 4681 quarum
2829 4610 2999 4681 prima
3021 4609 3090 4664 ab
3115 4624 3258 4664 anno
3283 4607 3445 4674 M71,
3462 4623 3492 4663 a
3520 4608 3726 4663 teneris

2119 4709 2286 4765 initiis
2307 4706 2565 4762 Romanae
2587 4703 2848 4775 principis
2876 4701 2944 4758 ad
2970 4701 3266 4758 editionem
3288 4700 3730 4757 Remboltianam

2118 4797 2468 4872 producenda
2505 4805 2624 4859 est;
2657 4795 2894 4852 secunda
2925 4809 2954 4848 a
2987 4793 3362 4849 Remboltiana
3383 4793 3450 4847 ad
3473 4791 3731 4847 Erasmi-

2118 4909 2238 4951 eam
2259 4911 2274 4961 ;
2297 4893 2455 4949 tertia
2486 4890 2820 4946 Erasmieam
2844 4888 3002 4944 toties
3029 4887 3316 4958 repetitam
3351 4886 3544 4950 habet;
3569 4900 3730 4956 quar-

2121 5001 2229 5048 tam
2280 4988 2584 5053 Pamelius;
2613 4987 2858 5058 quintam
2912 4983 3208 5054 Rigaltius;
3253 4990 3464 5038 sextam
3497 4979 3725 5046 Fellus;

2119 5083 2405 5156 septimam
2431 5079 2688 5136 Baluzius
2713 5075 2990 5134 instruxit.
3021 5074 3152 5131 Inde
3177 5073 3244 5129 ad
3276 5083 3520 5129 nostram
3551 5089 3727 5144 usque

2119 5177 2467 5234 Baluzianam
2509 5173 2670 5230 simul
2698 5181 2755 5228 et
2774 5170 3163 5236 Oxoniensem,
3208 5167 3412 5238 duplex
3437 5165 3728 5222 deducitur

2120 5273 2415 5330 editionum
2467 5268 2634 5334 ordo,
2682 5281 2908 5334 quarum
2954 5263 3022 5318 ad
3062 5263 3338 5319 Baluzium
3390 5261 3546 5327 alia},
3604 5258 3730 5315 aliae

2118 5366 2186 5423 ad
2212 5364 2424 5421 Fellum
2451 5359 2753 5419 referendae
2787 5368 2932 5415 sunt.

2160 5476 2362 5522 PRIMA
2406 5472 2773 5519 EDITIONUM
2818 5469 3045 5516 SANCTI
3089 5465 3392 5514 CYPRIANI
3437 5466 3686 5513 SERIES.

2621 5554 2886 5611 Editiones
2913 5555 3225 5625 primigenaa.

2743 5661 2962 5704 SECULO
3000 5661 3094 5701 XV.

2758 5739 2908 5795 Anno
2947 5736 3102 5794 1471.

2118 5838 2308 5900 Ευιτιο
2353 5851 2605 5896 Ριιιιιαερε
2646 5833 2876 5896 Bonum
2901 5832 2942 5890 Ι.
2973 5831 3159 5890 Romae
3189 5829 3242 5886 in
3273 5831 3434 5890 domo
3475 5828 3627 5890 Petri
3681 5838 3742 5890 et
