3876 6282
122 378 199 419 Lx
214 376 248 413 ν
1620 351 2012 416 ΡΒΔΕΡΔἸΊΟ.

128 478 435 536 Francisci
466 476 538 533 de
567 476 813 532 Maximis
842 489 940 545 per
969 474 1132 531 Cour.
1157 470 1518 546 Sweynlteym
1547 481 1603 529 et
1624 476 1757 528 Arn.

126 573 462 636 Pannartz,
510 568 723 625 in-folio
751 568 810 625 S.
861 567 1120 641 Cypriani
1166 568 1608 638 Carthaginiensis
1649 569 1762 638 epi-

134 666 311 736 scopi
349 664 590 734 epistolzn
613 677 682 717 ex
708 660 1080 730 recognitione
1109 660 1232 715 Joh.
1271 659 1524 728 Andreae,
1557 668 1613 716 et
1638 675 1762 715 cum

3331 378 3465 425 LXV?

1863 471 2094 529 Gravius
2147 480 2481 529 momentum
2538 481 2715 531 textus
2756 476 2899 532 inter
2940 484 3229 551 utramque
3268 496 3469 541 conve-

1864 566 2089 633 nientia,
2110 583 2252 636 quze,
2267 575 2503 623 testante
2524 566 2713 623 eodem
2739 569 2855 625 viro
2878 568 3061 638 docto,
3089 580 3231 628 tanta
3261 584 3366 641 est,
3386 583 3467 641 ut,

1866 669 2067 729 praeter
2087 659 2279 715 menda
2301 659 2545 731 quaedam
2568 662 2975 733 typographica,
3005 682 3127 737 qua:
3154 667 3472 728 Viudelinus

143 756 410 828 ejusdem
437 754 661 824 epistola
690 753 757 807 ad
774 752 998 808 Paulum
1022 752 1068 808 II
1101 754 1154 808 in
1182 753 1291 810 line
1323 772 1335 807 :

295 847 503 911 Aspicis,
529 843 913 911 illustrislector
944 844 1268 911 quicumque,
1286 843 1513 911 libellos.

388 910 439 958 Si
462 909 599 967 cupis
620 906 864 956 artificum
883 907 1079 957 nomina
1096 906 1259 968 nosse,
1285 906 1422 968 lege.

298 972 490 1041 Aspera
506 968 701 1041 ridebis
719 970 1043 1041 congnomina
1067 967 1180 1041 (sic)
1197 967 1450 1041 Teutana;
1478 968 1640 1019 forsan

387 1033 588 1093 Mitiget
612 1044 695 1080 ars
715 1031 868 1081 musis
890 1031 1221 1093 insciaverba
1241 1032 1419 1080 virum.

296 1094 536 1149 Conradus
550 1094 899 1167 Sweynheym,
916 1092 1159 1165 Arnoldus
1181 1094 1482 1203 Panartzque
1501 1093 1716 1156 magistri

380 1156 549 1203 Bonna;
571 1164 934 1203 impresserunt
956 1155 1071 1203 talia
1094 1155 1245 1203 multa
1268 1169 1389 1203 simu

380 1156 549 1205 Bome
571 1155 934 1217 impresserunt
956 1155 1071 1204 talia
1094 1155 1245 1205 multa
1268 1158 1389 1204 simu

286 1221 471 1271 Petrus
487 1232 601 1267 cum
620 1217 773 1267 fratre
798 1217 1078 1275 Franciseo,
1104 1218 1349 1266 maximus
1372 1218 1515 1267 ambo

376 1280 511 1332 Huic
531 1280 680 1344 operi
702 1280 1253 1393 Oﬁtatégccantlrifgre
1271 1280 1486 1329 domum.

831 1341 994 1393 CCCC.
1031 1339 1200 1392 LXXI.

225 1428 310 1484 Ex
362 1427 606 1499 Epistola
658 1425 955 1482 Aleriensis
1005 1424 1172 1496 liquet
1221 1423 1359 1480 hanc
1402 1425 1459 1481 S.
1509 1424 1767 1497 Cypriani

143 1521 458 1578 editionem
510 1517 859 1590 praecessisse
906 1516 1198 1573 editionem
1252 1531 1395 1572 sacr.
1450 1517 1767 1584 Bibliorum,

146 1630 391 1687 quorum
417 1613 869 1683 impressionem,
900 1619 1123 1681 propter
1168 1610 1371 1666 chartte
1414 1609 1633 1681 majoris
1676 1611 1772 1666 de-

152 1710 410 1775 fectum,
452 1708 849 1777 interrumpere
892 1707 1067 1763 coacti
1111 1705 1329 1761 fuerant
1378 1706 1619 1776 opifices.
1663 1705 1771 1762 Has

167 1812 357 1858 autem
384 1801 634 1871 epistolas
659 1816 720 1857 se
760 1800 1117 1871 descripsisse
1150 1800 1315 1855 refert
1340 1814 1405 1856 ex
1436 1808 1651 1856 vetusto
1678 1814 1773 1855 co-

171 1896 302 1951 dice
352 1892 663 1958 Parisiensi,
712 1908 876 1962 quum
920 1891 1222 1947 studiorum
1268 1906 1429 1947 causa
1476 1892 1530 1947 in
1582 1891 1771 1948 eadem

164 1986 309 2042 urbe
339 1992 660 2039 versaretur.
690 1982 821 2038 Haec
860 1982 978 2054 ejus
1004 1983 1254 2053 epistola,
1288 1982 1375 2038 cui
1421 1983 1651 2039 inseruit
1678 1999 1776 2039 cx-

155 2076 530 2149 planationem
572 2075 865 2131 multorum
910 2075 1299 2132 vocabulorum
1327 2090 1358 2128 a
1398 2074 1456 2131 S.
1500 2074 1775 2148 Cypriano

155 2169 556 2231 adhibitorum,
588 2184 709 2239 quas
757 2187 776 2221 ι
828 2183 1057 2240 propere
1095 2167 1441 2240 perlegendo,
1495 2187 1514 2221 ι
1565 2176 1622 2223 ut
1661 2168 1776 2238 ipse

155 2262 255 2329 ait,
304 2280 324 2313 ι
381 2260 613 2330 alicujus
655 2259 1144 2331 interpretamenti.
1195 2270 1416 2331 propter
1461 2259 1776 2333 tyrunculos

154 2355 429 2427 quosdam
472 2355 757 2410 litterariae
802 2355 1100 2422 facultatis,
1149 2354 1394 2423 indigere
1432 2353 1710 2420 crederet,
1751 2370 1770 2405 ι

158 2465 289 2505 cum
318 2449 517 2517 indice,
553 2449 642 2520 qui
685 2448 997 2504 immediate
1026 2447 1331 2518 subjicitur,
1364 2458 1587 2518 occupat
1620 2446 1779 2517 paulo

159 2543 346 2598 minus
377 2557 544 2612 quam
576 2540 679 2596 tria
710 2539 861 2595 folia.
895 2540 1150 2610 Exempla
1192 2549 1425 2610 quatuor
1471 2540 1527 2594 in
1577 2538 1776 2594 biblio-

165 2632 348 2689 thecis
378 2630 639 2688 Romanis
669 2647 729 2687 se
760 2640 1022 2687 tractasse
1060 2629 1354 2699 Audi/fredi
1382 2630 1579 2687 acerbe
1623 2630 1783 2687 docet

172 2727 433 2791 Lairium,
460 2727 548 2797 qui
578 2735 775 2796 praeter
799 2724 1102 2782 Grevennrc
1133 2726 1416 2795 exemplar
1441 2724 1588 2780 aliud
1627 2724 1770 2780 haud

167 2818 396 2886 vidisse,
430 2832 530 2874 nec
572 2816 729 2874 facile
750 2832 1036 2875 occurrere
1070 2817 1301 2873 dixerat.
1336 2816 1699 2873 Enumeratur
1726 2817 1780 2873 in

178 2912 302 2968 Cat.
332 2912 470 2968 Bibl.
496 2910 653 2984 Chig.
904 2983 1038 3038 un

257 3074 360 3130 En.
395 3071 614 3130 VBNETA
670 3072 723 3143 Ι,
779 3074 940 3146 vulgo
984 3073 1280 3129 SPIRENSIS.
1316 3072 1594 3139 Venetiis,
1639 3072 1784 3144 apud

172 3168 539 3297 Xlegdelinum
565 3168 634 3225 de
655 3168 812 3240 Spira
836 3170 940 3240 (1),
958 3168 1135 3226 in—fol.
1156 3167 1214 3223 S.
1232 3166 1487 3238 Cypriani
1506 3167 1784 3239 Epistolas.

303 3256 372 3297 ne
402 3260 415 3294 ε

303 3256 372 3297 ηε
402 3260 415 3294 Ζ

238 3332 489 3395 Loquitur
512 3332 671 3382 lector
703 3332 765 3395 ad
786 3330 1101 3395 Vindelinum
1127 3330 1415 3395 Spirensem
1437 3330 1676 3381 artificem
1700 3330 1787 3394 qui

236 3392 497 3459 Epistolas
529 3395 676 3446 Beati
712 3394 1221 3507 Ωῧτὶἓιέἓέεάξὲἒέι
1257 3392 1435 3444 lucem.

177 3542 525 3612 Quamquam
551 3554 659 3594 non
684 3553 748 3595 ex
782 3537 966 3593 verbis
987 3579 1002 3605 ,
1026 3538 1195 3594 reddit
1215 3538 1268 3591 in
1292 3538 1455 3591 lucem
1478 3552 1601 3592 cum
1630 3536 1791 3593 docto

178 3632 398 3689 editore
452 3628 696 3701 Catalogi
753 3628 1000 3685 hiblioth.
1056 3628 1360 3685 Crevennze
1410 3628 1573 3694 1776,
1627 3629 1787 3697 iit-4°,

181 3736 315 3781 tom.
344 3741 387 3791 ι,
420 3739 477 3795 p.
509 3723 598 3790 59,
630 3722 766 3779 hanc
809 3722 1106 3779 editionem
1149 3721 1391 3776 Romana
1436 3722 1792 3778 recentiorem

183 3832 307 3873 esse
353 3814 616 3887 probem;
647 3814 865 3869 certiori
910 3821 1088 3869 tamen
1138 3822 1461 3884 argumento
1501 3811 1632 3869 illud
1673 3827 1794 3869 esse

185 3909 287 3964 hac
326 3906 621 3961 occasione
649 3905 838 3975 possit,
867 3904 1013 3977 quod
1040 3918 1163 3959 cum
1198 3903 1441 3959 Romana
1465 3904 1633 3960 editio
1665 3904 1791 3961 cod.

186 4016 289 4056 ms.
322 3999 475 4055 unde
496 4011 751 4068 expressa
785 3997 876 4064 sit,
920 3994 1143 4061 indicet,
1174 3994 1381 4051 Veneta
1414 4004 1606 4051 contra
1627 3996 1695 4053 de
1724 3996 1799 4053 si-

193 4093 302 4148 mili
330 4089 593 4163 przesidio
636 4090 815 4155 sileat,
845 4098 899 4145 et
947 4088 1050 4144 hoc
1095 4088 1212 4159 ipso
1242 4087 1459 4144 silentio
1504 4088 1794 4145 editionem

192 4186 476 4257 antiquam
519 4192 645 4239 ante
689 4196 942 4238 excusant
998 4189 1392 4253 reprmsentare
1438 4195 1498 4237 se
1547 4188 1787 4239 testetur.

264 4320 348 4392 (l)
381 4317 661 4392 Errorem,
689 4316 779 4388 qui
808 4315 1009 4372 saeculo
1038 4313 1317 4392 praeterito
1347 4313 1606 4392 plurimos
1638 4313 1796 4392 hujus

190 4386 502 4463 argumenti
541 4386 721 4463 libros
754 4397 1113 4463 occupaverat
1153 4386 1457 4463 saepiusque
1501 4386 1697 4463 exinde
1744 4394 1799 4441 et

194 4457 395 4519 itérum
430 4458 689 4529 explosus
723 4469 807 4529 est
844 4458 1031 4529 Spirae
1059 4460 1189 4512 hanc
1219 4457 1490 4529 editionem
1520 4458 1793 4525 prodiisse,

195 4534 305 4588 viri
337 4527 553 4586 nomine
594 4527 835 4585 fraudem
876 4528 1108 4585 faciente
1129 4571 1142 4591 .
1178 4528 1345 4583 verbo
1374 4538 1589 4582 notasse
1624 4528 1796 4596 juvet.

189 4604 311 4662 Nec
334 4618 463 4659 vero
491 4614 644 4656 error
681 4600 783 4657 iste
808 4599 874 4656 iis
910 4601 1081 4669 magis
1107 4598 1268 4669 objici
1297 4598 1481 4664 debet,
1513 4597 1603 4668 qui
1633 4613 1796 4667 supe-

189 4676 330 4732 riori
386 4688 504 4728 aevo
560 4672 807 4727 notitiam
858 4670 1172 4725 litterariam
1226 4669 1419 4724 horum
1473 4670 1796 4738 scriptorum

191 4746 523 4807 conderent,
555 4756 714 4810 quam
754 4741 882 4811 ipsis
917 4755 1107 4797 eorum
1135 4740 1435 4811 editoribus
1460 4738 1797 4811 exprobran-

202 4818 321 4885 dus,
347 4815 417 4871 iis
438 4813 647 4885 scilicet
665 4810 858 4885 quibus
882 4827 1046 4885 manu
1070 4812 1269 4867 versari
1297 4810 1414 4866 illas
1437 4810 1798 4885 veteres_edd.

209 4881 450 4956 contigit,
479 4884 627 4956 quod
652 4884 738 4938 vix
774 4883 900 4956 illis.
930 4882 995 4956 ln_
1024 4883 1247 4939 istorum
1274 4896 1499 4956 nurnero
1525 4892 1611 4956 est
1638 4881 1801 4956 Being

210 4953 395 5011 hat-tus
438 4953 740 5013 Al‘torfiuus
782 4955 931 5025 Epp.
958 4954 1124 5025 Cypr.
1160 4969 1221 5025 a7.
1264 4953 1425 5016 1689,
1472 4953 1683 5025 editor,
1710 4953 1803 5025 qui

212 5036 488 5082 ulramuue
514 5026 811 5080 Romanam
840 5023 1047 5081 scilicet
1077 5033 1132 5078 et
1158 5024 1418 5080 Venetam
1446 5023 1538 5079 ed.
1570 5040 1636 5080 ex
1661 5023 1805 5080 Bibl.

205 5094 645 5167 Norimbergeusi
672 5096 773 5167 ipsi
795 5094 1194 5151 commodatam
1222 5096 1601 5167 inspexit,nec
1626 5104 1804 5151 tamen

202 5170 367 5225 aliter
389 5169 460 5223 de
491 5166 597 5222 illis
628 5166 883 5236 loquitur,
908 5182 970 5221 ac
996 5168 1040 5221 si
1074 5181 1169 5236 per
1192 5180 1440 5221 somnum
1464 5166 1532 5221 de
1561 5166 1625 5221 tis
1651 5181 1808 5222 acce-

198 5242 395 5311 pisset,
447 5235 975 5311 Spirensemyoeans
1005 5235 1210 5311 ,_cujus
1253 5236 1450 5311 artifex
1494 5236 1810 5311 Vindelinus

200 5306 423 5383 quidam
458 5307 724 5383 laudetur.
755 5308 966 5383 Pariter
990 5306 1226 5383 editOres
1248 5308 1405 5383 Angli
1435 5317 1581 5383 et_ex_
1614 5307 1810 5383 iis_Ba-

204 5378 386 5439 luzius
415 5394 635 5451 semper
666 5379 965 5451 Spirensem
993 5378 1460 5451 hancappellant.
1491 5378 1812 5451 Baluziier-

203 5470 298 5509 ror
326 5463 513 5507 autem
538 5448 625 5505 'eo
661 5448 1010 5506 in’fensiorem
1050 5448 1213 5505 facile
1254 5449 1509 5505 lectorem
1559 5449 1811 5517 habebit,

206 5522 300 5579 ubi
336 5536 531 5578 recens
559 5535 589 5573 a
618 5521 852 5577 lectione
894 5535 1081 5575 eorum
1120 5536 1241 5590 qua:
1271 5530 1522 5576 accurate
1552 5520 1604 5575 in
1632 5520 1816 5575 limine

210 5594 371 5649 istius
398 5592 653 5649 editionis
696 5607 860 5660 super
886 5592 968 5646 his
998 5591 1245 5646 Maranus
1288 5592 1571 5663 prmcepit,
1607 5591 1659 5645 in
1691 5605 1814 5646 eum

214 5663 490 5719 inciderit.
519 5664 673 5718 Scire
710 5665 872 5718 etiam
920 5663 1084 5718 velim
1129 5676 1377 5732 quaenam
1424 5662 1498 5717 sit
1545 5662 1629 5716 illa
1678 5671 1818 5715 vetus

230 5735 419 5790 Veneta
447 5749 605 5804 quam
644 5748 772 5804 cum
812 5732 1042 5804 Spirensi
1071 5749 1174 5787 una
1219 5734 1416 5803 saepius
1447 5732 1629 5788 laudat
1657 5732 1818 5804 Baiu-

215 5808 350 5863 zius.
386 5802 476 5860 Cl.
511 5815 672 5860 notas
709 5802 777 5857 ad
818 5802 907 5861 lib.
940 5802 1323 5863 Testimonior’.
1358 5803 1623 5863 adversus
1664 5802 1818 5873 Jud.,

214 5895 270 5955 p.
294 5877 420 5938 596.
455 5876 869 5937 Samnium.

668 5967 944 6033 Panos.
977 5967 1063 6034 ιιι
1106 6005 1117 6034 ν.

1866 766 1896 806 e
1915 751 2157 806 Romana
2174 750 2459 807 sustulisse
2485 749 2655 807 videri
2685 750 2900 821 debeat,
2935 770 3155 825 prorsus
3178 758 3321 815 illam
3357 760 3474 817 haec

1868 843 2066 898 referat
2096 842 2469 914 (l).—Nitnre
2495 852 2550 900 et
2573 843 2841 915 elegantia
2867 847 3000 903 artis
3028 848 3324 906 Romanam
3352 853 3474 909 vin-

1867 947 1995 989 cere
2026 942 2260 1002 putatur.
2294 932 2473 1002 Caret,
2506 943 2565 989 ut
2591 950 2782 991 omnes
2822 936 2935 993 fere
2963 937 3126 1009 hujus
3155 943 3330 999 :etatis
3358 945 3476 1001 edi-

1869 1023 2077 1088 tiones,
2121 1023 2436 1094 paginarum
2488 1023 2815 1084 foliorutnve
2856 1034 3119 1098 numeris,
3160 1035 3477 1093 custodibus

1869 1132 1933 1171 ac
1975 1117 2287 1188 signaturis.
2336 1118 2549 1184 Textui,
2592 1134 2752 1190 quem
2796 1122 3113 1192 praecedunt
3153 1124 3280 1182 folia
3327 1128 3475 1198 duo,

1871 1210 2102 1266 indicem
2134 1209 2479 1282 prreferentia
2512 1210 2592 1282 (2)
2626 1213 2813 1268 titulus
2838 1217 3276 1288 superscriptus:

1872 1324 2123 1389 Incipiunt
2144 1325 2378 1398 Epistolas
2402 1324 2582 1398 Ctecilii
2612 1326 2839 1398 Cypriani
2880 1330 2939 1398 ad
2965 1331 3247 1398 Cornelium
3270 1334 3475 1398 Papam,

2203 1393 2257 1438 et
2280 1391 2431 1451 prima
2450 1390 2515 1438 de
2540 1389 2889 1454 Confessione,
2914 1392 3149 1445 feliciter.

1944 1491 2002 1547 lu
2023 1490 2123 1549 hac
2137 1493 2376 1549 editione
2401 1494 2608 1550 Veneta
2637 1495 2905 1553 habentur
2930 1499 3094 1554 etiam
3117 1500 3481 1560 Testimonio-

1873 1601 1992 1641 rum
2022 1586 2145 1641 adv.
2174 1585 2393 1642 Judatos
2423 1588 2488 1642 ad
2518 1588 2798 1657 Quirinum
2829 1590 2972 1657 libri,
2992 1593 3089 1648 sed
3113 1593 3222 1650 duo
3251 1603 3477 1663 tantum,

1874 1686 1929 1733 et
1956 1677 2140 1733 multis
2161 1677 2369 1734 lacunis
2396 1678 2737 1747 laborantes;
2772 1681 2915 1737 haud
2942 1684 3102 1742 dubie
3127 1686 3346 1744 eosdem
3369 1689 3482 1759 jam

1876 1767 2120 1824 Romana
2152 1769 2253 1825 sub
2274 1770 2522 1841 epistolis
2543 1772 2944 1841 complectitur.

2603 1862 2763 1920 1485.

1950 1952 2181 2009 Vanam
2211 1953 2553 2019 ll.‘Venetiis
2583 1957 2724 2026 apud
2753 1956 2954 2014 Lucam
2981 1960 3277 2028 Venetum,
3302 1965 3484 2025 in-fol.

1876 2046 2137 2118 Epistolae
2167 2058 2223 2104 et
2250 2049 2507 2118 opuscula
2539 2067 2551 2101 :
2585 2048 2639 2104 in
2673 2050 2779 2106 fine
2804 2069 2817 2104 :
2847 2052 2962 2109 Divi
2995 2054 3199 2111 Caecilii
3229 2057 3489 2131 Cypriani

1878 2142 1975 2197 viri
2004 2142 2327 2197 sanctissimi
2346 2150 2401 2197 et
2417 2141 2847 2213 eloquentissimi
2868 2145 3122 2216 epistolas
3142 2152 3490 2211 exactissime

1879 2234 2183 2304 recognitas
2209 2233 2382 2289 Lucas
2402 2233 2662 2298 Venetus,
2698 2234 2960 2292 Dominici
2994 2237 3153 2307 illius,
3187 2240 3345 2298 solita
3368 2242 3491 2300 dili~

1877 2328 2056 2401 gentia
2099 2328 2378 2398 impressit
2404 2327 2645 2384 Venetiis
2684 2343 2831 2384 anno
2859 2328 3050 2386 salutis
3088 2347 3488 2401 uccccuxxut,

1877 2423 2053 2495 pridie
2073 2438 2243 2478 nonas
2266 2422 2584 2478 decembres
2607 2421 2820 2493 (Goetze
2842 2421 3157 2479 Merkwﬁrd.
3184 2425 3276 2481 der
3296 2426 3485 2483 υκαι.

1882 2512 2071 2585 Bibl.).
2103 2513 2364 2569 Exstabat
2390 2514 2553 2569 etiam
2606 2513 2659 2568 itt
2689 2512 2830 2568 Bibl.
2879 2513 3201 2572 Pinelliana.
3240 2516 3323 2573 Cf.
3371 2517 3487 2574 Cat.

1885 2606 2115 2672 Marelli,
2144 2615 2275 2661 tom.
2308 2621 2346 2673 t,
2370 2620 2425 2675 p.
2455 2604 2547 2674 95,
2578 2620 2635 2659 u.
2666 2604 2792 2661 578.
2822 2604 3103 2663 Tractatus
3122 2617 3180 2664 et
3205 2598 3492 2667 sermones

1884 2698 2176 2753 nonnullos
2202 2696 2501 2752 accessisse
2533 2696 2767 2766 propriis
2797 2695 3053 2754 adhibitis
3081 2699 3263 2756 verbis
3298 2700 3496 2757 Audif—

1883 2789 2021 2846 fredi
2054 2789 2106 2844 iu
2151 2786 2269 2843 Cat.
2314 2788 2455 2843 Bibl.
2486 2786 2764 2853 Casanat.,
2798 2796 2932 2843 tom.
2963 2803 3025 2856 ιι,
3053 2805 3106 2859 p.
3136 2789 3261 2857 524,
3294 2791 3495 2860 prodit.

1885 2881 1955 2940 At
2002 2881 2175 2953 major
2218 2890 2366 2937 certe
2420 2895 2546 2952 pars
2586 2895 2775 2936 eorum
2815 2896 2936 2951 qua:
2979 2881 3355 2938 Remboltiana
3399 2884 3492 2941 ed.

1886 2975 2113 3048 prmbet,
2140 2975 2250 3045 jam
2282 2974 2368 3030 hic
2410 2973 2623 3045 vulgata
2660 2982 2766 3040 est,
2804 2982 2862 3028 ut
2894 2989 2960 3029 ex
2989 2974 3310 3045 praefatione
3335 2977 3398 3031 C.
3424 2976 3498 3034 de

1888 3067 1951 3123 P.
1994 3067 2063 3123 ad
2108 3067 2220 3123 Jac.
2267 3065 2636 3123 Grasolarium
2683 3066 2855 3122 civem
2906 3066 3193 3133 Venetum,
3221 3069 3313 3141 qui
3355 3070 3497 3128 hanc

1889 3159 2183 3216 editionem
2215 3159 2449 3214 maxime
2477 3158 2751 3229 flagitasse
2772 3158 2992 3223 dicitur,
3019 3160 3072 3215 in
3096 3160 3368 3218 Rembolt.
3401 3163 3493 3219 ed.

1890 3252 2143 3321 repetita,
2188 3250 2576 3307 intelleximus.
2608 3248 2948 3320 Prtecipuum
2992 3250 3155 3306 habet
3198 3252 3299 3309 hoc
3341 3269 3495 3310 com-

1891 3345 2061 3413 modi,
2089 3344 2230 3416 quod
2256 3343 2503 3416 epistolis
2524 3343 2751 3415 singulis
2780 3353 2835 3400 et
2866 3344 3182 3401 tractatibus
3206 3350 3497 3405 summaria

1892 3437 2109 3509 praefixa
2139 3436 2251 3493 sint
2276 3435 2493 3502 brevia,
2538 3450 2767 3505 quaeque
2798 3437 2850 3490 in
2892 3436 3131 3492 tabulam
3170 3439 3496 3511 compendio

1891 3532 2110 3589 redacta
2134 3539 2256 3603 post
2280 3530 2648 3601 praefationem
2677 3530 3104 3601 conspiciuntur.

1965 3624 2061 3680 llis
2089 3622 2335 3694 proxime
2372 3622 2745 3694 adjungendas
2783 3630 2911 3693 puto
2938 3622 3206 3682 editiones
3232 3626 3494 3697 quasdam

1896 3718 1999 3776 hoc
2021 3718 2223 3775 saeculo
2244 3718 2448 3789 absque
2468 3718 2617 3785 anni,
2644 3717 2729 3773 vel
2758 3716 2863 3774 loci
2893 3716 3059 3774 etiam
3085 3729 3212 3777 nota
3239 3719 3430 3780 factas.

2484 3810 2516 3867 1
2520 3823 2692 3868 ncerto
2736 3829 2894 3869 anno.

1972 3909 2104 3966 Sine
2123 3921 2290 3972 anno,
2304 3904 2524 3970 Brixiae,
2544 3904 2714 3959 ἰπὶ-4⁵.
2733 3903 3205 3978 Οωοίιίἰϐγρτῖαηὶ
3228 3922 3407 3963 sermo
3427 3907 3498 3965 de

1898 4002 2154 4058 Oratione
2173 4000 2470 4065 Dominica,
2492 3998 2720 4064 scilicet,
2747 3995 2904 4053 Pater
2920 4008 3110 4066 uoster,
3135 4000 3188 4055 in
3213 4016 3320 4072 quo
3340 4001 3502 4060 docet

1899 4108 2003 4164 qua
2027 4093 2361 4161 potissimum
2383 4090 2627 4147 oratione
2641 4090 2739 4157 uti,
2767 4100 2821 4147 et
2841 4091 3073 4162 qualiter
3097 4091 3166 4148 ad
3193 4107 3313 4148 eam
3337 4110 3496 4150 acce-

1899 4190 2031 4245 dere
2058 4196 2110 4243 et
2135 4201 2242 4257 quo
2266 4193 2421 4255 gestu
2459 4182 2701 4253 corporis
2726 4192 2784 4238 et
2828 4183 2992 4239 modo
3019 4185 3167 4240 vocis
3191 4187 3498 4255 conveniat,

1900 4280 1992 4350 qui
2017 4294 2077 4335 se
2104 4277 2454 4333 christianum
2499 4289 2623 4332 esse
2659 4275 2874 4330 asserit.
2904 4305 2975 4315 —
2999 4275 3136 4347 (Cat.
3177 4277 3241 4330 de
3266 4280 3317 4331 la
3342 4277 3407 4332 Β.
3440 4279 3497 4333 d.

1908 4371 1997 4437 R.,
2030 4386 2083 4440 p.
2112 4369 2239 4433 566,
2272 4384 2326 4423 n.
2379 4366 2521 4433 502,
2552 4366 2643 4421 ubi
2673 4364 2890 4420 additur
2932 4375 3115 4420 :vetus
3142 4366 3335 4437 editio,
3363 4369 3504 4425 circa

1900 4479 2093 4518 annum
2112 4460 2297 4528 M90).
2328 4458 2472 4515 Alibi
2500 4457 2685 4528 legere
2714 4456 2864 4512 illam
2892 4472 2999 4513 non
3024 4458 3270 4515 memini.

2500 4554 2706 4609 Incerto
2742 4570 2903 4609 anno.

1976 4652 2163 4708 Enrrto
2190 4661 2518 4706 INNOIINA'I‘A
2542 4644 2583 4701 I.
2608 4645 2739 4702 Sine
2761 4643 2885 4701 loco
2910 4654 2967 4701 et
2994 4660 3139 4703 anno
3166 4656 3223 4705 et
3250 4658 3502 4721 typograo

1902 4744 2033 4816 pho.
2064 4743 2240 4799 Prima
2280 4740 2440 4811 hujus
2468 4737 2705 4811 generis.
2738 4736 2924 4795 Sancti
2951 4735 3208 4812 Cypriani
3237 4740 3504 4810 epistolae.

1904 4833 2137 4892 in-folio.
2181 4832 2263 4888 Ab
2303 4832 2458 4887 initio
2502 4829 2738 4886 occurrit
2775 4845 2789 4883 :
2838 4849 2857 4882 ι
2906 4829 3111 4887 Tabula
3153 4831 3505 4890 materiarum

1906 4926 2255 4997 epistolarum
2274 4923 2413 4981 beati
2442 4923 2697 4997 Cypriani
2734 4923 2988 4994 martyris
3021 4923 3323 4981 secundum
3362 4926 3509 4982 ordi-

1910 5035 2033 5076 nem
2060 5017 2330 5090 alphabeti
2364 5035 2387 5071 ι
2422 5016 2491 5089 (i.
2522 5031 2572 5073 e.
2604 5015 2763 5071 index
2798 5029 2982 5070 rerum
3013 5014 3338 5072 mirabilium
3377 5017 3509 5073 satis

1986 5156 2066 5229 (l)
2094 5154 2222 5229 Mira
2276 5161 2404 5210 sunt
2444 5167 2565 5229 qua:
2612 5147 2959 5229 flebttriusjn
2993 5146 3380 5229 Bibliographie
3421 5151 3505 5206 in-

1911 5218 2150 5284 structive
2178 5218 2512 5296 (instruenda
2543 5218 2851 5296 verius).de
2880 5218 2989 5296 hac
3016 5218 3505 5296 εόίιξιξηςιιξιττκιε

1920 5318 1940 5353 ‹
1978 5299 2095 5355 Elle
2143 5288 2409 5352 a‘mérité
2454 5292 2657 5348 d’avnir
2686 5288 2773 5360 été
2814 5290 2952 5345 colle
3000 5307 3105 5360 que
3134 5290 3204 5344 Μ.
3241 5290 3439 5347 Baluze
3476 5309 3508 5347 a

1915 5371 2119 5427 choisie
2151 5384 2286 5439 pour
2309 5364 2577 5439 tratftrjller
2603 5361 2633 5416 ὸ
2661 5359 2901 5439 l'édition
2930 5359 3059 5439 qtt’il
3083 5376 3225 5439 unus
3244 5376 3273 5415 a
3296 5361 3510 5419 duunée

1916 5442 1985 5499 de
2024 5457 2086 5497 ce
2120 5431 2254 5495 P'ére
2293 5437 2362 5493 de
2397 5431 2630 5501 I’Eglise,
2663 5442 2718 5486 et
2754 5431 2791 5487 il
2831 5448 2899 5488 en
2947 5432 3121 5485 faisait
3166 5447 3233 5485 uu
3265 5447 3358 5487 cas
3399 5444 3514 5489 tout

1918 5510 2253 5585 particulier.
2290 5507 2416 5585 Elle
2433 5521 2461 5558 a
2490 5503 2787 5574 l’avantage
2812 5502 2879 5585 de
2906 5505 3216 5585 renterme‘r'
3234 5502 3513 5585 lteaucpup

1919 5571 1987 5639 de
2011 5596 2262 5651 passages
2288 5578 2586 5651 originaux,
2614 5571 2837 5651 que'cet
2856 5582 3046 5651 anteur
3068 5586 3100 5627 a
3134 5571 3424 5651 été_nhligé
3444 5571 3514 5630 de

1920 5643 2215 5710 sou'strair'e
2230 5666 2301 5704 ou
2328 5643 2398 5704 dé
2415 5643 2652 5716 changer
2667 5646 2803 5716 dans
2823 5643 2869 5716 Ia
2893 5644 3099 5716 sienne.
3116 5662 3134 5696 ι
3186 5643 3515 5716 Αὸοιιαὲιςει.

1994 5720 2219 5794 (2)_Unc
2272 5720 2404 5775 lable
2454 5713 2798 5794 particuliere.
2847 5714 3135 5794 Deburius,
3176 5713 3517 5794 junior,._iu-

1923 5784 2065 5866 quit.
2090 5791 2416 5866 Utramque,
2450 5784 2494 5844 si
2532 5789 2638 5843 diis
2677 5787 2857 5857 placet
2882 5827 2896 5851 ,
2933 5784 3227 5843 editionem
3274 5788 3518 5846 manibus

1924 5860 2017 5927 ille
2040 5865 2263 5925 triverat
2285 5860 2307 5918 l’
2332 5860 2735 5920 Scultenna.

2864 5960 2961 6013 ιιι.
