3866 6278
445 365 594 405 LXVII

444 462 711 534 locuples)
759 459 985 531 «incipit
1034 457 1280 514 feliciter.
1311 474 1330 508 ι
1391 454 1740 512 Subnectitur
1782 451 2050 506 indiculns

449 567 825 615 contentorum
871 571 991 611 cum
1041 551 1298 608 brevibus
1343 548 1692 620 argumentis.
1741 547 1876 602 Sunt
1921 560 2051 600 vero

451 653 592 723 Epp.
621 646 960 708 tum—Ad
984 644 1269 714 Quirinum
1301 643 1420 698 libri
1446 640 1844 698 lres.—Sermo
1858 640 1919 692 Β.
1940 637 2052 693 Au-

448 746 648 817 gustini
684 745 752 799 de
780 743 840 798 Β.
873 740 1169 814 Cypriane.
1199 768 1271 779 —
1291 736 1476 792 Oratio
1503 737 1640 808 Cyp.
1675 733 1952 805 martyris.
1981 759 2052 772 ——-

445 841 577 898 Item
627 839 800 894 oratio
845 837 1086 906 ejusdem
1133 849 1293 906 quam
1345 832 1447 888 sub
1485 831 1576 886 die
1626 829 1897 899 passionis
1939 841 2053 882 sua:

448 933 600 990 dixit.
619 961 688 973 -——
711 929 900 985 Passio
925 928 986 983 Β.
1010 926 1286 1000 Cypriani.
1303 925 1493 982 ——Sex
1523 923 1645 978 libri
1676 923 1741 976 ad
1767 921 2049 990 Quirinum

444 1040 637 1098 agmen
659 1022 939 1080 claudunt.
969 1022 1247 1090 Occupant
1274 1018 1391 1074 haec
1420 1017 1544 1074 folia
1566 1032 1695 1072 xvm
1721 1031 1843 1071 cum
1873 1015 2051 1084 signa-

443 1117 580 1172 turis
609 1117 656 1172 Α
680 1125 734 1172 et
763 1115 807 1170 B
835 1130 905 1169 vr.
934 1113 1145 1169 Folium
1186 1127 1279 1167 nx
1327 1110 1507 1166 album
1560 1109 1672 1163 fere
1712 1115 1882 1162 totum
1913 1121 2050 1160 cou-

441 1208 668 1279 spicitur
689 1217 884 1277 praeter
909 1219 1097 1276 pauca,
1125 1219 1245 1274 quae
1274 1204 1329 1258 in
1356 1202 1565 1272 pagina:
1585 1198 1841 1255 secundat
1867 1205 2048 1254 extre—

443 1301 550 1356 mis
575 1313 640 1355 ex
667 1298 1000 1370 Hieronymo
1031 1296 1294 1366 impressa
1325 1294 1578 1364 leguntur
1610 1292 1713 1348 hoc
1743 1290 1933 1345 titulo:
1969 1287 2054 1342 Ex

447 1393 578 1448 libro
609 1393 738 1448 beati
774 1390 1081 1462 Hieronymi
1105 1389 1169 1443 de
1189 1389 1314 1444 viris
1340 1387 1652 1451 illustribus,
1681 1387 1746 1442 de
1781 1385 1924 1439 beato
1955 1383 2056 1454 Cy-

446 1487 652 1560 priane.
687 1487 956 1555 Incipiunt
983 1483 1226 1554 epistolae
1252 1498 1282 1537 a
1311 1481 1408 1537 fol.
1441 1496 1506 1536 xx
1553 1491 1608 1536 et
1652 1479 1996 1550 proferuntur
2023 1492 2053 1530 a

448 1577 742 1650 signaturis
774 1593 804 1632 a
839 1577 861 1632 Ι
887 1591 1057 1646 usque
1081 1574 1148 1630 ad
1178 1575 1224 1629 Β
1249 1574 1513 1630 inclusive
1537 1572 1718 1642 quinis
1745 1571 1913 1626 ferme
1940 1569 2053 1639 pla-

445 1671 589 1742 gulis
613 1669 880 1726 consertis
899 1666 1268 1738 subscriptum
1295 1681 1310 1719 :
1347 1684 1366 1718 i
1407 1665 1638 1736 Explicit
1657 1663 1902 1734 epistolae
1929 1662 2051 1733 glo-‘

444 1762 574 1816 riosi
609 1760 859 1831 martyris
902 1757 1153 1830 Cypriani
1177 1757 1324 1813 Cart.
1358 1757 1552 1826 episc.,
1575 1764 1769 1826 quanta
1795 1755 2050 1824 eloquen-

443 1846 516 1900 tia
531 1856 835 1917 quantaque
846 1844 1089 1899 doctrina
1108 1845 1250 1898 inter
1265 1842 1470 1898 cathol.
1487 1841 1740 1896 doctores
1755 1838 2050 1903 refulserit,

443 1938 685 2010 epistolae
713 1937 830 2008 ejus
847 1935 1287 2007 splendidissime
1305 1935 1596 1990 verborum
1617 1941 1811 1989 ornatu
1833 1941 2053 1987 senten-

441 2031 746 2100 tiarumque
778 2029 1026 2085 ubertate
1053 2028 1259 2098 optime
1286 2026 1665 2081 testiﬁcantur.
1700 2044 1719 2078 ι
1750 2024 1886 2079 Hinc
1911 2037 2052 2079 novo

441 2122 843 2194 signaturarum
901 2121 1093 2176 ordine
1142 2119 1264 2175 ΑΙ)
1322 2119 1712 2190 quaterniones
1754 2126 2055 2189 sequuntur

444 2214 548 2269 hac
574 2213 924 2283 inscriptione
950 2231 964 2268 :

445 2348 624 2412 Incipit
639 2347 875 2411 prologo:
897 2350 946 2398 in
961 2347 1128 2412 libros
1161 2347 1300 2412 beati
1339 2347 1569 2412 Cypriani
1609 2349 1856 2412 martyris
1883 2353 2054 2398 contra

507 2409 706 2484 {timens
732 2411 922 2484 editos.
948 2410 1040 2470 Qui
1075 2411 1276 2484 quidem
1302 2409 1536 2474 prolegus
1574 2417 1653 2462 est
1683 2409 1892 2476 epistola
1913 2423 2052 2473 qua!-

507 2471 620 2523 dam
643 2471 703 2523 ad
729 2473 988 2533 Quirinum
1014 2471 1214 2538 scripta.

447 2578 506 2634 In
531 2579 639 2635 line
670 2579 793 2634 libri
828 2598 842 2634 :

442 2690 663 2755 Explicit
673 2691 801 2742 liber
823 2693 1006 2755 tertius
1019 2691 1196 2743 Caecilii
1219 2690 1448 2755 Cypriani
1472 2691 1687 2755 gloriosi
1699 2696 1948 2755 martyris,
1976 2703 2051 2755 ar:

504 2753 1273 2816 cbiepiscOpiiCarthaginiensis,
1294 2753 1501 2803 eratoris
1525 2753 1958 2816 excellentissimi.
1980 2753 2048 2816 ad

506 2814 783 2876 Quirinum.
800 2815 854 2864 In
870 2829 969 2878 quo
990 2814 1134 2875 libro,
1154 2817 1286 2866 sicut
1299 2821 1350 2865 et
1370 2817 1419 2864 in
1438 2816 1634 2865 duobus
1651 2817 1914 2878 prioribus,
1927 2814 2054 2862 ﬁdes

500 2878 742 2929 catholica
763 2885 935 2941 contra
957 2878 1239 2928 Iudaeorum
1263 2878 1522 2941 perﬁdiam
1549 2886 1602 2928 et
1615 2878 1888 2941 gentilium
1914 2889 2053 2941 erro-

500 2953 587 2990 res
608 2952 854 2990 sacrarum
880 2939 1241 3002 Scripturarum
1268 2939 1577 2989 testimoniis
1601 2939 1865 2990 fertissime
1891 2940 2052 2988 muni-

503 3011 585 3053 tur
609 3007 664 3053 et
679 2999 1042 3052 corroboratur.
1057 2999 1169 3050 Deo
1186 3002 1392 3063 gratias.

512 3111 871 3166 Characteres
903 3118 1154 3181 typorum
1184 3107 1386 3162 similes
1413 3122 1535 3163 esse
1577 3107 1643 3162 iis
1689 3123 1808 3178 quae
1840 3109 1894 3163 in
1935 3105 2052 3162 edi-

425 3203 588 3261 ‘tione
614 3202 929 3259 Ofﬁciornm
962 3199 1240 3257 Ciceronis
1278 3199 1610 3271 Moguntina,
1642 3201 1802 3268 1465,
1836 3199 2054 3270 conspi-

444 3297 654 3354 ciantur
685 3301 881 3364 praeter
921 3293 1132 3347 litteras
1177 3306 1380 3362 paucas
1424 3291 1747 3361 majusculas
1787 3291 2052 3346 Deburius

445 3403 560 3445 seu.
592 3389 680 3458 qui
722 3385 1130 3441 accuratissime
1172 3381 1312 3439 hanc
1342 3383 1636 3440 editionem
1682 3384 1968 3454 descripsit
1999 3384 2051 3437 in

448 3479 562 3535 Cat.
605 3477 668 3532 de
696 3479 745 3531 la
770 3476 907 3532 Bibl.
932 3476 1002 3530 du
1022 3477 1119 3530 duc
1146 3475 1210 3530 de
1248 3476 1299 3530 la
1337 3473 1480 3541 Val.,
1505 3484 1635 3531 tom.
1666 3493 1718 3544 ι,
1747 3491 1800 3547 p.
1842 3475 1935 3530 151
1967 3487 2048 3545 sq.

443 3572 695 3628 affirmat.
751 3571 939 3626 Media:
992 3578 1118 3625 sunt
1161 3571 1308 3625 inter
1355 3568 1628 3640 gothicum
1675 3579 1728 3623 et
1768 3582 2050 3623 romanum

445 3663 834 3721 characterem.
865 3663 1089 3732 Propter
1123 3661 1322 3718 librum
1354 3660 1568 3717 tertium
1596 3657 2050 3716 Testimoniorum

447 3758 710 3813 adversus
752 3755 966 3811 Judteos
1003 3754 1071 3811 ad
1110 3755 1250 3810 hanc
1290 3755 1581 3810 editionem
1620 3753 1827 3808 adverti
1867 3753 2050 3817 velim,

449 3867 574 3908 cum
602 3852 763 3922 vulgo
793 3852 997 3922 primus
1023 3867 1088 3905 ex
1129 3851 1251 3906 cod.
1299 3866 1400 3904 ms.
1437 3859 1667 3904 monast.
1699 3847 2053 3903 Gemblacen-

449 3943 523 3998 sis
562 3943 808 3998 emisisse
852 3943 1191 3999 existimetur
1234 3943 1511 3998 Erasmus.
1560 3940 1739 3997 Editio
1767 3940 1884 3996 hrec
1916 3941 2052 3997 adeo

450 4049 552 4092 nec
599 4034 824 4090 Erasmo
869 4035 1100 4090 innotuit
1145 4049 1245 4090 nec
1287 4033 1555 4090 editorum
1587 4035 1895 4103 sequiorum
1936 4032 2050 4101 uili,

449 4134 646 4197 praeter
663 4125 984 4192 Pamelium,
1005 4125 1257 4198 quiquod
1275 4141 1341 4180 ex
1359 4124 1761 4196 comparatione
1785 4133 2045 4180 annotatt.

452 4220 573 4291 ejus
610 4219 676 4274 ad
703 4219 921 4274 tertium
952 4217 1097 4275 hunc
1117 4217 1313 4274 librum
1347 4218 1547 4282 discas,
1580 4226 1640 4272 ut
1664 4215 1817 4272 multi
1850 4217 2049 4287 potius,

451 4317 539 4386 qui
557 4329 715 4370 manu
731 4314 1032 4370 versavisse
1048 4312 1166 4384 ejus
1184 4311 1462 4383 exemplar
1495 4309 1723 4383 professi
1744 4319 1893 4374 sunt,
1915 4321 2050 4364 con-

448 4416 653 4463 stanter
681 4407 908 4462 duorum
961 4415 1167 4462 tantum
1217 4405 1485 4460 adversus
1528 4402 1744 4461 Iudaeos
1789 4403 2050 4459 librorum

453 4503 778 4558 mentionem
833 4501 1076 4567 faciant,
1128 4497 1370 4570 aliosque
1427 4500 1588 4553 etiam
1645 4497 2052 4566 circumspecta:

451 4595 648 4651 mentis
693 4595 839 4648 viros
892 4594 946 4647 in
996 4601 1177 4660 partes
1225 4588 1510 4645 traxerint.
1562 4588 1824 4642 Nimirum
1871 4599 2051 4644 autem

451 4687 594 4743 aliud
626 4688 710 4741 hic
738 4686 900 4751 latet;
924 4685 1121 4754 duplex
1143 4690 1320 4738 exstat
1347 4682 1514 4738 editio
1543 4682 1897 4746 innominata,
1924 4698 2053 4753 qua-

453 4795 571 4834 rum
605 4780 849 4842 alteram,
879 4789 1037 4846 quam
1061 4775 1173 4845 jam
1215 4771 1607 4843 descripsimus
1637 4773 1928 4830 adhibitam
1958 4790 2053 4830 seu

453 4871 719 4941 cognitam
756 4869 998 4923 dicemus
1041 4865 1309 4920 editorum
1359 4863 1620 4920 hactenus
1663 4867 1830 4933 nulli;
1860 4863 2050 4934 altera,

457 4961 530 5018 de
556 4976 660 5032 qua
689 4962 867 5015 statim
909 4969 1240 5028 esponamus
1267 4999 1281 5021 ,
1315 4957 1553 5012 omnium
1585 4965 1682 5014 ore
1709 4959 1928 5028 iactata,
1957 4958 2054 5012 sed

453 5057 576 5127 quia
601 5068 672 5109 ne
702 5054 868 5108 verbo
911 5051 1126 5122 quidem
1171 5049 1501 5104 describeret
1548 5051 1758 5121 aliquis,
1801 5065 2055 5122 magnum

453 5162 694 5204 errorem
723 5144 950 5214 peperit.
983 5141 1273 5206 Pamelius,
1303 5141 1393 5212 qui
1421 5141 1551 5195 nihil
1581 5141 1813 5211 amplius
1836 5142 2054 5211 quidem

453 5241 636 5298 retulit
659 5237 729 5293 de
757 5253 842 5304 ea,
879 5251 1036 5304 quam
1066 5236 1248 5290 statim
1283 5244 1407 5306 post
1439 5237 1709 5290 inventam
1748 5243 1922 5290 artem
1965 5243 2053 5306 ty-

455 5333 835 5408 pographicam
887 5345 1138 5386 excusam
1187 5329 1378 5397 videri,
1427 5340 1617 5386 censet
1662 5337 1842 5384 tamen
1883 5329 2056 5384 multo

456 5429 667 5485 Erasmi
694 5426 1118 5497 ’caStigatiorem.

530 5521 720 5575 Enirlo
752 5534 1068 5574 INNOMINATA
1104 5517 1166 5572 II.
1195 5547 1266 5558 --
1287 5517 1416 5573 Sine
1444 5517 1565 5571 loco
1589 5523 1646 5570 et
1675 5529 1838 5578 anno,
1871 5512 2051 5567 in-fol.

454 5613 652 5684 lueipit
681 5611 747 5667 ab
773 5609 948 5669 indice
969 5615 1350 5667 con‘tentorum
1377 5610 1640 5679 inscripto
1667 5625 1679 5660 :

453 5788 633 5862 Caecilii
654 5787 882 5860 Cypriani
898 5787 1117 5891 episcOpi
1143 5781 1542 5854 Carthaginensis
1559 5785 1613 5852 et
1633 5778 2052 5891 mamrisdignis-

515 5867 622 5891 mm
648 5851 758 5891 lum
786 5861 838 5891 ρι
864 5863 928 5891 en
947 5846 1167 5891 stolm.—
1180 5846 1428 5891 Incipiunt
1446 5840 1678 5891 fehciter.
1802 5839 2048 5890 Donatum

515 5839 624 5904 simi
648 5839 760 5901 libri
786 5861 838 5901 et
864 5839 1167 5912 epistolaé.-—
1180 5839 1428 5906 Incipiunt
1446 5840 1678 5892 feliciter.
1704 5839 1779 5891 Ad
1802 5839 2048 5890 Donatum

1893 335 2281 395 ΡΒΛΕΕΑΤΙΟ.

3580 344 3722 388 ιιηιι

2212 449 2278 497 de
2292 444 2604 496 Vanitatibus
2627 449 2679 508 et
2695 443 3005 508 Spectaculis
3029 442 3122 507 (ι).
3152 468 3214 480 -
3230 439 3721 508 έε-ῡθωᾳιςὶξηυω.

2215 537 2276 545 ——
2296 508 2372 556 De
2398 508 2596 570 pietatis
2619 497 2785 570 Opere
2812 513 2864 556 et
2886 497 3204 570 Eleemo'syna
3216 497 3366 570 _XIII_.
3396 532 3458 570 -_-—
3477 501 3550 552 Ad
3568 501 3725 570 fomi-

2215 582 2382 620 natnm
2398 565 2468 619 'de
2493 565 2848 619 Exhortatione
2872 565 3202 631 martyriiC—i
3216 567 3294 617 De
3332 566 3454 617 Zelo
3467 570 3530 631 et
3567 565 3720 631 livore.

2219 661 2279 668 -——
2297 632 2374 682 De
2396 632 2534 682 Bono
2558 632 2824 694 patientiae.
2849 657 2912 668 --
2933 627 3012 694 De
3036 630 3353 694 glortalitate.
3370 655 3443 694 ς-
3466 627 3723 694 Donabin

2219 697 2480 757 virginum.
2503 689 2569 732 -ξ
2590 693 2664 743 Ad
2688 692 2931 757 Caecilium
2952 693 3016 741 de
3030 692 3351 757 Sacramento
3370 689 3726 757 Dominicicait-

2219 751 2374 819 cisfﬂ)
2386 757 2533 806 .—-Ad
2541 769 2712 805 versus
2728 755 3046 819 Novatianum
3062 755 3428 819 schismgticum
3440 753 3507 802 de
3522 751 3726 819 Ecclesia

2223 815 2590 869 imitate—De
2616 818 2947 881 Lapsis._——De
2973 817 3211 881 Oratione
3239 816 3590 881 Dominica.—
3608 815 3725 881 Quod

2221 881 2351 930 idola
2369 882 2437 931 dii
2461 895 2557 931 non
2580 877 2700 931 sint:
2722 908 2782 916 —
2804 879 2881 934 De
2902 878 3262 941 Singularium
3273 877 3580 941 clericorum
3601 877 3727 940 (3).—

2218 942 2294 993 De
2323 946 2569 993 montibus
2590 944 2706 994 Sina
2747 949 2802 993 et
2825 944 2947 994 Sion
2981 940 3222 992 adversus
3259 940 3460 992 ludens
3482 940 3578 1000 (ὁ).
3603 942 3726 988 —Ad

2221 1005 2602 1061 Anthonianum,
2628 1006 2694 1055 de
2716 1005 2947 1056 Cornelio
2971 1011 3023 1055 et
3046 1002 3319 1067 Novatiano
3345 1002 3442 1067 (5).
3467 1002 3626 1067 -‘_—_Ad
3641 1002 3728 1052 Thi-

2219 1069 2466 1132 haritanos
2487 1068 2827 1118 Exhortatorin
2851 1065 3106 1132 (BL—“Ad
3132 1064 3380 1132 Magnum,
3403 1065 3471 1132 de
3495 1064 3578 1115 his
3598 1067 3673 1127 qui
3693 1068 3727 1113 in

2219 1129 2350 1179 lecto
2373 1127 3171 1193 gratiamconsequuntur_(7).-7
3191 1127 3268 1193 id
3287 1127 3568 1193 Quirinum,
3591 1137 3727 1176 contra

2217 1189 2412 1242 Judzeos
2435 1191 2548 1242 libri
2571 1192 2688 1242 duo.
2710 1189 3198 1255 IncipiuntEpiStole
3221 1189 3350 1242 Cm.
3375 1189 3545 1253 Cypr.,
3565 1193 3658 1240 etc.

2155 1276 2212 1331 In
2242 1275 2348 1331 fine
2375 1295 2386 1328 :

2155 1367 2440 1487 Expliciunt
2452 1368 2683 1443 Epistplze
2708 1367 2832 1420 Caec.
2848 1366 3012 1434 Cypr.,
3027 1367 3233 1443 etc.,.nil
3251 1366 3479 1430 amplius.
3533 1428 3546 1441 .

2274 1431 2522 1486 haracter
2568 1433 2862 1486 litterarum
2895 1439 2979 1487 est
3019 1432 3286 1487 notlucns.
3319 1439 3501 1484 textus
3533 1445 3546 1484 l

2274 1431 2522 1486 haracter
2568 1433 2862 1486 litterarum
2890 1431 2979 1487 est
3019 1431 3286 1501 gothicns.
3319 1439 3501 1484 textus
3533 1431 3732 1501 impres-

2155 1469 2268 1559 sn;
2276 1512 2358 1558 est
2394 1469 2872 1567 columnisls‘elztis,
2895 1469 3408 1573 3533631365?
3423 1469 3728 1572 plagulsz
3823 1499 3827 1574 ξ

2155 1585 2536 1645 quaternarum
2564 1573 2632 1630 ab
2655 1574 2719 1629 A.
2756 1573 2867 1628 IIII.
2897 1602 2968 1614 ——
2990 1574 3056 1629 Β.
3081 1573 3175 1630 III.

2773 1679 2999 1722 SBCULO
3037 1680 3144 1721 XVI.

2888 1757 3051 1815 1500.

2227 1851 2326 1907 Ει).
2353 1851 2683 1908 PARISIENSIS
2721 1849 2762 1906 ι.
2804 1849 3134 1918 Parrhisiis,
3177 1850 3317 1921 apud
3365 1849 3630 1907 Jodocnm
3657 1850 3730 1905 Ba-

2158 1946 2326 2002 dium.
2357 1946 2613 2018 Cypriani
2637 1945 2880 2017 epistolae
2900 1955 2955 2000 et
2975 1943 3235 2016 opuscula
3254 1952 3518 2000 tractatus
3536 1943 3601 2000 de
3625 1941 3729 1999 Car-

2154 2037 2425 2094 dinalibus
2454 2037 2656 2094 Christi
2697 2037 2972 2110 operibus.
3010 2037 3088 2093 De
3117 2035 3216 2091 hac
3241 2035 3487 2092 editione
3513 2051 3618 2093 non
3651 2034 3728 2091 nisi

2157 2145 2252 2200 per
2277 2131 2618 2200 conjecturas
2668 2139 2907 2186 statuere
2945 2130 3094 2185 licet.
3142 2127 3556 2186 Commemorat
3578 2128 3730 2186 Fabri-

2153 2223 2267 2280 cius
2287 2223 2340 2278 in
2372 2223 2485 2278 Del.
2519 2223 2619 2279 SS.
2654 2238 2751 2294 pro
2776 2223 2904 2278 Ver.
2933 2223 2999 2279 R.
3024 2221 3152 2278 Chr.
3178 2237 3230 2294 p.
3258 2222 3396 2291 222,
3427 2223 3622 2280 librum
3643 2222 3727 2294 Cy-
3825 2213 3827 2274 ί

2153 2318 2344 2387 priano
2395 2317 2725 2387 adscriptum
2775 2317 2844 2372 de
2892 2317 3275 2374 Cardinalibus
3324 2317 3534 2375 Christi
3584 2315 3729 2391 operi-
3825 2311 3827 2316 “

2153 2410 2282 2478 bus,
2310 2419 2438 2477 etc.,
2471 2411 2644 2466 Paris.
2701 2411 2840 2469 l500
2883 2411 3110 2478 editum,
3145 2411 3290 2466 nulla
3323 2421 3588 2482 praeterea
3609 2452 3623 2480 ,
3649 2424 3727 2466 nec

2153 2503 2471 2575 bibliopola:
2497 2519 2600 2560 nec
2626 2503 2946 2576 typographi
2979 2521 3078 2560 nec
3104 2506 3172 2560 de
3211 2504 3450 2561 editione
3471 2506 3587 2577 ipsa
3609 2519 3730 2560 men-

2155 2599 2300 2652 tione
2328 2598 2528 2654 addita.
2581 2598 2838 2655 Erasmus
2864 2614 2994 2655 vero
3024 2601 3077 2653 in
3107 2599 3458 2654 annotatione
3505 2600 3576 2655 ad
3603 2614 3727 2655 eum-

2151 2691 2275 2745 dem
2318 2691 2512 2746 Iibrum
2556 2691 2777 2748 editioni
2828 2707 2942 2747 suae
2987 2691 3246 2748 insertum
3293 2692 3541 2748 meminit
3589 2691 3732 2749 aedi

2155 2783 2314 2837 tionis
2356 2783 2646 2850 Badianaa,
2695 2785 2748 2838 in
2792 2800 2898 2855 qua
2949 2794 3258 2855 separatum
3308 2785 3604 2841 habebatur
3638 2785 3735 2840 hoc

2153 2888 2290 2944 Opus
2345 2891 2372 2927 a
2429 2875 2639 2946 reliquo
2693 2876 2988 2932 volumine.
3023 2897 3042 2930 ι
3100 2876 3218 2932 Jam
3276 2875 3463 2932 Badius
3515 2878 3732 2947 primum

2153 2983 2297 3022 anno
2348 2968 2526 3034 150ομ,
2585 2969 2806 3025 Parisiis
2854 2971 3132 3027 librariam
3180 2987 3434 3028 exercere
3475 2971 3729 3041 librosque

2154 3061 2411 3118 emittere
2457 3063 2622 3132 coepit
2652 3063 2856 3136 (Μαίη.
2885 3072 2926 3119 t.
2957 3080 3025 3130 ιι,
3051 3064 3178 3138 75).
3213 3063 3423 3136 Collige
3467 3077 3593 3135 ergo
3629 3059 3718 3116 Pa-

2154 3154 2437 3209 risiensem
2470 3154 2636 3220 illam,
2686 3171 2846 3225 quam
2876 3155 3156 3214 Fabricius
3185 3159 3432 3223 notavit,
3459 3151 3724 3214 editionem

2153 3261 2276 3302 esse
2292 3245 2615 3312 Badianam;
2643 3263 2742 3302 nec
2769 3264 2897 3304 vero
2928 3249 3071 3304 istud
3097 3249 3272 3304 solum
3297 3241 3727 3320 opusculum,sed

2151 3341 2328 3410 plura,
2363 3337 2545 3396 forsan
2577 3341 2742 3396 etiam
2797 3341 3058 3412 epistolas
3090 3342 3343 3413 Cypriani
3368 3353 3492 3398 esse
3517 3337 3730 3411 comite—

2155 3450 2278 3488 xam
2302 3452 2315 3499 ;
2339 3435 2482 3489 tamd
2493 3434 2544 3490 iu
2563 3446 2745 3489 autem
2759 3450 2789 3490 a
2803 3434 3340 3490 recensueditionum
3362 3433 3618 3506 Cypriani
3633 3443 3731 3488 eam

2153 3524 2361 3596 sejungi
2394 3526 2578 3592 velim,
2597 3526 2774 3594 donec
2805 3527 3010 3581 certius
3039 3525 3242 3596 aliquid
3261 3527 3365 3582 erit
3391 3532 3730 3596 compertum.

2869 3620 3027 3676 1501.

2228 3712 2324 3768 En.
2352 3710 2576 3768 Veners
2600 3713 2638 3769 l.
2666 3714 2882 3778 Venet.,
2908 3727 2992 3782 ap.
3028 3711 3272 3777 Aldum.,
3301 3710 3470 3768 εει-4ο.
3503 3706 3733 3784 Cypriani

2151 3806 2383 3862 Carmen
2429 3807 2497 3862 de
2528 3807 2697 3878 Ligno
2747 3806 2935 3862 Crucis
2962 3825 2974 3860 :
3000 3806 3143 3861 inter
3189 3815 3377 3875 poetas
3418 3805 3736 3861 Christianos

2154 3897 2290 3972 (Cat.
2327 3898 2465 3955 Bibl.
2498 3901 2771 3967 Coeant,
2801 3912 2935 3956 tom.
2961 3916 3019 3965 II,
3044 3913 3163 3971 pag.
3195 3898 3346 3967 525).

2791 4021 3034 4066 CLASSIS
3079 4017 3150 4062 Ῑῐ.

2387 4103 2462 4158 Ab
2487 4104 2713 4159 editione
2733 4103 3090 4160 Rembolliana
3125 4102 3194 4156 ad
3229 4098 3546 4157 Erasmicas.

2882 4195 3038 4252 1512.

2229 4292 2325 4348 En.
2360 4291 2770 4347 Rannocrum.
2823 4289 2923 4344 En.
2974 4289 3326 4353 PARISIENSIS.
3388 4285 3453 4342 II.
3516 4281 3736 4345 Parisiis,

2155 4383 2327 4438 in-I°.
2357 4382 2663 4438 Beatissimi
2709 4379 2907 4436 Caecilii
2966 4381 3220 4453 Cypriani
3240 4377 3740 4449 Carthaginensium

2155 4477 2425 4547 prmsulis,
2445 4476 2698 4543 oratoris,
2726 4473 2984 4545 verbique
3011 4472 3181 4529 divini
3203 4474 3472 4534 praeconis
3496 4472 3743 4543 eloquen-

2158 4567 2349 4621 tissimi
2383 4585 2396 4621 :
2428 4582 2491 4621 ac
2521 4566 2644 4621 triui
2677 4565 2942 4635 uniusque
3004 4563 3097 4618 Dei
3134 4563 3552 4633 proclamatoris
3594 4557 3749 4615 vehe-

2156 4661 2479 4716 mentissimi
2535 4674 2700 4730 opera
2741 4659 2867 4715 hinc
2914 4657 3042 4714 inde
3093 4667 3357 4727 recepta,
3412 4665 3467 4712 et
3507 4656 3558 4710 in
3586 4664 3742 4708 mum

2155 4755 2350 4825 vigiliis
2378 4762 2432 4808 et
2457 4754 2762 4822 sumptibus
2791 4751 3036 4824 magistri

2153 4868 2409 4920 Bertholdi
2430 4867 2656 4918 Rmou
2681 4875 2734 4918 et
2747 4866 2953 4916 Joannis
2977 4865 3299 4922 Wuenmes,
3322 4855 3750 4924 calcograpborntn

2228 4973 2534 5048 (t)_Post_ea
2579 4974 2718 5048 inter
2733 4973 3013 5048 epistolas
3039 4971 3244 5048 relatus
3273 4984 3300 5023 a
3337 4967 3576 5048 Pamelio
3602 4981 3658 5048 n.
3695 4963 3747 5048 ξ.

2157 5053 2209 5100 et
2231 5039 2538 5108 in'Beued.,
2565 5064 2618 5100 n.
2648 5047 2691 5100 1.
2722 5039 3046 5100 Οέοιιὶρηδὶε
3067 5043 3243 5099 editor
3272 5053 3448 5094 tamen
3481 5039 3751 5106 inscripsit

2157 5115 2353 5171 librum
2381 5117 2443 5170 de
2473 5117 2651 5170 Gratia
2691 5115 2817 5183 Dei,
2865 5133 2920 5186 p.
2947 5116 2972 5170 1
3002 5157 3018 5182 ,
3068 5115 3158 5170 ubi
3189 5111 3390 5169 videsis
3425 5109 3586 5166 docta
3639 5109 3751 5178 ejus

2158 5197 2430 5243 annotata.
2459 5188 2868 5246 δοιιαῑΝΕυΑΝΝ.

2232 5259 2308 5331 (2)
2368 5259 2558 5315 Postea
2609 5263 2750 5314 inter
2788 5275 2912 5330 cpp.
2962 5257 3163 5313 relatus
3212 5255 3266 5311 in
3297 5249 3387 5311 ed.
3440 5247 3649 5307 Pamel.
3701 5255 3754 5304 et

2157 5329 2332 5385 Oxon.
2368 5347 2517 5386 mn.
2562 5331 2788 5386 Senam.

2229 5404 2308 5474 (5)
2337 5402 2530 5474 Postea
2557 5401 2721 5474 Cypr.
2748 5399 3102 5474 abjudicatus.
3137 5395 3361 5474 Sangam.

2229 5470 2310 5546 (.l)
2349 5470 2616 5546 Cypriane
2639 5470 2972 5546 ahjudicatus
3002 5479 3212 5546 postea;
3239 5470 3463 5546 SCﬂtEN.

2236 5531 2311 5615 '(33
2353 5531 2497 5598 Inter
2534 5559 2660 5615 epp.
2703 5531 2908 5600 relatus
2957 5531 3015 5598 in'
3056 5541 3143 5597 ed.
3178 5539 3384 5597 Pamel.
3412 5553 3505 5603 LV,
3533 5531 3714 5590 OxOn.
3742 5569 3756 5595 .

2161 5632 2250 5671 LII.
2289 5631 2510 5671 δεηωκ.

2232 5685 2310 5759 (6)
2350 5687 2568 5742 Relatus
2614 5683 2754 5742 inter
2803 5693 2929 5756 epp.
2974 5679 3218 5748 Pamel.,
3249 5677 3616 5804 LVIIlécgégn.
3645 5687 3756 5733 ut.

3407 5764 3584 5806 CICEN.

2241 5828 2319 5899 (7Q
2365 5827 2500 5898 Epp.
2533 5826 2682 5882 Pam.
2714 5824 2986 5894 thx,0x.
3022 5836 3207 5881 Lxxvt.
3251 5819 3474 5877 Scauri.
