3876 6282
408 334 536 380 LXXI

404 422 581 469 natus.
602 409 753 467 Hanc
769 409 974 466 notavit
1003 407 1257 475 Sandius,
1292 424 1345 481 p.
1376 407 1479 477 42;
1510 407 1675 481 pleno
1707 406 1862 463 titulo
1891 407 2008 461 lau-

404 503 550 559 davit
578 501 932 573 Hamberger,
962 516 1017 571 p.
1048 502 1175 569 599,
1206 510 1244 556 t.
1276 516 1342 567 ιι,
1376 510 1575 570 praeter
1601 500 1700 557 hos
1727 508 1904 555 autem
1939 496 2009 552 ab

405 596 660 654 omnibus
684 596 931 667 ignorata
962 605 1056 652 aut
1084 581 1326 664 neglecta
1357 590 1481 649 fuit.

1139 683 1301 740 1522.

476 780 577 836 En.
609 778 887 835 ERASIICA
927 776 1016 833 IV.
1066 775 1226 847 Apud
1274 776 1530 849 inclytam
1574 774 1873 831 Coloniam.
1923 771 2010 829 Io.

406 873 567 931 Soter
595 870 894 927 excudebat
935 882 1123 925 mense
1152 868 1381 933 martio,
1422 868 1457 921 2
1498 867 1605 922 vol.
1638 864 1804 920 in-8°.
1836 863 2015 934 Opera

407 968 470 1022 D.
502 966 644 1023 (ἷξες.
685 965 749 1020 C.
781 964 844 1020 E.
877 961 938 1019 C.
975 961 1235 1018 Volumen
1281 961 1517 1033 primum
1547 974 1616 1016 ex
1644 956 2017 1029 recognitione

406 1058 619 1116 Erasmi
651 1058 772 1111 Rot.
803 1054 910 1109 vol.
944 1069 1004 1121 ιι,
1052 1054 1233 1108 varios
1261 1052 1633 1122 complectens
1661 1060 1715 1105 et
1755 1057 2017 1106 tractatus

407 1160 463 1206 et
488 1162 768 1205 sermones
792 1188 808 1215 ,
850 1160 1080 1217 quorum
1111 1144 1209 1201 tibi
1250 1144 1555 1216 catalogum
1593 1156 1831 1213 sequens
1858 1140 2018 1198 exhi-

408 1244 556 1300 bebit
582 1241 813 1313 pagella,
830 1249 964 1310 etc.,
985 1248 1091 1297 etc.

1121 1310 1284 1366 1525.

476 1404 576 1460 En.
608 1401 883 1459 Eassntca
915 1400 981 1456 ν.
1022 1400 1184 1467 Ibid.,
1214 1416 1312 1472 per
1338 1396 1522 1456 eumd.
1557 1398 1772 1470 (mense
1797 1395 2020 1452 februa-

403 1495 509 1567 rio)
539 1496 717 1551 in-fol.
750 1496 928 1565 Opera
960 1493 1289 1549 sanctissimi
1307 1489 1620 1547 Mart.Caec.
1642 1489 1807 1562 Cypr.
1837 1489 2021 1559 Episc.

408 1588 619 1656 Carth.,
648 1587 758 1658 jam
788 1587 1006 1643 tertium
1033 1586 1221 1653 habes,
1250 1586 1439 1652 lector,
1459 1601 1489 1640 a
1518 1584 1731 1640 mendis
1756 1598 2023 1654 repurga-

408 1684 566 1751 tiora,
596 1698 664 1738 ex
692 1682 963 1738 variarum
984 1680 1281 1738 editionum
1311 1695 1373 1736 ac
1416 1679 1905 1736 vetustissimorum
1930 1691 2024 1732 co-

408 1776 590 1834 dicum
621 1776 933 1843 collatione,
966 1776 1193 1847 adjectis
1225 1772 1489 1845 pluribus,
1519 1786 1641 1842 quae
1666 1771 1883 1842 vulgata
1912 1784 2024 1826 non

408 1869 642 1937 fuerant,
673 1870 982 1937 annotatis,
1026 1884 1147 1939 quae
1192 1867 1281 1922 vel
1330 1865 1495 1921 notha
1545 1864 1891 1932 ferebantur,
1936 1863 2024 1921 vel

412 1963 682 2033 ambigua,
711 1960 892 2017 etudio
916 1974 1151 2030 curaque
1184 1958 1246 2012 D.
1282 1956 1495 2013 Erasmi
1523 1955 1895 2013 Rote‘rodami.

1140 2049 1299 2107 1527.

416 2202 417 2209 η
490 2149 776 2221 Ηθεειιιοω,
792 2146 851 2205 S.
868 2144 1171 2219 Cyprianus
1199 2144 1267 2201 de
1288 2142 1816 2218 Eucharistia.(Bibl.
1840 2140 2026 2215 Barb.)

1142 2236 1306 2293 1528.

484 2336 587 2394 En.
620 2336 995 2393 Luconususus
1031 2331 1073 2389 Ι.
1106 2330 1396 2404 Lugduni,
1448 2330 1588 2405 apud
1639 2329 1767 2389 Seb.
1816 2328 2026 2402 Gryph.

420 2432 459 2490 2
487 2431 593 2487 vol.
625 2429 795 2486 in-8°.
827 2426 1039 2484 Fabric.
1073 2425 1204 2483 220.

1139 2498 1304 2553 1528.

493 2594 622 2653 Sine
642 2593 765 2651 loco
791 2592 965 2651 ιιι-12.
996 2590 1299 2663 Cyprianus
1326 2590 1395 2648 de
1420 2590 1677 2650 Oratione
1692 2590 2027 2650 dominicali.

430 2689 600 2752 (Mus.
629 2687 805 2760 Brit.)
862 2758 865 2761 Ἴ
1131 2755 1295 2815 1550.

496 2855 599 2912 En.
630 2853 903 2911 Eussnex
932 2850 1022 2907 VI.
1052 2850 1175 2905 Bas.
1205 2864 1274 2905 ex
1324 2848 1416 2904 off.
1450 2847 1685 2905 Froben.
1729 2847 1911 2905 in-fol.
1955 2875 2030 2890 —-

429 2951 605 3021 Opera
626 2948 739 3018 jam
760 2954 1007 3017 quartum
1029 2942 1351 2999 accuratiori
1369 2941 1640 3013 vigilantia
1658 2955 1687 2995 a
1702 2939 1915 2997 mendis
1936 2955 2028 2997 re-

428 3051 651 3113 purgata
686 3054 783 3110 per
805 3038 931 3093 Des.
964 3035 1249 3092 Erasmum
1281 3034 1408 3091 Rot.
1432 3034 1679 3090 Accessit
1701 3033 2027 3103 liherejusd.

431 3135 674 3208 apprime
694 3133 812 3204 pius
825 3131 891 3187 ad
904 3131 1256 3187 Fortunatum
1282 3129 1350 3185 de
1375 3128 1575 3199 duplici
1596 3127 1851 3199 Martyrio
1878 3134 2034 3184 ante-

431 3230 535 3285 hac
564 3240 856 3296 numquam
881 3237 1132 3279 excusus.
1164 3222 1304 3294 (Cat.
1333 3220 1471 3275 Bibl.
1494 3219 1567 3275 du
1593 3220 1659 3276 R.
1689 3235 1744 3290 p.
1769 3218 1921 3291 565.)

504 3320 644 3375 Dicit
680 3317 943 3373 Erasmus
979 3330 1039 3372 se
1078 3314 1225 3371 hunc
1265 3322 1551 3368 tractatum
1578 3313 1633 3368 in
1666 3311 2034 3369 vetustissima

430 3412 766 3472 bibliotheca
818 3410 1113 3466 invenisse.
1168 3409 1275 3465 Sed
1329 3408 1592 3464 artificem
1642 3407 1805 3478 hujus
1861 3407 2033 3464 libelli

433 3507 768 3580 ipsissimqu
806 3518 929 3560 esse
958 3502 1262 3568 Erasmum,
1286 3516 1351 3556 ac
1380 3500 1580 3571 ingenii
1603 3501 1685 3555 sui
1722 3514 1859 3570 opus
1907 3499 2035 3555 sub-

438 3599 645 3656 didisse
689 3594 1006 3667 pronuntiat
1062 3593 1328 3648 Henricus
1390 3590 1663 3660 Gravius,
1706 3592 1793 3646 cui
1844 3605 2035 3647 assen-

436 3692 543 3749 tire
594 3689 851 3746 videntur
894 3685 1170 3741 Pamelius
1223 3694 1278 3741 et
1306 3683 1635 3740 Ceillierius.
1688 3683 1849 3739 Certe
1900 3683 2034 3740 hac-

431 3795 591 3842 tenus
640 3796 742 3838 nec
796 3779 1145 3846 bibliotheca,
1199 3791 1264 3831 ex
1295 3791 1401 3847 qua
1448 3775 1592 3831 hunc
1631 3775 1871 3831 libellum
1897 3777 2039 3833 eruit

434 3878 696 3935 Erasmus
741 3875 953 3944 cognita
995 3871 1245 3942 cuiquam
1290 3869 1436 3938 fuit;
1478 3883 1580 3925 nec
1625 3868 1820 3935 codex,
1846 3884 2039 3939 quose

436 3986 598 4027 usum
624 3982 747 4024 esse
772 3964 999 4030 indicat,
1022 3963 1339 4033 cujusquam
1370 3960 1424 4015 in
1454 3975 1645 4015 manus
1672 3960 1941 4030 pervenit.
1970 3960 2040 4017 Et

437 4074 551 4126 res,
586 4069 642 4116 et
670 4055 840 4113 verba
894 4053 1094 4125 stylum
1124 4051 1336 4107 Erasmi
1368 4050 1635 4117 redolent,
1667 4058 1720 4105 et
1741 4050 1883 4121 quod
1914 4065 2038 4106 sus-

437 4157 706 4228 picionem
730 4150 900 4220 magis
955 4155 1134 4219 auget,
1166 4145 1424 4201 nonnulla
1478 4143 1768 4213 Scriptura:
1798 4144 2042 4201 testimo-

439 4250 549 4315 nia,
580 4256 636 4302 ut
664 4245 919 4301 observat
943 4238 1232 4304 Pamelius,
1286 4238 1359 4292 ita
1391 4250 1613 4307 prorsus
1664 4238 1716 4291 in
1751 4236 1852 4292 hoc
1877 4237 2038 4305 libro,

439 4351 500 4397 ut
549 4341 602 4395 in
669 4336 789 4390 aliis
858 4333 1068 4389 Erasmi
1142 4328 1647 4386 elucubrationibus
1714 4330 2037 4387 redduntur.

441 4431 698 4500 Lumper,
734 4425 873 4481 Hist.
905 4423 1143 4493 theolog.
1173 4421 1299 4476 crit.
1330 4420 1462 4489 PP.,
1488 4428 1528 4476 t.
1549 4437 1649 4490 xu,
1679 4435 1730 4492 p.
1756 4422 1883 4479 587.

1164 4514 1325 4571 1555.

516 4615 614 4672 Ει).
642 4623 1023 4670 wenuususrs.
1050 4607 1115 4664 II.
1151 4605 1350 4677 Lugd.,
1369 4607 1509 4678 apud
1540 4607 1845 4682 Gryphum,
1874 4608 2042 4678 in-8°,

445 4707 676 4767 teSIibus
698 4703 955 4775 Dupinio,
982 4699 1257 4758 Ceillierio
1276 4708 1332 4755 et
1348 4699 1604 4773 Lumper.

1164 4791 1325 4856 1557.

514 4894 615 4951 Eo.
646 4904 872 4949 LUGDUN.
909 4886 997 4944 III.
1027 4884 1183 4953 Ibid.,
1215 4884 1352 4957 apud
1378 4884 1653 4952 eumdem,
1686 4886 1856 4951 iii-8°,
1888 4885 2043 4942 testi-

443 4991 545 5048 bus
572 4986 685 5043 DD.
717 4981 974 5047 Nourrio,
1004 4977 1246 5045 Marano,
1276 4976 1553 5035 Ceillierio
1578 4988 1635 5034 et
1664 4976 1922 5048 Lumper.

1052 5094 1249 5150 Eodem
1278 5111 1432 5149 anno.

513 5195 615 5255 Eo.
634 5207 921 5251 ERASMICA.
954 5188 1064 5247 VII.
1089 5187 1336 5253 Basileae,
1364 5201 1431 5243 ex
1457 5183 1551 5241 ofl‘.
1581 5182 1844 5254 Froben.,
1867 5184 1905 5239 2
1929 5183 2041 5241 vol.

444 5288 661 5349 Fabric.
699 5284 827 5341 220.

1165 5350 1329 5407 1558.

525 5453 704 5511 Versia
762 5447 1069 5507 Germanica
1119 5443 1161 5499 Ι.
1192 5443 1495 5515 Tractatus
1531 5440 1603 5497 de
1655 5440 2046 5512 Singularitate

440 5550 779 5611 clericorum,
820 5544 908 5614 qui
958 5539 1123 5609 vulgo
1151 5536 1294 5591 inter
1319 5534 1577 5607 Cypriani
1599 5550 1765 5607 opera
1792 5535 2040 5606 habetur,

442 5659 475 5701 a
504 5638 862 5699 celeberrimo
888 5630 1151 5688 Cochlceo
1177 5627 1483 5685 Theodisce
1527 5630 1770 5702 evulgata
1815 5630 1931 5698 fuit,
1968 5642 2048 5689 te-

440 5746 525 5795 ste
546 5731 848 5793 Ceillierio,
890 5723 981 5797 qui
1008 5733 1191 5782 autem
1219 5735 1321 5779 nec
1350 5723 1527 5781 locum
1549 5739 1649 5783 nec
1671 5724 1900 5783 formam
1930 5724 2046 5784 edi-

448 5829 612 5895 tionis
640 5818 940 5885 adnotavit.
1918 5824 1919 5827 η

1875 310 2176 372 PREFAT
2182 312 2273 371 10.

3565 329 3727 372 LXXII

2838 402 2997 460 1540.

2183 497 2281 551 En.
2316 494 2587 552 ERASIICA
2622 493 2755 550 VIII.
2779 495 2928 561 Bas.,
2958 499 3010 551 in
3042 495 3132 552 off.
3166 495 3538 568 Herwagiana,
3577 497 3728 552 in—f°

2111 585 2314 659 (Fabr.
2341 586 2467 659 ib.).
2502 587 2670 657 Hujus
2700 598 2932 658 quatuor
2958 588 3287 659 exemplaria
3326 604 3376 644 c.
3420 603 3553 645 mss.
3588 589 3729 645 coll.

2112 679 2171 737 in
2196 680 2328 738 bibl.
2359 681 2648 738 Baluziana
2678 690 2854 739 erant.

2851 774 3014 830 1541.

2191 865 2291 922 Eo.
2316 865 2655 922 PARISIENSIS
2684 865 2772 922 IlI.
2806 866 2977 923 Paris.
3018 882 3106 938 ap.
3145 866 3414 939 Aruulph.
3452 867 3735 941 Langele-

2119 961 2281 1019 rium.
2316 961 2754 1018 in-fol.—Editio
2771 960 2914 1018 fcede
2936 961 3257 1032 interpolata
3282 972 3337 1018 et
3355 965 3737 1019 contaminata

2120 1055 2247 1113 licet
2274 1057 2708 1127 repurgationem
2747 1054 2917 1126 jactet
2962 1055 3014 1109 in
3047 1055 3207 1110 titulo
3235 1070 3409 1126 eoque
3438 1056 3739 1126 impuden-

2122 1148 2211 1203 tiae
2238 1149 2511 1219 progressi
2553 1149 2663 1204 sint
2698 1156 3012 1215 curatores,
3058 1157 3118 1201 ut
3159 1146 3369 1202 Erasmi
3422 1148 3740 1218 prmfationi

2121 1241 2260 1298 data:
2287 1242 2531 1309 Lovanii,
2565 1242 2729 1309 1519,
2761 1240 3182 1312 subscripserint
3211 1240 3384 1296 Paris.
3428 1242 3590 1298 1541.
3630 1243 3746 1298 Pa—

2124 1335 2316 1392 melius
2357 1335 2459 1391 hac
2494 1335 2563 1392 de
2595 1350 2656 1392 re
2693 1336 2936 1407 queritur
2977 1336 3031 1390 in
3076 1344 3285 1390 annott.
3326 1335 3392 1389 ad
3425 1335 3624 1391 librum
3665 1335 3748 1392 de

2124 1427 2383 1485 Oratione
2397 1428 2693 1497 Dominica,
2711 1428 2777 1484 ad
2793 1428 2985 1485 verba:
3006 1428 3295 1483 Excusatio
3309 1427 3400 1483 tibi
3420 1428 3587 1496 nulla,
3602 1436 3715 1485 etc.
3728 1469 3747 1498 ,

2124 1535 2247 1592 qua:
2304 1520 2554 1592 leguntur
2610 1521 2775 1576 etiam
2831 1519 2973 1590 apud
3019 1518 3254 1575 Caveum
3296 1535 3352 1591 p.
3399 1518 3520 1575 129.
3564 1518 3751 1589 Hujus

2128 1615 2456 1686 exemplaria
2476 1613 2601 1670 coll.
2626 1628 2676 1670 c.
2699 1628 2831 1670 mss.
2864 1613 3023 1669 codd.
3044 1613 3328 1669 exstabant
3352 1613 3405 1668 in
3422 1612 3749 1671 Baluziana.

2845 1726 3008 1782 1541.

2200 1820 2301 1877 En.
2329 1819 2664 1877 Pamsmusrs
2691 1820 2782 1877 IV.
2804 1819 3003 1888 Paris.,
3029 1835 3116 1891 ap.
3145 1818 3344 1877 Oudin.
3371 1820 3751 1894 (Audocnum)

2129 1911 2398 1982 Parvum,
2427 1912 2572 1971 haud
2599 1912 2765 1971 dubie
2804 1914 2934 1970 in-f°
2958 1914 3121 1986 (Bibl.
3166 1914 3326 1972 Barb.
3363 1913 3481 1971 Cat.
3521 1916 3611 1973 ed.
3659 1932 3755 1974 se-

2128 2004 2350 2077 cunda).
2846 2077 2982 2134 15“

2202 2172 2302 2227 En.
2332 2170 2663 2231 PARlSIBNSIS
2694 2173 2758 2241 ν,
2788 2172 3064 2231 Eusurcs
3107 2173 3200 2230 IX.
3229 2173 3391 2241 Ibid.,
3419 2191 3505 2248 ap.
3536 2176 3747 2233 Franc.

2130 2262 2415 2336 Reynault.
2448 2266 2601 2321 in-f°.
2632 2295 2703 2307 -—
2728 2265 2811 2322 Ex
2835 2265 2923 2323 ed.
2954 2275 3153 2323 etcum
3181 2282 3308 2323 ann.
3339 2266 3567 2324 Erasmi.
3598 2267 3751 2339 (Cat.

2129 2355 2269 2413 Bibl.
2302 2356 2433 2429 Reg.
2462 2376 2516 2429 ρ.
2545 2357 2699 2431 ses.)
2844 2430 2979 2487 is“

2202 2523 2301 2579 En.
2328 2538 2620 2581 pamsmus.
2656 2523 2746 2580 VI.
2794 2523 2955 2595 Apud
2994 2522 3275 2581 Nicolaum
3322 2524 3575 2598 Guigant.
3610 2524 3753 2584 in—f'

2134 2616 2408 2692 (Ceillier.,
2436 2634 2517 2688 ut,
2536 2632 2592 2691 p.
2620 2618 2777 2691 218).
2852 2690 2987 2747 is“

2206 2782 2307 2839 En.
2335 2782 2613 2840 ERASIICA
2642 2781 2712 2838 X.
2741 2783 3007 2852 Autverp.
3041 2781 3217 2838 in-8°.
3248 2782 3565 2856 Cyprianus.
3597 2782 3751 2855 (Cat.

2134 2873 2268 2931 Bibl.
2315 2874 2458 2931 Mus.
2503 2874 2740 2931 Britann.
2784 2874 2960 2932 Lond.
2996 2874 3136 2932 1787
3163 2874 3350 2946 in-f°.)

2842 2966 3008 3023 1541.

2212 3080 2313 3138 En.
2363 3094 2648 3138 EBASKICA.
2682 3079 2772 3136 ΧΙ.
2814 3078 3078 3149 Basilete,
3125 3093 3195 3136 ex
3260 3077 3406 3135 offic.
3438 3038 3743 3152 .Herwagii,

2138 3174 2396 3232 laudante
2419 3174 2672 3231 Nourrio.

2861 3245 3025 3302 1542.

2210 3340 2311 3396 Eo.
2346 3339 2622 3396 Emsmca
2656 3337 2774 3396 XII.
2806 3337 3139 3409 Antverpim,
3183 3353 3306 3396 exe.
3350 3338 3436 3395 Jo.
3477 3337 3743 3395 Crinitus.

2139 3433 2207 3489 D.
2236 3432 2297 3490 C.
2327 3434 2491 3506 Cypr.
2532 3434 2634 3504 Ep.
2680 3432 2866 3490 Carth.
2914 3442 2971 3488 et
3019 3432 3267 3505 Martyris
3292 3432 3490 3505 Opera,
3539 3434 3595 3489 iu
3633 3432 3749 3488 duo

2139 3535 2317 3583 tomos
2346 3527 2539 3583 divisa.
2567 3527 2666 3582 Est
2693 3524 3034 3583 Coloniensis
3052 3540 3143 3581 an.
3168 3525 3330 3595 1522,
3359 3524 3629 3582 indicibus
3662 3532 3747 3580 ta-

2139 3634 2265 3674 men
2293 3618 2630 3675 exilioribus.

2854 3688 3016 3745 1544.

2214 3778 2313 3836 Eo.
2344 3780 2621 3838 Enasurca
2652 3779 2795 3847 XIII,
2825 3780 2986 3851 vulgo
3036 3779 3335 3838 Cumana.
3369 3778 3630 3847 Colonias,
3676 3795 3750 3837 ex

2143 3870 2358 3927 ofﬁcina
2393 3883 2503 3944 typ.
2535 3872 2680 3927 Petri
2710 3871 2964 3941 Quentel,
2996 3886 3186 3929 mense
3213 3882 3460 3943 augusto.
3500 3872 3563 3926 D.
3595 3871 3744 3927 Ceae.

2143 3963 2308 4035 Cypr.
2335 3993 2406 4004 —
2430 3963 2692 4021 Universa
2716 4005 2731 4031 ,
2783 3978 2905 4036 quae
2942 3964 3162 4035 quidem
3206 3973 3423 4021 exstare
3466 3962 3745 4031 sciuntur,

2145 4072 2350 4129 opera:
2374 4058 2486 4129 jam
2533 4057 2826 4115 novissime
2867 4073 2935 4114 ex
2964 4058 3315 4130 castigatione
3363 4057 3489 4113 Des.
3533 4055 3754 4113 Erasmi

2145 4151 2402 4209 Roterod.
2432 4153 2743 4225 diligentius
2770 4153 2941 4209 multo
2970 4167 3129 4223 quam
3172 4151 3433 4208 hactenus
3463 4166 3745 4222 umquam,

2144 4250 2537 4323 exemplarium
2562 4249 3047 4319 manuscriptorum
3075 4246 3320 4303 subsidio
3340 4262 3367 4301 a
3396 4246 3609 4302 mendis
3631 4245 3752 4300 vin-

2146 4339 2342 4397 dicata.
2365 4341 2500 4398 Cum
2520 4342 2831 4397 accessione
2850 4339 3016 4395 libelli
3037 4338 3306 4411 Cypriano
3327 4338 3597 4408 inscripti,
3621 4352 3751 4393 eru-

2146 4433 2244 4490 diti
2277 4433 2565 4490 admodum
2592 4448 2656 4489 ac
2685 4432 2779 4504 pii,
2811 4431 2879 4489 de
2910 4431 3165 4503 Martyrio
3193 4431 3416 4501 duplici,
3440 4430 3509 4485 ad
3552 4429 3753 4484 Fortu-

2146 4535 2356 4583 natum.
2405 4527 2767 4584 Accesserunt
2808 4534 2865 4583 et
2909 4525 3284 4581 annotationes
3330 4524 3583 4589 Erasmi,
3637 4537 3753 4578 non

2147 4618 2365 4690 quidem
2396 4634 2562 4674 unum
2588 4619 2643 4675 in
2670 4618 2868 4686 locum,
2900 4618 3270 4691 praecipitatae,
3293 4616 3450 4673 sicuti
3470 4615 3757 4687 hucusque

2146 4709 2346 4766 factum
2376 4719 2461 4767 est
2488 4728 2501 4764 :
2533 4710 2630 4767 sed
2658 4710 2772 4766 suis
2811 4725 3037 4781 qumque
3066 4708 3200 4765 locis
3228 4707 3440 4765 diversa
3466 4707 3756 4764 characte-

2145 4817 2267 4858 rum
2297 4803 2477 4874 specie
2516 4818 2661 4859 nunc
2689 4802 2921 4873 primum
2957 4802 3175 4857 insertae
3206 4817 3219 4854 :
3251 4799 3445 4872 partim
3489 4808 3548 4854 ut
3574 4798 3755 4857 lector

2145 4894 2425 4967 quaerendi
2456 4895 2616 4951 taedio
2644 4893 2934 4961 levaretur,
2972 4891 3189 4963 partim,
3234 4900 3295 4947 ut
3319 4891 3659 4947 commodius
3698 4899 3756 4947 et

2147 4987 2374 5051 acutius,
2404 4986 2531 5058 quid
2561 4986 2665 5043 sibi
2694 4986 2861 5041 velint
2886 4984 3186 5056 Cyprianus
3208 4993 3265 5039 et
3286 4982 3569 5048 Erasmus,
3592 4980 3751 5053 quasi

2147 5096 2214 5136 ex
2244 5079 2493 5149 opposito
2520 5077 2900 5147 inspiceretur.
2930 5076 2995 5131 Et
3021 5075 3478 5132 aunotatiunculze
3508 5090 3602 5130 seu
3627 5089 3755 5129 cas-

2146 5171 2432 5242 tigationes
2478 5170 2685 5241 aliquot
2730 5168 3022 5224 doctissimi
3078 5167 3355 5239 utriusque
3408 5166 3605 5238 lingua:
3648 5165 3758 5221 viri

2149 5260 2365 5318 Henrici
2389 5258 2592 5329 Gravii,
2625 5261 2817 5316 breves
2844 5258 2949 5314 illae
2970 5258 3188 5329 quidem
3217 5267 3273 5314 et
3303 5273 3508 5327 paucae,
3538 5258 3629 5312 sed
3654 5272 3759 5329 op-

2148 5363 2394 5426 portunte
2418 5362 2598 5409 tamen
2626 5361 2682 5409 et
2709 5351 2953 5409 eruditae.
2979 5350 3048 5407 Et
3068 5351 3228 5408 index
3255 5365 3448 5418 novus,
3477 5349 3761 5421 copiosior

2148 5448 2308 5520 longe
2327 5458 2541 5505 vetusto
2570 5447 2663 5503 illo
2687 5456 2741 5505 et
2762 5447 2934 5519 magis
2955 5446 3214 5518 digestus,
3233 5446 3345 5517 jam
3372 5459 3564 5501 recens
3586 5459 3759 5514 opera

2148 5540 2528 5596 Bartholomaei
2556 5539 2838 5596 Laurentis
2878 5539 3143 5609 adjectus.
3190 5536 3329 5605 Quid
3371 5536 3497 5591 huic
3524 5536 3759 5590 editioni

2151 5632 2495 5690 tribuendum
2522 5633 2613 5699 sit,
2645 5632 2805 5688 facile
2854 5630 3095 5687 sentient
3140 5630 3178 5685 ii
3207 5627 3298 5698 qui
3325 5627 3412 5683 vel
3443 5627 3759 5682 anteriores

2148 5725 2400 5799 Cypriani
2439 5725 2562 5782 edd.
2612 5725 2783 5796 probe
2813 5722 3013 5789 norint,
3064 5720 3151 5779 vel
3199 5718 3341 5777 hanc
3383 5734 3504 5775 cum
3558 5719 3760 5789 quavis

2148 5818 2395 5878 conferre
2422 5833 2529 5877 non
2555 5817 2753 5877 fuerint
2772 5814 3011 5889 gravati.
3240 5818 3264 5822 '“
3282 5818 3308 5822 "
3334 5816 3347 5822 '
3374 5816 3381 5821 ’
3738 5816 3741 5817 '
