3876 6282
127 348 316 393 ιιιιιι

203 445 664 506 Erasmianarum
703 455 950 507 annotat.
979 449 1188 524 aliquot
1211 460 1395 510 tamen
1421 451 1550 524 quia
1575 453 1752 524 priva-

123 543 235 600 tim
268 544 390 600 suis
418 543 554 599 locis
576 543 754 614 aptari
785 558 894 600 non
914 543 1192 612 volebant,
1219 545 1290 601 ab
1319 545 1473 602 initio
1507 559 1751 602 seorsum

1609 335 2000 397 PREFATIO.

3294 357 3455 408 ιιιιν

1924 553 2026 611 Eo.
2077 566 2434 613 suspensum
2471 553 2584 612 VII.
2629 461 2908 628 iI..5u5g‘duni,
2963 553 3106 627 apud
3155 552 3458 628 Gryphum,

126 654 273 696 cum
326 636 775 708 castigationibus
819 637 1002 694 Gravii
1045 639 1272 696 relictae.
1317 637 1400 695 Ad
1448 639 1642 695 librum
1687 640 1756 696 de
1850 644 2017 713 in-8°,
2044 653 2183 702 teste
2205 646 2439 703 Marano.

134 731 308 802 dupl.
351 731 609 804 Martyrio
651 729 884 786 Gravius
931 732 1269 802 suspicatur:
1311 732 1550 802 phrasim
1589 733 1756 788 Eras-

138 837 308 880 mum
353 821 528 894 ipsum
557 829 648 876 aut
689 823 997 893 quempiam
1031 823 1258 879 Erasmo
1287 824 1520 880 similem
1551 823 1757 881 referre

136 915 336 988 potius
391 923 704 982 auctorem,
761 929 922 985 quam
983 915 1334 988 Cyprianum.
1397 917 1455 973 In
1508 917 1754 974 eamdem

141 1009 472 1066 sententiam
503 1007 603 1064 ivit
627 1015 814 1078 postea
853 1007 1128 1065 Pamelius
1154 1009 1294 1066 alios
1319 1011 1482 1066 etiam
1511 1021 1756 1066 assenta-

145 1111 302 1160 tores
347 1110 558 1157 nactus.
608 1099 772 1156 Errat
797 1115 928 1156 vero
967 1100 1260 1171 Pamelius,
1303 1102 1430 1158 dum
1475 1111 1759 1173 utramque

141 1192 545 1251 Frobenianam
571 1191 719 1249 hunc
736 1193 934 1249 librum
957 1193 1203 1263 proferre
1245 1194 1442 1264 inquit,
1467 1194 1753 1265 siquidem,

138 1295 198 1342 ut
214 1300 318 1341 suo
340 1285 464 1341 loco
481 1284 765 1355 professus
785 1293 890 1353 est,
905 1285 1204 1341 versaverit
1219 1284 1488 1341 editiones
1506 1299 1596 1340 an.
1618 1286 1760 1342 1520

129 1386 194 1433 et
227 1377 375 1433 1525
417 1376 622 1449 (1).....
654 1376 877 1432 Baluzio
917 1385 1139 1433 auctore
1166 1419 1184 1445 ,
1229 1391 1337 1432 non
1367 1378 1485 1448 ipse
1529 1377 1762 1436 Gravius

127 1468 287 1525 hanc
338 1467 435 1526 ed.
487 1468 719 1536 curavit,
775 1469 872 1526 sed
919 1469 1074 1535 alius,
1107 1470 1200 1540 qui
1244 1471 1542 1541 exemplari
1590 1471 1756 1541 edito,

127 1561 482 1632 coniecturis
530 1571 586 1618 et
635 1561 803 1618 variis
857 1562 1179 1619 lectionibus
1230 1577 1299 1618 ex
1349 1562 1508 1619 codd.
1560 1579 1694 1620 mss.
1728 1581 1760 1621 a

130 1653 337 1712 Gravii
362 1669 525 1709 manu
553 1663 743 1708 natato
759 1662 1022 1710 uteretur.
1039 1653 1194 1723 Quod
1217 1669 1282 1710 ex
1313 1654 1476 1711 totius
1507 1655 1762 1712 editionis

138 1746 515 1802 adornatione
539 1745 860 1803 concludere
897 1747 1030 1803 mihi
1076 1747 1160 1802 vir
1189 1747 1571 1820 sagacissimus
1611 1747 1760 1804 visus

148 1845 246 1894 est
272 1853 399 1910 qua:
424 1853 552 1895 sane
575 1837 696 1895 huic
725 1839 1024 1910 suspicioni
1047 1838 1221 1896 favet.

892 1931 1051 1988 1544.

222 2020 329 2077 En.
360 2035 621 2077 amurca
639 2019 784 2089 XIV,
815 2021 1179 2079 Gnavmvall.
1211 2022 1469 2090 Basileae,
1495 2022 1548 2079 in
1578 2023 1763 2093 Quen-

131 2113 351 2170 teliana
401 2112 618 2170 ofﬁcina
668 2114 888 2172 Henrici
940 2115 1088 2172 edita
1141 2115 1358 2171 luerunt
1416 2115 1608 2172 eadem
1659 2117 1763 2190 Cy-

133 2206 323 2277 priani
368 2220 561 2277 opera,
616 2205 892 2264 referente
915 2207 979 2264 D.
1029 2205 1282 2280 Nourryo
1321 2214 1510 2263 nostro
1539 2216 1596 2264 et
1638 2218 1764 2280 post

134 2313 273 2356 eum
301 2297 566 2370 Lumper.

888 2371 1048 2428 1544.

220 2461 325 2517 En.
362 2461 736 2518 Lucusssssrs
757 2462 848 2520 IV.
879 2461 1158 2536 Lugduni,
1189 2463 1331 2536 apud
1359 2462 1563 2538 Gryph.
1593 2463 1759 2533 in-8’,

133 2557 176 2613 2
198 2556 336 2613 voll.
362 2555 500 2612 Vide
520 2557 853 2628 superiores.
882 2628 1024 2686 1546

230 2721 337 2778 En.
371 2720 593 2779 Vsasn
612 2720 678 2778 II.
707 2670 1118 2791 Venettinnﬂ
1146 2721 1409 2795 Cypriani
1435 2721 1760 2780 Exorcismi.

150 2816 173 2887 (
192 2813 396 2885 Barb.)
877 2886 1037 2942 ‘5“.

242 2977 348 3033 En.
376 2976 589 3034 Ῡεητλ
641 2977 731 3034 IlI.
794 2977 1011 3046 Venet.,
1045 2977 1111 3034 ad
1158 2978 1369 3050 signum
1401 2977 1566 3050 Spei,
1613 2977 1765 3036 iri-8°

158 3072 354 3143 (Fabr.
381 3072 580 3142 teste).
604 3071 782 3142 Opera
809 3073 1033 3143 adjectis
1062 3073 1306 3144 ejusdem
1328 3071 1671 3129 Carminibus
1697 3073 1768 3130 de

148 3163 336 3220 Cruce
365 3161 766 3235 Redemptoris.
802 3162 956 3235 (Cat.
991 3163 1128 3220 Bibl.
1155 3164 1348 3236 Chig.)

225 3350 332 3406 En.
366 3348 646 3406 Enasrnca
675 3348 793 3417 XV,
824 3257 1104 3407 Gallitta;
1146 3349 1234 3405 llI.
1261 3349 1534 3417 Coloniae,
1565 3349 1763 3424 (in-fol.

152 3442 338 3517 puto),
363 3457 434 3499 ex
465 3441 642 3514 ejusd.
673 3442 855 3500 Gravii
885 3443 1226 3500 recensione.
1259 3441 1506 3498 Fabricio
1537 3452 1695 3500 teste.

228 3631 336 3687 En.
367 3629 578 3686 Enasu.
607 3627 746 3685 XVI.
778 3536 1208 3701 Basiilgﬁhpud
1237 3627 1475 3684 Froben.
1501 3670 1517 3696 ,
1546 3629 1772 3686 testibus

160 3723 420 3796 Dupinio,
457 3720 724 3795 Nourryo,
761 3721 1036 3780 Ceillierio
1065 3730 1120 3778 et
1145 3720 1400 3794 Lumper.

196 3907 682 3965 ED.LUGDUNENSIS
697 3904 761 3962 V.
780 3815 1308 3971 In-8:,5r:?erentibus
1322 3903 1511 3961 iisdem
1528 3904 1769 3961 testibus.

235 4095 339 4152 En.
396 4096 673 4151 EBASIICA
719 4001 1174 4161 XVIIfSBZEileae,
1223 4092 1366 4164 apud
1406 4091 1770 4164 Herwagium,

171 4198 301 4246 teste
324 4186 598 4258 Nourryo.

888 4257 1048 4315 1550.

237 4351 342 4407 En.
372 4349 744 4406 Luconususrs
781 4347 871 4417 VI,
903 4349 1068 4417 in-8°,
1119 4346 1261 4420 apud
1308 4346 1610 4420 Grypbum,
1641 4355 1778 4405 teste

168 4443 410 4515 Dupinio
437 4452 497 4499 et
519 4441 806 4498 Ceillierio.

900 4515 1060 4572 1555.

256 4609 440 4666 Venio
468 4608 772 4665 Germanica
810 4609 874 4676 II,
908 4611 1149 4667 aMelch.
1199 4607 1498 4668 Ambaehio
1523 4607 1577 4663 in
1603 4606 1781 4663 lucem

168 4706 410 4776 prolata,
434 4704 538 4758 sub
555 4705 657 4759 hoc
678 4703 833 4759 titulo
863 4721 875 4757 :
909 4703 965 4760 S.
993 4701 1197 4759 Ctecilii
1215 4701 1493 4775 Cypriani.
1518 4699 1614 4756 des
1638 4697 1779 4754 alten

175 4796 402 4852 Christl.
459 4795 692 4852 Lehrers
729 4810 784 4850 u.
835 4793 1082 4850 Bischofs
1113 4793 1398 4864 Predigten
1427 4807 1484 4846 u.
1510 4787 1781 4846 Schriften

190 4891 284 4945 mit
329 4889 674 4946 Summarien
728 4904 780 4942 u.
835 4887 1211 4958 Erklarungen
1277 4884 1502 4942 etlicher
1553 4879 1784 4939 dunkler

188 4980 425 5051 Spritcbe
461 4997 517 5036 υ.
540 4979 784 5045 Worler,
814 4979 982 5036 deren
1032 4979 1090 5034 S.
1135 4978 1434 5050 Cyprianus
1461 4972 1782 5047 gebraucht,

185 5089 287 5130 aus
321 5073 380 5129 S.
403 5070 658 5146 Cypriani
715 5071 886 5127 selbst
936 5087 992 5127 u.
1023 5069 1274 5127 Anderer
1314 5068 1536 5125 Christl.
1579 5066 1787 5123 Lehrer

179 5166 416 5226 Scriften
447 5166 763 5223 erlaeutert.
787 5163 1069 5236 Zeugniss,
1099 5161 1297 5218 urtheil
1329 5177 1382 5216 u.
1413 5160 1529 5217 Lob
1553 5161 1651 5216 der
1677 5159 1789 5214 fi'rr-

181 5272 434 5319 nemsten
468 5261 674 5317 Lehrer
695 5273 818 5315 vom
849 5259 1048 5324 Leben,
1080 5257 1256 5314 Lebre
1286 5273 1339 5312 u.
1371 5255 1550 5312 leiden
1582 5255 1637 5311 S.
1671 5255 1790 5311 Ca3-

187 5357 275 5410 cili
305 5353 589 5425 Cypriani,
615 5351 862 5408 Norimb.
887 5381 957 5392 —
984 5350 1103 5407 Non
1134 5349 1315 5406 omnia
1346 5348 1546 5420 scripta
1573 5361 1789 5420 germa-

185 5451 306 5506 nice
329 5447 685 5504 exhibentur.

262 5628 344 5700 (l‘,
374 5627 490 5684 Nec
547 5625 601 5680 in
651 5623 887 5679 editione
929 5621 1472 5700 Frobenianaa__I5QI-,
1506 5635 1608 5676 nec
1648 5619 1700 5674 in
1728 5633 1792 5674 ea

225 5693 335 5758 515'
387 5713 554 5770 quam
606 5703 889 5770 utramque
917 5705 1104 5770 utpote
1143 5695 1195 5770 i_n
1241 5693 1568 5770 bibliotheca
1613 5701 1792 5770 nostra

189 5788 285 5831 exs
311 5761 542 5829 ant'em.
583 5761 868 5835 diligenter
911 5761 1109 5828 evolvi,
1151 5763 1396 5821 laudatus
1444 5771 1702 5820 tractatus
1726 5761 1795 5818 de

187 5843 390 5915 duplici
433 5835 694 5904 Martyrio
711 5835 944 5894 habetur.
969 5837 1209 5893 Lusitana.

1930 810 2028 866 En.
2092 826 2451 868 LUGDUNENSIS
2507 719 2915 869 VlIIfSBIGbidem
2942 853 2957 880 ,
3007 811 3174 879 in-8°,
3238 811 3464 870 testibus

1863 901 2114 974 Nourryo
2141 912 2197 959 et
2224 902 2521 960 Ceillierio.

2613 976 2776 1032 1557.

1932 1063 1990 1119 S.
2019 1063 2295 1136 Cypriani,
2325 1065 2464 1121 liber
2487 1065 2554 1121 de
2593 1066 2810 1122 Unitate
2841 1067 3118 1132 Ecclesiae,
3142 1083 3264 1124 cum
3291 1082 3464 1124 anno-

1864 1155 2186 1222 tationibus,
2222 1155 2406 1211 itidem
2438 1171 2560 1211 cum
2608 1157 2889 1229 Augustini
2941 1158 3078 1213 libro
3106 1158 3344 1228 ejusdem
3373 1173 3462 1213 ar-

1861 1249 2124 1321 gumenti,
2146 1251 2421 1322 praemissa
2454 1250 2520 1308 G.
2551 1248 2746 1308 Calixti
2775 1251 3466 1322 introductione,IIelmst.,

1862 1340 2027 1398 in-8°.

2591 1414 2753 1473 1558.

1940 1505 2037 1562 En.
2087 1505 2364 1563 Enasutca
2411 1505 2600 1562 XVIII.
2633 1507 2880 1576 Basilem,
2930 1509 3070 1580 apud
3098 1507 3464 1575 Herwagium,

1866 1596 2063 1663 in~fol.,
2081 1613 2148 1652 ex
2175 1596 2263 1652 ed.
2283 1606 2339 1653 et
2364 1599 2804 1655 annotationibus
2833 1600 2895 1654 D.
2923 1599 3152 1656 Erasmi.
3179 1600 3328 1655 Hanc
3353 1598 3468 1654 lau-

1867 1688 1996 1746 dant
2026 1690 2288 1761 Dupinius
2305 1732 2322 1760 ,
2345 1689 2646 1747 Ceillierius
2673 1701 2727 1747 et
2752 1692 3020 1748 Maranus.

2591 1785 2750 1842 1560.

1939 1875 2140 1945 Paris.,
2189 1876 2365 1932 forma
2421 1892 2529 1933 non
2578 1877 2897 1950 signiﬁcata.
2947 1877 3205 1936 Carmina
3249 1877 3319 1935 de
3362 1876 3468 1935 Ge-

1869 1969 1986 2025 nesi
2009 1976 2066 2024 et
2091 1967 2325 2024 Sodoma
2357 1968 2376 2040 (
2399 1967 2558 2025 Barb.
2577 1969 2618 2040 ).

2594 2061 2753 2118 1565.

1941 2139 2041 2208 En.
2097 2151 2695 2221 Mmurnmmomm
2745 2152 2810 2210 II.
2869 2154 3079 2222 Romae,
3128 2156 3270 2228 apud
3311 2154 3466 2212 Paul.

1867 2242 2169 2300 Manutium
2197 2243 2322 2300 Aldi
2359 2245 2420 2300 F.
2457 2244 2616 2300 in-f°.
2641 2246 2707 2301 Ι).
2731 2244 2795 2300 C.
2817 2243 2880 2300 C.
2903 2245 3002 2317 Ep.
3028 2246 3088 2302 C.
3110 2247 3465 2318 etgloriosis-

1867 2337 1992 2392 simi
2021 2337 2276 2411 martyris
2305 2338 2482 2408 Opera
2502 2379 2517 2402 ,
2548 2337 2616 2393 ad
2645 2339 2927 2394 veritatem
2967 2340 3460 2397 vetustissimorum

1869 2431 2262 2502 exemplarium
2313 2445 2522 2488 summa
2570 2431 2676 2488 ﬁde
2718 2434 3002 2489 emendata
3032 2477 3046 2502 ,
3094 2435 3278 2490 addito
3303 2437 3467 2491 etiam

1870 2525 2061 2594 quinto
2090 2525 2440 2595 epistularum
2475 2525 2636 2590 libro,
2667 2535 2826 2582 antea
2855 2543 3145 2598 numquam
3160 2529 3325 2585 edito.
3349 2527 3469 2585 Alia

1870 2617 2048 2672 eidem
2095 2615 2365 2689 Cypriano
2415 2617 2704 2686 adscripta.
2754 2618 2886 2674 Cum
2941 2619 3118 2676 indice
3175 2637 3355 2678 rerum
3409 2637 3474 2678 ac

1872 2708 2165 2766 verborum
2194 2709 2628 2764 memorabilium
2659 2710 2888 2765 maxima
2915 2711 3186 2782 diligentia
3220 2714 3470 2770 collecto.

1944 2799 2482 2856 RecensuitLatinus
2507 2800 2769 2866 Latinius,
2815 2802 3056 2859 adhibito
3105 2807 3474 2862 vetustissimo

1871 2893 2060 2948 codice
2090 2908 2154 2948 ex
2193 2892 2494 2949 Veronensi
2532 2893 2858 2950 bibliotheca
2891 2894 3140 2960 advecto.
3185 2913 3248 2952 ac
3279 2898 3471 2953 litteris

1871 2985 2220 3056 capitalibus,
2263 2996 2390 3042 ante
2417 3001 2590 3043 annos
2621 2988 2769 3043 mille
2795 2997 3035 3050 exorato.
3078 2990 3304 3060 aliisque
3337 3007 3474 3048 mss.

1871 3080 2300 3150 exemplaribus,
2353 3080 2421 3134 de
2467 3080 2664 3150 quibus
2710 3081 2937 3150 singulis
2984 3093 3159 3139 tamen
3203 3083 3476 3140 affirmare

1871 3185 1982 3225 non
2005 3172 2176 3225 ausim
2199 3213 2213 3237 ,
2245 3170 2314 3225 ad
2347 3187 2562 3227 manum
2595 3171 2812 3240 fuerint,
2840 3174 2890 3227 in
2919 3174 3091 3244 prima
3137 3174 3238 3229 hac
3280 3190 3474 3231 recen-

1872 3263 2048 3322 sione.
2081 3277 2183 3318 nec
2211 3277 2296 3316 ne.
2334 3262 2601 3321 Dominic.
2629 3263 2840 3318 Macros
2868 3264 2922 3319 in
2951 3263 3068 3319 Vita
3098 3265 3249 3337 ejus:
3285 3284 3304 3318 ι
3337 3265 3472 3321 Mul-

1875 3353 1968 3420 tis,
1993 3353 2185 3424 inquit,
2215 3353 2410 3424 vigiliis
2431 3368 2494 3408 ac
2517 3353 2795 3410 laboribus
2814 3369 2973 3426 quam
3000 3357 3227 3426 plurima
3249 3357 3478 3429 college-

1873 3455 1962 3501 rat
1985 3445 2052 3501 ad
2084 3445 2402 3501 illustranda
2441 3445 2558 3500 loca
2605 3446 2781 3516 aliqua
2821 3447 3158 3503 obscuriora.
3185 3447 3479 3504 Paraverat

1874 3540 2038 3596 etiam
2078 3538 2339 3609 quasdam
2365 3538 2858 3605 annotatiunculas,
2895 3539 2947 3594 in
2977 3539 3193 3610 quibus,
3227 3551 3350 3610 post
3378 3556 3480 3597 va-

1875 3631 1986 3688 rias
2013 3630 2260 3686 codicum
2305 3631 2565 3687 lectiones
2605 3631 2891 3696 iudicatas,
2915 3646 3075 3702 quam
3107 3633 3220 3702 ipse
3241 3634 3478 3689 maxime

1877 3732 2022 3779 esset
2053 3731 2288 3785 secutus.
2336 3722 2710 3794 significabat;
2758 3721 2975 3778 additus
3001 3723 3166 3778 etiam
3191 3723 3260 3779 ab
3283 3738 3351 3779 eo
3381 3723 3482 3779 fuit

1876 3815 2123 3869 sincerus
2161 3814 2510 3885 epistolarum
2558 3813 2728 3879 liber,
2776 3813 2942 3870 multa
2991 3815 3224 3885 denique
3265 3829 3477 3871 summa

1877 3905 1984 3962 fide
2019 3907 2264 3961 reStituta
2304 3905 2535 3962 fuerant.
2590 3904 2723 3971 Sed,
2765 3906 2889 3974 quia
2915 3915 3103 3960 contra
3143 3905 3472 3975 scriptorum

1880 3997 2124 4053 codicum
2148 3997 2333 4064 ﬁdem,
2357 3997 2612 4053 nonnulla
2637 4005 2865 4060 retenta,
2886 3995 3063 4066 aliqua
3087 3996 3290 4063 addita,
3311 4011 3473 4066 quam

1879 4089 2109 4160 plurima
2136 4091 2413 4144 immutata
2443 4089 2465 4159 (
2490 4103 2774 4158 operarum
2806 4087 2967 4143 etiam
3009 4085 3260 4158 incuria)
3292 4087 3474 4142 consi-

1879 4181 2126 4248 derabat,
2156 4194 2263 4236 non
2291 4190 2373 4236 est
2404 4195 2591 4249 passus
2620 4194 2818 4234 nomen
2854 4194 3009 4233 suum
3035 4194 3065 4233 a
3098 4179 3336 4234 Manutio
3364 4178 3476 4233 ullo

1879 4275 2044 4331 modo
2067 4275 2120 4328 in
2147 4273 2237 4329 ed.
2266 4273 2523 4336 adscribi,
2561 4287 2630 4326 ne
2675 4271 2836 4326 ﬁdem
2880 4285 3032 4325 suam
3077 4272 3162 4326 vel
3203 4271 3478 4326 levissime

1882 4363 2607 4422 inﬁrmaretJ—Recerisuit
2625 4362 2823 4418 deinde
2839 4362 3074 4417 secunda
3104 4363 3222 4419 vice
3250 4361 3316 4418 ad
3342 4361 3474 4417 edit.

1882 4458 2270 4526 Pamelianam,
2302 4473 2422 4528 quae
2448 4456 2568 4526 ejus
2590 4471 2737 4512 curae
2777 4456 2830 4510 in
2863 4455 3001 4510 Bibl.
3035 4455 3198 4512 Sacra
3230 4466 3287 4512 et
3327 4455 3477 4512 Prof.

1881 4565 1976 4622 pp.
2016 4551 2118 4604 174
2146 4565 2265 4619 sqq.
2296 4547 2642 4611 exhibentur,
2676 4549 2729 4601 iu
2766 4547 2964 4618 quibus
2991 4547 3122 4602 satis
3157 4547 3224 4602 de
3245 4547 3482 4602 Manutio

1885 4641 2150 4712 queritur,
2177 4638 2448 4709 simulque
2478 4653 2622 4710 agre
2647 4637 2750 4694 fert
2776 4638 3015 4693 Manutio
3047 4637 3206 4709 hujus
3228 4638 3483 4694 editionis

1886 4735 2072 4791 laudes
2095 4751 2123 4790 a
2147 4733 2385 4789 Pamelio
2411 4733 2657 4788 tributas.
2707 4733 2881 4787 Habet
2903 4731 3018 4787 hanc
3045 4731 3134 4787 ed.
3159 4731 3339 4787 omnia
3361 4746 3482 4799 qua!

1887 4827 2100 4897 vulgata
2130 4833 2285 4880 erant
2313 4825 2364 4878 in
2397 4822 2730 4878 Erasmianis
2776 4831 2832 4876 et
2876 4820 3060 4878 Gravii
3107 4820 3233 4876 edd.
3288 4829 3485 4890 praeter

1889 4916 2190 4974 Firmiliani
2216 4915 2282 4969 ad
2303 4913 2631 4985 Cyprianum
2660 4912 2945 4983 epistolam
2977 4919 3164 4966 contra
3200 4911 3483 4980 epistolam

1891 5008 2149 5077 Stephani
2177 5022 2328 5078 papa:
2353 5005 2408 5059 iu
2451 5005 2656 5060 Pamel.
2700 5013 2754 5057 et
2782 5002 2883 5058 Ox.
2914 5020 2970 5055 η.
3001 5001 3089 5068 75,
3123 5000 3191 5056 de
3217 5017 3323 5072 quo
3345 5001 3489 5056 Lati-

1891 5119 1992 5158 nus
2013 5101 2254 5156 Latinius
2277 5101 2328 5152 in
2353 5098 2489 5154 Bibl.
2514 5114 2566 5168 p.
2593 5097 2716 5161 177,
2739 5106 2925 5150 contra
2948 5103 3198 5150 aunotata
3225 5092 3492 5148 Pamelia-

1892 5209 1959 5249 na
2009 5211 2076 5246 :i
2107 5192 2219 5262 Ego
2268 5189 2493 5244 Latinus
2542 5187 2722 5250 omisi,
2773 5187 2965 5258 inquit,
3019 5203 3126 5242 non
3186 5187 3486 5254 Manutius,

1892 5303 2014 5342 cum
2042 5285 2306 5355 majorum
2347 5281 2595 5351 exempla
2636 5288 2876 5346 secutus,
2915 5289 3026 5335 tum
3073 5278 3307 5333 hominis
3331 5285 3491 5348 petu-

1894 5379 2120 5434 lantiam
2145 5377 2470 5432 detestatus.
2494 5390 2511 5421 ι
2548 5371 2798 5426 Accessit
2823 5381 3003 5426 autem
3029 5369 3098 5426 de
3125 5382 3266 5424 novo
3294 5377 3492 5437 praeter

1896 5475 2094 5530 librum
2144 5489 2176 5525 ν·
2229 5469 2605 5536 epistularum,
2652 5466 2741 5534 qui
2799 5481 2871 5520 xv
2926 5471 3159 5525 constat,
3208 5463 3349 5516 inter
3402 5461 3492 5516 illa

1897 5582 2017 5638 quae
2043 5563 2274 5620 adscribi
2294 5561 2564 5633 Cypriano
2591 5558 2790 5623 solent,
2819 5557 2994 5610 dubiae
3023 5565 3200 5610 tamen
3235 5555 3360 5610 fidei
3384 5554 3496 5608 visa

1897 5667 2040 5724 sunt,
2074 5658 2210 5712 liber
2232 5655 2298 5710 de
2326 5653 2684 5724 Spectaculis,
2715 5650 2795 5722 (l)
2820 5661 2929 5704 tum
2958 5647 3080 5704 Vita
3108 5646 3364 5720 Cypriani
3395 5661 3492 5718 per

1975 5827 2056 5898 (ι)
2097 5825 2268 5896 Hujus
2305 5822 2580 5884 rarissima
2608 5837 2730 5882 esse
2774 5819 3040 5897 exempla
3071 5832 3204 5877 mss.
3249 5815 3504 5876 Baluzius
