3876 6282
413 294 550 338 LXXV

412 397 656 451 Pontium
686 398 1014 470 conscripta,
1039 414 1144 464 una
1189 414 1310 462 cum
1339 402 1474 459 Actu
1523 406 1814 477 passionis,
1847 410 2002 480 cujus

411 487 526 560 ipse
549 486 772 546 Pontius
793 491 1040 548 meminit
1067 499 1124 550 et
1142 494 1399 554 Passieno
1417 496 1606 568 Cypr.,
1622 515 1744 571 quat
1763 501 1819 556 in
1846 516 2005 571 supe-

411 579 642 635 rioribus
668 581 789 638 edd.
821 585 1069 640 exstabat
1094 595 1147 642 et
1173 586 1261 642 hic
1281 587 1446 643 Paulo
1465 590 1694 648 diacono
1730 594 2005 650 tribuitur.

411 673 564 740 Quod
591 676 656 730 ad
685 676 925 735 habitum
951 679 1108 749 hujus
1137 679 1224 734 ed.
1248 692 1532 739 externum
1565 697 1791 757 spectat,
1824 690 2008 746 nescio

410 781 479 822 an
525 768 861 838 splendidam
897 774 1073 842 potius
1102 787 1262 842 quam
1296 775 1517 832 nitidam
1557 779 1741 837 dicere
1769 780 2006 862 debeas;

411 860 456 914 is
485 871 635 916 certe
680 870 928 933 typorum
973 864 1024 918 in
1073 867 1298 933 epistola
1325 869 1650 926 dedieatorla
1690 874 1757 928 ad
1799 860 2006 932 cardiu.

411 955 764 1013 Borromeum
807 988 881 1000 —
925 958 1288 1024 adhibiturum
1338 974 1421 1018 est
1469 965 1642 1030 bonos
1670 978 1724 1023 et
1775 971 2010 1047 ἀκρίϐεια

411 1057 470 1104 ut
491 1049 574 1106 vel
604 1052 848 1118 summis,
879 1051 1073 1122 quibus
1105 1052 1266 1114 hodie
1292 1055 1436 1112 italia
1483 1060 1759 1131 gloriatur,
1783 1073 2009 1124 conten-

409 1140 540 1196 dere
589 1141 765 1215 possis
816 1140 978 1213 hujus
1030 1144 1161 1199 artis
1206 1149 1608 1216 monumentis;
1665 1167 1765 1207 nec
1815 1154 2007 1228 reliqui

411 1239 612 1297 textus,
657 1234 834 1289 minor
861 1234 1007 1300 licet,
1052 1235 1223 1291 multo
1250 1237 1475 1294 inferior
1506 1251 1588 1296 est
1616 1241 1918 1304 character.
1950 1246 2009 1303 In

408 1322 539 1378 bibl.
595 1324 762 1379 Acad.
825 1326 1106 1395 exemplar
1155 1341 1278 1385 eum
1327 1329 1616 1386 collatione
1665 1334 1825 1388 codd.
1877 1333 2006 1392 Ver.

407 1411 530 1467 Vat.
586 1412 906 1484 Benevent.,
960 1426 1068 1471 etc.
1118 1427 1302 1478 exstat
1348 1419 1503 1490 cujus
1551 1423 1681 1484 olim
1727 1439 2011 1498 possessor

408 1502 509 1560 fuit
554 1502 753 1577 Joseph
787 1505 982 1573 Smitit,
1017 1509 1207 1573 Consul
1249 1509 1540 1574 Britannus
1571 1513 1712 1586 apud
1748 1516 2004 1580 Venetos.

409 1595 470 1652 in
504 1595 635 1652 bibl.
674 1597 858 1654 Baluz.
891 1599 1052 1674 hujus
1081 1601 1332 1676 exempla
1360 1603 1468 1664 duo
1496 1619 1620 1668 eum
1650 1623 1782 1672 mss.
1813 1609 2008 1672 collata

409 1689 712 1746 exstabant.

1197 1764 1356 1822 1564.

482 1849 582 1910 Eo.
615 1853 986 1922 MORELLIANA,
1005 1854 1334 1914 PARISIENSIS
1349 1857 1412 1912 V.
1434 1858 1676 1929 Parisiis,
1697 1863 1836 1942 apud
1863 1863 2008 1924 Guil.

411 1948 656 2010 Desbois,
676 1947 1088 2019 in-l'°.-—0pera
1118 1952 1320 2019 omnia,
1350 1962 1596 2009 veterum
1619 1958 2009 2027 exemplarium

411 2039 697 2095 collatione
725 2050 1032 2110 repurgata,
1076 2041 1241 2097 editio
1266 2053 1422 2098 aucta
1463 2054 1518 2100 et
1538 2047 2010 2109 observationibus

412 2131 717 2197 illustrata,
773 2130 1048 2200 diligentia
1109 2141 1164 2186 et
1218 2131 1408 2189 labore
1468 2133 1685 2198 Gniliel.
1754 2138 2006 2200 Moreliii.

409 2221 672 2277 Praefatus
709 2231 796 2278 est
834 2221 999 2279 Hadr.
1030 2222 1336 2292 Turnebus,
1380 2230 1624 2294 restituta
1668 2246 1755 2310 ep.
1808 2233 2011 2294 Firmi-

411 2314 558 2380 liani,
612 2313 737 2370 add.
767 2328 855 2385 ep.
903 2329 955 2369 tv
1003 2315 1102 2371 int.
1155 2315 1360 2374 Pamei.
1413 2319 1684 2378 Praeterea
1727 2339 2012 2387 accessere

410 2405 678 2476 adscripta
709 2405 983 2478 Cypriane
1007 2427 1023 2462 :
1045 2408 1183 2465 iiber
1217 2409 1285 2466 de
1315 2412 1672 2480 Aleatoribus,
1702 2432 1861 2488 quem
1902 2419 2010 2498 Cy-

410 2498 583 2566 priani
611 2513 734 2555 esse
755 2500 839 2555 vix
863 2500 1072 2556 dubitat
1099 2502 1371 2560 Pamelius
1397 2523 1410 2570 ;
1441 2508 1692 2563 Carmina
1719 2525 1733 2564 :
1759 2510 2006 2587 Genesis,

410 2589 666 2658 Sodoma,
713 2593 780 2646 ad
813 2592 1153 2660 Senatorem,
1203 2597 1272 2652 de
1324 2598 1530 2655 Pascha
1578 2601 2010 2664 Domini.—Ad

407 2679 660 2753 Vigilium
699 2681 840 2740 Celsi
890 2687 940 2739 in
988 2686 1393 2756 altercationem
1443 2690 1655 2756 Jasonis
1693 2706 1748 2750 et
1799 2696 2010 2770 Papisci

410 2774 674 2844 praefatio.
719 2807 793 2820 —-
844 2777 1120 2835 Adversus
1172 2780 1411 2850 Iudaeos,
1464 2785 1555 2856 qui
1601 2787 1831 2845 insecuti
1883 2801 2012 2848 sunt

409 2862 703 2923 Christum.
728 2899 798 2911 —
827 2870 904 2926 De
949 2870 1233 2928 duodecim
1286 2874 1654 2934 Abusionibus
1702 2882 1908 2942 saeculi.
1938 2914 2012 2924 —

412 2957 702 3026 Dispositio
747 2975 938 3017 coenae.
966 2963 1232 3042 —Hujus
1280 2967 1369 3022 ed.
1421 2978 1628 3039 septem
1680 2976 2006 3048 exemplaria

409 3064 458 3105 c.
488 3065 619 3107 mss.
653 3053 814 3108 codd.
838 3055 963 3110 coli.
996 3056 1048 3111 in
1080 3057 1210 3112 bibl.
1242 3059 1527 3117 Baluziana
1563 3064 1916 3126 habebantur.

1195 3150 1353 3206 i564.

479 3237 592 3294 Soli
625 3246 878 3296 tractatus
906 3237 1234 3314 Cyprianiei,
1260 3253 1378 3314 post
1395 3242 1592 3312 Leonis
1616 3245 1789 3320 Magni
1819 3266 2005 3328 opera,

413 3333 651 3397 Parisiis,
681 3333 820 3402 apud
862 3331 1144 3391 Claudium
1173 3336 1301 3392 editi
1353 3337 1589 3407 fuerunt,
1621 3342 1888 3402 referente
1915 3346 2006 3402 Ni-

409 3425 563 3479 colao
589 3423 860 3496 Nonrryo.
1168 3499 1307 3557 "‘65

493 3585 666 3642 Verrio
715 3584 920 3641 Gallica
960 3586 1002 3644 l.
1045 3587 1336 3648 Sermones
1386 3592 1445 3649 S.
1505 3595 1757 3667 Cypriani
1816 3598 2007 3669 galllce

408 3677 642 3734 reddidit
667 3676 987 3736 Franciscus
1009 3679 1079 3736 de
1104 3681 1441 3753 Beileforest,
1464 3695 1602 3744 teste
1647 3689 1836 3746 eodem
1863 3691 2006 3750 Ceii-

408 3771 582 3828 iierio.
615 3770 784 3838 Paris,
811 3770 972 3828 in-8°.

1153 3845 1176 3900 i
1188 3845 1314 3906 366.

479 3935 748 4006 Anonymi
789 3933 901 3990 Vita
938 3935 1207 4007 Cypriani,
1240 3940 1437 4009 Pari.,
1491 3943 1654 4012 in-8",
1677 3949 2007 4006 mentionem

409 4023 528 4093 ejus
560 4023 763 4081 faciunt
803 4023 1083 4084 Fabricius
1105 4071 1122 4096 ,
1155 4029 1292 4087 Bibl.
1354 4032 1473 4101 iat.,
1502 4036 1611 4089 vol.
1657 4053 1734 4104 ut,
1790 4054 1842 4108 p.
1877 4041 2004 4109 584;

408 4115 672 4186 Walcbis,
700 4117 841 4174 Bibl.
861 4119 1104 4190 Patrist.,
1134 4137 1183 4178 c.
1216 4125 1270 4192 i,
1300 4123 1328 4196 §
1359 4125 1414 4194 6,
1447 4144 1500 4198 p.
1531 4129 1626 4192 μς
1650 4127 1811 4199 lenae,
1840 4133 2000 4190 1854.

1161 4217 1322 4274 1567.

492 4299 638 4358 Vm.
665 4301 856 4358 Italica
882 4303 925 4361 Ι.
958 4305 1266 4366 Tractatum
1300 4309 1369 4366 de
1396 4309 1593 4383 duplici
1622 4314 1892 4388 Martyrio,
1927 4319 2008 4373 ln-

410 4401 494 4450 ter
555 4394 614 4450 S.
660 4395 939 4467 Cypriani,
988 4415 1153 4469 opera
1212 4406 1562 4476 apocrypha,
1618 4409 1794 4468 italico
1847 4411 2010 4466 vertit

410 4485 474 4540 D.
527 4485 794 4556 Bapltaei,
843 4490 1143 4547 monachus
1191 4492 1558 4566 Florentinus,
1583 4498 1780 4555 additis
1810 4501 1925 4555 Vita
1953 4511 2009 4557 et

409 4575 669 4636 Passionc
708 4579 950 4651 ejusdem
987 4585 1158 4640 sancti
1207 4587 1445 4659 episcopi
1499 4599 1556 4647 et
1604 4598 1879 4666 martyris.
1929 4595 2008 4652 Ex

408 4668 663 4740 Argelato
691 4680 750 4730 et
779 4670 1025 4742 Psitono,
1059 4673 1364 4735 Florentiae.

1022 4806 1264 4854 CLASSIS
1306 4809 1394 4857 Π.

905 4889 1168 4948 Editiones
1195 4892 1530 4953 Pamelium.

1123 4987 1282 5044 i568.

481 5078 580 5136 En.
616 5077 932 5136 Paucum
958 5077 1001 5134 Ι.
1033 5077 1364 5152 Αιιιινεψὶω,
1410 5096 1498 5154 ap.
1544 5083 1762 5146 viduam
1805 5095 1858 5143 et
1897 5085 2007 5143 ha:-

407 5169 527 5225 red.
555 5166 712 5226 Joan.
737 5169 931 5227 Steliii.
966 5169 1122 5226 in-f°.
1161 5173 1476 5241 Opera;-.....
1501 5174 1610 5245 jam
1639 5176 1818 5232 denuo
1844 5193 2004 5247 qttam

407 5263 813 5318 accuratissime
869 5263 1140 5334 recognita
1169 5262 1465 5320 collatione
1513 5264 1652 5321 facta
1705 5269 2002 5327 editionum

407 5350 559 5407 Pauli
585 5353 802 5408 Manutii
825 5361 882 5409 et
907 5353 1050 5410 Guil.
1078 5354 1304 5410 illorellii
1327 5355 1395 5411 ad
1439 5357 1767 5429 exemplaria
1801 5361 2006 5434 aliquot
2083 5405 2087 5408 ς

410 5457 655 5498 manusc.
688 5445 1077 5514 vetustissima,
1102 5455 1361 5516 certoque
1391 5448 1601 5518 ordine,
1650 5450 1828 5506 habita
1869 5463 2005 5510 tem-

407 5549 597 5604 porum
641 5537 847 5592 ratione
873 5537 926 5591 in
957 5547 1066 5591 tres
1097 5545 1275 5592 tomos
1301 5553 1446 5592 nunc
1470 5539 1700 5606 primum
1724 5541 1998 5602 distincta.

407 5698 624 5758 monet,
680 5701 782 5748 nec
879 5706 1028 5747 arum
1081 5692 1340 5763 gloriatur
1382 5694 1490 5749 duo
1535 5697 1637 5752 sibi
1673 5700 1998 5772 exemplaria

407 5762 704 5819 contigisse.
721 5707 876 5819 quod)
893 5764 1094 5819 nemini
1115 5763 1383 5819 editorum
1417 5767 1677 5819 priorum.
1695 5768 1992 5819 Sosianus.

393 5762 704 5833 contigisse,
721 5762 866 5833 quod
893 5762 1096 5822 nemini
1115 5763 1383 5822 editorum
1417 5767 1677 5838 priorum.
1695 5762 1992 5830 Sentium.

1843 295 2226 356 ΡΒΑΞΡΑΤΙΟ.

3550 325 3709 366 LXXVI

2113 414 2504 472 Annotationes
2529 414 2624 472 Jac
2675 416 3034 474 Pamelil......
3067 420 3165 476 toti
3197 420 3346 492 operi
3378 421 3606 491 sparsim
3635 422 3715 478 in-

2110 507 2381 578 terjectze;
2423 510 2616 581 quibus
2641 519 2752 566 tum
2800 513 3214 584 castigationum
3252 513 3392 569 ratio
3431 523 3486 570 et
3517 514 3710 570 lectio-

2111 613 2238 654 num
2290 600 2523 655 varietas
2575 601 2752 657 obiter
2803 602 3108 668 indicatur,
3164 613 3276 660 tum
3331 602 3590 677 quidquid
3639 607 3712 662 ad

2109 693 2482 761 antiquitatem
2527 693 2948 750 ecclesiasticam
2992 697 3244 766 pertinet,
3303 696 3490 767 paucis
3534 698 3711 769 expli-

2109 790 2281 837 catur.
2314 782 2398 838 Ab
2441 783 2632 840 eodem
2683 799 2876 842 recens
2925 785 3133 857 adjecta
3193 788 3257 844 D.
3309 789 3475 860 Cypr.
3521 787 3638 846 Vita
3677 805 3712 847 e

2111 874 2326 945 scriptis
2368 876 2537 944 ipsius
2581 877 2832 945 collecta,
2877 887 2932 934 et
2977 877 3377 951 Scripturarum
3423 881 3712 940 citatarum

2112 966 2273 1021 index
2303 967 2788 1038 locupletissslmus
2833 969 3169 1028 desideratus
3211 973 3585 1030 hactenus.—
3607 975 3714 1033 fle-

2112 1057 2325 1114 i'rlctum
2347 1076 2451 1131 quo
2477 1076 2545 1117 ex
2573 1063 2736 1133 longo
2764 1062 2894 1118 satis
2925 1079 3192 1121 annorum
3227 1068 3404 1138 spatio
3434 1067 3713 1127 Pamelius

2111 1153 2383 1224 Cypriane
2408 1169 2626 1224 operam
2657 1156 2900 1226 dederat,
2935 1159 3192 1228 studium,
3233 1161 3361 1216 dum
3393 1164 3625 1234 primum
3654 1165 3711 1221 in

2114 1243 2432 1316 theologicis
2496 1248 2688 1304 studiis
2733 1260 2880 1306 esset
2929 1255 3268 1323 occupatior,
3327 1271 3452 1311 mox
3507 1255 3714 1314 Gallica

2115 1337 2450 1406 proiectione
2475 1339 2784 1412 impeditus,
2814 1341 3053 1399 incendit
3094 1360 3222 1402 ecce
3269 1347 3462 1403 iterum
3511 1348 3714 1420 duplex

2113 1429 2273 1502 hujus
2300 1433 2598 1512 scriptoris,
2632 1451 2752 1507 qua:
2771 1436 2962 1493 eodem
2992 1453 3129 1509 pene
3151 1447 3394 1511 tempore
3420 1441 3718 1520 prodiisset

2112 1520 2172 1576 P.
2205 1523 2423 1580 Manutii
2451 1533 2508 1581 et
2531 1527 2598 1582 ϐ.
2628 1526 2852 1583 Morellii
2879 1528 3064 1586 editio.
3094 1530 3172 1585 Ac
3195 1534 3466 1603 superavit
3491 1535 3716 1612 quidem

2114 1616 2396 1686 utriusque
2457 1618 2683 1676 virtutes
2753 1619 3009 1698 (egregia
3079 1625 3242 1680 etiam
3309 1626 3479 1704 ipsius
3553 1627 3716 1686 laude

2114 1718 2392 1776 mactatas,
2444 1711 2514 1764 ita
2557 1719 2737 1768 tamen
2768 1720 2846 1781 ⁸ιιι
2892 1711 3211 1772 Manutianm
3264 1719 3466 1798 primas
3491 1720 3715 1796 daret),

2111 1814 2232 1854 cum
2281 1801 2470 1856 iterata
2501 1810 2557 1858 et
2604 1803 2756 1860 novis
2805 1804 3068 1876 praesidiis
3109 1807 3291 1880 adjuta
3341 1821 3518 1868 textus
3543 1828 3708 1884 cura;

2114 1900 2227 1946 tum
2259 1895 2471 1950 caeteris
2519 1896 2710 1966 copiis,
2768 1911 2901 1968 quas
2923 1899 3105 1966 titulus
3155 1903 3450 1978 pollicetur,
3503 1908 3713 1980 primus

2113 1983 2442 2056 Cyprianum
2489 1987 2746 2042 instruxit
2798 2003 2862 2045 ac
2907 1990 3208 2060 decoravit,
3237 1995 3289 2050 in
3321 1995 3508 2066 primis
3546 2014 3717 2072 argu-

2114 2080 2315 2134 mentis
2345 2082 2621 2151 praeciaris
2645 2091 2699 2138 et
2725 2081 2918 2140 lucidis
2945 2086 3168 2158 singulis
3195 2088 3347 2145 libris
3376 2105 3440 2146 ac
3469 2092 3715 2166 epistolis

2115 2171 2371 2242 praeﬁxis,
2403 2182 2456 2228 et
2504 2173 2766 2230 industria
2799 2192 2899 2246 qua
2932 2177 3263 2248 singulorum
3318 2169 3619 2250 libellorum
3649 2201 3714 2243 ac

2113 2265 2460 2334 epistolarum
2492 2267 2690 2322 seriem
2719 2267 3156 2344 chronologicam
3203 2273 3457 2347 indagare
3485 2279 3709 2337 studuit.

2113 2358 2284 2420 Codd.
2328 2375 2456 2422 usus
2485 2372 2569 2424 est
2608 2377 2740 2418 mss.
2787 2361 3034 2442 plurimis
3081 2381 3146 2424 ex
3175 2370 3319 2432 omni
3368 2370 3482 2432 fere
3525 2372 3714 2446 Belgio

2113 2453 2449 2522 conquisitis.
2485 2454 2560 2508 Ex
2592 2454 2718 2510 edd.
2760 2457 3154 2528 antiquioribus
3179 2461 3448 2534 prarcipue
3479 2464 3717 2526 innomi-

2115 2553 2290 2598 natam
2334 2545 2376 2610 Ι,
2407 2545 2474 2602 de
2509 2563 2614 2617 qua
2659 2562 2817 2618 supra
2859 2549 3117 2617 diximus,
3170 2561 3224 2607 et
3276 2553 3718 2614 Remboltianam

2113 2635 2330 2698 evolvit.
2370 2636 2592 2700 Latinus
2644 2638 2908 2710 Latinius,
2960 2641 3116 2712 cujus
3163 2658 3325 2715 supra
3374 2646 3720 2710 laudavimus

2113 2741 2271 2781 curas
2299 2728 2585 2794 secundas,
2621 2729 2843 2783 nimium
2875 2745 3020 2801 szepe
3046 2732 3261 2788 Manutii
3291 2735 3552 2792 confisum
3583 2755 3722 2798 esse

2112 2817 2538 2872 correctionibus
2569 2817 2862 2874 Pamelium
2904 2832 3108 2877 censet.
3157 2824 3274 2894 ipse
3305 2836 3495 2896 praeter
3520 2827 3633 2883 700
3666 2841 3722 2885 ct

2113 2921 2180 2964 eo
2229 2907 2460 2977 amplius
2513 2909 2662 2964 iocos
2714 2909 2993 2973 restitutos
3041 2912 3092 2967 in
3146 2914 3262 2970 sola
3306 2915 3715 2986 Scripturarum

2111 2999 2372 3056 citatione
2427 2999 2732 3071 marginali,
2782 3000 2850 3056 ab
2881 3002 3179 3061 innumeris
3227 3005 3447 3077 insuper
3501 3010 3712 3066 mendis

2112 3100 2497 3160 perpurgatum
2527 3091 2856 3164 Cyprianum
2885 3107 2980 3151 sua
3012 3111 3174 3165 opera
3203 3098 3422 3168 prodire
3455 3097 3708 3167 fi‘trmat,

2113 3180 2208 3248 ita,
2243 3180 2412 3247 addit,
2439 3192 2498 3237 ut
2523 3199 2734 3253 sperem
2766 3187 2847 3256 (si
2871 3185 3001 3246 citra
3033 3186 3290 3243 invidiam
3311 3189 3493 3246 dicere
3518 3191 3713 3260 liceat)

2113 3272 2260 3328 nulla
2291 3274 2518 3344 posthac
2543 3275 2663 3346 ejus
2687 3277 3058 3350 recognitione
3083 3293 3219 3348 epus
3247 3278 3383 3337 fore.
3431 3281 3716 3339 Pmevertit

2110 3379 2241 3421 vero
2272 3365 2373 3426 hac
2410 3381 2572 3437 opera
2601 3369 2686 3426 ιο.
2725 3370 3021 3430 Harrisium
3063 3369 3316 3441 Anglum.
3347 3372 3448 3429 Tit.
3490 3373 3641 3432 Mero
3682 3393 3714 3431 a

2111 3458 2337 3513 secretis
2367 3461 2658 3528 quondam,
2693 3478 2720 3515 a
2752 3477 2861 3533 quo
2905 3462 3132 3522 invicem
3187 3466 3451 3520 anteverti
3481 3467 3630 3535 cupit
3658 3467 3712 3522 in

2110 3545 2445 3610 Tertulliano
2499 3553 2820 3624 evulgando.
2886 3553 3020 3610 Vita:
3072 3551 3325 3624 Cypriani
3382 3571 3412 3610 ιι
3469 3556 3715 3616 Pameiio

2110 3641 2426 3709 conscripta:
2451 3643 2727 3710 praemissa
2763 3654 2910 3714 sunt.
2941 3659 3062 3716 qua;
3088 3645 3263 3706 Pontii
3295 3657 3352 3702 et
3397 3646 3548 3705 Pauli
3589 3649 3714 3705 dia-

2111 3732 2230 3786 coni
2261 3733 2481 3788 nomine
2507 3732 2575 3789 de
2603 3735 2713 3788 vita
2741 3735 2858 3806 ejus
2886 3747 2937 3792 et
2967 3737 3219 3808 passione
3247 3738 3514 3803 feruntur,
3573 3739 3706 3796 item

2111 3821 2392 3893 Augustini
2421 3823 2597 3880 oratio
2626 3833 2680 3882 et
2705 3824 2977 3897 Agobardi
2998 3828 3334 3900 quasdamde
3355 3832 3714 3888 translatione

2109 3916 2355 3983 corporis
2406 3915 2467 3970 D.
2498 3916 2660 3988 Cypr.
2714 3918 2768 3973 in
2797 3918 3044 3976 Galliam.
3064 3920 3226 3975 —Ac
3253 3936 3373 3974 eunt
3406 3931 3515 3977 tota
3541 3924 3716 3980 editio

2110 4005 2282 4064 divisa
2312 4008 2382 4070 sit
2430 4009 2484 4064 in
2517 4019 2627 4064 tres
2662 4019 2858 4080 tomos,
2903 4013 3109 4083 primus
3135 4028 3258 4084 epp.
3310 4014 3571 4083 continet,
3603 4032 3715 4072 nuo

2110 4113 2262 4153 mero
2302 4115 2535 4168 Lxxxttt,
2567 4101 2667 4158 hac
2709 4104 2849 4159 serie
2877 4121 2890 4158 :
2917 4105 2972 4158 i"
2999 4104 3136 4174 Epp.
3170 4106 3350 4163 statim
3374 4121 3404 4162 a
3435 4105 3717 4178 Baptismo

2113 4189 2176 4245 D.
2208 4189 2393 4263 Cypr.;
2424 4189 2482 4246 2°
2514 4194 2566 4247 in
2597 4209 2816 4250 secessu
2840 4196 3014 4265 ejusd.
3059 4207 3171 4253 toto
3213 4199 3467 4266 biennio;
3523 4199 3580 4256 5°
3609 4203 3717 4258 sub

2111 4285 2426 4352 pontiiicsttt
2453 4285 2688 4342 Cornelii
2719 4296 2775 4342 et
2803 4287 2985 4356 Lucii;
3015 4289 3073 4345 4'
3100 4291 3478 4347 miscellaneas
3507 4294 3560 4348 itt
3580 4308 3716 4363 pace

2111 4377 2368 4432 Ecclesim
2383 4379 2542 4432 variis
2558 4381 2891 4449 temporibus
2907 4398 2922 4447 ;
2939 4381 3102 4437 5°5th
3119 4383 3433 4453 pontiﬁcatu
3447 4386 3716 4457 Stephani

2111 4468 2180 4524 de
2194 4469 2528 4539 baptizandis
2546 4469 2847 4534 itwreticis;
2869 4472 2926 4526 6"
2940 4472 2995 4527 in
3011 4476 3204 4528 exsilio
3221 4485 3276 4530 et
3291 4477 3390 4531 sub
3405 4478 3566 4533 linem
3586 4480 3715 4534 vitae

2112 4563 2468 4631 conscriptas.
2500 4559 2804 4630 Secundus,
2835 4564 2999 4620 libros
3023 4577 3078 4622 et
3102 4574 3370 4624 tractatus
3400 4571 3581 4625 varios
3608 4586 3718 4627 nu-

2111 4667 2265 4708 mero
2291 4669 2378 4710 xv.
2408 4653 2643 4719 Tertius,
2662 4655 2836 4724 Opera
2859 4656 3127 4729 Cypriane
3143 4659 3436 4732 adscripta.
3455 4691 3524 4702 —
3540 4661 3621 4717 Ac
3652 4663 3718 4722 in

2109 4753 2365 4801 contextu
2403 4747 2659 4803 nonnulla
2687 4749 2905 4820 quidem
2956 4753 3174 4823 proprio
3203 4754 3427 4810 arbitrio
3453 4763 3544 4810 aut
3571 4769 3603 4810 a
3649 4771 3720 4815 se

2108 4837 2309 4892 omissa
2337 4849 2429 4892 aut
2457 4840 2629 4909 posita
2680 4855 2805 4898 esse
2852 4842 3387 4912 Pameliusfatetur,
3437 4861 3717 4904 nonnum-

2107 4945 2266 5002 quam
2297 4933 2459 4988 etiam
2489 4941 2682 4989 contra
2720 4949 2850 4989 mss.
2897 4935 3056 4991 codd.
3096 4937 3493 5008 auctoritatem,
3522 4947 3579 4996 et
3609 4939 3716 4998 hac

2107 5025 2339 5096 ingenua
2384 5025 2721 5096 professione
2751 5028 3029 5098 liberoque
3056 5029 3126 5084 de
3163 5030 3381 5087 Manutii
3407 5047 3471 5087 ac
3498 5032 3713 5090 Moreiii

2106 5119 2494 5176 mutationibus
2523 5120 2728 5192 judicio
2772 5122 2930 5177 make
2957 5122 3162 5179 fraudis
3194 5125 3559 5195 suspicionem
3591 5141 3620 5182 a
3646 5143 3712 5184 se

2103 5210 2329 5267 amovit.

2813 5307 2973 5366 i569.

2185 5393 2363 5450 Versio
2413 5394 2601 5451 Italica
2627 5397 3028 5458 Il.—-Annib:tl
3075 5402 3216 5460 Caro
3265 5405 3398 5461 italo
3452 5419 3712 5461 sermone

2101 5486 2324 5541 donavit
2375 5495 2660 5542 tractatum
2708 5490 2766 5544 S.
2799 5489 3055 5564 Cypriani
3101 5496 3169 5550 de
3198 5496 3573 5569 eieemosyna,
3607 5499 3711 5552 im-

2101 5593 2351 5650 pressum
2406 5580 2546 5649 apud
2597 5581 2795 5640 Aldum
2844 5601 2965 5642 cum
3026 5588 3234 5644 duabus
3276 5589 3615 5646 orationibus
3640 5590 3704 5647 S.

2101 5671 2348 5745 Gregorii
2370 5671 2694 5734 Nazianzeni
2726 5681 2930 5750 pariter
2961 5680 3145 5738 italico
3174 5683 3385 5753 versis,
3419 5693 3558 5744 teate
3585 5683 3704 5748 Eu.-

2101 5762 2262 5820 doxio
2289 5762 2557 5827 Pbilenio.
2587 5766 2783 5837 Venet,
2812 5768 2976 5830 in-d’.
