3876 6282
226 331 400 378 LXI."

215 432 659 490 obtin‘endorum
731 435 1006 496 desiderio
1059 455 1118 498 se
1164 443 1458 515 ﬂagrasse,
1515 451 1591 505 ait
1636 451 1845 522 editor;

216 542 435 585 omnes
464 538 640 585 autem
673 531 932 601 fautores,
965 549 1102 605 quos
1124 552 1190 593 eo
1207 540 1426 597 nomine
1454 542 1846 616 interpellaret,

223 623 557 680 eorumdem
580 635 806 696 questos
834 643 956 684 esse
986 630 1258 701 inopiam;
1288 637 1565 706 accepisse
1592 647 1772 694 tamen
1817 654 1849 697 e

232 711 384 769 bibl.
412 714 856 788 Norimbergensi
900 721 1129 778 utendas
1171 724 1437 782 editiones
1468 727 1765 786 Romanam
1793 739 1849 788 et

233 805 509 865 Venetam
541 810 696 878 M71,
743 822 798 868 et
829 813 1252 884 innominatam;
1293 834 1427 891 quas
1455 822 1645 877 saltem
1683 838 1847 880 excu-

234 907 365 956 tere
413 900 684 958 debuisset
713 904 984 973 curiosis,
1034 924 1330 982 earumque
1359 913 1538 970 varias
1583 914 1846 974 lectiones

233 992 494 1049 disertius
537 995 803 1052 indicare.
838 997 966 1055 Haec
992 1001 1180 1069 editio,
1221 1002 1404 1073 judice
1433 1005 1680 1076 Dupinio,
1711 1008 1844 1066 nihil

235 1085 429 1152 habet,
473 1089 620 1159 quod
653 1090 709 1145 in
759 1091 881 1147 aliis
923 1109 1031 1149 non
1062 1095 1386 1166 inveniatur,
1441 1099 1544 1156 nisi
1591 1101 1735 1172 quod
1776 1117 1842 1161 ex

225 1181 373 1239 bene
392 1185 583 1242 multis
609 1189 995 1259 manuscriptis
1026 1193 1296 1251 recensita
1320 1195 1413 1251 sit.

732 1379 744 1387 ν
855 1319 1096 1366 cussrs
1136 1323 1225 1367 vt.

731 1401 990 1462 Editiones
1019 1407 1353 1465 Oxonienses.

951 1499 1113 1556 1682.

302 1586 540 1657 Oxonii,
580 1605 608 1643 e
650 1590 848 1646 theatro
877 1591 1284 1663 Scheldoniano,
1321 1595 1473 1665 in-f",
1501 1597 1560 1655 S.
1581 1595 1838 1671 Cypriani

223 1681 419 1752 Opera
472 1681 748 1753 recognita
779 1692 835 1738 et
862 1683 1130 1743 illustrata
1176 1702 1274 1758 per
1320 1687 1584 1746 Joannem
1628 1689 1838 1748 Fellum

236 1773 606 1830 Oxoniensem
648 1776 984 1848 episcopum.
1017 1779 1300 1836 Accedunt
1326 1783 1563 1839 Annales
1609 1783 1837 1856 Cypria-

242 1865 379 1932 nici,
411 1867 528 1922 sive
573 1867 828 1925 tredecim
874 1885 1140 1927 annorum
1187 1873 1384 1944 quibus
1428 1874 1484 1931 S.
1533 1876 1836 1948 Cyprianus

237 1957 391 2014 inter
424 1959 759 2018 Christianos
783 1974 1033 2020 versatus
1062 1974 1166 2034 est,
1214 1967 1395 2022 brevis
1425 1966 1649 2024 historia
1675 1968 1837 2026 chro-

227 2052 488 2123 nologice
507 2053 780 2112 delineata
818 2072 916 2128 per
942 2057 1206 2115 Joannem
1232 2059 1621 2118 Cestriensem.
1653 2063 1836 2120 Prima

223 2143 396 2216 hujus
440 2145 701 2203 editionis
744 2149 844 2205 dos
889 2159 1022 2219 est,
1070 2153 1214 2223 quod
1255 2161 1518 2211 tractatus
1564 2154 1836 2227 Cypriano

225 2237 505 2307 suppositi
536 2251 593 2294 et
622 2255 652 2294 a
675 2241 943 2311 prioribus
963 2243 1124 2298 etiam
1147 2245 1446 2302 editoribus
1482 2248 1636 2318 quasi
1664 2249 1834 2320 gradu

223 2329 480 2386 submoti
507 2339 567 2387 et
603 2334 838 2390 seorsim
868 2335 1115 2407 repositi,
1145 2337 1218 2393 ita
1249 2348 1426 2396 tamen
1447 2382 1463 2408 ,
1496 2349 1662 2397 utaut
1687 2357 1835 2413 quae-

224 2422 473 2479 stionem
515 2423 587 2479 de
637 2433 784 2481 statu
818 2441 1004 2482 eorum
1053 2429 1311 2486 intactam
1359 2433 1714 2502 praeterirent,
1745 2443 1839 2492 aut

226 2531 335 2588 pro
360 2517 636 2588 aliquibus
665 2519 767 2591 ipsi
794 2519 1172 2594 ﬁdejuberent,
1213 2535 1272 2581 ut
1292 2525 1587 2596 Pamelius,
1615 2545 1837 2598 prorsus

233 2618 369 2665 sunt
409 2625 479 2666 ex
528 2610 743 2682 reliquo
791 2616 1118 2684 scriptorum
1166 2633 1396 2674 numero
1445 2619 1740 2688 eliminati;
1770 2636 1839 2679 ne

236 2715 377 2759 vero
427 2717 459 2756 a
499 2701 823 2774 quibusdam
879 2705 1172 2764 lectoribus
1195 2709 1663 2775 ‘Ldesiderarentur
1721 2713 1840 2769 uni-

232 2797 408 2863 versi,
439 2811 562 2853 cum
616 2797 838 2855 ineditis
861 2800 1038 2856 adhuc
1083 2802 1403 2873 quibusdam
1449 2805 1569 2861 aliis
1611 2807 1840 2863 seorsim

242 2889 443 2946 excudi
464 2890 668 2947 curavit
695 2891 892 2959 editor,
923 2894 1018 2948 tali
1040 2894 1204 2950 etiam
1225 2894 1419 2963 forma,
1443 2905 1502 2952 ut
1521 2911 1642 2952 cum
1668 2899 1842 2969 gemi-

246 2981 339 3038 nis
362 2982 636 3039 commode
674 2983 826 3056 jungi
869 2996 1113 3056 possent.
1161 2987 1314 3055 Quod
1359 2987 1428 3043 ad
1456 2989 1687 3059 genuina
1734 2989 1837 3046 ista

235 3085 474 3147 spectat,
505 3076 778 3149 Epistolas
806 3093 949 3135 novo
975 3095 1038 3136 ac
1060 3081 1218 3152 longe
1241 3096 1273 3137 a
1295 3081 1517 3138 Pamelii
1538 3081 1840 3141 dissidente

231 3167 431 3226 ordine
481 3170 736 3242 digessit;
783 3173 1256 3241 annotationibus,
1309 3191 1432 3247 quae
1493 3176 1838 3233 commodea

227 3262 610 3332 superioribus
636 3263 954 3331 editoribus,
997 3267 1052 3321 in
1098 3267 1286 3337 primis
1314 3281 1346 3323 a
1372 3268 1628 3340 Rigaltio,
1659 3269 1840 3325 consi-

226 3362 417 3425 gnata
459 3363 635 3419 erant,
665 3355 801 3426 ipsis
830 3371 1020 3413 eorum
1049 3358 1230 3415 verbis
1252 3399 1269 3425 ,
1311 3359 1627 3444 charactere
1657 3370 1838 3418 tamen

224 3445 502 3516 peculiari
531 3445 818 3517 descriptis
863 3462 987 3504 suas
1035 3448 1262 3519 addidit,
1289 3450 1356 3507 de
1379 3451 1576 3522 quibus
1604 3453 1721 3510 fere
1747 3454 1834 3509 ni-

224 3539 339 3594 mis
359 3537 607 3594 modeste
623 3538 807 3606 sentit,
827 3539 1124 3598 admonens
1137 3543 1297 3598 etiam
1321 3543 1579 3611 lectores,
1597 3552 1675 3613 ut,
1693 3546 1735 3601 si
1750 3549 1839 3604 cui

223 3629 378 3686 forte
407 3631 662 3702 Cypriani
695 3631 903 3702 placitis
939 3633 1189 3690 videatur
1229 3650 1386 3707 aequo
1416 3636 1704 3707 addictior,
1742 3653 1836 3696 re-

223 3731 432 3794 putent
452 3738 511 3780 se
537 3733 694 3780 notas
721 3724 787 3780 ad
817 3723 1144 3797 Cyprianum
1165 3743 1272 3784 non
1298 3729 1350 3786 in
1371 3745 1495 3786 eum
1525 3731 1832 3801 scripsisse.

226 3811 448 3870 Tutelae
485 3813 755 3885 quoddam
784 3831 954 3886 genus
982 3819 1260 3890 suscipere
1283 3821 1570 3888 editorem,
1597 3836 1699 3876 nec
1723 3835 1841 3892 pro-

224 3911 412 3980 priam
461 3907 692 3964 liberare
723 3908 906 3979 (idem,
933 3911 1037 3966 nisi
1079 3913 1429 3970 auctoris‘sui
1474 3924 1705 3972 tueatur.
1752 3914 1836 3971 Ad

223 4005 610 4075 dispositionis
642 4006 825 4062 lnttdcs
867 4010 1122 4079 pertinet,
1159 4009 1303 4081 quod
1333 4010 1530 4082 insigni
1575 4012 1835 4067 lectorum

228 4099 532 4156 commodo
580 4101 752 4156 textui
805 4102 968 4156 variae
1020 4102 1284 4159 lectiones
1338 4103 1594 4174 primum,
1635 4103 1836 4161 deinde

225 4198 495 4246 annotata
523 4190 910 4262 subjiciantur;
940 4202 1204 4264 praeterea
1225 4201 1406 4249 textus
1424 4196 1542 4266 ipse
1564 4196 1618 4250 in
1645 4196 1838 4253 breves

226 4283 607 4355 paragraphos
643 4282 927 4340 distinctus
969 4285 1306 4357 singulisque
1340 4302 1529 4343 eorum
1567 4296 1695 4343 sunt
1739 4288 1835 4343 ad-

228 4374 408 4444 iuncti
469 4373 688 4430 indiculi
740 4375 1084 4447 marginales.
1119 4377 1325 4433 Prmter
1368 4393 1427 4434 ca
1480 4395 1600 4450 quae
1651 4380 1835 4438 titulus

233 4467 545 4539 pollicetur,
579 4471 847 4540 praemissi
891 4480 1015 4526 sunt
1039 4470 1176 4526 Vita:
1196 4470 1452 4543 Cypriani
1492 4473 1699 4530 indices
1727 4473 1833 4530 Pa-

229 4559 458 4616 meliani
503 4576 626 4617 cum
669 4562 938 4619 indicibus
987 4572 1370 4620 contentorum
1403 4606 1418 4632 ,
1463 4564 1661 4635 quibus
1712 4564 1832 4621 edi-

226 4655 416 4710 tiones
443 4653 676 4720 Erasmi,
707 4654 952 4722 Manutii,
979 4656 1200 4712 Pamelii
1229 4665 1285 4713 et
1323 4656 1646 4715 Oxouiensis
1693 4657 1834 4713 inter

224 4762 290 4804 se
343 4756 746 4818 comparantur.
789 4748 866 4805 De
905 4747 1081 4805 nitore
1124 4758 1179 4806 et
1220 4761 1415 4808 ornatu
1447 4751 1834 4824 typographico

231 4837 396 4909 huius
419 4837 671 4895 editionis
699 4853 924 4896 monere
949 4840 1301 4912 supersedeo.

963 4935 1123 4990 1Ε84.

322 5021 461 5080 Vm.
524 5025 700 5080 italica
739 5024 806 5082 V.
869 5025 1154 5085 Tractatus
1200 5029 1463 5086 adversus
1511 5029 1832 5090 feminarum

225 5119 417 5175 luxum
448 5131 738 5191 excerptns
765 5135 832 5177 ex
859 5121 997 5177 libro
1030 5123 1094 5176 de
1124 5122 1414 5194 Disciplina
1434 5134 1487 5180 et
1509 5125 1690 5181 habitu
1706 5125 1828 5182 Vir-

221 5211 418 5283 ginum
461 5209 641 5266 italice
677 5211 945 5281 redditus,
986 5221 1124 5270 teste
1151 5214 1398 5273 Eudoxio
1422 5215 1691 5287 l’hilenio,
1720 5218 1830 5274 Ro-

222 5318 356 5370 mae,
388 5318 460 5359 ex
489 5302 842 5375 typographia
865 5303 930 5360 Β.
962 5305 1022 5361 C.
1049 5309 1116 5362 A.

939 5397 1101 5469 1684.

299 5487 706 5544 Dissertationes
731 5488 1051 5561 Cyprianicte
1075 5492 1144 5548 ab
1171 5491 1407 5550 Henrico
1441 5495 1712 5552 Dodwell.
1757 5497 1830 5568 Α.

225 5575 303 5637 Μ.
324 5580 688 5649 Dubliniensi,
708 5580 952 5650 Oxonim,
976 5599 1007 5640 e
1025 5585 1237 5643 theatro
1252 5586 1830 5659 Sheldoniano,in-12.

951 5676 1112 5734 1688.

367 5764 547 5821 Verrio
566 5763 773 5819 Gallica
809 5764 892 5822 Vl.
926 5765 1150 5826 Selectte
1207 5771 1268 5827 D.
1299 5772 1549 5845 Cypriani
1592 5774 1846 5846 Epistolze

227 5855 296 5920 ad
325 5856 692 5916 confessores
713 5869 779 5913 ac
797 5868 1056 5934 martyres
1081 5863 1138 5923 in
1159 5863 1359 5926 idioma
1379 5866 1632 5940 gallicum
1659 5877 1837 5931 trans-

1684 337 2070 401 PRAEFATIO.

3358 373 3546 417 LXXXII

1955 459 2076 513 latae
2103 473 2225 514 cum
2265 459 2734 522 observationibus
2764 465 3039 524 historicis
3064 478 3226 541 atque
3247 476 3547 532 moralibus

1951 565 1979 603 a
2010 551 2369 609 celeberrimo
2391 553 2641 621 Lenlant,
2670 566 2891 614 auctore
2919 558 3171 618 Historiae.
3192 565 3546 621 conciliorum

1949 641 2159 709 Pisani,
2191 645 2594 704 Contantiensis
2623 664 2687 705 ac
2716 641 3064 710 Basileensis.
3103 654 3376 730 (Catalog.
3423 659 3544 716 bibl.

1957 736 2162 795 Bunav.
2195 740 2440 814 Ceiller.)
2681 816 2818 875 1689

2019 899 2142 954 Joh.
2161 901 2356 959 Clerici
2376 904 2729 962 Summarium
2745 908 2862 964 vita:
2879 909 2942 966 S.
2973 910 3238 983 Cypriani,
3258 915 3397 986 quod
3423 931 3546 973 cum

1948 990 2001 1046 in
2035 993 2178 1050 illius
2222 995 2606 1055 bibliothecam
2652 1002 2960 1059 universam
2992 1005 3106 1074 XII,
3146 1008 3273 1077 212,
3315 1012 3545 1067 transla-

1950 1091 2062 1138 tum
2109 1096 2277 1156 esset,
2304 1094 2598 1160 separatim
2653 1095 2883 1164 prodiit,
2916 1112 3022 1153 non
3078 1107 3287 1157 tantum
3333 1104 3540 1173 gallice,

1947 1177 2252 1246 Amstelod,
2301 1181 2494 1252 iii-12.,
2552 1185 2648 1242 sed
2698 1188 2862 1244 etiam
2901 1193 3214 1262 germanice
3251 1195 3304 1250 in
3345 1196 3546 1254 Clerici

1946 1265 2172 1324 deutsch
2195 1270 2539 1332 ubersetzten
2588 1277 3002 1338 lebensbeschr.
3051 1283 3260 1356 einiger
3295 1285 3546 1344 kircheu-

1946 1369 2135 1429 vmter,
2164 1379 2288 1434 pag.
2315 1366 2440 1422 158.

2659 1442 2822 1500 1690.

2017 1525 2116 1582 Eo.
2145 1526 2465 1589 Oxomsnsrs
2486 1532 2550 1588 ll.
2573 1535 2782 1591 Bremae
2802 1578 2816 1603 ,
2844 1548 3065 1610 sumptt.
3100 1540 3285 1599 Herm.
3316 1544 3539 1616 Brauer,

1945 1632 2131 1690 gymn.
2200 1629 2524 1698 typograph.
2568 1630 2891 1688 Oxoniensis
2936 1633 3004 1688 ad
3046 1651 3277 1709 unguem
3324 1655 3540 1697 recusa.

1943 1709 2255 1784 Subjunctis
2283 1717 2546 1776 Dodwelli
2576 1721 2712 1778 Diss.
2747 1722 3107 1796 Cyprianicis.

2663 1813 2819 1869 1694.

2009 1895 2161 1951 Com.
2189 1897 2423 1958 Danielis
2449 1901 2650 1960 Frichii
2674 1905 2738 1960 de
2773 1905 3086 1967 Libellaticis
3105 1911 3160 1967 in
3184 1911 3419 1971 Ecclesia
3452 1931 3543 1972 ve-

1939 1993 2041 2042 tere
2058 2003 2080 2053 ;
2097 1987 2308 2060 Lipsiae.
2660 2067 2799 2124 169⁷

2012 2152 2222 2222 Romae,
2256 2154 2438 2212 in-i‘ol.
2486 2157 2543 2214 S.
2575 2158 2832 2232 Cypriani
2860 2165 3177 2235 opusculum
3219 2168 3288 2226 de
3322 2170 3540 2231 Unitate

1939 2242 2200 2301 Ecclesiae
2242 2248 2522 2306 catholica:
2573 2251 2626 2306 in
2679 2252 2763 2309 Jo.
2817 2255 3043 2314 Thomae
3093 2260 3162 2317 de
3216 2262 3542 2322 Roccaberti

1941 2335 2079 2392 Bibl.
2111 2338 2248 2394 Max.
2278 2340 2479 2397 Pontif.
2514 2343 2699 2412 Rom.,
2730 2355 2768 2402 t.
2798 2364 2868 2415 γι,
2903 2365 2958 2421 p.
2989 2351 3249 2411 903-9”.

2013 2519 2113 2576 En.
2141 2523 2462 2582 OXONIENSIS
2491 2526 2581 2585 ΙΙΙ.
2613 2438 3028 2603 Αὲὶεῗὲίοᾶειωί,
3054 2553 3144 2608 ap.
3183 2537 3264 2597 Jo.
3300 2539 3431 2597 Lud.
3473 2541 3542 2600 de

1943 2611 2162 2682 Lorme,
2193 2616 2377 2673 in-fol.
2422 2620 2522 2675 Ed.
2558 2623 2736 2690 tertia,
2766 2627 2853 2681 cui
2878 2627 3077 2685 additae
3104 2633 3535 2690 suntDissertat.

1941 2703 2276 2778 Cyprianicae
2324 2709 2390 2766 Η.
2446 2712 2731 2771 Dodwelli.
2789 2717 3064 2791 Repetitio
3119 2723 3400 2783 Bremensi
3445 2742 3541 2798 per

1944 2798 2124 2854 omnia
2152 2799 2366 2858 similis.

2529 2890 2753 2936 εωουιο
2791 2895 2942 2936 XVIII.

2016 3035 2114 3091 En.
2140 3037 2463 3098 Oxomsnsis
2489 3043 2580 3110 IV,
2607 2975 2935 3113 Alitllseglbd”
2964 3048 3114 3118 in-fO,
3135 3052 3325 3111 eadem
3358 3071 3420 3113 ac
3449 3073 3541 3115 su-

1941 3142 2058 3199 pra.
2092 3129 2351 3206 (Catalog.
2380 3135 2502 3191 bibl.
2536 3134 2779 3194 Casanat.
2803 3150 2842 3197 t.
2871 3142 2956 3212 tt.)

2659 3232 2822 3289 1709.

2014 3313 2196 3370 Czecil.
2229 3317 2531 3390 Cyprianus
2559 3323 2627 3380 de
2656 3325 2924 3385 idolorum
2949 3330 3221 3403 Vanitate,
3243 3352 3366 3393 cum
3396 3343 3540 3398 notis

1940 3403 2058 3460 Nic.
2106 3408 2324 3480 Rigaltii
2367 3423 2421 3470 et
2447 3415 2562 3472 Jac.
2599 3418 2882 3489 Gronovii,
2913 3423 3161 3498 Lugduni
3189 3431 3537 3504 Batavorum,

1940 3511 2066 3554 cum
2106 3500 2316 3558 Minutii
2349 3505 2546 3566 Felicis
2573 3509 2830 3583 Octavio,
2862 3531 2916 3588 p.
2942 3518 3207 3579 592-401.
3243 3525 3362 3583 Cat.
3395 3500 3538 3586 Bibl.

1944 3590 2154 3654 Bunav.
2184 3604 2241 3652 et
2263 3596 2506 3669 Tigurin.

2661 3679 2820 3736 1710.

2009 3753 2221 3825 Romae,
2252 3759 2410 3820 in-8°.
2443 3765 2502 3822 S.
2539 3765 2748 3826 Caecilii
2777 3770 3036 3846 Cypriani
3077 3778 3538 3844 Testimoniorum

1939 3849 2007 3906 ad
2021 3851 2302 3919 Quirinum
2331 3857 2472 3916 liber
2487 3864 2750 3920 tertiusin
2769 3866 3005 3926 lnstitut.
3041 3873 3358 3949 Theologic.
3391 3882 3539 3937 anti-

1939 3959 2096 4014 quor.
2122 3948 2390 4020 Patrum.,
2423 3963 2460 4009 t.
2495 3971 2553 4022 tt,
2579 3972 2633 4028 p.
2661 3959 2816 4027 4-90,
2844 3979 2909 4018 ex
2935 3948 3292 4040 typographia
3317 3972 3376 4028 S.
3402 3973 3538 4032 Con-

1937 4049 2144 4134 gregat.
2183 4040 2532 4134 de‘Propag.
2583 4048 2708 4119 (ide,
2755 4052 2951 4110 edente
2992 4056 3055 4113 Β.
3081 4058 3322 4134 Josepho
3369 4064 3536 4123 Maria

1937 4125 2232 4187 Thomasio
2262 4132 2320 4188 S.
2357 4135 2423 4190 R.
2454 4135 2518 4191 Ε.
2550 4141 2832 4198 cardinali.

1941 4406 2044 4463 hoc
2072 4410 2226 4466 titulo
2260 4431 2271 4464 :
2301 4412 2399 4469 Les
2421 4414 2648 4474 CEuvres
2673 4419 2735 4474 de
2760 4421 2822 4478 S.
2845 4422 3091 4495 Cyprien,
3119 4431 3304 4501 evéque
3323 4434 3386 4488 de
3404 4435 3537 4490 Car-

1942 4500 2091 4570 thage
2118 4513 2166 4557 et
2190 4514 2408 4577 martyr,
2435 4508 2684 4566 traduites
2715 4529 2777 4567 en
2795 4519 3022 4585 [ranpais
3051 4537 3146 4589 par
3167 4522 3348 4579 Pierre
3369 4525 3532 4582 Lamo

1939 4592 2089 4661 bard,
2115 4612 2233 4653 aveo
2270 4600 2357 4655 des
2385 4618 2713 4675 remarques;
2742 4623 2840 4664 une
2866 4612 3097 4669 nouvelle
3131 4611 3220 4670 Vie
3247 4616 3310 4672 de
3337 4617 3398 4673 S.
3429 4617 3536 4690 Cy-

1939 4687 2109 4758 prien,
2137 4690 2260 4746 tiréc
2298 4693 2362 4748 de
2402 4711 2482 4752 ses
2507 4697 2680 4766 écrt'ts,
2735 4711 2782 4756 et
2833 4720 2930 4759 une
2965 4706 3100 4762 table
3145 4711 3232 4764 des
3276 4687 3534 4769 mulieres.

1939 4778 2197 4838 Rothom.
2210 4825 2223 4850 ,
2251 4784 2418 4844 iit-4°.

2653 4865 2810 4921 1717.

1943 4986 1949 4995 .
2015 4945 2094 5002 La
2135 4947 2221 5006 Vie
2245 4951 2308 5006 de
2328 4952 2389 5009 S.
2415 4952 2658 5027 Cyprien,
2691 4961 2900 5017 docteur
2927 4964 2990 5019 de
3007 4951 3242 5039 l’E‘glise,
3270 4972 3454 5044 évéqae
3473 4975 3538 5032 de

1937 5038 2192 5116 Carthage
2219 5055 2268 5099 et
2296 5059 2511 5121 martyr,
2545 5051 2675 5108 dans
2701 5055 2924 5124 laquelle
2949 5076 3017 5114 on
3043 5038 3280 5120 trouvera
3308 5038 3533 5140 l’a'brégé

1937 5133 2026 5189 des
2049 5151 2294 5209 ouvrages
2344 5141 2409 5194 de
2436 5158 2494 5197 ce
2521 5143 2674 5212 Pére,
2707 5147 2797 5201 des
2821 5161 2965 5206 notes
2991 5155 3232 5226 critiques
3275 5170 3321 5212 et
3369 5133 3535 5217 histo—

1938 5229 2106 5293 riques
2137 5237 2184 5282 et
2213 5230 2301 5285 des
2327 5232 2675 5290 dissertations
2697 5238 3044 5315 théologiques
3074 5265 3164 5302 sur
3189 5249 3261 5303 les
3289 5250 3535 5318 (ii/feren-

1940 5327 2012 5372 tes
2039 5323 2399 5379 contestations
2429 5327 2492 5380 de
2515 5343 2608 5382 son
2635 5338 2818 5402 temps.
2843 5335 3040 5405 Paris.,
3076 5339 3230 5396 ἰπὶ-4⁸³.
3255 5343 3402 5413 Opus
3429 5345 3534 5404 hoc

1939 5411 2056 5468 sine
2092 5417 2332 5472 auctoris
2379 5420 2595 5476 nomine
2620 5421 2688 5477 ad
2727 5427 2998 5493 publicum
3026 5445 3181 5487 usum
3210 5411 3526 5496 translatum

1940 5512 2026 5557 est
2046 5519 2061 5557 :
2085 5504 2233 5560 illum
2257 5517 2433 5562 autem
2465 5510 2526 5565 D.
2555 5511 2740 5572 Jacobi
2762 5518 3004 5590 Gervasii
3032 5537 3156 5580 esse
3183 5541 3376 5586 omnes
3391 5531 3536 5602 jam-

1943 5595 2159 5664 pridem
2189 5597 2710 5662 animadverterunt.

2673 5701 2828 5757 1717.

2031 5777 2208 5836 Versio
2233 5781 2449 5856 Anglica
2470 5785 2509 5843 l.
2540 5786 2858 5862 Cyprianus,
2900 5797 3077 5856 editus
3111 5811 3256 5860 textu
3299 5807 3467 5866 latino
3491 5820 3547 5870 et

1953 5872 2200 5934 versione
2215 5877 2419 5949 anglica
2437 5890 2491 5939 et
2505 5885 2648 5945 notis
2668 5902 2698 5946 a
2719 5885 2839 5949 Nat.
2853 5889 3161 5971 Marshallo,
3175 5895 3370 5974 Loud.,
3384 5899 3543 5982 iu-f",
