3866 6278
413 307 515 353 ινα
528 305 620 354 XII!

495 479 672 536 Versio
716 479 918 536 Gallica
961 473 1094 536 νηί.
1137 412 1433 540 1Ιίἵὶἓιῗξῐιὶιιιξς
1497 481 1567 548 de
1631 482 2017 559 Singularitate

410 571 768 642 Ctericorum,
818 573 959 629 inter
998 581 1165 644 opera
1210 573 1375 632 dubia
1404 573 1463 632 S.
1493 577 1765 650 Cypriani,
1820 579 2012 652 gallice

411 665 610 735 prodiit
637 653 832 732 Paris,
862 675 951 736 ap.
984 665 1212 732 Lottin.,
1238 676 1374 724 teste
1397 667 1697 726 Ceiltierlo.

481 826 742 893 Parisiis.,
773 758 1544 903 in-l‘ol.prprialngilEpistolze
1590 833 1657 888 ad
1697 832 2012 890 Cornelium

409 925 464 976 ct
503 919 834 989 Stephanum
855 964 870 988 ,
927 931 1170 978 summos
1223 922 1527 995 pontiﬁces,
1556 923 1731 982 etalia
1761 926 2008 998 quaedam

406 1012 459 1068 in
508 1011 644 1084 Epp.
677 1011 837 1069 Rom.
874 1013 1071 1070 Pontif.
1114 1028 1212 1086 per
1245 1015 1462 1074 Petrum
1510 1017 1774 1075 Constant
1811 1036 1842 1076 e
1878 1029 2011 1076 con-

403 1108 714 1179 gregatione
737 1107 797 1163 8.
833 1103 1022 1164 Mauri.
1058 1123 1087 1163 a
1120 1123 1173 1181 p.
1209 1109 1332 1166 136.

477 1270 558 1328 De
603 1271 832 1329 Dissidio
877 1275 1008 1329 inter
1050 1201 1284 1331 animi:
1323 1276 1646 1349 Stephanum
1687 1282 1736 1334 et
1775 1287 2009 1335 sanctum

406 1365 718 1438 Cyprianum
740 1385 894 1439 super
907 1369 1228 1438 Baptismate
1244 1371 1603 1427 hereticorum
1619 1380 1798 1428 exorta
1817 1373 2006 1428 disser-

407 1458 533 1513 tatio
558 1459 872 1530 dogmatt'ca,
895 1461 963 1516 ab
986 1470 1133 1518 auct.
1172 1474 1433 1536 anonym.
1462 1464 1664 1530 Paris.,
1704 1465 1845 1536 apud
1891 1464 2005 1522 vid.

403 1547 728 1622 Raymondi.
744 1549 1003 1608 Mazieres
1024 1558 1079 1608 et
1097 1551 1224 1611 Joh.
1243 1551 1395 1626 Bapt.
1416 1553 1671 1621 Garnier,
1687 1555 1772 1611 via
1787 1555 2003 1624 Jacob.,

404 1645 506 1700 sub
534 1645 688 1717 signo
716 1645 1101 1714 Providentiae,
1135 1646 1329 1718 partim
1357 1645 1576 1716 quidem
1601 1661 1628 1702 a
1653 1647 1717 1704 D.
1742 1649 1999 1722 Lumper,

404 1745 444 1793 t.
475 1755 548 1794 xu
572 1739 952 1808 Hist.theolog.
972 1738 1148 1794 critic.
1169 1739 1298 1805 PP.,
1317 1751 1385 1795 ex
1413 1738 1627 1811 integro
1655 1755 1784 1797 vero
1812 1749 1924 1798 tum
1950 1741 2002 1798 In

403 1845 566 1901 opere
597 1832 787 1888 Soardi
817 1832 884 1887 de
901 1846 1153 1903 suprema
1187 1831 1418 1888 Romani
1451 1833 1727 1889 Pontiﬁcis
1758 1836 2000 1891 auctori-

401 1926 510 1978 tate
534 1922 796 1979 hodierna
824 1924 1069 1980 ecclesia:
1089 1923 1370 1996 gallicanac
1401 1925 1678 1994 doctrina;
1699 1923 2000 1994 Avenione,

404 2016 563 2082 l7“;
582 2027 690 2071 tum
705 2018 757 2071 in
783 2017 884 2071 hoc
915 2018 1186 2073 volumine
1207 2033 1364 2073 novae
1383 2018 1734 2074 Bibliotheca:
1757 2017 2001 2076 Patrum.

997 2125 1239 2172 CLASSIS
1281 2126 1397 2172 νιι.

901 2203 1166 2266 Ediiiones
1192 2209 1515 2267 Baiuaianw.

475 2381 572 2436 Eb.
603 2380 912 2436 Bawzuiu
943 2378 984 2434 Ι.
1018 2306 1375 2447 ex
1429 2377 1785 2452 typographia
1834 2374 2000 2448 Regia

402 2472 499 2527 fol.
547 2488 693 2526 max.
729 2473 788 2528 8.
817 2469 878 2528 C.
905 2468 1160 2543 Cypriani
1189 2463 1443 2540 Episcopi
1471 2471 1921 2542 Cartltaginensis
1944 2479 2000 2526 et

399 2561 650 2636 Martyris
676 2562 854 2633 Opera
874 2561 1056 2616 omnia
1086 2558 1152 2615 ad
1174 2573 1303 2615 mss.
1327 2555 1546 2616 codices
1560 2562 1835 2633 recognita
1855 2569 1910 2616 et
1938 2561 2001 2617 il-

398 2658 626 2713 lustrata
656 2649 836 2712 studio
874 2665 927 2713 et
957 2651 1146 2710 labore
1177 2653 1440 2726 Stephani
1471 2653 1676 2710 Baluzii
1697 2696 1711 2720 ,
1738 2651 1999 2712 Tutelen-

399 2749 496 2806 sis.
527 2745 779 2806 Absolvit
809 2753 928 2818 post
957 2746 1236 2803 Baiuz’iunt
1258 2761 1321 2802 ac
1345 2745 1717 2817 praelationem
1738 2756 1794 2803 et
1819 2741 1998 2804 Vitam

398 2842 650 2916 Cypriani
682 2843 967 2898 adornavit
995 2859 1134 2898 unus
1158 2858 1224 2898 ex
1251 2842 1535 2898 monachis
1560 2841 2001 2914 congregationis

399 2937 459 2994 S.
493 2937 660 2992 Mauri
693 2936 780 3008 (Ι).
815 2935 1146 2992 Prudentius
1171 2933 1468 3004 Maranus).

469 3030 732 3088 Genuinis
754 3029 1010 3102 Cypriani
1036 3028 1257 3098 scriptis
1281 3027 1467 3098 spuria
1494 3027 1677 3082 omnia
1698 3028 1779 3083 sic
1803 3026 1997 3098 adjun-

397 3140 528 3196 gere
573 3123 884 3178 instituerat
925 3119 1207 3188 Baluzius,
1255 3129 1316 3176 ut
1354 3119 1624 3176 habentur
1663 3122 1719 3177 in
1758 3121 1998 3179 editione

397 3218 715 3284 Oxoniensi,
741 3217 943 3272 omisso
961 3214 1137 3271 solum
1160 3225 1418 3286 computo
1436 3215 1707 3285 Pascitali,
1733 3226 1790 3272 ttt
1817 3227 1995 3273 tamen

397 3313 539 3368 inter
566 3311 800 3383 genuina
831 3309 1060 3366 referret
1089 3307 1160 3364 de
1182 3308 1539 3378 Spectaculis,
1567 3308 1638 3366 de
1667 3309 1828 3366 laude
1857 3309 1997 3366 Ilar-

399 3404 526 3475 tyrii
557 3411 613 3458 et
634 3400 781 3472 quod
815 3400 1128 3457 inscribitur
1155 3400 1427 3471 Anonymi
1459 3399 1528 3456 de
1559 3400 1991 3472 Rebaptismate.

396 3493 584 3565 Itaque
625 3503 834 3550 textum
877 3492 1151 3548 variarum
1196 3491 1497 3549 lectionum
1538 3504 1569 3547 a
1620 3493 1998 3564 superioribus

397 3585 727 3642 cditionibus
771 3592 1152 3654 congestarum
1205 3592 1261 3638 et
1312 3584 1528 3654 triginta
1571 3583 1687 3640 fere
1730 3599 1993 3640 novorum

400 3677 559 3734 codd.
585 3690 716 3731 mss.
741 3691 843 3745 ope
874 3674 1158 3744 insigniter
1187 3682 1243 3730 et
1271 3675 1459 3730 multis
1489 3674 1544 3729 in
1579 3675 1713 3731 locis
1741 3676 1998 3732 emenda-

397 3775 587 3834 verat,
640 3768 893 3837 notisque
939 3767 1270 3821 instruxerat
1306 3767 1502 3837 partim
1551 3767 1992 3824 emendationum

393 3872 589 3918 causas
615 3859 987 3923 reddentibus,
1023 3858 1218 3928 partim
1245 3857 1568 3928 explicando
1603 3859 1873 3925 sermoni,
1907 3861 1995 3916 vel

393 3953 730 4012 illustrandis
755 3952 921 4008 rebus
952 3950 1396 4008 inservienttbus.
1431 3950 1695 4006 Absoluta
1729 3950 1840 4022 jam
1878 3962 1998 4008 erat

395 4050 629 4123 plurima
658 4049 841 4120 operis
860 4061 1006 4118 pars,
1031 4046 1244 4102 duobus
1269 4058 1363 4100 aut
1389 4047 1564 4101 tribus
1591 4044 1738 4103 foliis
1786 4055 1992 4104 tracta-

397 4152 482 4199 tus
512 4143 580 4198 de
614 4141 988 4198 Cardinalibus
1022 4139 1226 4195 Christi
1265 4140 1522 4212 operibus
1559 4141 1824 4211 exceptis,
1869 4155 1994 4198 cum

396 4237 574 4293 subito
606 4249 754 4291 mors
797 4233 850 4288 in
899 4232 1078 4290 medio
1124 4231 1312 4290 labore
1350 4242 1596 4305 occupat.
1643 4231 1780 4290 Cum
1833 4233 1996 4304 igitur

392 4328 612 4385 Marano
669 4328 722 4384 in
782 4327 1006 4400 reliquis
1059 4335 1267 4383 tantum
1335 4335 1486 4384 esset
1553 4327 1987 4396 elaborandum,

397 4431 454 4477 et
479 4422 734 4477 vicariam
765 4421 1142 4478 tantummodo
1169 4435 1390 4493 operam
1420 4434 1482 4479 se
1509 4437 1701 4493 gerere
1730 4421 1992 4478 sensisset

397 4513 624 4586 (quippe
644 4517 759 4585 qui,
781 4514 830 4570 si
861 4528 998 4570 nova
1025 4513 1280 4585 Cypriani
1301 4512 1468 4569 editio
1493 4514 1597 4570 sibi
1619 4513 1816 4568 luisset
1833 4513 1995 4568 ador-

393 4608 593 4675 nanda,
624 4607 820 4662 l'atetur
861 4617 970 4662 non
1011 4619 1181 4676 pauca
1219 4621 1289 4660 ex
1333 4614 1441 4660 tam
1483 4605 1634 4675 gravi
1677 4605 1887 4659 sarcina
1929 4619 1989 4661 se

391 4699 561 4756 fuisse
597 4697 1041 4769 deoneraturum)
1070 4697 1314 4761 retinuit,
1355 4697 1482 4765 quia
1524 4695 1604 4750 sic
1641 4694 1863 4751 Baluaio
1904 4696 1987 4752 Vi-

393 4807 535 4859 sum,
561 4789 823 4863 quidquid
855 4788 1039 4844 habuit
1059 4787 1226 4845 editio
1256 4786 1503 4856 Pamelii,
1535 4788 1630 4843 sed
1659 4802 1727 4843 ex
1767 4787 1834 4845 iis
1869 4785 1993 4861 qni-

391 4887 492 4942 bus
524 4884 681 4956 Angli
708 4883 1038 4955 Cyprianum
1067 4891 1398 4946 onerarunt,
1426 4878 1650 4936 Arnoldi
1679 4880 1740 4936 Β.
1779 4880 1841 4937 V.
1870 4883 1989 4939 elu-

391 4976 743 5033 cubrationes
776 4973 871 5048 (de
911 4989 1038 5045 opp.
1073 4987 1124 5029 vt
1157 4966 1392 5040 dierum,
1433 4973 1506 5030 de
1545 4973 1729 5030 laudat
1768 4977 1879 5031 dat.
1922 4976 1982 5033 Β.

392 5069 633 5142 Virginis
663 5079 720 5126 et
749 5066 1148 5139 Meditationes)
1171 5067 1455 5138 expunxit.
1482 5061 1859 5126 Confessienis
1881 5067 1988 5143 Cy-

392 5166 593 5236 priani,
631 5175 793 5235 quam
835 5161 991 5232 Angli
1027 5159 1194 5217 latina
1237 5162 1707 5233 interpretatione,
1742 5158 1984 5234 pluribus

389 5261 525 5318 locis
558 5259 816 5324 hiulcum,
851 5255 1150 5314 innumeris
1187 5255 1314 5314 aliis
1345 5263 1656 5328 corruptam
1690 5257 1976 5326 dederant,

395 5366 633 5425 graecum
662 5359 866 5406 textum
912 5363 983 5406 ex
1006 5347 1149 5406 bibl.
1171 5349 1391 5407 comitis
1427 5345 1496 5407 de
1538 5345 1827 5423 Seigneiay
1852 5361 1986 5422 ειη)-
2104 5357 2106 5359 ’

388 5445 688 5517 peditatum
727 5457 870 5499 nova
908 5438 1365 5514 interpretatione
1391 5443 1686 5499 substitute
1714 5439 1981 5499 exhibuit.

382 5538 576 5610 Spuria
603 5551 770 5610 porro
801 5534 1056 5610 Cypriani
1084 5549 1273 5607 opera,
1309 5548 1430 5606 quae
1469 5534 1722 5590 Baluzitts
1754 5534 1823 5589 ita
1853 5533 1985 5591 dare

384 5633 771 5696 constituerat,
829 5639 888 5685 ut
932 5629 1200 5685 habentur
1254 5628 1308 5681 in
1357 5623 1661 5682 Onoxiensi
1715 5623 1979 5693 editione,

386 5724 530 5798 quod
571 5724 755 5798 plures
787 5737 971 5781 naevos
1015 5731 1111 5792 per
1136 5721 1290 5792 ipsas
1320 5717 1545 5774 crebras
1567 5716 1825 5790 Cypriani
1867 5718 1982 5774 edi-

382 5819 563 5882 tiones
599 5817 834 5877 traxisse
859 5827 928 5874 ea
951 5813 1194 5883 viderat,
1223 5804 1294 5867 ad
1341 5815 1589 5866 vetustas
1629 5807 1896 5867 editiones
1929 5818 1986 5867 et

1884 297 2134 371 PWA
2143 299 2276 360 TlO.

3513 320 3701 372 Luxtv

2117 417 2274 474 codd.
2311 431 2438 474 mss.
2475 419 2805 489 emendavit,
2836 421 3173 480 variantibus
3196 421 3266 480 ad
3296 424 3600 496 marginem
3623 445 3705 500 ap-

2116 511 2329 581 positis.
2364 511 2568 569 Baluzii
2600 523 2790 571 contra
2817 516 3254 584 emendationes,
3278 535 3347 576 eo
3373 522 3520 591 quod
3545 525 3706 596 expli-

2115 603 2420 659 cationibus
2452 613 2508 660 et
2532 604 2992 664 illustrationibus
3009 623 3158 680 saepe
3177 608 3610 682 distinguuntur,
3627 631 3703 672 se-

2114 697 2342 770 paratim
2367 708 2487 770 post
2505 708 2709 756 textum
2737 700 3117 771 subjiciuntur.
3141 702 3480 762 Prtel'ationis
3501 705 3703 780 quoque

2113 789 2236 850 loco
2273 792 2525 851 Maranus
2559 795 2630 851 de
2663 797 2946 867 operibus,
2987 797 3343 864 editionibus,
3379 801 3631 860 doctrina
3656 816 3704 861 et

2113 888 2277 944 rebus
2307 890 2475 960 gestis
2511 890 2767 963 Cypriani
2812 894 3026 965 prolixe
3066 895 3371 967 disseruit,
3419 899 3490 954 ita
3537 911 3700 959 tamen

2113 990 2174 1036 ut
2213 996 2360 1053 sape
2397 982 2466 1038 ab
2505 981 2904 1042 Oxoniensibus
2943 987 3256 1045 discederet
3293 1000 3348 1046 ot
3381 993 3620 1063 receptis
3645 993 3703 1049 ab

2113 1073 2359 1131 Ecclesia
2377 1075 2645 1134 catholica
2677 1077 2890 1149 placitis
2910 1077 3243 1151 Cyprianum
3267 1082 3657 1140 conlormaret.

2183 1235 2521 1294 Dissertation
2564 1169 3004 1312 théologiqttz
3033 1241 3086 1298 la
3115 1241 3317 1299 celebre
3346 1245 3554 1316 dispute
3578 1258 3701 1302 cntra

2110 1325 2159 1381 le
2185 1344 2318 1397 papa
2348 1327 2411 1384 S.
2441 1328 2687 1385 Estienne
2708 1339 2759 1386 et
2787 1330 2849 1388 S.
2890 1329 3134 1403 συνήθη,
3171 1335 3291 1391 sine
3327 1338 3572 1394 auctoris
3612 1355 3696 1395 no-

2109 1417 2257 1474 mine
2285 1418 2436 1488 data,
2467 1420 2529 1475 D.
2555 1419 2772 1494 Corgne
2797 1421 3092 1496 adscripta.

2181 1583 2281 1640 En.
2315 1583 2624 1644 BALUZIANA
2649 1585 2714 1642 Il.
2733 1515 3002 1657 Verigti’iss,
3020 1603 3217 1647 recusa
3240 1590 3341 1648 fuit
3367 1592 3578 1651 Baiuzii
3600 1595 3699 1652 edi-

2109 1674 2185 1730 tio
2215 1673 2422 1741 inol‘ol.,
2446 1685 2588 1734 teste
2612 1677 2861 1735 Eudoxio
2895 1678 3142 1739 Philenio
3172 1682 3226 1739 in
3257 1682 3543 1742 Tricaletii
3568 1686 3693 1744 Bibl.

2107 1763 2372 1822 Ecclesiae
2393 1765 2500 1824 PP.
2527 1768 2681 1825 Latio
2707 1768 2925 1826 donata.

2179 1919 2376 1994 Paris.,
2399 1928 2577 1986 in-fol.
2612 1863 3212 2007 Carmett‘l)5.3Cypriani
3235 1937 3301 1995 ad
3329 1939 3597 2012 Felicem,
3636 1941 3693 1998 de

2105 2017 2528 2078 Resurrectione
2557 2019 2888 2082 Mortuorum
2929 2027 2982 2082 in
3013 2026 3154 2084 Bibl.
3199 2028 3415 2100 Tigur.,
3450 2041 3495 2088 t.
3537 2049 3614 2102 ιιι,
3646 2034 3686 2089 in

2105 2120 2144 2166 t.
2195 2127 2247 2166 ιχ
2295 2106 2451 2169 Edm.
2501 2113 2822 2187 Martemfet
2851 2107 3036 2176 Ursini
3077 2115 3342 2190 Durandi,
3368 2122 3484 2181 νγ.
3511 2123 3604 2183 88.
3644 2133 3691 2182 et

2104 2193 2433 2260 Monument.
2465 2203 2678 2265 collect.
2703 2207 2870 2280 ampl.

2175 2344 2266 2399 Fr.
2298 2345 2596 2418 Baymondl
2621 2276 3253 2425 Missori‘i'zgiiputatiom
3273 2357 3468 2413 critica
3487 2356 3545 2415 in
3572 2356 3688 2415 duas

2099 2437 2485 2498 celeberrimas
2510 2458 2636 2514 epp.
2669 2441 2965 2502 Firmiliani
2988 2457 3043 2502 et
3069 2447 3322 2521 Cypriani
3352 2452 3476 2509 adv.
3514 2453 3686 2511 decre-

2099 2536 2214 2585 tum
2253 2530 2314 2588 8.
2361 2533 2645 2604 Stephani.
2675 2559 2748 2578 --
2773 2533 3028 2608 Ejusdem
3057 2539 3353 2611 disputatio
3381 2543 3437 2599 in
3481 2545 3683 2616 epistol.

2096 2624 2167 2679 ad
2185 2624 2523 2696 Polnpeium,
2547 2629 2692 2685 inter
2715 2630 3064 2702 Cyprianicas
3089 2647 3279 2703 uxrv,
3295 2651 3398 2708 qua
3426 2637 3574 2694 illam
3592 2651 3686 2695 una

2096 2727 2224 2772 cum
2271 2717 2399 2773 aliis
2458 2718 2699 2791 quinque
2751 2729 2810 2776 et
2857 2721 3092 2780 concilio
3155 2722 3568 2798 Carthaginiensi
3634 2741 3685 2785 m

2103 2807 2372 2866 hactenus
2398 2825 2500 2884 pro
2521 2813 2858 2884 Cyprianicis
2899 2815 3100 2873 habitis
3118 2831 3265 2874 nunc
3287 2819 3512 2890 primum
3529 2821 3682 2893 abju-

2097 2899 2246 2958 dicat
2274 2915 2338 2957 ac
2365 2902 2664 2959 Donatistis
2694 2905 2900 2962 tribuit.
2934 2907 3160 2978 Venet.,
3186 2910 3356 2968 ln-i‘.

2172 3063 2236 3120 P.
2295 3063 2668 3124 Tourneminii
2726 2999 3034 3144 magalia
3076 3074 3129 3130 in
3187 3075 3379 3133 iisdem
3434 3078 3662 3150 epistolis.

2099 3155 2290 3226 (Mem.
2316 3157 2381 3212 de
2399 3157 2659 3225 Treanta,
2681 3176 2810 3218 ann.
2833 3164 2992 3232 {734,
3024 3181 3146 3237 pag.
3175 3167 3368 3243 2246.)
3393 3169 3670 3226 ﬂanctloc-

2099 3249 2294 3304 tissimi
2337 3249 2510 3306 Patris
2539 3253 2912 3323 conjecturam
2945 3259 3140 3315 critico
3180 3262 3425 3318 examini
3471 3261 3680 3333 subjecit

2099 3340 2390 3400 Malleville
2418 3344 2472 3402 in
2503 3359 2670 3416 opere
2699 3349 2788 3406 cui
2818 3349 3007 3404 titulus
3028 3367 3044 3405 :
3068 3349 3147 3406 ι..
3171 3350 3415 3424 Religion
3447 3354 3683 3411 numella

2095 3442 2147 3488 at
2191 3434 2243 3488 ια
2268 3436 2464 3492 reptiles
2505 3437 2693 3494 emotis
2715 3477 2730 3505 ,
2759 3448 2868 3495 etc.
2898 3440 3039 3499 Diss.
3076 3456 3192 3509 νιιι.
3223 3455 3328 3499 art.
3357 3445 3411 3513 8,
3442 3461 3501 3517 p.
3537 3446 3652 3504 5&8.

2171 3596 2369 3671 Georg.
2427 3597 2597 3657 Gottl.
2656 3602 2797 3659 Preu
2827 3533 3060 3661 10739:.
3109 3608 3687 3682 critico-theolog.,quc

2099 3678 2350 3762 Cypriani
2398 3701 2445 3746 et
2486 3690 2786 3750 Firmiliani
2833 3695 3165 3767 epistolamm
3203 3700 3326 3756 udo.
3385 3678 3686 3770 Stephanil

2097 3796 2248 3852 papa:
2261 3780 2524 3867 decretum
2553 3781 2618 3836 de
2644 3783 2929 3841 haereticor.
2951 3784 3220 3857 Baptismo
3241 3790 3518 3862 untdicias,
3545 3808 3686 3867 oppe-

2097 3871 2222 3926 sitas
2243 3865 2553 3943 Raymondo
2581 3873 2825 3932 Missorio
2853 3879 3079 3947 exhibet;
3101 3877 3267 3950 lenas,
3302 3881 3465 3942 in-d".

2172 4032 2265 4091 Fr.
2285 4033 2333 4092 1.
2360 4035 2577 4094 Henric.
2604 3972 2870 4098 Sboraleial
2881 3973 3153 4100 glibello
3179 4056 3370 4103 contra
3391 4047 3686 4107 Missurium

2099 4124 2343 4199 ejusdem
2366 4127 2593 4196 ordinis,
2625 4141 2941 4201 germanam
2965 4131 3024 4192 S.
3051 4133 3306 4207 Cypriani
3336 4149 3392 4196 et
3421 4139 3680 4207 Afrorum,

2097 4231 2199 4276 nec
2228 4233 2331 4276 non
2362 4217 2666 4278 Firmiliani
2687 4231 2742 4280 et
2765 4223 3121 4282 Orientalium
3150 4229 3460 4300 opinionem
3487 4231 3562 4290 de
3581 4231 3679 4288 ba:-

2097 4313 2389 4370 reticorum
2420 4317 2748 4386 baptismate
2774 4319 3045 4389 exposuit.
3069 4319 3306 4392 Bonon.,
3349 4322 3512 4385 l7“.

2167 4475 2220 4531 J.
2243 4475 2306 4531 Ρ.
2333 4475 2491 4534 Cotta
2519 4411 2847 4536 Exercitatioi
2861 4409 3316 4542 ἷιῗὲξιήεο-εήιὸοα
3351 4503 3455 4560 qua
3486 4489 3684 4562 conjec-

2091 4575 2214 4620 tura
2245 4567 2432 4624 Rmt.
2463 4568 2580 4625 Jos.
2633 4568 3016 4641 Toumminii,
3045 4584 3180 4643 etc.,
3220 4577 3448 4634 examini
3484 4578 3685 4648 subjici-

2093 4668 2215 4724 tur;
2242 4657 2500 4732 Tubing.,
2526 4661 2691 4718 in-i'.

2164 4793 2445 4868 Benonire,
2479 4797 2538 4856 Ι).
2577 4734 3179 4874 Ογρνίθηὲξέἧοηθιὶο
3217 4808 3284 4865 ad
3316 4809 3680 4882 penitentiam

2091 4907 2214 4948 cum
2255 4893 2398 4949 notis
2434 4892 2486 4948 .i.
2524 4891 2586 4948 C.
2633 4891 2970 4963 Trombellii,
3015 4900 3158 4957 inter
3195 4901 3372 4973 ejusd.
3421 4901 3683 4975 Opuscula

2090 4995 2265 5042 vetcr.
2295 4985 2513 5041 Patrum
2542 4984 2740 5054 Latin.,
2771 5004 2824 5057 p.
2844 4985 2999 5056 3—32,
3026 4990 3188 5048 in-i°.

2163 5137 2225 5200 ιη’.
2252 5145 2303 5203 .l.
2330 5145 2591 5203 Reuchlin
2616 5077 3191 5224 υίεεξῖῗέιῖέῗιξέίηε,
3223 5154 3288 5212 de
3315 5153 3571 5215 Doctrina
3589 5153 3683 5232 Cy-

2088 5239 2261 5313 priani
2280 5255 2300 5307 ,°
2331 5241 2642 5313 Argentor.,
2671 5241 2836 5298 in-i'.

2807 5334 2974 5392 i755.

2161 5427 2239 5484 De
2267 5426 2364 5484 SS.
2395 5426 2650 5482 Cornelio
2686 5441 2820 5498 papa
2862 5437 2918 5484 et
2957 5437 3196 5503 martyre
3227 5440 3282 5487 et
3309 5431 3367 5490 8.
3419 5431 3683 5506 Cypriano

2091 5534 2178 5594 ep.
2198 5529 2253 5578 et
2280 5531 2465 5588 mart.,
2490 5522 2632 5576 inter
2651 5529 2769 5576 acta
2799 5519 2901 5579 88.
2928 5521 3299 5591 Bollandiana,
3329 5523 3396 5581 ad
3427 5525 3570 5582 diem
3599 5539 3684 5581 xtv

2089 5625 2230 5690 sept.
2243 5659 2257 5685 ,
2277 5627 2317 5674 t.
2339 5631 2416 5688 tv,
2431 5631 2486 5690 p.
2507 5615 2759 5686 143-550,
2778 5627 2996 5675 auctore
3012 5617 3678 5693 ConstantinoSuyskeno.

2807 5712 2969 5772 i758.

2157 5804 2262 5866 Eb.
2293 5807 2604 5868 Bttuztsna
2629 5801 2717 5866 ill.
2751 5803 3018 5876 Venetiis,
3060 5817 3126 5864 ex
3165 5805 3520 5883 typograpltia
3559 5807 3680 5864 llic-
