3876 6282
1653 360 2364 372 mm

475 355 2364 372 WWW

238 352 3597 423 Μ

1353 403 1655 416 μ--Ῥ-

812 560 1258 637 ΞᾹΞΟΙΙΙΑΟ
1296 563 1465 654 ΙΙΙ,
1509 552 1836 638 ClRCA
1870 561 2264 639 ANNUM
2298 565 2755 644 CHRISTI
2796 570 3096 647 CCIII.

649 1100 891 1210 ss.
985 1104 1849 1216 PERPETUfE
1931 1111 2134 1217 ET
2218 1107 3222 1220 FELICITATIS

1567 1342 2294 1479 MARTYRUM.

1236 1612 2666 1751 PROLEGOMENA
2745 1510 2751 1515 ι

600 1863 694 1920 EX
731 1862 935 1922 ACTIS
971 1830 1363 1924 MAiiTYRUM
1403 1864 1717 1924 SINCERIS
1755 1866 1819 1923 V.
1863 1867 1924 1925 C.
1962 1867 2382 1927 THEODORICI
2419 1867 2748 1938 RUINART,
2791 1869 2976 1944 PAGt
2992 1872 3082 1942 77,
3123 1873 3276 1944 SQQ.

1353 2033 2520 2114 Mat-dorum-

1735 2221 2133 2286 SYNOPSIS.

323 2409 373 2466 l.
421 2409 506 2466 De
535 2409 723 2465 horum
753 2411 994 2466 Actorum
1021 2410 1168 2466 editis
1197 2418 1243 2466 et
1268 2427 1390 2466 mss.

324 2503 400 2560 II.
450 2505 718 2576 Perpetua
747 2516 795 2561 et
822 2505 1065 2561 Felicitas
1091 2522 1156 2559 an
1185 2503 1595 2560 Tuburbitanat?

332 2595 434 2650 lli.
477 2595 601 2651 Non
630 2597 908 2666 Tuburbii,
939 2597 1028 2652 sed
1055 2596 1363 2670 carthagine
1387 2597 1687 2668 martyrium
1716 2612 1882 2668 passm

253 2700 570 2746 noscuntur.

339 2783 443 2839 IV.
484 2783 705 2854 Tempus
735 2785 988 2856 passionis
1011 2784 1312 2855 inquiritur.

344 2874 423 2929 Υ.
465 2873 540 2930 De
561 2877 742 2930 horum
765 2877 1007 2931 Actorum
1033 2885 1258 2944 auctore,
1287 2892 1374 2931 seu
1395 2875 1562 2948 potius
1587 2875 1872 2932 cottectore.

265 2970 361 3024 An
400 2968 448 3024 Τ
445 2971 734 3026 ertullianus
755 2970 783 3023 1’

333 3109 381 3163 Ι.
421 3110 652 3167 Menon
667 3109 990 3176 desiderata,
1010 3119 1060 3166 et
1079 3109 1273 3165 frustra
1292 3110 1344 3164 in
1368 3109 1527 3164 variis
1544 3107 1878 3165 bibliothecis

239 3201 358 3258 diu
395 3202 721 3272 conquisita,
750 3204 880 3258 Acta
912 3217 1164 3274 germana
1178 3211 1480 3258 sanctarum
1511 3201 1791 3271 Perpetuae
1820 3209 1877 3257 et

231 3294 586 3362 Felicitatis,
618 3298 815 3352 invenit
840 3295 1053 3352 tandem
1085 3295 1513 3352 studiosissimus
1539 3310 1706 3351 sacra:
1729 3295 1870 3350 anti-

1904 2425 1960 2486 Α
2057 2411 2145 2467 Vl.
2186 2411 2311 2473 Non
2341 2414 2437 2485 fuit
2469 2413 2784 2472 Montanista
2809 2425 3027 2476 :contra
3061 2419 3340 2480 Valesiani.

2054 2503 2166 2559 VII.
2233 2505 2548 2578 Exploditw-
2593 2509 2777 2565 iterum
2831 2503 3172 2572 commentum
3240 2518 3304 2574 de
3365 2525 3587 2582 auctoris

1992 2599 2354 2654 montanismo.

2054 2689 2192 2746 VIII.
2239 2691 2317 2747 De
2346 2692 2528 2748 harum
2558 2693 2850 2766 Martyrum
2876 2699 3016 2754 cultu
3047 2711 3094 2755 et
3123 2706 3384 2761 memoria.

2054 2783 2146 2839 ῘΧ.
2190 2784 2461 2855 Ejusmodi
2484 2787 2614 2842 Acta
2639 2789 2881 2845 adversus
2903 2791 3196 2850 Samuetem
3215 2797 3532 2871 Basnagium
3554 2819 3588 2857 α

1981 2878 2089 2933 uiro
2110 2878 2404 2935 doctissimo
2428 2881 2623 2936 dudum
2656 2882 2935 2938 vindicata.
2972 2884 3165 2950 Quanti
3194 2890 3436 2962 facienda
3463 2894 3588 2950 sint.

1984 2968 2113 3024 Acta
2143 2971 2530 3040 proconsularia
2558 2973 2795 3044 deinceps
2827 2974 3134 3034 omittenda.

1987 3124 2146 3180 quam
2172 3111 2381 3166 sincera
2403 3109 2592 3166 harum
2620 3121 2916 3184 martyrum
2945 3117 3072 3172 Acta
3097 3128 3308 3189 reperta
3336 3120 3583 3193 fuissent,

1982 3217 2142 3258 nemo
2171 3201 2285 3259 fere
2327 3204 2381 3259 in
2417 3203 2638 3261 dubium
2685 3207 2974 3263 revocabat
3020 3211 3146 3280 quin
3207 3213 3408 3269 emdem
3455 3217 3586 3286 ipsm

1979 3293 2177 3349 fuerint
2223 3309 2359 3365 quas
2404 3295 2506 3351 sub
2535 3296 2846 3352 Sanctarum
2875 3297 3338 3358 Tuburbitanarnm
3364 3309 3584 3365 nomine

229 3389 492 3460 quitatis
534 3389 840 3459 indagator,
869 3388 1041 3443 Lucas
1069 3387 1402 3453 Holstenius,
1433 3387 1486 3442 in
1524 3387 1712 3443 codice
1764 3401 1867 3442 ms.
1900 3423 1948 3483 Β
1977 3387 2107 3440 varii
2154 3396 2405 3442 auctores
2447 3388 2808 3446 celebrabant.
2847 3388 2906 3445 1d
2947 3394 3300 3462 persuadebat
3326 3439 3340 3463 ,
3386 3407 3584 3467 praeter

223 3482 406 3538 sacri
460 3482 768 3536 monasterii
808 3480 1114 3538 Casinensis
1147 3498 1160 3534 :
1191 3481 1332 3536 unde
1375 3489 1527 3537 eruta
1575 3487 1631 3535 et
1684 3479 1873 3535 Romae
1900 3476 1943 3483 ”
1975 3476 2349 3546 quorumdam,
2379 3477 2540 3532 etiam
2560 3486 2828 3547 veterum,
2859 3483 3365 3555 martyrologiornm
3395 3500 3580 3546 aucto-

228 3573 506 3644 vulgata,
537 3572 723 3628 eadem
754 3583 936 3642 postea
961 3588 1082 3629 cum
1123 3573 1366 3644 ejusdem
1408 3571 1668 3628 Holstenii
1691 3573 1830 3628 notis
1853 3613 1868 3640 ,
1974 3567 2208 3635 ritatem,
2231 3572 2360 3625 Acta
2385 3586 2504 3641 qua:
2526 3571 2624 3628 sub
2649 3571 2932 3642 Perpetua:
2959 3589 3013 3630 et
3033 3575 3324 3634 Felicitatis
3356 3583 3577 3640 nomine

228 3665 494 3722 Parisiis
519 3666 686 3722 edidit
715 3667 974 3723 llenricus
1002 3666 1267 3723 Valesius.
1299 3665 1407 3721 Nos
1435 3680 1564 3722 vero
1600 3680 1662 3721 ea
1688 3665 1868 3736 profe-
1975 3663 2514 3730 circumferebantur,
2534 3666 2586 3720 in
2607 3666 2801 3736 quibus
2817 3683 2910 3723 eas
2933 3667 3184 3726 Tuburbii
3209 3687 3394 3742 passas
3412 3673 3583 3732 fuisse

228 3759 440 3816 rimus
465 3774 529 3815 ex
554 3759 760 3816 duobus
781 3759 1056 3817 codicibus
1090 3773 1222 3815 mss.
1247 3774 1370 3814 cum
1413 3758 1602 3814 eadem
1635 3758 1870 3814 editione
1974 3756 2191 3813 disertis
2233 3759 2412 3814 verbis
2459 3774 2776 3830 expressum
2821 3773 2936 3817 erat
2965 3780 2980 3818 :
3007 3773 3061 3819 et
3089 3767 3332 3836 quamvis
3381 3770 3435 3822 in
3489 3768 3576 3824 his

230 3853 483 3910 collatis
511 3869 524 3906 :
552 3867 777 3924 quorum
814 3868 951 3908 unus
993 3861 1076 3908 est
1119 3851 1374 3908 Ecclesiae
1402 3849 1866 3921 Salisburgensis;
1974 3852 2122 3906 Actis
2148 3852 2404 3907 nonnulla
2431 3853 2560 3908 viris
2588 3852 2810 3909 eruditis
2847 3855 3036 3911 vitiosa
3068 3871 3132 3912 ac
3179 3857 3466 3928 depravata
3495 3860 3582 3914 vi-

227 3945 420 4015 cujus
449 3944 652 4000 codicis
680 3945 854 4000 varias
879 3944 1138 4001 lectiones
1167 3942 1545 4014 sapientissimi
1569 3942 1668 3998 viri
1702 3943 1870 3996 Anto-
1980 3943 2256 4016 derentnr,
2285 3945 2466 4001 nullus
2517 3955 2693 4002 tamen
2741 3946 2810 4003 de
2852 3947 2973 4004 loco
3022 3951 3264 4022 martyrii
3318 3951 3579 4009 hactenus
3627 3997 3632 4005 .

231 4038 331 4094 ιιἰί
363 4036 572 4103 Fanre,
605 4036 836 4105 theologi
866 4035 1184 4093 Parisiensis
1225 4045 1280 4092 et
1315 4035 1596 4093 Remensis
1633 4035 1874 4092 ecclesia:
1978 4039 2328 4108 quaestionem
2361 4048 2620 4095 moverat.
2645 4039 2860 4105 Verum,
2883 4052 3047 4111 quum
3078 4041 3437 4100 Holstenianzc
3467 4045 3582 4100 edi-

232 4129 567 4202 pracpositi,
601 4131 862 4186 beneﬁcio
877 4130 1182 4200 accepimus
1205 4147 1218 4184 :
1243 4130 1384 4185 alter
1411 4145 1539 4186 vero
1565 4130 1655 4200 qui
1680 4129 1747 4184 ad
1773 4143 1872 4183 an-
1978 4129 2140 4185 tionis
2169 4131 2452 4186 occasione
2475 4145 2563 4186 res
2583 4133 2829 4188 exactius
2850 4133 3232 4201 discuteretur,
3266 4136 3423 4191 aliter
3449 4137 3578 4192 viris

237 4236 362 4278 nos
415 4219 526 4277 800
555 4222 797 4289 accedit,
841 4230 924 4276 est
968 4220 1308 4277 bibliothecae
1345 4220 1516 4276 nostri
1559 4219 1870 4275 monasterii
1975 4219 2305 4276 doctioribus
2335 4221 2506 4278 visum
2538 4233 2640 4290 est,
2669 4239 2732 4278 ac
2758 4224 3115 4294 prae'cacteris
3144 4224 3379 4282 Henrico
3410 4227 3574 4282 Vale-

241 4313 443 4369 sancti
468 4312 703 4370 Cornelii
724 4313 1190 4384 Compendiensis.
1237 4313 1545 4370 Invenimus
1598 4313 1760 4369 etiam
1812 4312 1866 4367 in
1976 4311 2090 4377 sio;
2115 4312 2227 4382 qui,
2247 4312 2451 4368 libratis
2472 4327 2590 4382 qua:
2611 4327 2682 4368 ex
2707 4319 2931 4384 utraque
2955 4323 3104 4383 parte
3124 4313 3305 4370 afferri
3337 4326 3584 4385 poterant

251 4405 485 4462 schedis
505 4405 799 4461 Mabillonii
822 4407 988 4462 nostri
1010 4415 1259 4477 excerpta
1283 4421 1348 4461 ex
1375 4405 1563 4460 iisdem
1588 4404 1735 4461 Actis
1759 4419 1866 4461 non
1975 4404 2281 4470 momentis,
2316 4403 2412 4459 has
2441 4411 2728 4474 martyres,
2763 4419 2870 4459 non
2900 4405 3160 4460 Tuburbii
3183 4448 3197 4473 ,
3228 4408 3321 4463 sed
3347 4409 3576 4464 Cartha-

251 4498 692 4563 contemnenda;
725 4498 819 4555 sed
845 4513 877 4554 e
895 4513 1002 4570 quo
1023 4497 1207 4555 codice
1227 4513 1289 4554 ea
1311 4497 1576 4568 descripta
1602 4496 1729 4565 sint,
1762 4510 1869 4552 non
1974 4495 2097 4565 gine
2127 4495 2438 4567 martyrium
2469 4509 2875 4552 consummasse
2917 4507 3296 4554 asseverantcr
3336 4515 3572 4571 pronun-

254 4590 554 4648 indicatnr.
587 4592 757 4648 Porro
787 4592 840 4647 in
881 4591 946 4647 iis
988 4591 1120 4647 locis
1147 4591 1199 4646 in
1244 4591 1437 4662 quibus
1475 4588 1686 4646 codices
1735 4604 1867 4644 mss.
1978 4587 2148 4642 tiavit.
2187 4587 2335 4642 Hanc
2378 4587 2702 4643 sententiam
2744 4587 2936 4658 probat
2967 4587 3033 4643 ν.
3066 4588 3126 4644 C.
3171 4600 3278 4646 tum
3325 4607 3392 4647 ex
3440 4593 3574 4664 ipsis

255 4685 411 4742 inter
433 4699 558 4741 sese
581 4685 667 4741 vel
690 4683 760 4740 ab
787 4683 944 4739 editis
969 4683 1248 4751 dissident,
1269 4693 1322 4739 et
1351 4693 1529 4738 tamen
1556 4681 1871 4753 utraquele-
1975 4680 2145 4748 Actis,
2179 4688 2289 4734 tum
2313 4681 2475 4735 etiam
2504 4695 2568 4736 ex
2609 4680 2950 4752 antiquorum
2989 4681 3310 4751 scriptorum
3333 4685 3574 4739 auctori-

258 4778 373 4834 ctio
391 4777 523 4834 ferri
549 4787 744 4850 potest,
771 4779 1080 4834 varietatem
1105 4777 1160 4833 in
1185 4777 1378 4833 notulis
1404 4777 1771 4848 opposuimus,
1801 4789 1870 4831 ne
1895 4765 1940 4828 C
1975 4779 2103 4828 tate.
2136 4773 2217 4827 Ex
2263 4773 2407 4828 Actis
2446 4774 2715 4829 evincitur
2744 4773 2842 4829 has
2884 4783 3150 4846 martyres
3196 4777 3576 4846 proconsulari

237 4939 240 4941 Α
267 4876 470 4927 temere
500 4873 557 4926 in
585 4880 694 4926 tam
737 4870 975 4941 pretioso
1002 4869 1259 4924 Ecclesiae
1288 4878 1638 4924 monumento
1662 4865 1868 4938 aliquid
1974 4873 2240 4936 potestate
2279 4865 2559 4922 damnatas
2600 4865 2769 4924 fuisse
2799 4884 2813 4935 ;
2843 4883 2906 4923 ac
2945 4867 3168 4938 proinde
3187 4877 3301 4942 ,_ut
3328 4870 3434 4936 ait,
3464 4887 3578 4927 non

260 4965 587 5022 immutasse
617 4965 946 5022 videremur.
977 4964 1178 5020 Eadem
1221 4964 1380 5019 etiam
1419 4961 1626 5018 eautela
1666 4960 1750 5016 usi
1776 4974 1866 5015 su.-
1974 4962 2233 5019 Tuburbii
2272 4961 2328 5017 in
2348 4961 2664 5017 Mauritania
2685 5002 2699 5027 ,
2723 4979 2884 5032 quum
2913 4962 2964 5016 in
2985 4975 3050 5018 ea
3072 4961 3345 5032 provincia
3370 4963 3579 5019 nullum

255 5074 409 5126 mus,
442 5059 488 5115 si
519 5057 733 5130 quando
759 5058 812 5113 in
840 5071 970 5113 mss.
998 5055 1271 5112 codicibus
1299 5055 1389 5110 ubi
1414 5053 1602 5110 eadem
1633 5053 1764 5108 Acta
1788 5051 1869 5106 vi-
1967 5054 2056 5126 jus
2086 5053 2436 5125 proconsules
2464 5053 2745 5109 haberent.
2774 5053 2995 5119 Verum,
3023 5060 3082 5106 ut
3106 5053 3158 5107 in
3183 5069 3320 5109 nova
3341 5055 3580 5111 editione

259 5152 396 5207 liata
427 5149 720 5217 habentur,
749 5149 949 5221 aliquid
976 5157 1160 5205 notatu
1185 5147 1406 5218 dignum
1431 5145 1686 5202 occurrit.
1971 5145 2357 5217 Augustiniana
2407 5145 2754 5201 observatum
2787 5152 2870 5198 est
2890 5183 2906 5208 ,
2955 5158 3122 5214 quum
3167 5143 3370 5214 duplex
3418 5145 3580 5202 fuerit.

337 5243 405 5300 ll.
447 5243 576 5298 Tria
608 5243 824 5314 inquirit
841 5241 1084 5299 eruditus
1107 5240 1353 5297 Valesius
1380 5241 1432 5294 in
1463 5238 1775 5310 praefatione
1801 5234 1868 5291 ad

256 5338 381 5394 hzcc
402 5337 538 5393 Acta
573 5355 588 5391 :
615 5337 805 5407 primo,
835 5336 1050 5392 ubinam
1080 5334 1164 5391 hae
1195 5335 1446 5390 mulieres
1472 5340 1672 5388 sancta:
1699 5345 1869 5401 passae

256 5431 409 5495 sint;
442 5426 681 5484 secundo
703 5468 718 5492 ,
745 5443 850 5500 quo
896 5437 1137 5498 tempore
1177 5425 1490 5498 martyrium
1523 5436 1866 5479 consumma-

259 5524 375 5580 rint
399 5536 418 5588 ;
442 5536 508 5575 ac
535 5518 744 5574 tandem
771 5521 1014 5591 quisnam
1037 5521 1226 5575 horum
1255 5519 1514 5576 Actorum
1535 5523 1742 5582 auctor,
1771 5529 1867 5570 seu

263 5613 452 5686 potius
479 5609 734 5664 collector
758 5609 914 5667 fuerit
938 5630 951 5667 :
982 5611 1050 5666 de
1072 5611 1262 5682 quibus
1286 5610 1532 5666 omnibus
1553 5608 1716 5664 etiam
1744 5605 1866 5664 heic

263 5707 459 5786 paucis
492 5702 755 5774 agendum
792 5713 890 5761 est.
918 5705 1070 5775 Quod
1096 5704 1162 5761 ad
1186 5705 1418 5776 primum
1446 5704 1656 5775 attinet,
1687 5701 1865 5774 prius-

569 5797 835 5864 ΡΑΤιιοι..
876 5800 986 5864 ΙΙΙ.
1033 5801 1467 5864 TERTULLIAN.

1976 5236 2306 5294 Tuburbium
2335 5237 2391 5292 in
2419 5234 2786 5308 proconsulari
2814 5233 3090 5306 provincia
3119 5235 3301 5301 situm,
3334 5243 3495 5306 atque
3521 5237 3578 5294 in

1975 5331 2232 5386 alterutra
2278 5344 2463 5386 earum
2515 5328 2786 5383 civitatum
2835 5325 3079 5382 fortassis
3119 5325 3578 5394 amphitheatrum

1974 5430 2151 5490 esset,
2183 5435 2454 5492 quumque
2481 5434 2549 5475 ex
2575 5419 2644 5475 iis
2669 5433 2795 5484 una,
2825 5417 3141 5473 Tuburbium
3171 5417 3339 5486 majus
3369 5417 3581 5476 dicere-

1973 5523 2093 5582 tur,
2131 5529 2320 5585 parum
2365 5512 2504 5568 valet
2539 5526 2602 5568 ea
2639 5511 2838 5568 Valesii
2865 5511 3000 5567 ratio
3023 5529 3036 5566 :
3059 5509 3162 5564 nisi
3197 5508 3403 5568 dicatur
3436 5529 3579 5569 mar~

1972 5605 2235 5678 tyrologia
2251 5603 2364 5662 fere
2387 5603 2567 5662 omnia
2591 5601 2909 5660 Tuburbium
2929 5602 2983 5657 in
3003 5599 3323 5657 Mauritania
3357 5617 3581 5676 expres-

1978 5699 2136 5762 sisse.

2916 5788 2978 5852 1.
