3866 6278
395 338 460 420 ιι
670 404 678 408 .
800 440 807 441 ί
1505 358 2016 426 PROLEGOMENA
2068 356 2158 422 ne
2198 360 2417 429 ACTIS.
3625 381 3692 444 ιε

468 476 559 534 lli.
599 477 805 536 Certius
851 486 935 537 est
975 485 1346 552 argumentum
1377 483 1521 553 quod
1560 499 1625 541 ex
1669 484 1981 540 auctoritate
2007 481 2063 540 A
2087 487 2305 542 omnino
2334 490 2557 563 stylum,
2580 494 2798 552 easdem
2828 496 3081 569 loquendi
3120 497 3379 556 formulas
3400 542 3413 566 ,
3441 515 3508 558 ac
3532 503 3687 583 etiam

398 580 638 627 veterum
668 573 757 643 qui
811 572 879 629 de
924 574 1129 637 unctis
1160 574 1424 645 Perpetua
1465 583 1521 639 ct
1552 576 1829 639 Felicitate
1854 578 1992 641 scri-

2099 583 2298 652 saepius
2316 584 2504 646 eadem
2524 588 2687 649 verba
2707 590 2762 646 in
2786 591 3026 664 utrisque
3044 595 3288 665 reperiri.
3316 597 3399 651 An
3422 612 3553 653 vero
3579 614 3684 655 rem

396 673 639 735 psernnt,
683 662 980 718 deducitur.
1011 665 1165 731 Nam,
1213 676 1569 737 praeterquam
1617 669 1760 737 quod
1811 668 2033 724 Victor.
2101 677 2576 753 omujnoevineat,
2606 662 3053 753 aliijudicabunt.

405 757 640 812 Vitensis
664 770 755 812 eas
789 775 807 808 ‹
845 756 1172 829 Carthagine
1199 759 1252 813 in
1278 759 1496 816 basilica
1534 762 1726 830 majori
1755 763 1994 832 sepultas

392 846 559 903 fuisse
591 867 609 900 ι
643 846 876 903 aflirmat
901 848 1016 922 (1),
1048 850 1278 920 Prosper
1308 852 1360 906 in
1391 851 1641 908 Chronico
1664 854 1990 926 Labbmano,

391 940 532 996 Beda
561 941 614 995 in
644 941 783 995 libro
810 943 873 995 de
896 957 986 997 sea:
1011 942 1273 998 /Etatibus
1294 944 1499 1013 Mundi,
1520 949 1685 1003 immo
1701 958 1755 1004 et
1776 948 1826 1003 in
1848 949 1992 1004 Mar-

391 1034 640 1106 tyrologio
663 1036 860 1093 sincero
896 1034 1162 1106 (quamvis
1196 1037 1324 1092 illud
1347 1039 1490 1109 quod
1513 1040 1613 1095 sub
1630 1041 1745 1112 ejus
1775 1044 1991 1099 nomine

388 1124 786 1193 circumfertur,
805 1126 964 1184 aliter
984 1126 1225 1203 habeat),
1250 1128 1475 1207 chiuo,
1502 1133 1751 1192 [tabanus
1770 1137 1823 1191 in
1847 1137 1984 1193 Mar-

388 1220 656 1292 tyrologio,
688 1222 897 1291 aliaque
926 1222 1060 1278 bene
1092 1227 1256 1280 multa
1280 1229 1681 1300 martyrologia,
1706 1245 1825 1284 cum
1847 1232 1990 1287 edita

392 1321 502 1367 tum
532 1328 688 1380 mss.,
715 1323 772 1368 ut
801 1314 985 1370 videre
1012 1326 1093 1371 est
1111 1317 1248 1387 apud
1274 1317 1648 1375 Bollandianos
1665 1321 1731 1375 ad
1758 1321 1897 1377 diem
1917 1338 1988 1377 vu

391 1408 570 1462 martii
591 1448 606 1472 ,
633 1407 903 1478 expressis
928 1410 1107 1466 verbis
1159 1411 1254 1466 has
1296 1423 1511 1469 sanctas
1539 1426 1803 1487 martyres
1848 1417 1989 1488 apud

392 1496 769 1569 Carthaginem
823 1515 1008 1570 passas
1058 1501 1224 1557 fuisse
1265 1513 1531 1583 asserunt.
1584 1505 1694 1562 Nec
1729 1522 1988 1578 reponere

383 1589 535 1660 juvat
570 1591 639 1645 ab
675 1592 972 1661 Augustino
1018 1593 1073 1647 in
1118 1593 1379 1650 Sermone
1415 1612 1585 1664 natu,
1628 1614 1659 1654 ιι
1698 1598 1987 1661 Sumenda

388 1681 555 1750 edito,
588 1682 678 1753 qui
706 1693 788 1738 est
834 1699 986 1739 novae
1036 1684 1286 1742 editionis
1327 1701 1555 1757 CCC-XLV.
1586 1689 1681 1749 has
1724 1699 1985 1764 martyres

385 1771 758 1829 Tuburbitanas
806 1775 1101 1845 appellari:
1138 1793 1260 1832 nam
1299 1778 1352 1832 in
1379 1780 1566 1836 codice
1608 1797 1709 1838 ms.
1755 1799 1826 1838 ex
1878 1801 1986 1855 quo

2176 745 2261 802 VI.
2302 751 2370 805 At
2398 751 2614 807 Valesio
2643 745 2889 811 assentiri
2939 774 3043 812 non
3076 773 3291 829 possum
3314 801 3330 826 ,
3365 760 3480 816 haec
3509 763 3635 817 Acta
3656 777 3683 817 a

2098 837 2335 899 Montani
2363 852 2650 912 sectatore,
2679 847 2919 918 quisquis
2946 849 3034 905 ille
3061 848 3240 916 fuerit,
3284 852 3505 907 collecta
3530 853 3683 909 fuisse

2099 928 2447 988 existimanti.
2471 934 2523 990 ld
2546 945 2721 993 tamen
2745 940 3059 996 certissimis
3081 942 3293 997 indiciis
3313 943 3570 1013 colligere
3591 944 3683 1000 sibi

2098 1023 2309 1079 videtur
2349 1027 2431 1081 vir
2472 1028 2886 1086 eruditissimus.
2919 1031 3049 1100 Qua:
3079 1034 3293 1104 quidem
3331 1037 3540 1099 ,indieia
3580 1036 3683 1093 haec

2097 1127 2239 1187 sunt,
2273 1119 2414 1190 quod
2458 1128 2645 1179 luctor
2674 1122 2765 1181 ille
2804 1137 2973 1187 novas
3002 1126 3313 1196 prophetias
3358 1129 3597 1200 recipere
3631 1144 3683 1186 se

2099 1212 2431 1283 profiteatur,
2456 1225 2508 1270 et
2524 1232 2616 1271 eas
2638 1215 2847 1279 Veteris
2867 1217 3196 1276 Testamenti
3220 1223 3519 1293 prophetiis
3540 1226 3681 1300 longe

2096 1314 2408 1375 anteponat.
2441 1307 2497 1363 Id
2527 1310 2715 1378 probat
2741 1327 2804 1366 ex
2838 1312 3139 1369 collectoris
3166 1315 3333 1385 ipsius
3366 1318 3576 1385 verbis,
3601 1321 3679 1391 qni

2094 1403 2174 1459 sic
2202 1404 2254 1458 iu
2286 1406 2600 1475 prmfatione
2647 1408 2918 1479 loquitur:
2954 1429 2972 1462 ‹
3005 1410 3189 1482 Itaque
3217 1423 3269 1468 et
3297 1429 3399 1470 nos
3428 1416 3523 1486 qui
3548 1418 3678 1472 sicut

2096 1499 2406 1566 prophetias
2430 1499 2503 1554 ita
2531 1511 2585 1555 et
2611 1502 2843 1559 visiones
2870 1520 3056 1573 novas,
3086 1507 3287 1577 pariter
3316 1512 3678 1580 repromissas,

2089 1599 2148 1649 et
2168 1593 2509 1663 agnoscimus
2556 1605 2613 1652 et
2659 1596 3007 1655 bonoramus.
3049 1620 3069 1654 ι
3104 1600 3171 1656 Ει
3194 1603 3354 1673 paulo
3380 1615 3507 1660 ante
3541 1606 3679 1662 dixe-

2093 1692 2176 1737 rat
2201 1699 2212 1735 :
2243 1702 2263 1733 ‹
2300 1684 2405 1740 Sed
2434 1685 2666 1745 viderint
2692 1689 2784 1761 qui
2812 1705 2974 1746 uuam
3001 1692 3255 1750 virtutem
3279 1695 3514 1766 Spiritus
3537 1700 3677 1755 Unius

2093 1777 2262 1830 sancti
2298 1793 2394 1847 pro
2416 1780 2661 1836 a-tatibus
2680 1781 2923 1851 judicent
2949 1792 3272 1858 temporum,
3297 1805 3463 1859 quum
3491 1794 3678 1865 majora

385 1863 700 1934 desumptus
730 1874 815 1922 est
858 1866 961 1925 iste
1004 1882 1207 1935 sermo,
1241 1884 1348 1926 non
1392 1868 1975 1953 Tubnrbitatmumhnt

2097 1869 2389 1936 reputantis
2424 1871 2536 1927 sint
2574 1873 2839 1937 novitiera
2869 1892 3094 1948 quimus
3125 1887 3182 1939 et
3223 1863 3618 1941 novissimiora.
3655 1906 3674 1941 ι

383 1957 619 2011 correxit
646 1955 1008 2028 Sirmundus,
1036 1960 1131 2016 sed
1162 1961 1558 2018 Suburbitarum
1584 1965 1800 2037 legitur.
1830 1969 1954 2025 Dice
1975 2000 1988 2011 -

382 2059 468 2106 ret
496 2050 633 2106 forte
661 2052 853 2123 aliquis
900 2068 992 2108 eas
1025 2054 1408 2112 Suburbitanas
1437 2057 1603 2114 fuisse
1624 2060 1815 2129 dictas,
1842 2066 1984 2132 quod

384 2143 437 2196 in
466 2144 723 2199 suburbio
748 2143 1086 2217 Carthaginis
1128 2163 1299 2217 passae
1328 2150 1569 2206 fuissent.
1601 2153 1728 2221 Sed,
1759 2157 1858 2210 etsi
1886 2157 1983 2212 de-

385 2242 470 2289 tur
516 2235 659 2290 bunc
700 2235 876 2292 locum
899 2249 1044 2294 recte
1072 2254 1101 2293 a
1125 2240 1415 2298 Sirmundo
1432 2246 1771 2309 emendatum
1796 2248 1981 2317 fuisse,

380 2326 517 2381 nihil
546 2328 672 2383 inde
719 2338 905 2385 contra
936 2330 1135 2387 Valesii
1164 2337 1487 2392 sententiam
1542 2337 1734 2396 deduci
1785 2352 1979 2410 potest.

382 2417 605 2476 Fatetur
628 2423 842 2491 quidem
882 2422 952 2480 de
988 2424 1367 2484 Tuburbitanis
1384 2432 1853 2502 martyribnsheic
1872 2437 1982 2490 Au-

381 2514 653 2582 gustinum
703 2530 897 2585 agere;
929 2527 986 2573 et
1014 2531 1173 2591 negat
1201 2523 1359 2592 plane
1382 2539 1477 2579 eas
1504 2539 1624 2581 esse
1663 2527 1979 2598 Perpetuam

381 2613 436 2659 et
464 2603 793 2662 Felicitatem
823 2622 838 2663 :
866 2609 933 2665 de
972 2611 1168 2679 quibus
1199 2613 1334 2669 alias
1358 2606 1501 2686 Saepe
1530 2632 1696 2688 agens
1722 2620 1978 2689 Augusti-

381 2710 502 2761 nus,
534 2712 820 2769 numquam
850 2715 947 2757 cas
970 2701 1385 2770 Tuburbiteutts,
1408 2708 1502 2761 sed
1531 2709 1747 2779 proprio
1767 2726 1981 2782 semper

381 2792 599 2849 nomine
627 2792 934 2865 Perpetuam
963 2806 1012 2851 et
1042 2795 1363 2854 Felicitatem
1404 2803 1717 2872 appellavit.
1739 2803 1979 2861 Cottten-

377 2883 456 2940 dit
495 2900 625 2942 vero
654 2888 735 2943 vir
762 2889 1002 2946 eruditus
1048 2889 1517 2948 Tuburbitanarum
1557 2900 1775 2952 nomine
1804 2897 1923 2953 heic
1949 2912 1978 2951 ιι

378 2988 566 3035 sancto
592 2981 890 3053 Augustin
908 2983 1212 3049 Maximam,
1238 2987 1559 3041 Donutillam
1588 3004 1652 3043 ac
1674 2990 1977 3045 Secundam

377 3064 683 3135 designatas
704 3066 889 3138 fuisse,
912 3085 1030 3140 qua:
1047 3069 1261 3139 quidem
1286 3069 1543 3128 Tuburbii
1566 3076 1670 3129 sub
1696 3075 1978 3132 Valeriano

379 3165 433 3211 et
457 3156 701 3214 Gallieno
730 3160 1144 3231 imperatoribus
1168 3175 1338 3233 passm
1360 3162 1631 3220 dicuntur.
1666 3166 1735 3222 Et
1759 3168 1974 3239 quidem

2094 1958 2312 2026 Verum,
2340 1963 2438 2017 etsi
2473 1963 2585 2019 haec
2612 1966 2770 2022 verba
2786 1969 2957 2037 primo
2980 1981 3199 2040 aspectu
3220 1973 3460 2033 Montani
3481 1995 3676 2037 errores

2089 2064 2281 2118 sapere
2312 2052 2625 2124 videantur,
2666 2062 2710 2114 si
2749 2069 2927 2115 tamen
2974 2063 3132 2131 paulo
3173 2072 3478 2126 accuratius
3521 2073 3675 2145 dispi-

2089 2145 2317 2212 ciantur,
2352 2148 2482 2203 nihil
2513 2150 2567 2205 in
2614 2151 2743 2222 ipsis
2772 2158 3036 2213 contineri
3083 2158 3188 2214 nisi
3232 2160 3593 2221 orthodoxum
3628 2176 3674 2223 et

2084 2234 2212 2293 ﬁdei
2240 2238 2522 2295 catholicze
2570 2244 2727 2312 plane
2763 2261 3061 2302 consonum
3092 2253 3353 2321 reperies.
3384 2254 3503 2311 Non
3545 2259 3671 2313 enim

2091 2326 2191 2380 iste
2224 2338 2411 2384 auctor
2437 2332 2669 2389 visiones
2701 2338 3021 2395 novissimas
3058 2356 3177 2396 cum
3206 2342 3501 2417 Scripturis
3530 2366 3672 2406 cano-

2088 2422 2244 2485 nicis,
2277 2433 2334 2477 ut
2362 2427 2564 2492 putavit
2597 2427 2861 2495 Valesius,
2890 2432 2986 2487 sed
3014 2435 3360 2494 solummodo
3386 2455 3512 2497 euut
3538 2453 3672 2499 vete-

2089 2528 2205 2568 rum
2237 2524 2539 2589 martyrun
2556 2522 2853 2579 visionibus
2870 2533 2928 2579 et
2947 2527 3366 2588 revelationibus
3380 2548 3666 2608 οοιῳιιηις

2086 2608 2387 2679 asseritqus
2414 2625 2523 2666 non
2542 2613 2741 2669 minori
2766 2619 3110 2675 veneratione
3132 2621 3407 2681 habendas
3420 2641 3544 2684 esse
3564 2643 3671 2700 qua:

2082 2712 2182 2752 suo
2211 2711 2481 2771 tempore,
2511 2720 2674 2774 quam
2716 2724 2835 2777 quae
2873 2712 3064 2780 priscis
3105 2717 3433 2786 temporibus
3455 2762 3471 2789 ,
3498 2723 3554 2778 id
3592 2732 3672 2779 est

2084 2789 2259 2859 primo
2300 2802 2392 2847 aut
2438 2796 2674 2851 secundo
2713 2798 2971 2857 Ecclesiae
3016 2807 3215 2861 smculo
3243 2851 3259 2877 ,
3294 2814 3666 2883 contigerant:

2084 2884 2250 2941 immo
2292 2896 2346 2941 et
2387 2888 2729 2958 aliquatenus
2762 2893 2859 2948 has
2898 2912 3064 2954 novas
3108 2904 3465 2964 revelationes
3488 2904 3667 2980 majori

2085 2974 2262 3028 studio
2299 2979 2664 3048 suscipiendas
2690 2998 2812 3039 esse
2838 2986 2986 3054 dicit,
3015 3006 3182 3061 quum
3206 2998 3452 3068 exempla
3478 3015 3541 3056 eo
3558 2974 3662 3056 ἐπι.

2082 3065 2292 3119 caciora
2321 3066 2450 3133 sint,
2480 3086 2586 3140 quo
2617 3076 2784 3144 magis
2816 3082 3102 3147 prmsentia
3130 3102 3142 3137 :
3178 3094 3287 3141 tum
3319 3065 3507 3147 deinde
3528 3091 3646 3163 quod

2083 3155 2166 3210 ha:
2188 3158 2491 3217 novissimae
2522 3163 2769 3237 visiones,
2795 3186 2915 3239 qua:
2936 3174 3224 3247 aliquando
3251 3193 3465 3241 veteres
3488 3184 3657 3243 intum

375 3247 427 3303 id
465 3248 657 3306 Valesii
712 3266 1028 3322 reSponsum
1071 3255 1379 3309 confirmari
1426 3267 1613 3326 posset
1659 3273 1725 3314 ex
1766 3252 1975 3319 vetusto

2090 3258 2259 3317 erunt,
2284 3251 2457 3321 aliqua
2480 3259 2800 3316 auctoritate
2832 3261 3114 3322 fulcienda:
3136 3283 3335 3341 essent,
3362 3286 3421 3331 ut
3448 3293 3478 3333 a
3506 3288 3665 3351 peste.

378 3338 688 3396 kalendario
746 3342 1157 3415 Carthaginensi
1227 3346 1367 3421 apud
1434 3348 1831 3419 Mabillonium,
1889 3355 1977 3410 ubi

376 3442 683 3486 sanctarum
715 3431 1201 3493 'l'uburbitauarum
1246 3438 1440 3495 festum
1485 3444 1744 3501 recolitur
1784 3463 1840 3501 ιιι
1884 3445 1979 3503 ka-

377 3523 566 3581 lendas
595 3525 805 3597 augusti
843 3544 857 3581 :
909 3520 1015 3599 quo
1040 3529 1127 3586 die
1166 3549 1428 3606 nusquam
1456 3535 1718 3607 Perpetua
1750 3550 1801 3594 et
1830 3540 1976 3597 Feli—

368 3618 545 3683 citas;
576 3617 806 3673 Maxima
847 3635 976 3676 vcro
1003 3632 1057 3677 et
1085 3625 1245 3679 sociae
1283 3626 1336 3681 in
1367 3629 1616 3684 omnibus
1650 3634 1974 3704 martyrolov

376 3707 476 3777 giis
502 3718 730 3763 mortem
759 3710 961 3766 obiissc
988 3713 1318 3771 referuntur.

448 3799 537 3854 IV.
582 3800 681 3857 Diu
706 3818 811 3859 non
850 3804 1254 3865 immorabimur
1280 3811 1330 3865 in
1360 3811 1684 3884 assignanth
1726 3827 1965 3888 tempore

374 3906 480 3962 quo
506 3890 623 3947 istre
664 3893 836 3950 beatae
871 3905 1136 3970 martyres
1174 3901 1478 3969 passionem
1511 3919 1971 3966 consummarunt.

378 3988 509 4043 Acta
538 3995 591 4042 ct
620 3989 996 4061 martyrologia
1039 4007 1157 4062 quae
1205 4007 1297 4048 eas
1337 3995 1437 4050 sub
1465 3996 1746 4056 Valeriano
1772 4012 1825 4057 et
1850 4002 1976 4059 Gal-

373 4078 517 4134 lieno
544 4094 729 4151 passas
759 4079 923 4137 fuisse
952 4081 1188 4140 referunt
1215 4127 1229 4152 ,
1262 4087 1345 4141 vel
1375 4104 1440 4143 ex
1481 4105 1546 4144 eo
1577 4094 1974 4150 convincuntur

376 4171 491 4229 falsi
511 4215 526 4239 ,
561 4173 701 4245 quod
728 4173 1090 4232 Tertullianus
1120 4178 1208 4248 qui
1247 4180 1298 4233 in
1333 4180 1468 4237 libro
1499 4186 1561 4238 de
1588 4189 1772 4241 Anima
1796 4231 1808 4255 ,
1840 4189 1969 4245 I‘ern

376 4274 551 4335 pctuae
580 4265 845 4336 meminit,
870 4266 958 4323 diu
986 4278 1109 4324 ante
1141 4269 1329 4327 horum
1356 4274 1739 4346 imperatorum
1765 4290 1973 4353 tempus

376 4370 407 4409 e
437 4358 541 4412 vita
585 4361 896 4415 excesserit.
939 4360 1127 4421 Melius
1163 4364 1344 4436 itaque
1387 4367 1436 4421 in
1467 4367 1844 4443 lliartyrol0gio
1883 4390 1976 4444 ge-

375 4448 540 4504 nuino
562 4449 721 4505 Beda:
757 4451 981 4525 aliisque
1011 4458 1263 4527 antiquis,
1288 4460 1341 4513 id
1364 4466 1677 4533 martyrium
1700 4466 1767 4521 ad
1788 4468 1971 4525 Severi

376 4540 717 4612 imperatoris
744 4552 954 4614 tempus
994 4557 1276 4603 revocatur
1312 4567 1326 4607 :
1366 4554 1557 4623 quibus
1585 4557 1717 4611 Acta
1762 4560 1971 4618 sincera

2085 3338 2159 3393 ris
2187 3342 2553 3402 crederentur.
2589 3348 2646 3404 Id
2690 3362 2833 3420 patet
2880 3372 2943 3413 ex
2989 3360 3176 3418 eadem
3224 3338 3393 3437 ipsius
3445 3338 3665 3428 auctoris

2086 3437 2193 3486 tota
2239 3435 2589 3505 prwi‘atioue,
2625 3443 2712 3497 ubi
2758 3462 2824 3502 nc
2869 3464 3035 3506 unum
3081 3435 3300 3525 quidem
3348 3463 3570 3520 verbum
3608 3463 3666 3520 de

2083 3522 2370 3596 Scriptura:
2400 3545 2566 3589 sacrte
2591 3550 2711 3591 cum
2750 3540 3045 3600 visionibus
3073 3522 3368 3622 martyrum
3400 3570 3667 3631 compara-

2085 3618 2227 3675 tione
2255 3620 2515 3681 habetur:
2548 3647 2568 3679 ι
2603 3629 2657 3685 Si
2694 3643 2910 3703 vetera,
2942 3638 3152 3713 inquit,
3188 3618 3311 3701 tldci
3362 3618 3665 3726 exempla...

2084 3722 2361 3782 propterea
2394 3717 2444 3771 in
2476 3718 2670 3777 litteris
2694 3735 2823 3797 sunt
2847 3727 3050 3801 digesta
3091 3742 3147 3789 ut
3200 3735 3432 3796 lectione
3454 3717 3667 3813 eorum,

2068 3808 2229 3875 'qnnsi
2276 3812 2696 3880 repensitatione
2744 3835 2961 3891 rerum,
2994 3837 3047 3881 et
3090 3820 3231 3886 Deus
3285 3832 3580 3894 bonoretur
3620 3847 3669 3894 et

2085 3898 2245 3955 homo
2269 3904 2632 3976 confortetur,
2667 3925 2762 3967 cur
2804 3930 2909 3970 non
2941 3926 2995 3972 ct
3022 3936 3153 3977 nova
3183 3922 3510 3986 documenta
3534 3945 3668 4003 teque

2084 3990 2294 4061 utrique
2354 4010 2529 4052 causae
2588 4005 2955 4068 convenientia
3007 4019 3061 4065 et
3115 4013 3464 4087 digerantur?
3517 3990 3611 4081 etc:
3643 4040 3662 4075 ι

2081 4081 2269 4152 Porro,
2306 4087 2405 4141 etsi
2436 4088 2534 4145 iste
2565 4103 2753 4167 auctor
2785 4095 2973 4154 harum
3005 4081 3300 4178 martyrum
3334 4111 3587 4184 visiones,
3603 4129 3663 4170 ex

2080 4175 2145 4229 iis
2173 4178 2310 4244 quas
2337 4180 2474 4237 Deus
2504 4200 2599 4254 per
2627 4186 2831 4244 Joeiem
2878 4175 3261 4264 repromiserat
3281 4245 3294 4266 ,
3326 4205 3661 4267 existimave-

2081 4267 2185 4333 rit,
2218 4285 2321 4325 non
2352 4280 2526 4331 tamen
2558 4277 2680 4334 inde
2710 4285 3057 4356 consequitur
3081 4290 3221 4360 quod
3268 4309 3361 4352 eas
3389 4296 3663 4370 Scripturis

2079 4359 2244 4413 sacris
2270 4364 2610 4434 aequipararit
2638 4388 2650 4423 :
2677 4370 2814 4427 sicut
2844 4390 2943 4432 nec
2975 4377 3216 4439 Ecclesia
3247 4385 3488 4449 fidelium
3518 4359 3667 4448 'dicta

2079 4452 2160 4505 vel
2186 4457 2379 4527 scripta
2406 4458 2545 4515 inter
2573 4461 2668 4518 has
2688 4464 2991 4537 Scripturas
3016 4477 3303 4535 cauonicas
3325 4487 3662 4557 computavit,

2077 4551 2317 4616 quamvis
2360 4568 2466 4607 non
2510 4554 2778 4615 dubitaret
2819 4561 2885 4618 ab
2914 4579 2981 4619 eo
3030 4573 3357 4637 processisse
3395 4592 3425 4630 a
3450 4551 3561 4648 quo
3582 4575 3666 4632 alii

372 4635 745 4703 consentiunt;
775 4636 1038 4707 siquidem
1064 4640 1131 4692 ibi
1158 4640 1238 4711 (2)
1263 4653 1462 4699 sanetae
1486 4657 1750 4721 martyres
1773 4651 1855 4707 die
1885 4671 1970 4709 nu-

2090 4638 2271 4694 iantur
2299 4658 2495 4717 genera
2527 4647 2856 4721 linguarum,
2886 4655 2975 4713 alii
3005 4660 3302 4731 prophetiae
3330 4708 3344 4732 ,
3375 4666 3462 4722 alii
3491 4681 3656 4722 sermo

376 4723 468 4777 tali
498 4723 640 4780 Geta:
682 4722 898 4781 Cwsaris
944 4727 1138 4784 bestiis
1176 4730 1401 4805 objecta:
1442 4747 1609 4792 sunt:
1646 4741 1789 4811 quod
1835 4760 1978 4807 anno

375 4816 571 4873 Christi
596 4834 699 4875 ccu
723 4828 816 4875 aut
837 4822 1099 4893 sequenti,
1132 4822 1304 4880 idibus
1329 4828 1527 4896 martii,
1557 4834 1843 4904 contigisse
1866 4838 1978 4895 exi-

375 4908 678 4964 stimamus.
718 4921 744 4943 °
1256 4914 1318 4970 D.
1352 4917 1556 4976 'I'neou.
1590 4920 1861 4983 Renum.

454 5000 518 5059 ν.
580 5002 957 5081 inquirendum
1013 5007 1225 5067 tandem
1292 5011 1533 5083 quisnam
1579 5016 1737 5075 fuerit
1782 5021 1969 5078 horum

377 5088 634 5154 Actorum
678 5107 884 5168 auctor,
915 5113 1007 5155 seu
1039 5105 1214 5170 potius
1259 5104 1516 5163 collector
1538 5151 1553 5177 ,
1588 5128 1750 5184 quum
1781 5132 1967 5173 eorum

378 5189 665 5242 maximam
725 5198 929 5259 partem
980 5206 1009 5245 a
1060 5192 1322 5265 Perpetua
1375 5208 1427 5254 et
1475 5200 1667 5258 Saturo
1717 5208 1968 5275 scriptam

334 5265 341 5275 ’
377 5280 542 5338 fuisse
573 5298 732 5338 nemo
760 5284 979 5339 inficiari
1005 5290 1194 5358 possit.
1223 5291 1276 5346 Id
1302 5308 1434 5365 Opus
1462 5296 1790 5354 Tertulliano
1818 5306 1969 5360 attri-

378 5377 491 5434 lmit
518 5389 703 5436 auctor
730 5381 970 5450 epistolzu
994 5384 1314 5460 Biturigibus
1340 5394 1555 5464 scriptu:
1583 5396 1647 5451 ad
1682 5396 1965 5458 Henricum

377 5469 646 5526 Valcsium
675 5490 686 5526 :
719 5474 860 5544 quod
890 5486 945 5531 ut
975 5480 1239 5548 probaret,
1269 5485 1480 5540 collatis
1502 5488 1688 5542 multis
1712 5492 1964 5551 Actorum

378 5560 509 5619 locis
541 5573 659 5619 cum
682 5565 799 5621 aliis
823 5566 1135 5627 Tertulliani
1160 5576 1436 5645 operibus,
1465 5580 1693 5635 ostendit
1720 5585 1966 5644 euintletn

453 5702 713 5815 (υννέιξιιέ
740 5708 955 5815 Ἒιηιίε
975 5710 1237 5815 ﬁxa-serui.
1260 5713 1472 5766 Vaudal
1500 5756 1515 5781 ,
1547 5716 1640 5773 lib.
1678 5735 1713 5784 t,
1741 5739 1857 5794 cap.
1890 5742 1964 5797 ιιι,

453 5791 479 5813 η
533 5799 565 5815 ᾼ.
644 5798 691 5815 ι.
817 5797 919 5815 ...ηε
1030 5804 1109 5815 «ι

381 5788 496 5845 pag.
532 5780 584 5844 5,
610 5780 737 5833 edit.
772 5781 940 5835 Paris.
977 5782 1132 5836 “illi.

451 5848 527 5922 (:2)
569 5851 692 5907 Acta
726 5850 983 5918 Prusiam,
1017 5862 1122 5909 etc.
1156 5868 1272 5926 cap.
1308 5854 1389 5909 16.

2082 4732 2380 4800 sapicntim,
2404 4736 2522 4790 aliis
2550 4738 2647 4793 alia
2671 4741 2832 4806 dona.
2861 4762 2977 4818 qtue
3009 4749 3220 4807 laudato
3246 4754 3414 4813 Joelis
3438 4758 3664 4819 testimo-

2080 4823 2170 4875 nio
2192 4828 2547 4892 prmuuntinta
2574 4841 2628 4885 et
2658 4836 3112 4903 promissafuisse
3141 4855 3345 4903 certum
3377 4860 3476 4906 est.

2151 4912 2262 4968 VII.
2292 4916 2419 4986 Sed,
2445 4933 2513 4974 ne
2531 4921 2773 4982 fortassis
2794 4929 3000 4999 aliquos
3026 4948 3274 4994 moveant
3300 4941 3530 4997 auctoris
3542 4955 3672 5017 prte-

2075 5006 2293 5062 fationis
2322 5011 2500 5079 verba,
2536 5017 2623 5085 qui
2651 5032 2742 5073 cas
2764 5021 2997 5078 visiones
3022 5029 3173 5099 quasi
3215 5030 3471 5088 divinitus
3502 5006 3664 5105 inspi-

2080 5112 2221 5156 ratzts
2249 5103 2445 5173 laudat,
2478 5122 2538 5162 ea
2571 5109 2637 5167 de
2665 5129 2722 5168 re
2747 5116 3046 5174 audiendus
3073 5134 3149 5175 est
3183 5125 3533 5199 Augustinus,
3562 5124 3667 5199 qui,

2076 5197 2201 5252 licet
2223 5203 2513 5270 expressis,
2543 5215 2599 5260 nt
2620 5206 2788 5274 aiunt,
2814 5212 2990 5267 verbis
3018 5214 3111 5269 has
3138 5197 3415 5290 Perpetua:
3442 5197 3667 5277 visiones

2073 5304 2101 5344 a
2133 5306 2339 5348 canone
2367 5290 2760 5368 Scripturarum
2783 5305 3031 5361 excludat
3058 5308 3167 5380 ('5),
3200 5327 3294 5369 eas
3335 5324 3508 5371 tamen
3544 5334 3565 5367 ι
3595 5313 3674 5368 di-

2072 5382 2225 5439 vinas
2243 5387 2627 5446 revelationes»
2651 5396 2905 5465 appellat,
2923 5408 3079 5472 atque
3101 5418 3130 5457 a
3154 5403 3401 5463 lidelibus
3417 5407 3671 5479 religione

2072 5479 2416 5540 honorandus
2463 5489 2656 5543 asserit
2699 5490 2800 5563 (43‘.
2857 5514 2875 5545 ι
2930 5495 3345 5561 Exhortationes
3390 5520 3608 5568 earnm,
3647 5519 3666 5557 ι

2080 5572 2245 5644 inquit
2275 5573 2575 5649 (Perpetua:
2601 5590 2653 5636 et
2676 5581 3021 5660 Felicitatis),
3062 5612 3079 5645 ι
3114 5593 3163 5649 in
3193 5596 3380 5654 divinis
3406 5600 3667 5655 revelatio-

2256 5737 2407 5825 nAug.
2450 5737 2585 5825 Ιώ..)
2617 5742 2679 5795 de
2708 5744 2887 5825 Anim.
2918 5751 3120 5825 atque
3147 5753 3333 5825 origin.
3365 5758 3436 5811 ad
3462 5758 3674 5823 Reuat.,

2073 5819 2197 5895 ευρ..
2213 5806 2306 5895 ‘19,
2337 5806 2481 5895 num.
2512 5811 2597 5879 12,
2622 5825 2677 5870 et
2707 5814 2798 5875 lib.
2831 5833 2904 5895 ut,
2926 5821 2995 5895 ait
3026 5806 3671 5895 'vmcmi'.',"c.'§,‘iif'iéi

2150 5877 2226 5965 te)
2254 5876 2352 5945 ld.,
2386 5880 2554 5936 Serm.
2583 5876 2619 5953 ι,
2649 5901 2772 5943 ιιον.
2801 5876 2929 5946 οᾱίἱ.
2959 5890 3085 5965 280,
3118 5876 3479 5975 ιόίιῖῗνῖῷέ.
