3876 6282
402 287 478 345 95
1646 277 1887 339 PASSIO
1929 277 2028 335 SS.
2069 270 2461 332 MARTYRUM
3662 261 3749 319 εὶ

412 424 431 459 ι
471 406 659 464 liorem
674 404 851 462 locum
874 399 1111 458 carceris
1137 397 1598 469 refrigeraremus.
1624 398 1773 453 Tunc
1798 410 1995 451 exeun-
2018 396 2073 456 Α
2098 411 2122 459 ς
2158 388 2430 456 convalui,
2460 395 2513 444 et
2540 385 2774 443 relevata
2821 397 2942 441 sum
2973 398 3003 439 a
3030 379 3212 438 labore
3240 379 3307 437 'et
3334 378 3744 437 sollicitudine

413 519 437 554 ι
475 510 554 558 tes
603 499 672 556 de
722 511 938 555 carcere
990 492 1225 549 universi
1276 490 1378 547 sibi
1440 491 1715 547 vacabant.
1761 489 1876 560 Ego
1925 487 2006 542 in-

416 613 437 647 s
476 594 672 650 fantem
722 589 978 646 lactabam
1025 586 1135 657 jam
1183 584 1361 641 inedia
1415 583 1704 640 defectum.
1760 576 2004 636 Sollicita

418 704 439 739 ι
472 700 570 757 pro
604 698 670 739 eo
705 678 1033 751 adloquebar
1079 683 1304 732 matrem
1330 717 1346 742 ,
1400 683 1455 730 et
1498 671 1863 730 eonfortabam
1897 671 2007 727 fra-

416 797 436 829 ι
474 787 641 839 trem,
696 771 1139 828 commendabam
1184 769 1351 824 filium
1390 776 1439 824 ει.
1480 766 1841 823 Tabescebam
1887 765 2008 821 ideo

415 888 435 921 ι
472 866 614 938 quod
656 865 776 919 illos
823 864 1098 919 tabescere
1131 860 1370 916 videram
1397 858 1503 914 mei
1530 857 1813 914 beneﬁcio.
1847 855 2007 912 Tales

413 979 436 1014 ι
470 940 857 1015 sollicitudines
883 957 1064 1012 multis
1089 954 1278 1011 diebus
1300 965 1455 1023 passa
1484 965 1624 1018 sum,
1673 959 1727 1007 et
1751 948 2003 1019 usurpavi

414 1070 435 1107 ‹
471 1060 531 1108 ut
568 1064 780 1107 mecum
828 1049 1003 1105 infans
1052 1048 1103 1104 in
1144 1060 1365 1103 carcere
1410 1052 1687 1109 maneret;
1736 1051 1791 1098 et
1824 1041 2003 1097 statim

2114 502 2133 537 ‹
2170 482 2412 538 infantis:
2438 490 2491 536 ct
2520 480 2687 535 factus
2706 487 2790 534 est
2819 475 2953 532 mihi
2974 488 3164 531 carcer
3187 473 3366 530 subito
3383 472 3539 545 quasi
3580 486 3741 544 przc-
3776 540 3799 548 ς

2114 596 2134 631 ι
2174 576 2394 643 torium,
2426 583 2484 631 ut
2513 574 2582 630 ibi
2610 572 2825 630 mallem
2853 585 2974 628 esse
3010 583 3171 642 quam
3199 568 3326 626 alibi
3354 567 3407 623 δ.

2191 772 2210 805 ι
2232 751 2476 808 Ill.Tunc
2496 749 2774 806 dixitmihi
2792 748 2952 804 frater
2969 762 3118 803 meus
3135 746 3386 803 :Domina
3402 759 3602 810 soror,
3626 744 3743 814 jam

2117 868 2137 903 ‹
2172 851 2225 905 in
2255 861 2445 919 magna
2482 844 2737 915 dignitate
2779 852 2801 881 ο
2852 857 2944 907 es;
2976 851 3032 898 et
3059 851 3203 896 tanta
3243 849 3301 897 ut
3351 840 3613 910 postules
3658 839 3745 893 vi-

2116 960 2137 995 ι
2173 940 2411 1003 sionem,
2453 945 2510 992 et
2549 933 2861 991 ostendatur
2891 933 2985 988 tibi
3011 947 3079 988 an
3110 932 3290 1004 passio
3316 932 3415 1001 sit,
3463 947 3537 986 an
3576 946 3745 987 com-

2115 1054 2136 1089 ‹
2174 1042 2402 1091 meatus.
2456 1032 2523 1087 Et
2559 1044 2689 1102 ego,
2741 1043 2861 1101 qua:
2905 1042 2992 1084 me
3032 1027 3265 1084 sciebam
3321 1024 3563 1083 fabulari
3620 1040 3751 1081 cum

1637 1154 2024 1214 LECTIONES
2059 1147 2478 1209 VARIANTES.

440 1342 450 1354 ο
476 1280 590 1354 {Et
611 1279 961 1343 confortabam,
995 1277 1137 1329 fratri
1175 1276 1574 1330 commendabam
1619 1274 1768 1326 tilium
1788 1271 2002 1324 cod.Sa-

412 1343 725 1457 “ganeum
754 1400 973 1455 Holsten.

2168 1272 2194 1299 ο
2222 1262 2308 1318 Sic
2331 1265 2477 1316 codd.
2523 1264 2786 1328 Compeud.
2833 1270 2877 1315 et
2912 1262 3164 1328 Salisb._at
3181 1262 3464 1317 Holstenius
3492 1263 3663 1316 habet
3701 1268 3750 1317 in

2115 1341 2296 1392 magna
2315 1328 2601 1392 dignatione
2621 1326 2696 1391 es,
2721 1332 2855 1378 tanta
2875 1333 2934 1378 ut
2951 1326 3213 1391 postulem,
3235 1334 3333 1378 etc.

1740 1481 2102 1541 VARIORUM
2141 1478 2372 1537 NOTAE.

413 1611 579 1679 rupti,
605 1609 879 1665 custodias
905 1607 1075 1679 laxius
1106 1604 1306 1661 habere
1345 1604 1573 1679 soleant.
1611 1603 1758 1679 Quos
1798 1610 2014 1679 coercet

2119 1600 2362 1672 vulgatus
2414 1596 2679 1664 interpres
2711 1593 3053 1672 Ecclesiastici
3092 1593 3267 1665 capite
3296 1611 3407 1671 xu,
3458 1597 3515 1672 4.
3567 1596 3752 1672 Cm.-

410 1665 525 1737 Lc'x
547 1665 658 1736 vni.
702 1680 759 1735 ii.
788 1682 851 1733 de
886 1678 1130 1733 Custodit:
1178 1693 1397 1732 reorum.
1440 1675 1600 1731 Ludit
1623 1665 1913 1744 weleganter
1961 1674 2013 1728 in
2047 1706 2094 1744 ς,
2125 1665 2242 1730 eam
2271 1683 2455 1744 vocem
2478 1674 2783 1744 ἐσχατοννῑρῳ
2812 1666 2977 1744 latine
3021 1665 3403 1744 interpretatus
3427 1668 3504 1744 s_it
3530 1668 3753 1744 defecto

788 1721 1351 1805 κιῖοἶιῖἦίηοῖἶειιῆῖυῖιι
1391 1721 1756 1802 immanitate"
1771 1729 2016 1801 Manilius
2047 1721 2094 1771 ﬂ
2122 1721 2288 1800 atate.
2319 1739 2474 1795 Addo
2500 1721 2569 1792 ad
2597 1721 2893 1808 cumulum,
2926 1737 3099 1791 locum
3140 1721 3205 1793 ἐκ
3236 1739 3402 1807 gestis
3440 1721 3753 1808 Purgatur-

412 1823 576 1879 modo
606 1823 867 1887 laudatus,
899 1821 969 1875 ab
998 1820 1090 1875 illo
1121 1835 1281 1875 versu
1312 1837 1326 1873 :

473 1954 704 2017 Quisquis
726 1955 775 2003 in
795 1951 1121 2002 Andromedae
1143 1950 1394 2013 surgentis
1409 1952 1634 2010 tempore
1655 1953 1825 2010 ponto,

474 2018 720 2077 Nascitur,
756 2024 853 2066 etc.

488 2132 658 2204 Quem
717 2132 893 2204 locum
915 2144 1000 2204 es
1026 2126 1318 2204 Ciceronis
1339 2124 1563 2204 Verrius
1594 2141 1627 2178 v
1671 2123 1889 2204 videtur
1925 2139 2019 2204 ex-

415 2195 716 2278 prEssissc,
761 2202 851 2278 ubi
882 2201 962 2278 sic
991 2199 1225 2268 legitur:
1274 2196 1455 2277 Patres
1506 2196 1592 2262 bi,
1636 2212 1761 2278 quos
1796 2195 2016 2278 pidetis,

411 2266 656 2350 iacebant
690 2266 744 2328 in
786 2272 978 2350 limine,
1020 2266 1306 2339 matresque
1323 2267 1907 2350 nt‘iserteupernoctabmtt
1951 2266 2021 2320 ad

421 2337 608 2403 ostium
620 2346 862 2410 carceris,
878 2344 939 2397 ab
967 2351 1189 2395 extremo
1213 2337 1478 2409 complexu
1494 2337 1763 2391 liberorum
1777 2338 2017 2403 exclusis,

422 2434 539 2492 qua:
579 2417 706 2472 nihil
745 2409 889 2492 aliud
938 2412 1170 2492 orabant,
1220 2410 1416 2492 nisiut
1475 2409 1703 2492 [iliorum
1744 2419 2021 2491 extremum

376 2530 377 2533 η
419 2480 658 2560 spiritum
697 2488 925 2560 accipere
962 2482 1057 2539 sibi
1084 2483 1276 2535 liceret.
1320 2480 1509 2533 Aderat
1550 2480 1742 2560 ianitor
1780 2481 2018 2560 carceris,

418 2550 652 2629 carnifex
690 2550 954 2629 Prwtoris,
999 2569 1134 2607 mors
1170 2552 1720 2629 terrorque_sociorunt
1749 2560 1795 2604 et
1840 2550 2022 2604 civium

424 2620 575 2686 lictor
596 2629 815 2692 Sestius,
848 2628 930 2680 cui
950 2642 1012 2681 ea:
1043 2624 1181 2678 omni
1205 2623 1391 2694 gemitu
1422 2620 1697 2694 doloreque
1730 2632 1868 2676 certa
1891 2638 2024 2694 mer-

423 2719 508 2757 ces
527 2698 920 2769 comparabatur
953 2714 965 2748 :
992 2706 1045 2749 ut
1070 2692 1247 2759 adeas,
1298 2702 1494 2746 tantum
1538 2692 1719 2746 dabis:
1772 2703 1829 2769 _ut
1858 2693 2024 2747 cibum

421 2774 513 2826 tibi
545 2765 677 2825 intra
717 2774 851 2837 ferre
890 2768 1059 2831 liceat,
1107 2775 1346 2837 tantum;
1394 2780 1539 2837 nemo
1576 2765 1867 2837 recusabat,
1914 2774 2019 2820 etc.

423 2843 593 2909 Porro
630 2835 883 2894 mulieres
910 2838 1210 2909 praesertim
1240 2835 1557 2909 christiana;
1576 2835 1700 2890 huic
1738 2837 1887 2909 operi
1916 2838 2022 2909 mi-

422 2907 734 2969 sericordia:
785 2907 925 2965 sese
972 2908 1390 2978 impendebant;
1439 2908 1626 2975 quales
1683 2923 1789 2962 non
1838 2907 2024 2978 dubito

422 2986 548 3054 quin
576 2977 1089 3054 Libaniusiunuerit
1117 2977 1269 3054 Otat.
1308 2979 1418 3054 jam
1454 2979 1646 3054 citata,
1688 2979 1779 3054 ubi
1817 2977 2025 3054 janito-

423 3049 544 3109 rum
581 3064 636 3109 et
679 3051 960 3106 custodum
983 3051 1215 3107 carceris
1244 3049 1613 3105 avarissimam
1646 3049 2021 3104 crudelitatem

423 3126 720 3188 detestans,
752 3124 955 3187 refert;
987 3122 1076 3177 vix
1100 3122 1352 3192 exiguum
1378 3120 1554 3192 lumen
1586 3131 1643 3175 ut
1689 3120 1887 3192 habere
1928 3123 2025 3174 mi-
2053 3118 2098 3181 C

423 3198 561 3251 seris
586 3196 793 3259 liceret,
823 3208 1017 3263 magno
1045 3190 1215 3262 pretio
1236 3192 1303 3245 ab
1335 3190 1466 3263 ipsis
1492 3192 1598 3247 emi
1626 3191 1839 3246 solitum
1877 3209 1889 3243 :
1914 3199 2025 3263 tum

423 3268 468 3320 si
500 3268 617 3333 quis
643 3280 860 3320 reorum
889 3262 1157 3333 sumptum
1184 3264 1283 3317 sibi
1324 3262 1514 3335 deesse
1563 3270 1868 3327 excusaret,
1905 3262 2029 3317 huic

426 3340 566 3391 male
604 3336 861 3390 mulctato
887 3335 1207 3405 regerebant
1239 3351 1251 3387 :
1283 3339 1365 3389 διὰ
1387 3344 1436 3389 τί
1473 3341 1524 3391 οὗ
1571 3340 1730 3398 καλεῖς
1771 3338 1851 3386 διὰ
1885 3338 2028 3390 τῶνδὲ

426 3418 515 3463 τῶν
565 3412 774 3473 ἰξιὸντων
814 3414 1017 3471 γυνηῖκα
1068 3411 1201 3474 δεῦρο
1249 3423 1340 3463 τῶν
1382 3409 1460 3460 επὶ
1488 3416 1815 3477 φιλανθρωπίᾳ
1838 3415 2028 3476 cation-

424 3487 698 3547 μουμένωνο
732 3478 818 3531 εἶτ’
862 3482 1008 3542 αὐτῆς
1049 3489 1177 3551 ’πρὸς
1211 3484 1275 3531 τὰ
1292 3481 1470 3541 γόνατα
1513 3487 1805 3551 προσπθσὼν,
1851 3480 2031 3537 natasic

425 3557 774 3620 προσαιτυῢσσν
799 3556 929 3616 ἄγειν
950 3560 997 3604 τί
1019 3573 1114 3603 σοι.
1137 3547 1240 3620 ϐω·
1259 3564 1349 3618 per
1369 3564 1453 3602 eos
1466 3547 1557 3619 qui
1569 3551 1687 3602 hinc
1704 3548 2032 3619 egrediuntur

426 3637 529 3673 non
556 3636 704 3675 vocas
729 3620 829 3673 huc
858 3620 1118 3674 mulierem
1146 3619 1369 3688 aliquam
1399 3634 1463 3673 ea:
1482 3620 1567 3686 iis,
1595 3635 1707 3688 qua:
1743 3620 2033 3671 humanita-

429 3692 493 3773 tis
523 3692 709 3761 ofﬁciis
744 3692 886 3773 dant
909 3707 1155 3774 cperant;
1202 3690 1271 3743 ad
1309 3693 1461 3762 cujus
1499 3708 1667 3761 genua
1710 3690 2028 3774 provolutus:

429 3757 669 3833 impetres
713 3772 768 3817 ut
820 3757 1005 3833 stipem
1051 3762 1275 3831 aliquam
1319 3757 1658 3887 corro‘tfatanlt1
1683 3757 1773 3814 tibi
1808 3757 2034 3826 a/Terat?

1664 3846 1814 3887 ons'r.

1664 3846 1814 3887 OLST.

504 3903 572 3958 Ut
620 3905 796 3974 paucis
855 3903 995 3959 Itoris
1042 3905 1212 3958 emissi
1257 3905 1313 3958 in
1369 3905 1632 3959 meliorem
1688 3904 1857 3957 locum
1910 3918 2031 3955 car.

427 3976 554 4028 ceris
580 3977 1016 4046 refrigerarenttts.
1049 3974 1286 4031 Fuerant
1327 3991 1460 4046 ergo
1495 3975 1724 4046 eonjecti
1752 3974 1804 4027 in
1844 3987 2032 4046 c_arce-

429 4060 545 4100 rem
595 4043 931 4110 interiorem,
969 4055 1027 4100 ut
1065 4055 1288 4102 vocatur
1330 4043 1505 4100 Actor.
1542 4043 1815 4116 ca'psxvr.
1861 4043 2035 4098 Porro

427 4116 572 4186 quod
602 4116 720 4171 hcic
753 4117 997 4170 beneficii
1024 4118 1141 4172 loco
1168 4132 1197 4170 a
1231 4118 1485 4187 pragfecto
1506 4115 1785 4187 custodiae,
1810 4116 2035 4187 praemio

430 4184 672 4251 deliuito,
706 4189 1047 4256 impetratum
1074 4197 1177 4252 est,
1199 4184 1250 4242 id
1284 4184 1467 4258 pbstea
1495 4204 1522 4240 a
1545 4186 1862 4241 Constantio
1881 4184 2032 4258 ~Aug.

429 4260 780 4329 constitutum
817 4259 941 4329 ch.
986 4275 1003 4314 1
1043 4258 1177 4313 Cod.
1209 4256 1547 4314 de'Custodia
1574 4275 1800 4322 reorum,
1844 4256 1933 4329 ubi
1958 4257 2037 4311 sic

430 4329 660 4395 legitur:
693 4328 803 4382 Nec
844 4326 956 4384 vero
997 4331 1130 4383 sedis
1170 4330 1363 4385 intima:
1406 4332 1637 4384 tenebras
1682 4329 1786 4399 pati
1838 4326 2036 4381 debebit

427 4400 677 4473 inclusus,
725 4401 813 4454 sed
859 4410 1105 4471 usurpato
1137 4401 1247 4473 luce
1303 4402 1521 4473 vegetari
1562 4417 1622 4453 ac
1661 4399 1949 4473 sublevari;
1989 4407 2037 4453 et

428 4471 517 4523 ubi
541 4486 645 4523 non:
671 4473 997 4541 geminaverit
1034 4472 1339 4537 custodiam,
1362 4471 1438 4526 Vin
1475 4471 1732 4525 vestibulis
1776 4486 2037 4541 carcerum

433 4550 481 4594 et
510 4539 799 4595 salubribus
844 4542 968 4595 locis
993 4543 1154 4608 recipi
1184 4558 1198 4596 :
1233 4559 1293 4595 ac
1318 4552 1593 4597 reuertente
1620 4541 1804 4594 iterum
1833 4539 1934 4603 die,
1963 4541 2033 4593 ad

431 4612 651 4680 primum
692 4614 815 4666 solis
862 4620 1028 4666 ortum
1058 4613 1198 4666 illico
1236 4614 1303 4666 ad
1334 4613 1592 4682 publicum
1628 4612 1797 4665 lumen
1837 4611 2029 4678 reduci,

363 4709 367 4712 ν
432 4698 496 4735 ne
520 4683 683 4753 paruis
705 4683 925 4737 carceris
950 4683 1231 4752 perimatur
1257 4699 1275 4737 :
1303 4684 1439 4751 quod
1482 4683 1829 4737 innocentibus
1876 4682 2028 4753 mise-

432 4752 568 4817 rum,
616 4755 781 4808 noxiis
806 4770 907 4807 non
936 4755 1070 4825 satis
1117 4768 1344 4808 severum
1398 4770 1503 4808 esse
1544 4754 1874 4825 dignoscitur.
1915 4752 2028 4820 Qua

434 4826 822 4879 constitutione
876 4824 1175 4894 mitigatum
1238 4825 1449 4880 videtur
1491 4824 1742 4880 Antonini
1796 4824 1873 4879 Pii
1944 4839 2030 4878 re-

436 4895 718 4962 scriptum,
750 4895 842 4964 qui
868 4895 1128 4963 gravioris
1165 4895 1390 4950 sceleris
1422 4911 1563 4959 reos,
1595 4896 1762 4965 ips:im
1794 4894 2030 4949 carceris

439 4978 674 5035 pmnam,
720 4977 843 5020 ante
872 4966 1191 5035 supplicium
1222 4968 1487 5021 sustinere
1530 4968 1715 5021 voluit.
1748 4966 1912 5020 Libro
1948 4981 2028 5031 ut,

436 5036 492 5089 li.
526 5034 818 5109 dc_Custod.
844 5034 1063 5089 reorum.
1083 5036 1237 5105 Quod
1264 5038 1411 5092 addit
1437 5039 1875 5109 refrigerarcmus,
1896 5050 2035 5105 prtc.

437 5115 520 5161 ter
549 5106 600 5160 id
629 5106 769 5176 quod
792 5109 1035 5176 superius
1062 5109 1261 5162 dictum
1318 5118 1421 5175 est,
1474 5106 1682 5163 videtur
1731 5108 2034 5176 exprimere

436 5177 684 5231 Grtecum
716 5178 937 5249 verbum
968 5183 1245 5247 aucupi»,
1278 5181 1374 5233 etsi
1419 5179 1648 5234 Lexicon
1691 5188 1842 5233 vetus
1884 5176 2033 5249 refrio

436 5264 614 5317 gerare
645 5247 835 5302 reddat
860 5254 1203 5314 ἀγαλλιᾶσθαιι.
1262 5249 1459 5305 Ηοιετ.

507 5317 631 5370 Jum
678 5319 851 5373 inedia
899 5320 1195 5388 defectum.~
1228 5321 1286 5375 ld
1339 5331 1422 5376 est
1474 5320 1643 5376 ferme
1694 5320 1757 5373 ad
1810 5325 2038 5388 mortem

440 5388 737 5448 redactum.
791 5389 1150 5445 Tertullianus
1202 5391 1337 5447 libro
1378 5408 1436 5454 il,
1492 5393 1558 5446 ad
1616 5393 1858 5444 nationes
1893 5406 1906 5442 :
1936 5387 2041 5442 Cur

439 5475 541 5511 non
572 5462 732 5533 magis
762 5461 857 5533 dea
878 5476 992 5531 ante
1015 5463 1177 5533 magis
1204 5464 1310 5533 pia,
1356 5464 1450 5517 illa
1480 5463 1591 5526 ﬁlia
1631 5461 1789 5533 patris
1818 5461 1870 5513 in
1920 5476 2037 5533 car-

442 5546 556 5602 cere
585 5532 721 5599 fame
760 5528 940 5602 defecti
986 5528 1222 5587 uberibus
1251 5528 1358 5587 suis
1400 5528 1715 5602 educati-iit!
1747 5528 1822 5583 lla
1875 5530 2035 5602 etiam

443 5600 645 5673 Seneca
695 5611 749 5656 et
792 5600 1054 5659 thdrus
1104 5605 1415 5673 loquuntur,
1465 5602 1618 5671 cujus
1704 5600 1877 5673 locum
1920 5601 2037 5673 viro

443 5670 605 5725 docto
654 5682 959 5743 suspectum
1005 5689 1126 5728 esse
1144 5670 1357 5739 't'niror,
1387 5670 1537 5725 cum'
1573 5672 1870 5727 innumeris
1916 5672 2036 5729 aliis

445 5743 644 5810 passim
677 5744 981 5799 occursuris
1006 5755 1285 5798 aucturum
1321 5744 1666 5798 classicorum
1717 5743 2034 5799 testimoniis

445 5814 785 5884 comprobari
841 5815 1029 5884 possit.
1076 5812 1233 5869 Unde
1276 5825 1498 5883 apparet
1546 5830 1706 5885 quam
1757 5814 2035 5885 eleganter

2061 4509 2114 4569 D

2119 1816 2203 1871 nis
2236 1810 2508 1867 Cmciiiaui
2542 1827 2556 1863 :
2592 1805 2721 1862 Cum
2752 1808 3005 1866 audirent.
3030 1820 3197 1862 mente
3224 1805 3455 1877 defectus
3484 1805 3646 1864 sunt.
3692 1811 3753 1865 Et

2120 1884 2364 1943 Suetonii
2401 1880 2602 1948 Tranq.
2646 1878 2784 1933 libro
2824 1878 2887 1933 de
2921 1877 3212 1934 Illustribus
3254 1878 3645 1934 Grammaticis
3689 1881 3753 1937 de

2120 1958 2261 2014 Ollio
2301 1953 2479 2007 Care:
2512 1949 2639 2005 Cum
2672 1951 2787 2019 jam
2830 1966 2932 2005 non
2971 1966 3148 2021 gressu
3188 1951 3342 2005 modo
3397 1952 3750 2020 deﬁceretur,

2121 2032 2211 2085 sed
2240 2034 2288 2080 et
2310 2025 2439 2079 visu.
2506 2021 2710 2076 HOLsr.

2200 2098 2390 2152 Factus
2437 2103 2509 2148 est
2564 2092 2688 2145 mihi
2732 2109 2912 2164 carcer,
2952 2094 3268 2164 prtetorium.
3317 2094 3427 2150 [ioc
3458 2106 3551 2151 est
3579 2138 3601 2162 ,
3645 2112 3754 2151 non

2126 2170 2286 2225 modo
2327 2164 2559 2220 carceris
2615 2163 2961 2219 incommoda
3012 2179 3116 2219 non
3164 2180 3249 2220 me
3308 2166 3553 2235 amplius
3620 2181 3757 2221 con-

2126 2240 2437 2303 turbabant,
2464 2235 2635 2308 sed‘et
2660 2235 3043 2308 iisggandebam
3064 2280 3078 2304 ,
3111 2245 3379 2306 tamquam
3400 2238 3452 2291 in
3483 2238 3745 2308 splendi-

2125 2314 2211 2368 dis
2237 2320 2293 2367 et
2333 2305 2632 2379 commodis
2657 2305 2862 2379 tedibus
2905 2307 3180 2377 degerem.
3223 2305 3545 2379 Przetorium
3627 2325 3750 2379 pro-

2126 2384 2390 2455 prieicrat
2416 2378 2679 2455 Palatium
2713 2378 3005 2455 publicum,
3047 2380 3126 2455 in_
3141 2392 3254 2455 quo
3301 2377 3641 2455 Proconsql‘
3666 2381 3755 2450 jus

2127 2448 2360 2514 dicebat,
2411 2460 2471 2504 ut
2501 2463 2567 2503 ex
2608 2448 2807 2522 Pontio,
2843 2464 3060 2522 quoque
3092 2448 3329 2522 Diacono
3359 2448 3707 2522 intelligitur
3737 2471 3750 2507 :

2127 2539 2302 2594 neque
2331 2523 2486 2594 aliter
2516 2520 2777 2594 accipitur
2798 2519 2849 2574 in
2871 2518 3090 2594 historia
3107 2520 3397 2594 Dominiea:
3425 2518 3750 2577 Paséionis.

2128 2590 2254 2651 ideo
2275 2593 2529 2664 quoniam
2551 2590 2664 2645 fere
2689 2599 2913 2664 caeteras
2934 2590 3259 2664 privatorum
3274 2591 3416 2664 aedes
3441 2603 3753 2649 structurzc

2128 2660 2396 2736 elegantia
2425 2672 2479 2717 et
2503 2671 2725 2736 ornatus
2743 2660 3047 2736 splendore
3077 2662 3384 2733 superabat,
3407 2665 3635 2736 quavis
3660 2679 3751 2734 pa-

2130 2731 2256 2792 latia
2272 2736 2525 2817 aedesque
2550 2731 2829 2817 magniﬁce
2849 2731 3157 2817 instructae,
3189 2731 3484 2817 utcumque
3500 2731 3754 2817 privato-

2130 2825 2248 2865 rum
2271 2817 2325 2863 et
2348 2802 2461 2861 ruri
2489 2805 2788 2871 aediﬁcatae,
2806 2802 3052 2873 praetoria
3076 2802 3410 2860 dicebantur:
3435 2802 3750 2862 Mairtialis:

2285 2897 2361 2962 Ad
2385 2896 2597 2958 lapidem
2621 2894 2899 2958 Torquatus
2919 2894 3072 2945 habet
3091 2896 3318 2959 praetoria
3339 2902 3596 2959 quartum.

2200 2981 2472 3036 Craterum
2502 2971 2571 3033 ad
2601 2977 2924 3033 sententiam
2949 2977 3111 3047 hujus
3152 2977 3253 3033 loci
3285 2979 3463 3048 facere
3497 2979 3753 3048 videtur,

2130 3052 2274 3123 quod
2304 3052 2491 3105 scribit
2522 3048 2888 3123 Tertullianus
2914 3048 3006 3123 his
3028 3049 3205 3123 verbis
3237 3066 3251 3102 :
3284 3047 3614 3104 Christianus
3650 3047 3752 3104 ex?

2132 3121 2210 3178 tra
2237 3138 2486 3177 carcerem
2509 3121 2696 3176 stcculo
2723 3121 3048 3181 renuntiavit,
3073 3121 3127 3174 in
3155 3135 3362 3174 carcere
3389 3130 3547 3174 autem
3571 3123 3748 3175 etiam

2133 3195 2343 3248 carceri.
2370 3193 2506 3247 Dum
2536 3192 2742 3246 scilicet
2768 3191 2978 3245 animus
3007 3191 3186 3245 divina
3216 3192 3399 3261 gratia
3428 3191 3748 3255 roboratus,

2134 3263 2471 3320 incommoda
2523 3264 2642 3328 ejus
2678 3270 2734 3316 et
2785 3261 3061 3317 molestias
3114 3271 3206 3315 aut
3254 3278 3361 3317 non
3408 3262 3599 3329 sentit,
3656 3274 3752 3318 aut

2135 3336 2375 3405 negligit,
2408 3344 2461 3388 et
2486 3333 2786 3389 constantia
2816 3332 2999 3387 vincit.
3044 3332 3247 3388 Hocsr.

2206 3403 2301 3460 ιιι;
2327 3436 2397 3445 -
2424 3405 2548 3459 Jam
2604 3405 2658 3458 in
2712 3420 2901 3475 magna
2932 3405 3197 3475 dignitate
3244 3421 3316 3458 es.
3366 3403 3626 3460 lloisten.
3682 3405 3757 3461 ic-

2134 3479 2208 3548 git
2237 3478 2530 3548 dignatione
2551 3485 2604 3530 et
2626 3475 2773 3529 addit
2800 3474 3051 3548 {Quippe
3093 3490 3252 3548 quam
3299 3475 3596 3548 illustraret
3643 3479 3757 3547 jam

2134 3545 2370 3619 gloriosis
2396 3548 2554 3601 initiis
2582 3548 2755 3600 divina
2785 3546 3039 3619 dignatio,
3068 3556 3126 3599 ut
3164 3547 3237 3619 ait
3268 3556 3485 3600 sanctus
3514 3545 3757 3617 Cypria—

2135 3617 2236 3674 nus
2265 3619 2498 3689 Epistula
2531 3634 2584 3671 tv
2622 3620 2688 3671 dc
2724 3617 3126 3672 confessoribus
3171 3617 3222 3671 in
3263 3632 3482 3689 carcere
3533 3621 3757 3673 consti-

2139 3692 2282 3746 turis.
2316 3688 2409 3744 ’lle
2462 3689 2785 3757 dignationis
2855 3703 2986 3743 voce
3037 3689 3284 3757 superitts
3328 3688 3551 3743 dictum.
3628 3690 3757 3746 lleic

2138 3776 2302 3816 unum
2335 3731 2651 3815 Tertuliiani
2686 3731 3154 3831 locuminsiguern
3198 3774 3261 3814 ac
3287 3759 3446 3831 plane
3480 3731 3756 3831 opportu:

2138 3848 2263 3886 num
2295 3831 2454 3886 addo.
2486 3831 2536 3884 Is
2566 3830 2695 3884 iib.t
2727 3830 2795 3882 ad
2829 3829 2992 3884 Uxor.
3030 3844 3146 3898 cap.
3177 3831 3232 3894 4,
3260 3829 3531 3886 adhibens
3556 3846 3758 3887 exem-

2138 3903 2283 3973 plum
2311 3916 2580 3973 sororum,
2616 3915 2737 3970 qua:
2768 3900 2968 3973 nuptiis
3014 3902 3355 3973 sanctitatem
3402 3910 3759 3972 anteponunt

2137 3970 2321 4028 addit:
2357 3972 2560 4026 Malunt
2608 3975 2739 4026 enim
2768 3970 2879 4025 Deo
2932 3971 3150 4036 nubere;
3194 3971 3299 4025 Deo
3323 3970 3592 4039 speciosae,
3650 3974 3760 4029 Deo

2139 4054 2256 4098 sunt
2287 4044 2473 4115 puclla:
2504 4057 2521 4095 :
2547 4059 2660 4096 cum
2685 4042 2776 4115 illo
2801 4043 2994 4101 vivunt,
3023 4059 3140 4096 cum
3175 4043 3273 4115 illo
3302 4045 3761 4101 sermocinamur:

2137 4114 2296 4169 illum
2316 4115 2489 4168 diebus
2508 4123 2554 4167 et
2580 4114 2810 4167 noctibus
2838 4122 3054 4166 tractant
3082 4114 3399 4168 :‘oratianes
3439 4130 3583 4182 suas,
3622 4118 3761 4170 velut

2140 4186 2302 4251 dotes,
2330 4185 2553 4239 Domino
2578 4185 2880 4255 assignant:
2911 4184 2974 4237 ab
2995 4185 3170 4237 eodem
3193 4185 3559 4254 dignationem,
3611 4189 3760 4241 velut

2139 4273 2350 4312 munera
2366 4257 2580 4321 dotalia,
2598 4256 3004 4326 quotiescumque
3017 4256 3327 4321 desiderant,
3344 4270 3755 4325 consequuntur.

2145 4328 2198 4382 in
2236 4328 2498 4397 ejusmodi
2555 4336 2751 4397 statum
2779 4340 3139 4396 progressam,
3190 4327 3425 4381 carceris
3462 4326 3757 4397 patientia,

2139 4394 2378 4454 Sororem
2408 4398 2575 4453 frater
2600 4394 2932 4462 existimans,
2956 4398 3023 4450 ab
3060 4412 3121 4450 ea
3148 4396 3443 4463 contendit,
3465 4394 3532 4452 ut
3570 4413 3609 4452 τι
3648 4394 3760 4455 Deo

2142 4469 2242 4525 sibi
2270 4470 2496 4525 revelari
2527 4468 2779 4538 postulet,
2805 4469 2930 4538 quid
2982 4467 3216 4522 futurum
3254 4469 3323 4523 sit
3355 4485 3369 4521 :
3401 4478 3578 4524 certus
3634 4486 3757 4525 eam

2138 4541 2449 4596 exauditam
2481 4541 2564 4594 iri.
2594 4539 2719 4593 Hmc
2747 4540 3012 4594 sententia
3046 4540 3257 4594 illorum
3296 4538 3580 4594 verborum
3624 4552 3716 4598 est
3743 4584 3758 4607 ,

2135 4622 2191 4668 ut
2218 4613 2467 4681 postulem
2496 4612 2762 4675 visionem,
2790 4619 2896 4664 etc.
2931 4608 3129 4663 HOLST.

2208 4680 2287 4736 An
2330 4683 2500 4754 passio
2545 4686 2653 4754 sit,
2690 4697 2757 4754 an
2803 4690 3131 4754 commeatus.
3163 4680 3234 4737 Ut
3280 4681 3621 4754 multm‘alitn
3654 4700 3757 4737 τοι

2134 4770 2224 4810 ccs
2276 4751 2342 4809 ei
2397 4753 2657 4807 castrensi
2698 4751 2979 4820 disciplina
3020 4752 3086 4805 ad
3125 4765 3334 4806 sacram
3366 4752 3557 4807 Christi
3605 4756 3762 4809 mili—

2136 4826 2263 4881 tiam
2294 4824 2575 4885 traductm,
2599 4824 2670 4878 ita
2700 4833 2753 4877 et
2791 4831 3098 4877 commeatus
3127 4823 3463 4877 vocabulum.
3507 4824 3603 4878 Est
3653 4842 3760 4880 au-

2135 4907 2243 4952 tem
2275 4904 2493 4950 auctore
2515 4895 2739 4965 Festo;
2768 4892 2989 4965 Tempus
3016 4910 3115 4964 quo
3139 4893 3222 4958 iri,
3272 4896 3523 4964 redirique
3561 4899 3759 4965 possit,

2136 4969 2204 5022 ab
2230 4965 2562 5036 lmperatore
2590 4963 2849 5019 militibus
2875 4963 2991 5036 dari
3014 4963 3360 5036 eonsuetnm.
3393 4963 3569 5021 Uttdc‘
3594 4966 3761 5036 Apuo

2140 5038 2278 5092 lcins
2308 5034 2344 5091 l.
2377 5052 2430 5091 x1
2454 5055 2466 5092 :
2487 5037 2763 5090 Amatoria:
2788 5035 2983 5089 militia:
3006 5034 3203 5089 brevem
3221 5047 3555 5090 commeatum
3572 5034 3762 5092 indul-

2140 5109 2224 5162 sit.
2252 5108 2320 5161 Et
2342 5108 2391 5160 in
2419 5107 2614 5180 Codice
2642 5123 2664 5180 :7
2686 5105 2884 5180 Milites
2929 5106 3065 5180 datis
3103 5107 3484 5180 commeatibus,
3529 5110 3613 5180 vel
3662 5125 3761 5180 per

2141 5188 2449 5233 commeatus
2474 5178 2667 5233 dimitti
2689 5176 2957 5242 dicuntur,
2977 5183 3033 5231 et
3054 5177 3157 5232 hoc
3178 5178 3338 5232 modo
3358 5179 3565 5234 dimissi
3593 5176 3762 5234 Com-

2143 5248 2713 5305 mentalcsivocantur.
2759 5247 2835 5301 Ita
2880 5246 3177 5319 Hesychius
3218 5257 3466 5317 Κομίατον
3504 5264 3629 5305 esse
3681 5252 3761 5305 ait

2144 5329 2383 5387 ἓξαίτησιν
2409 5325 2661 5390 λαμϐάνειν
2688 5318 3034 5392 τοῧνάγεθῑνξγι.
3058 5318 3181 5392 Hoc,
3197 5328 3281 5373 est
3310 5338 3322 5372 :
3356 5322 3568 5389 petitam
3591 5321 3760 5377 libere

2144 5394 2361 5446 abeundi
2389 5392 2645 5446 licentiam
2685 5391 2934 5461 accipere.
2968 5391 3033 5444 Et
3060 5391 3111 5444 in
3133 5391 3331 5461 glossis
3356 5410 3368 5443 :
3402 5392 3755 5459 Commeatus,

2144 5472 2333 5530 εξουσία
2358 5462 2511 5534 quasi
2538 5459 2849 5515 discedendi
2880 5469 3040 5585 otique
3068 5459 3252 5523 eundi,
3273 5477 3380 5531 quo
3409 5461 3756 5528 velis,facul-

2144 5546 2244 5585 tas.
2280 5536 2350 5585 lta
2383 5535 2513 5585 L.5.
2530 5532 2575 5585 ff
2580 5532 2649 5585 de
2671 5530 2844 5585 omnis
2874 5551 2888 5585 :
2978 5549 3088 5585 ento
3117 5542 3279 5585 potest
3305 5548 3644 5585 commeatum
3670 5551 3754 5585 re-

2144 5546 2244 5590 tas.
2280 5536 2350 5589 ita
2378 5530 2513 5598 ιδ,
2530 5532 2575 5586 ff
2580 5532 2649 5586 de
2671 5530 2844 5600 pmnis
2874 5551 2888 5585 :
2920 5530 3088 5603 Nemo
3117 5542 3279 5603 potest
3294 5530 3644 5588 commeatum
3670 5551 3754 5588 re-

2140 5615 2421 5679 meatuntve
2449 5605 2573 5657 dare
2597 5603 2785 5679 etcsuli,
2807 5603 2903 5656 nisi
2931 5602 3221 5679 Imperator
3259 5619 3321 5679 ex
3360 5605 3536 5679 aliqua
3562 5621 3750 5679 causa,

2141 5677 2306 5733 thesit
2346 5676 2461 5731 lucc
2488 5690 2592 5728 vox
2649 5673 2701 5728 in
2756 5675 2929 5743 lingua
2975 5674 3152 5729 Italica
3199 5674 3401 5745 vulgari
3447 5673 3627 5745 usque
3678 5676 3749 5729 ad

2139 5748 2455 5804 hodiernum
2492 5761 2671 5810 usum,
2715 5745 2815 5802 nisi
2859 5746 3024 5813 quod,
3075 5746 3211 5799 ultra
3262 5761 3378 5800 rem
3427 5745 3743 5813 militarem,

2136 5818 2441 5876 extenditur
2467 5818 2530 5873 ad
2562 5831 2775 5871 munem
2802 5814 3034 5884 Cujttsris
3077 5831 3108 5870 a
3147 5817 3335 5886 quovis
3383 5816 3613 5874 abeundi
3658 5819 3743 5871 fa-
