3812 6284
429 423 503 486 35
1654 418 1888 481 PASSIO
1927 420 2022 478 SS.
2064 415 2481 476 hlAllTYRUM'
2565 417 2574 432 '
3630 409 3684 470 56

435 557 455 591 ι
497 539 742 595 minibus.
811 537 915 593 Pro
977 537 1080 592 hoc
1135 551 1236 608 ego
1291 539 1586 594 orationem
1637 539 1867 594 feceram
1912 556 1926 592 :

439 650 459 682 ‹
499 633 637 686 inter
689 646 771 685 me
822 639 875 684 et
925 629 1075 685 illum
1130 630 1332 699 grande
1385 640 1504 686 erat
1549 631 1793 686 diadema
1847 641 1895 694 ει,
1955 632 2022 684 ita

434 741 452 773 ι
493 732 548 776 ut
587 731 810 789 uterque
854 721 918 774 ad
970 720 1196 774 invicem
1249 721 1506 776 accedere
1554 737 1659 777 non
1716 736 2019 792 possemus.

432 833 452 866 ι
493 815 617 867 [Crat
644 813 838 868 deinde
886 815 938 868 in
969 814 1086 884 ipso
1116 814 1234 869 loco
1271 816 1360 870 ubi
1393 816 1707 870 Dinocrates
1735 825 1872 878 erat,
1913 816 2021 884 pis-

430 924 448 956 ς
489 905 604 958 cina
639 906 791 973 plena
829 920 986 974 aqua,
1021 906 1263 960 altiorem
1302 908 1595 976 marginem
1636 908 1838 961 habens
1863 923 2019 977 quam

428 1016 446 1050 ι
485 1007 600 1052 erat
651 1006 856 1052 statura
905 999 1078 1067 pueri,
1131 1007 1186 1052 et
1227 999 1554 1054 extendebat
1599 1015 1658 1054 se
1711 1000 2022 1053 Dinocrates

427 1106 447 1142 ι
486 1088 636 1158 quasi
671 1088 956 1145 bibiturus.
999 1090 1112 1160 Ego
1138 1089 1386 1146 dolebam
1414 1092 1555 1161 quod
1595 1101 1647 1146 ct
1689 1093 1888 1161 piscina
1934 1091 2020 1146 illa

1977 548 2026 592 et
2059 547 2106 607 Α
2141 553 2159 584 ι
2194 550 2386 604 aquam
2415 532 2665 600 habebat,
2689 540 2744 588 et
2772 540 2948 588 tamen
2979 538 3196 602 propter
3220 529 3542 588 altitudinem
3571 545 3684 584 mar-

2133 647 2152 679 ι
2190 627 2330 697 ginis
2372 627 2634 682 bibiturus
2678 643 2783 680 non
2825 635 2990 681 esset.
3038 627 3103 680 Et
3142 635 3456 695 experrecta
3489 639 3611 689 sum,
3644 631 3683 676 et

2135 738 2154 772 ι
2191 721 2416 792 cognovi
2476 720 2695 774 fratrem
2767 735 2944 775 meum
3007 720 3269 775 laborare.
3343 719 3447 784 Sed
3484 717 3684 773 confide-

2133 833 2151 865 ‹
2188 815 2309 870 bam
2341 814 2366 852 ι)
2402 814 2732 884 profuturam
2784 815 3083 870 orationem
3140 831 3311 869 meam
3366 815 3524 868 labori
3569 814 3683 883 ejus,

2133 926 2150 958 ι
2189 916 2242 962 et
2267 909 2486 968 orabant
2517 923 2614 977 pro
2641 922 2706 962 eo
2734 907 2984 962 omnibus
3011 907 3200 962 diebus
3226 923 3497 978 quousque
3526 906 3686 982 transi-

2130 1016 2152 1052 ι
2191 1001 2361 1054 vimus
2390 1001 2442 1054 in
2473 1014 2748 1054 carcerem
2776 1008 3142 1066 castrensem;
3183 1015 3406 1054 munere
3444 999 3576 1054 enim
3600 1014 3687 1052 cas-

2131 1112 2149 1143 (
2193 1095 2353 1148 trensi
2373 1109 2588 1149 eramus
2613 1094 2920 1165 pugnaturi.
2940 1092 3128 1149 Natale
3151 1103 3277 1149 tunc
3297 1093 3446 1150 Geta:
3459 1093 3684 1149 Cesaris:

1646 1209 2024 1266 LECTIONES
2063 1207 2474 1264 VABIAN’I‘ES.

487 1352 511 1380 ο
539 1351 687 1412 Locus
732 1351 1021 1412 mendosus;
1052 1348 1168 1401 Cod.
1211 1346 1388 1402 Satisb.
1431 1347 1570 1398 habet
1597 1348 1817 1398 dianten.
1848 1344 2018 1412 Suspi-

424 1420 561 1474 catar
589 1411 855 1474 uolstenius
877 1412 1184 1464 scribendum
1203 1413 1438 1462 diastema
1466 1449 1478 1472 ,
1521 1424 1628 1474 qua:
1652 1424 1747 1462 voa'
1770 1424 1932 1472 grwca
1958 1411 2027 1458 in-

424 1473 682 1524 lervallum
712 1474 972 1540 signiﬁcat.

2190 1342 2218 1380 ι)
2256 1343 2374 1407 Cod.
2402 1342 2579 1407 Satisb_.
2603 1343 2999 1394 Considerabam.
3043 1341 3190 1407 Apud
3231 1340 3687 1402 IIotsten.,Fidebam

2135 1421 2214 1456 me
2236 1406 2534 1470 profuturam
2557 1405 2731 1468 labori,
2759 1413 2847 1456 etc.

1756 1578 2117 1636 VARIORUM
2156 1579 2384 1634 ΝΟΤιιΕ.

422 1703 546 1758 mali
579 1703 866 1775 polypodc,
903 1713 1204 1759 antrorsum
1227 1711 1279 1758 et
1307 1711 1596 1775 retrorsum
1628 1713 1840 1775 reptare
1873 1701 2001 1775 soli-

422 1719 546 1758 man
617 1719 866 1775 otypouc,
903 1719 1204 1759 antrorsum
1227 1719 1279 1758 et
1307 1719 1596 1758 retrorsum
1628 1719 1840 1769 reptare
1873 1719 2001 1754 sou-

422 1783 490 1827 to.
555 1719 667 1829 Irae
714 1774 839 1827 facit
885 1774 1116 1830 Luciferi
1163 1774 1448 1829 Calaritani
1485 1773 1634 1827 locns
1673 1775 1724 1828 in
1779 1773 1913 1826 libro
1935 1771 2012 1824 De

419 1863 518 1898 non
564 1846 903 1900 convenientia
931 1863 1044 1898 cum
1081 1846 1327 1900 Itwrcticis
1350 1844 1416 1902 ad
1453 1844 1820 1899 Constantium
1877 1842 2010 1911 Imp.

415 1918 705 1970 Arianum:
741 1917 827 1970 Sic
857 1925 928 1969 est
980 1918 1042 1969 de
1069 1933 1278 1986 corpore
1308 1915 1552 1968 Ecclesia:
1582 1914 1796 1986 excisitsr
1825 1912 2012 1968 Sabel—

419 1988 567 2054 licus,
595 1999 646 2040 ut
679 1998 748 2040 est
776 1997 824 2040 et
853 1985 1350 2041 condetcstabitituus
1375 1985 1572 2038 excisus
1601 1986 1751 2036 Arius
1784 1985 1892 2047 iste,
1928 2001 2015 2036 cu-

400 2059 497 2122 ‘jus
525 2074 687 2111 sermo
718 2067 773 2110 ut
808 2073 988 2110 cancer
1013 2058 1066 2110 in
1108 2067 1152 2110 te
1183 2058 1455 2123 fortissime
1481 2056 1606 2108 adeo
1647 2057 1906 2125 serpserit,
1957 2065 2010 2108 ut

420 2139 554 2182 totus
582 2130 696 2198 jam
736 2144 915 2182 cancer
959 2144 1068 2182 esse
1117 2128 1361 2192 cernoris,
1408 2143 1497 2180 nec
1529 2125 1716 2195 poteris
1760 2126 1926 2178 dicere
1959 2138 2017 2179 te

418 2216 518 2251 non
548 2200 655 2252 Arii
681 2215 976 2276 caricerasse
992 2215 1288 2262 sermonem,
1340 2215 1461 2276 cum
1481 2200 1626 2267 fwtor
1651 2198 2013 2276 cancer-alienis

416 2279 518 2323 tua:
546 2271 614 2323 ad
641 2287 840 2324 onmem
868 2269 1145 2337 pervenerit
1169 2271 1312 2339 regni
1346 2271 1421 2321 tui
1445 2270 1648 2331 locum;
1678 2278 1726 2320 et
1756 2269 1918 2320 cuncti
1968 2279 2014 2320 te

418 2342 576 2394 uitare
603 2341 951 2407 statuerimus,
995 2357 1056 2394 ne
1082 2349 1124 2394 ct
1156 2341 1253 2405 ipsi
1279 2351 1414 2410 peste
1443 2348 1528 2394 tua
1557 2339 2014 2410 Arianacancera-

418 2429 606 2465 remur.
667 2413 789 2465 Haec
813 2413 918 2465 ille.
990 2413 1063 2465 Ex
1095 2411 1249 2479 cujus
1280 2409 1471 2464 verbis
1512 2410 1686 2463 obiter
1713 2409 2011 2479 colligimus

415 2494 750 2537 canceratam
786 2484 995 2549 faciem,
1042 2499 1161 2552 qua:
1189 2498 1290 2537 vox
1322 2481 1425 2535 hoc
1458 2480 1575 2536 loco
1623 2480 1848 2550 legitur,
1903 2497 2008 2532 nou

420 2569 542 2608 esse
582 2553 880 2608 barbariem
915 2555 1147 2624 sequiori
1179 2553 1378 2607 szeculo
1406 2563 1604 2624 natam,
1657 2561 1712 2605 nt
1744 2565 2012 2604 nonnemo

412 2639 477 2676 ex
527 2625 749 2678 medicis
785 2640 815 2678 a
854 2640 937 2679 me
983 2623 1243 2679 consultis
1270 2623 1662 2687 contendebat,
1721 2637 1921 2689 negans
1975 2638 2004 2676 a

415 2710 679 2765 quoipiam
740 2699 1080 2764 antiquorum
1139 2696 1335 2750 dictam
1387 2704 1726 2749 canceratam
1772 2692 2003 2757 faciem;

406 2783 702 2820 cancrosam
741 2769 880 2819 enim
906 2766 1005 2820 dici
1031 2767 1301 2828 debuisse,
1353 2781 1475 2834 qua:
1508 2780 1781 2818 cancerem
1805 2774 1848 2816 et
1879 2782 2007 2817 cau-

415 2848 583 2891 rerata
641 2837 850 2892 noonisi
903 2853 932 2891 a
979 2837 1366 2893 recentioribus
1395 2836 1620 2890 barbare
1669 2836 2006 2902 loquentibus

410 2909 637 2963 dicatur.
671 2909 865 2962 llocsr.

489 2978 595 3032 Pro
641 2981 734 3032 ltoc
779 2996 870 3047 ego
912 2979 1189 3032 orationem
1235 2982 1471 3048 fecerant.
1509 2974 1754 3028 Africana
1796 2985 1849 3029 et
1892 2975 2006 3028 l|:l'C

413 3050 614 3102 lorutio
641 3060 742 3104 est.
789 3048 919 3103 Nam
951 3060 1004 3102 et
1033 3050 1168 3118 apud
1198 3049 1591 3118 Tertulliannm
1620 3048 1814 3118 legitur
1842 3048 2006 3114 facere

411 3123 768 3189 precationem.
798 3119 900 3174 Sed
939 3117 1079 3188 quod
1103 3120 1168 3173 ad
1195 3135 1305 3174 rem
1336 3118 1546 3178 attinet,
1584 3117 1705 3171 heic
1738 3118 2006 3171 notandus

2043 1806 2090 1866 B

2126 1701 2292 1755 instar
2321 1700 2590 1755 Zonarnm
2625 1699 3000 1771 quarumdam,
3032 1700 3217 1768 quales
3247 1713 3276 1752 a
3304 1695 3688 1771 Cesmograpbis

2120 1774 2321 1826 utiliter
2381 1767 2678 1842 tinguntur,
2729 1773 2897 1826 cmlos
2951 1780 3006 1825 et
3053 1767 3250 1823 terram
3303 1767 3690 1842 aniplectcutes,

2120 1859 2313 1912 nempe
2339 1839 2508 1912 spatia
2531 1843 2761 1912 oblenga
2781 1885 2794 1904 .
2840 1843 3029 1912 globos
3054 1840 3347 1898 atuhientia
3374 1841 3560 1894 idonea
3595 1839 3691 1892 lati-

2125 1861 2313 1912 IlClllpc
2339 1861 2508 1912 διιτιιιίι
2531 1861 2674 1900 ΟυΙΟΙ
2711 1861 2761 1897 'ﬂ
2781 1885 2794 1904 ο
2840 1861 3029 1912 ςιιιοοε
3054 1861 3347 1898 utuntenua
3374 1861 3560 1894 Ιυυηυὶὶ
3595 1861 3691 1892 ιίιιι·

2125 1916 2334 1976 tudine,
2382 1931 2532 1984 quin,
2581 1861 2727 1979 quoii
2749 1915 2812 1967 ad
2860 1911 3059 1967 inferos
3106 1915 3327 1975 attinet,
3375 1912 3692 1984 att_tiqunslo-

2120 1987 2315 2053 quendi
2351 1982 2475 2037 usus
2508 2002 2535 2038 a
2593 1985 2948 2038 Scholasticis
2995 1985 3289 2052 praisertim
3337 1982 3691 2053 scriptoribus,

2125 2051 2188 2109 cx
2224 2059 2389 2110 veteri
2416 2057 2767 2110 ecclesiarum
2803 2055 3191 2108 consuetudine
3217 2064 3474 2115 retentus,
3498 2051 3692 2106 Limbus

2120 2129 2368 2195 appellat.
2430 2127 2527 2180 Est.
2566 2139 2743 2179 autem
2771 2127 2988 2180 Limhus
3014 2125 3256 2193 ejusdem
3303 2124 3529 2178 nationis
3559 2139 3692 2177 Voca-

2121 2197 2302 2251 bulnm
2331 2214 2450 2251 cum
2483 2197 2788 2252 diademate
2817 2213 2830 2258 ;
2861 2197 3106 2249 diadema
3135 2195 3420 2263 siquidem,
3459 2206 3513 2249 nt
3537 2207 3693 2249 notum

2118 2278 2221 2331 est,
2257 2268 2520 2339 significat
2554 2267 2774 2322 [ειειςὶηιιι
2811 2268 3106 2336 longiorem
3137 2283 3297 2339 quam
3332 2267 3693 2339 latiorem._cao

2119 2352 2209 2408 put
2240 2337 2585 2403 ambientem,
2621 2351 2712 2392 aut
2739 2340 2898 2408 capiti
2930 2338 3377 2406 circumligatam,
3410 2349 3466 2390 nt
3496 2337 3692 2403 pra-fert

2119 2412 2447 2481 etymologia
2473 2427 2665 2479 .grazca
2697 2411 2814 2478 ejus
2847 2409 3098 2481 nominis,
3142 2425 3171 2461 a
3203 2410 3365 2481 verbo
3395 2413 3584 2469 διαδεω,
3612 2412 3694 2461 eir-

2119 2479 2386 2550 cu’mligo.‘
2437 2483 2576 2534 ldum
2609 2482 2768 2549 igitur
2793 2479 3037 2548 estquod
3069 2480 3196 2531 dicit
3224 2479 3523 2548 Perpetua:
3557 2481 3695 2534 fuisse

2118 2553 2258 2606 inter
2286 2555 2617 2606 timocratem
2649 2563 2702 2604 et
2731 2568 2790 2606 se
2817 2553 3009 2621 grande
3028 2551 3263 2602 diadema
3287 2566 3300 2603 :
3331 2567 3394 2604 ac
3420 2552 3463 2604 si
3491 2552 3693 2610 diceret,

2117 2625 2280 2677 fuisse
2308 2624 2561 2693 grandem
2593 2623 2854 2685 Limbum,
2889 2622 3136 2676 videlicet
3165 2623 3392 2689 spatium
3426 2622 3694 2691 oblongum

2115 2695 2340 2760 alicujus
2375 2695 2686 2748 latitudinis.
2742 2693 2795 2746 Id
2822 2705 3040 2747 Vocatur
3068 2694 3116 2744 in
3151 2693 3456 2761 Evangelia,
3507 2693 3690 2752 Chaos.

2114 2767 2272 2820 Luca:
2319 2782 2426 2830 xvx,
2457 2765 2547 2818 ‘26.
2579 2764 2644 2817 Et
2674 2782 2807 2817 nunc
2835 2767 2962 2817 inter
2990 2779 3082 2816 nos
3103 2773 3148 2815 et
3176 2779 3261 2817 vos
3288 2779 3519 2832 magnum
3551 2765 3698 2818 Chaos

2113 2838 2369 2902 ﬁrmatum
2402 2848 2492 2889 est.
2548 2836 2602 2888 [-t
2632 2836 2822 2889 Grieco
2849 2845 2952 2899 est,
2990 2841 3195 2900 Χάσμα,
3245 2837 3380 2903 quod
3413 2836 3573 2887 sonat
3604 2836 3699 2887 hia-

2117 2916 2255 2971 tum,
2289 2920 2341 2961 et
2373 2911 2621 2960 convenit
2650 2907 2790 2975 quod
2822 2905 3004 2958 addit:
3065 2904 3132 2958 Ut
3160 2906 3232 2970 hi,
3287 2905 3368 2971 qui
3393 2910 3564 2958 volunt
3593 2906 3696 2957 Irim:

2114 2979 2330 3030 transire
2353 2978 2419 3029 ad
2461 2995 2568 3040 vos,
2599 2994 2697 3029 non
2730 2979 2944 3045 possint,
2971 2992 3127 3042 neque
3157 2977 3277 3029 inde
3305 2978 3398 3027 huc
3425 2986 3694 3028 trrutsmea-

2113 3065 2207 3112 re;
2240 3064 2361 3102 cum
2395 3049 2476 3102 his
2502 3064 2621 3117 qum
2643 3048 2768 3100 dicit
2787 3049 2903 3100 hcic
2930 3048 2985 3101 S.
3018 3045 3304 3115 Perpetua;
3331 3047 3412 3098 Ita
3435 3057 3482 3098 ut
3501 3057 3694 3114 uterque

2111 3119 2179 3170 ad
2235 3121 2446 3172 invicem
2489 3120 2726 3172 accedere
2770 3135 2870 3170 non
2902 3134 3159 3186 possemus
3192 3118 3544 3172 :‘Eranteuim
3578 3117 3685 3186 lia-.e

409 3185 490 3244 est
539 3191 788 3260 antiquus
841 3185 1094 3244 Ecclesia:
1150 3205 1276 3243 usus
1322 3199 1375 3242 ct
1423 3203 1612 3260 sensus
1667 3189 1855 3241 orandi
1906 3195 2074 3257 prec
2109 3185 3035 3260 spatia,velutfossarcircumducta:
3061 3189 3458 3248 munitionibus.
3482 3186 3589 3254 ipsa
3612 3185 3696 3260 sui

411 3259 880 3329 inortuis,’pteuas
920 3270 1260 3330 peccatorum
1294 3270 1411 3328 post
1444 3259 1580 3313 hanc
1609 3260 1769 3312 vitam
1803 3260 1998 3312 luenti-

414 3333 510 3386 bns
543 3349 557 3395 ;
591 3333 742 3400 cujus
765 3348 884 3386 cum
915 3329 1079 3386 multa
1103 3331 1209 3385 sint
1236 3333 1336 3384 alia
1369 3329 1473 3385 fide
1512 3331 1822 3399 dignissima
1857 3333 2007 3384 testi-

413 3407 632 3468 nionia;
670 3414 780 3457 tum
834 3402 933 3456 hoc
982 3404 1157 3472 magni
1199 3401 1499 3456 faciendum
1530 3403 1778 3465 videtur;
1812 3403 2006 3470 quippe

412 3476 670 3543 scriptum
726 3489 753 3526 a
782 3484 961 3527 Sancta
992 3473 1221 3544 Martyre
1251 3473 1443 3526 divinis
1475 3473 1894 3544 revelationihus
1923 3474 2004 3524 di.

411 3541 590 3611 gnata,
646 3554 701 3598 et
740 3561 850 3598 suae
880 3541 1326 3600 consummationi
1359 3544 1620 3613 proxima.
1683 3541 1792 3596 Nec
1840 3552 2008 3598 restat

417 3616 683 3670 Ila-relicis
701 3617 950 3684 exceptio
973 3615 1040 3669 de
1066 3617 1288 3670 veritate
1312 3630 1372 3667 ac
1401 3614 1502 3668 tide
1527 3615 2004 3668 horum‘Actorum

412 3697 529 3752 post
572 3694 648 3739 tot
679 3701 742 3740 ac
774 3696 879 3740 tam
928 3687 1195 3741 luculenta
1230 3687 1535 3739 testiumuia
1589 3686 1765 3739 omnis
1791 3686 2005 3754 generis

409 3759 738 3825 Scriptorum
789 3758 900 3826 ipsa
931 3757 1285 3818 laudantium,
1330 3773 1448 3826 qua:
1477 3756 1600 3810 huic
1630 3756 1882 3808 V'Jltlttttlli
1913 3755 2004 3808 ad-

407 3828 711 3895 junximus.
771 3828 907 3884 Sunt
951 3838 1127 3882 autem
1156 3827 1441 3896 ejusmodi,
1479 3828 1671 3894 quibus
1700 3843 1765 3880 ne
1811 3835 2002 3880 contu-

409 3901 575 3951 macia
622 3899 840 3970 quidem
872 3900 986 3967 ipsa
1018 3910 1176 3967 atque
1209 3899 1536 3968 impudentia
1565 3896 1802 3966 objiccre
1845 3898 2002 3966 quid-

409 3986 570 4040 quam
601 3986 758 4037 posse
785 3971 1044 4025 videatur.
1087 3970 1288 4026 HOLST.

487 4040 553 4092 Et
585 4042 714 4095 inter
769 4058 846 4094 nte
895 4051 941 4094 et
996 4039 1142 4094 iitum
1190 4043 1383 4111 grande
1425 4048 1532 4092 erat
1579 4038 1836 4092 diadema.
1889 4039 2001 4092 Non

409 4112 712 4175 dissimulo,
755 4115 799 4166 Si
844 4111 1134 4180 suspicioni
1178 4121 1320 4164 esset
1368 4111 1782 4178 indulgendum,
1837 4113 2004 4165 videri

410 4199 515 4237 non
545 4187 663 4237 sine
691 4183 1038 4238 fundamento
1082 4198 1266 4251 reponi
1299 4197 1456 4252 posse
1487 4184 1733 4235 diastema
1763 4197 1859 4249 ι)ιό
1889 4183 2003 4234 dia-

407 4257 576 4307 dema.
627 4254 758 4310 Nam
785 4255 1115 4309 diastematis
1141 4269 1328 4308 vocem
1357 4253 1558 4307 Latinis
1585 4271 1649 4306 eo
1669 4253 1868 4306 saeculo
1897 4253 2002 4306 fre-

405 4336 711 4392 quentatum
744 4327 1038 4397 intelligere
1089 4327 1211 4380 licet
1269 4341 1342 4397 ex,
1381 4342 1417 4378 ι.
1457 4323 1715 4397 Frontino
1767 4323 2004 4397 librode

405 4398 590 4466 Agror.
627 4397 820 4461 Qualit.
852 4395 939 4451 ubi
963 4398 1039 4450 sic
1065 4397 1286 4452 scribit:
1323 4396 1379 4450 Si
1404 4409 1501 4448 tres
1521 4395 1698 4448 circuli
1722 4410 1868 4466 pares
1893 4395 2004 4462 [ne-

405 4465 526 4528 rint,
575 4468 705 4521 inter
732 4485 783 4522 se
811 4467 996 4538 aequali
1023 4469 1322 4538 diastemata
1347 4466 1580 4538 counea‘i.
1645 4466 1708 4518 Et
1737 4465 2002 4538 llygcnns

403 4539 470 4592 de
504 4540 659 4593 limit.
689 4541 903 4593 eottstit.
940 4537 1076 4602 Quid
1101 4537 1237 4606 quod
1261 4553 1350 4589 nec
1383 4537 1474 4588 illa
1499 4537 1610 4602 ipsa
1639 4537 1860 4603 regione,
1909 4539 2003 4588 So-

407 4611 471 4662 lis
498 4620 798 4679 conspectus
825 4618 955 4661 recte
974 4619 1132 4675 potest
1163 4607 1492 4679 deprehendi,
1524 4606 1618 4659 nisi
1640 4610 1919 4674 (canalibus
1943 4608 2002 4660 ab

403 4692 516 4734 ortu
560 4678 628 4734 et
658 4696 840 4734 occasu
885 4678 1298 4737 diastematibns,
1350 4683 1712 4747 ferramentum
1761 4690 1998 4746 ponatur.

402 4751 531 4806 ltem
561 4769 572 4804 :
606 4749 822 4804 Terram
842 4760 1084 4820 punctum
1105 4759 1214 4801 esse
1235 4747 1364 4820 creti,
1400 4757 1442 4799 et
1467 4749 1605 4818 infra
1627 4753 1808 4820 _sotem
1830 4751 2002 4819 amplo

401 4825 702 4876 diastemate
725 4817 949 4892 Spiritus
972 4820 1239 4892 sustinere.
1269 4818 1480 4892 lIOLST.
1618 4817 1686 4872 Et
1741 4823 1875 4876 inter
1918 4817 1999 4875 ine

398 4904 441 4944 et
498 4892 646 4945 illuni
699 4890 894 4964 grande
962 4900 1075 4964 erat
1155 4890 1391 4942 diadema
1433 4931 1446 4954 ,
1542 4891 1614 4943 ita
1665 4902 1717 4964 ut
1791 4905 2000 4962 uterque

401 4964 470 5015 ad
540 4963 753 5016 invicem
818 4963 1055 5017 accedere
1136 4977 1236 5013 non
1306 4977 1581 5031 possemus.
1661 4963 1790 5031 Quae
1850 4972 2001 5017 notat

402 5034 524 5089 hcic
595 5034 901 5088 Holstenins
952 5033 1020 5087 de
1068 5031 1396 5100 coojectnra,
1439 5048 1540 5102 qua
1594 5035 1996 5090 rescribendum

399 5107 706 5175 suspicatur
754 5106 1003 5158 diastema
1033 5118 1130 5174 pro
1172 5104 1424 5167 diadema,
1459 5104 1709 5160 videnlur
1740 5109 1876 5160 hanc
1908 5120 2000 5158 ex-

399 5174 702 5247 ceptionem
759 5176 864 5244 pati
908 5176 1050 5245 quod
1084 5174 1195 5228 loca
1229 5176 1314 5228 illa
1365 5191 1482 5245 qme
1507 5177 1634 5230 citat
1678 5177 1918 5232 Frontini
1947 5186 2002 5230 et

400 5248 604 5319 llygeni
637 5249 1063 5319 agrimensorum
1085 5290 1098 5311 ,
1138 5261 1322 5312 parum
1365 5256 1510 5300 certe
1547 5249 1909 5317 persuadeant
1937 5248 1994 5302 S.

400 5317 721 5389 l’crpetuam
755 5332 902 5371 usam
951 5317 1052 5372 hoc
1093 5319 1211 5373 loco
1240 5319 1338 5372 ista
1379 5332 1530 5386 voce,
1569 5334 1688 5388 quae
1726 5330 1841 5373 erat
1876 5333 1996 5389 pro-

400 5388 515 5457 pria
545 5389 677 5443 artis
721 5389 1121 5460 agrimensoria:
1143 5431 1156 5453 ,
1206 5403 1268 5442 ac
1308 5401 1702 5460 consequenter
1727 5390 1897 5443 aliena
1927 5388 1994 5443 ab

403 5476 500 5515 usu
529 5459 774 5531 vulgari,
801 5462 1099 5530 przesertim
1142 5460 1424 5514 tnulierum
1456 5461 1505 5513 in
1554 5459 1749 5513 Africa.
1812 5461 1994 5529 Itaque

399 5547 542 5596 cum,
579 5547 632 5586 ut
661 5534 774 5603 ipse
806 5533 1111 5587 llolstenius
1138 5534 1380 5602 agnoscit
1405 5533 1458 5584 in
1494 5532 1623 5601 ipsis
1647 5531 1750 5585 illis
1779 5532 1993 5603 schedis

398 5603 538 5658 unde
573 5602 724 5658 istam
758 5604 872 5675 ejus
900 5613 1077 5658 notam
1114 5604 1501 5675 expressimus,
1549 5613 1803 5655 constans
1827 5615 1877 5657 et
1909 5602 1993 5655 di-

398 5687 538 5728 serta
585 5692 688 5731 ius.
739 5673 940 5730 etidicis
973 5675 1129 5729 lectio
1158 5673 1396 5724 diadema
1442 5675 1720 5740 pr:_ei'erat,
1767 5692 1868 5727 non
1914 5683 1997 5726 est

399 5760 584 5800 caussa
615 5763 709 5802 cur
731 5746 885 5800 facile
913 5755 1171 5805 nuitctur,
1207 5746 1444 5807 jil‘;t‘5t.‘l'li
1473 5770 1498 5793 ιι
1523 5759 1644 5796 cum
1676 5745 1828 5799 valde
1849 5760 1996 5798 eom-

399 5821 615 5872 Iuodum
661 5832 879 5871 sensum
911 5832 971 5867 ea
1037 5830 1140 5866 vox
1172 5813 1402 5870 habeat;
1442 5815 1700 5880 siquidem
1737 5820 1834 5869 ista
1884 5818 1995 5868 loca

397 5894 684 5947 tenebrosa
709 5903 829 5959 quae
852 5884 1125 5954 complura
1149 5899 1206 5936 se
1239 5881 1432 5938 vidisse
1458 5885 1703 5953 επνοιὶιις
1726 5887 1819 5955 ait,
1844 5896 1999 5942 ciant

2117 3263 2380 3316 vacuitate
2407 3271 2762 3315 commeatum
2806 3259 3143 3315 exclndctitia
3182 3277 3194 3313 :
3223 3260 3368 3329 qu'ul
3395 3260 3447 3312 in
3472 3259 3698 3326 corpori-

2111 3334 2211 3385 bus
2239 3331 2444 3386 facilius
2498 3332 2770 3385 intellectu
2802 3343 2916 3393 est;
2948 3331 3013 3383 ad
3044 3331 3254 3384 animus
3285 3346 3412 3386 vero
3455 3330 3700 3383 arcendas

2112 3402 2501 3458 interveniebat
2544 3402 2809 3456 ordinatio
2856 3402 3060 3466 divina,
3109 3417 3366 3470 expressa
3410 3401 3572 3454 verbo
3616 3401 3700 3453 lir-

2112 3473 2290 3527 mandi
2317 3491 2333 3527 :
2363 3475 2534 3528 (lituos
2558 3490 2798 3543 magnum
2822 3474 3083 3542 ﬁrmatum
3109 3484 3200 3525 est.
3256 3472 3369 3527 Nec
3396 3472 3571 3525 obstat
3601 3487 3703 3525 mo-

2111 3545 2182 3598 do
2228 3545 2403 3609 dictis,
2451 3544 2595 3614 quod
2639 3549 2788 3613 juxta
2839 3545 2952 3597 hinc
3005 3544 3242 3597 diadema
3283 3559 3388 3598 non
3422 3544 3537 3612 ipse
3566 3544 3704 3597 locus

2112 3615 2290 3676 fuerit,
2328 3618 2377 3668 iu
2409 3632 2514 3684 quo
2535 3627 2649 3669 erat
2679 3616 3017 3677 Dinocrates,
3051 3615 3144 3668 sed
3173 3615 3404 3682 spatium
3436 3619 3576 3670 inter
3592 3630 3701 3669 euut

2111 3695 2163 3738 et
2185 3686 2238 3740 ὃ.
2292 3687 2612 3753 Perpetuam
2647 3687 2915 3750 medium,
2951 3686 3091 3739 unde
3119 3701 3224 3738 non
3271 3686 3482 3740 videtur
3517 3685 3702 3740 conlici

2111 3756 2428 3810 diadematis
2457 3758 2572 3810 sive
2603 3756 2775 3811 Litnbi
2805 3773 2997 3811 nonten
3025 3756 3344 3826 Purgatorio
3381 3769 3704 3826 competere.

2111 3827 2240 3879 Cum
2267 3829 2413 3881 enim
2446 3825 2684 3897 ejusdem
2733 3827 2919 3882 forma:
2941 3843 3003 3881 ac
3035 3825 3216 3895 lignrae
3248 3840 3428 3882 essent
3462 3839 3569 3882 tam
3603 3829 3705 3882 loca

2109 3901 2480 3956 subterranea,
2525 3914 2683 3967 quam
2717 3901 2890 3953 hiatus
2937 3909 3030 3953 aut
3066 3907 3297 3967 χάσματα
3327 3900 3524 3968 quibus
3555 3914 3707 3967 sepa~

2113 3970 2386 4032 rabautur,
2435 3979 2607 4038 potest
2634 3973 2872 4040 utrisque
2892 3987 2955 4025 ex
2988 3985 3144 4039 aequo
3190 3971 3484 4024 convenire
3531 3973 3710 4024 diade-

2111 4042 2266 4092 matis
2315 4043 2426 4094 sive
2467 4041 2636 4094 Limbi
2685 4057 2902 4095 nomen.
2973 4043 3047 4094 De
3079 4041 3336 4095 hactenus
3384 4041 3567 4105 dictis,
3615 4042 3709 4096 etsi

2111 4110 2244 4164 nihil
2274 4124 2510 4165 natatum
2560 4115 2612 4165 in
2648 4112 2899 4166 llolstenii
2945 4112 3260 4166 Adt'ersariis
3289 4114 3488 4180 reperi,
3535 4113 3715 4167 auditi

2112 4191 2286 4240 tamen
2313 4201 2338 4234 a
2371 4185 2484 4236 viro
2508 4184 2612 4237 llth
2639 4185 2797 4251 digno
2825 4199 2944 4237 eum
2977 4185 3042 4236 ab
3067 4185 3164 4235 hac
3197 4185 3465 4237 sententia
3494 4185 3720 4248 minime

2106 4254 2473 4307 abhorruisse.
2523 4255 2722 4308 Retulit
2753 4271 2943 4318 neume
2983 4255 3112 4306 mihi
3147 4254 3205 4306 P.
3243 4253 3488 4309 Joannes
3519 4255 3714 4310 Besso—

2108 4339 2206 4378 nus
2237 4343 2267 4378 e
2305 4336 2483 4379 nostra
2524 4325 2802 4390 societate,
2834 4341 2973 4384 sese.
3000 4341 3120 4377 cum
3148 4325 3196 4378 ei
3220 4326 3510 4394 aliquando
3541 4325 3716 4380 Lucas

2109 4395 2416 4450 llolstcuius
2442 4399 2554 4450 lucc
2578 4400 2687 4463 ipsi
2718 4399 2771 4450 S‘.
2807 4397 3082 4465 l’erpettue
3110 4399 3239 4449 Acta
3272 4411 3393 4466 qua‘.
3419 4398 3484 4450 ad
3516 4398 3716 4452 editio-

2109 4481 2230 4520 nem
2283 4469 2519 4536 parabat,
2571 4469 3045 4530 cmmnnuicasset,
3079 4477 3132 4520 et
3162 4467 3229 4520 de
3260 4469 3358 4520 ista
3392 4468 3718 4522 diadematis

2114 4541 2442 4604 intentiones,
2474 4539 2597 4603 quid
2631 4539 2872 4599 sentiret,
2906 4547 3166 4606 rogasset,
3207 4537 3300 4593 illo
3348 4542 3723 4609 respondente

2109 4609 2278 4662 Limbi
2342 4610 2657 4662 vocabulum
2726 4611 2822 4662 ista
2871 4624 3015 4677 paris
3069 4611 3302 4664 uotionis
3358 4625 3488 4663 voce
3541 4611 3728 4666 videri

2106 4681 2410 4747 suppletum
2440 4722 2452 4739 ,
2501 4680 2834 4734 llolstenium
2880 4683 3103 4734 multum
3150 4681 3198 4735 id
3244 4681 3344 4735 sibi
3389 4681 3732 4750 prohari'si-

2104 4752 2408 4820 guiticasse.
2458 4751 2664 4805 Pessuv.

2183 4820 2530 4875 ’l‘ransivimus
2569 4825 2619 4875 in
2660 4837 2909 4875 carcerem
2949 4830 3274 4876 castrensem.
3311 4822 3422 4876 Hoc
3456 4831 3566 4890 est,
3600 4839 3729 4882 car-

2105 4909 2282 4946 cerem
2319 4897 2367 4945 in
2402 4893 2514 4961 ipso
2543 4905 2842 4946 castrorum
2876 4893 2994 4946 loco
3023 4895 3276 4960 positum.
3311 4895 3512 4951 llOLS'I‘.

2178 4962 2227 5014 Μ
2240 4979 2392 5016 unere
2431 4965 2562 5016 enim
2601 4966 2844 5017 castrensi
2873 4980 3076 5018 eramus
3106 4969 3406 5035 pugnaturi.
3438 4967 3578 5022 Cum
3603 4984 3730 5024 cas-

2108 5042 2186 5086 tra
2217 5035 2478 5109 ltomana
2513 5052 2662 5089 ex'ra
2715 5037 2875 5109 urbes
2900 5077 2911 5097 ,
2968 5037 3123 5104 longa
3176 5045 3232 5109 et
3258 5038 3412 5104 quasi
3457 5051 3728 5109 perpetua

2105 5106 2264 5181 statio
2295 5107 2520 5159 militum
2548 5119 2760 5181 essent,
2793 5106 2843 5158 in
2873 5122 2934 5181 ea
2959 5107 3418 5181 transterehantnr
3444 5106 3732 5181 praacipua

2104 5176 2376 5228 civitatum
2418 5179 2732 5240 commoda,
2777 5194 2842 5230 ne
2881 5177 2944 5230 iis
2985 5179 3181 5233 milites
3213 5176 3637 5234 it'audat‘entttr.‘
3671 5183 3733 5238 lu

2104 5245 2187 5297 his
2227 5251 2385 5300 etiam
2443 5251 2779 5316 spectacula,
2836 5249 3027 5318 quibus
3077 5250 3210 5302 mire
3260 5248 3427 5303 dediti
3484 5251 3737 5308 Romani

2101 5329 2275 5369 tfl‘uttl.
2312 5319 2452 5388 Ergo
2482 5319 2725 5372 ludorum
2756 5321 3132 5382 castrensium,
3167 5320 3271 5374 hoc
3300 5331 3404 5385 cst,
3437 5323 3488 5375 in
3523 5328 3740 5380 castris

2099 5389 2165 5441 ad
2195 5389 2541 5445 delectandos
2574 5393 2768 5444 milites
2797 5391 3189 5444 celebratorqu
3212 5432 3225 5452 .
3267 5392 3575 5448 Suetonius
3608 5413 3738 5451 tne-

2103 5464 2256 5513 miuit
2283 5465 2333 5514 in
2363 5461 2580 5523 Tiberio,
2606 5477 2722 5530 eap.
2750 5462 2838 5514 7‘2.
2873 5460 2978 5515 Sed
3011 5463 3150 5530 quod
3182 5476 3286 5514 vox
3321 5467 3579 5520 tuuneris
3609 5469 3745 5522 hcic

2101 5532 2336 5600 ponitur,
2368 5547 2428 5586 ea
2461 5534 2861 5602 signiﬁcabatur
2896 5549 3087 5602 pugna,
3120 5533 3203 5585 vel
3232 5531 3613 5601 gladiatorum
3650 5540 3744 5593 in-

2102 5599 2180 5655 ter
2210 5619 2289 5669 se,
2327 5606 2407 5656 vel
2441 5599 2728 5656 bestiartnn
2757 5621 2878 5657 cum
2898 5599 3215 5675 rhetnlnibus
3242 5599 3412 5675 inerti
3445 5607 3702 5665 addictis
3725 5652 3740 5675 ,

2099 5690 2218 5739 qua:
2256 5675 2469 5743 preju'ie
2496 5683 2789 5744 θηριομαχία.
2819 5675 3031 5728 dicitur.
3079 5674 3152 5726 ita
3178 5673 3318 5740 quod
3365 5678 3511 5743 apud
3547 5673 3748 5735 Eusc'.

2103 5745 2268 5809 bium,
2301 5749 2389 5798 illi.
2417 5761 2467 5807 ν,
2493 5763 2609 5813 (Ἤρ.
2649 5749 2699 5810 'l,
2733 5748 2959 5814 legitur,
2992 5753 3325 5812 θηριομαχιὼν
3359 5755 3590 5816 ἡμέρας,
3627 5755 3753 5807 elc-

2101 5828 2290 5883 gauter
2319 5833 2345 5869 a
2383 5817 2572 5870 llulino
2605 5820 2830 5870 vertitur
2859 5831 3119 5869 munerum
3149 5818 3282 5868 dies.
3325 5817 3466 5870 Nota
3510 5820 3648 5875 lteic
3685 5825 3756 5881 in

2105 5902 2236 5941 voce
2268 5889 2527 5958 pugnandi
2555 5889 2911 5944 catachresim
2951 5901 3069 5942 esse
3105 5887 3396 5956 quamdam
3418 5930 3435 5959 ,
3479 5890 3626 5952 dum
3674 5896 3764 5960 de
