3876 6282
438 391 514 450 '59
924 360 937 381 ’
1675 385 1908 444 passm
1943 384 2039 443 ss.
2083 385 2469 444 MARTYRUM
3672 391 3749 448 to

445 525 466 559 ‹
506 505 960 579 proximavitdics
980 504 1235 571 muneris,
1267 505 1482 561 intravit
1506 505 1571 560 ad
1597 519 1680 559 me
1706 514 1856 575 pater
1881 518 2033 560 meus
2059 505 2114 567 Α
2144 526 2163 558 ‹
2197 516 2250 561 et
2307 506 2454 576 abiit.
2499 505 2567 561 Et
2605 504 2843 576 adspicio
2896 506 3150 578 populum
3214 507 3485 580 ingentem
3520 505 3743 565 ‘attoni-

445 615 467 650 ι
504 606 848 668 consumptus
876 594 1059 661 tmdio,
1084 605 1139 651 et
1167 596 1329 665 cmpit
1355 596 1571 653 barbam
1601 610 1751 651 suam
1778 596 2031 665 evellere,

444 710 467 745 ι
499 700 553 747 et
581 707 640 748 se
677 690 728 744 in
772 699 967 744 terram
1024 689 1241 747 mittere
1278 692 1339 747 'et
1384 699 1722 761 prosternere
1765 706 1825 747 se
1867 691 1919 746 in
1956 689 2035 747 fa-

443 802 463 839 ι
500 785 656 849 ciem,
699 792 755 839 et
791 783 1159 855 improperare
1201 784 1357 838 annis
1401 784 1533 851 suis,
1577 791 1632 839 et
1670 783 1851 840 dicere
1888 792 2034 839 tanta

440 895 463 931 ι
502 876 663 933 verba
718 891 838 947 qua:
884 886 1163 934 moverem
1203 878 1509 933 universam
1555 885 1878 933 creaturam.
1918 876 2034 948 Ego

440 986 460 1024 α
494 969 740 1026 dolebam
773 985 871 1039 pro
908 969 1105 1026 infelici
1135 979 1355 1027 senecta
1384 970 1520 1041 ejus.

511 1080 531 1113 ι
570 1061 632 1116 ll.
658 1061 840 1118 Pridie
889 1077 1046 1133 quam
1070 1077 1448 1133 pugnaremus,
1501 1062 1656 1119 video
1700 1064 1752 1118 in
1794 1073 2031 1119 oramate

434 1170 457 1209 α
492 1156 599 1213 huc
635 1157 865 1239 venisse‘
886 1155 1238 1227 Pomponium
1269 1157 1553 1212 diaconum
1576 1156 1657 1212 ad
1693 1157 1887 1212 ostium
1912 1172 2029 1212 car-

435 1270 456 1306 i
491 1253 651 1319 ceris,
680 1260 734 1308 et
756 1251 968 1321 pulsare
989 1250 1355 1307 vehementer.
1386 1250 1540 1305 Exivi
1561 1250 1628 1305 ad
1652 1266 1796 1314 eum,
1826 1258 1882 1305 et
1904 1265 2030 1321 ape.

438 1362 458 1397 ι
496 1344 580 1400 rui
612 1344 661 1399 ei
691 1362 704 1398 :
734 1344 824 1414 qui
848 1352 965 1399 erat
998 1343 1221 1399 vesulus
1257 1341 1564 1397 distinctam
1591 1342 1894 1408 candidam,
1927 1342 2027 1397 ha-

436 1458 457 1494 ι
493 1440 627 1496 hens
655 1437 979 1510 multiplices
1008 1437 1281 1493 calliculas
1308 1446 1358 1495 ο.
1398 1435 1466 1492 Et
1500 1436 1634 1492 dixit
1659 1437 1791 1492 mihi
1820 1453 1835 1491 :
1881 1436 2029 1493 Per—

434 1549 455 1586 ί
487 1539 671 1604 petua,
702 1539 755 1588 te
797 1539 1191 1601 exspectamus,
1221 1528 1364 1585 veni.
1394 1548 1413 1581 ι
1444 1529 1511 1585 Ει
1549 1528 1720 1584 tenuit
1755 1528 1884 1583 mihi
1913 1544 2026 1584 ma-

434 1643 455 1678 ι
494 1640 644 1692 num,
675 1632 731 1679 et
757 1624 1020 1694 coepimus
1049 1623 1127 1678 ire
1166 1636 1265 1693 per
1300 1636 1489 1691 aspera
1525 1622 1640 1676 loca
1676 1631 1730 1677 et
1762 1619 2022 1677 ﬂexuosa.

435 1735 455 1772 α
494 1718 592 1775 Vix
625 1717 841 1773 tandem
874 1716 1232 1787 pervenimus‘
1253 1714 1567 1772 anhelantes
1593 1715 1659 1771 ad
1685 1716 2023 1787 amphithea-

432 1832 454 1867 ‹
490 1823 652 1880 trum,
680 1821 736 1868 et
761 1810 967 1867 induxit
989 1825 1077 1867 me
1106 1810 1159 1866 in
1186 1809 1358 1865 media
1381 1824 1567 1878 arena,
1605 1817 1660 1865 et
1686 1810 1818 1865 dixit
1843 1812 1974 1866 mihi
2005 1830 2018 1866 :

2144 620 2163 651 ι
2203 608 2334 654 tum.
2374 598 2462 668 Et,
2492 599 2614 670 quia
2641 592 2873 655 sciebam
2901 615 2988 655 me
3027 599 3093 653 ad
3141 599 3339 656 bestias
3378 603 3558 661 datam
3594 615 3737 669 esse,

2143 691 2435 755 rmirabar
2488 691 2630 763 quod
2687 706 2795 747 non
2842 691 3182 748 mitterentur
3222 693 3351 749 mihi
3408 693 3613 750 bestiae.
3668 695 3741 751 Et

2141 803 2160 835 ι
2199 784 2359 840 exivit
2404 783 2621 855 quidam
2677 796 2862 840 contra
2908 799 2995 841 me
3030 782 3315 857 Egyptius
3340 827 3363 857 κ
3394 785 3590 843 .fazdus
3617 802 3743 859 spe-

2141 896 2159 929 ‹
2193 878 2276 934 cie
2305 918 2322 945 ,
2376 891 2498 932 cum
2562 875 2894 947 adiutoribus
2955 878 3069 933 suis
3124 887 3450 949 pugnaturus
3498 895 3740 937 mecum.

2141 989 2158 1022 ι
2199 968 2433 1025 Veniunt
2480 979 2535 1024 et
2584 968 2652 1024 ad
2715 985 2803 1025 mc
2851 969 3222 1027 adolescentes
3279 970 3464 1027 decori
3521 972 3743 1042 adjuto-

2139 1079 2158 1112 ι
2197 1076 2283 1116 res
2317 1067 2374 1116 et
2411 1060 2662 1116 favitores
2689 1062 2827 1127 mei,
2876 1070 2931 1116 et
2967 1062 3263 1133 exsxioliata
3313 1078 3465 1129 sum,
3507 1074 3563 1119 et
3596 1064 3743 1122 facta

2138 1172 2157 1208 ι
2193 1171 2311 1210 sum
2341 1155 2631 1211 masculus.
2664 1156 2727 1210 Et
2764 1165 3042 1226 cmperunt
3072 1171 3160 1212 me
3196 1155 3445 1213 favitores
3480 1159 3585 1214 mei
3614 1160 3743 1215 oleo

2138 1267 2157 1301 ι
2192 1249 2453 1319 defrigere
2482 1247 2532 1317 ιι,
2562 1249 2830 1318 quomodo
2856 1248 3032 1305 solent
3068 1252 3120 1305 in
3164 1265 3422 1321 agonem,
3477 1260 3537 1307 et
3580 1252 3739 1309 illum

2135 1361 2155 1396 ι
2190 1353 2374 1399 contra
2417 1341 2724 1415 Egyptium
2774 1342 2929 1398 video
2977 1342 3030 1397 in
3078 1340 3165 1398 afa
3206 1354 3228 1382 α
3275 1343 3628 1400 volutantem.
3663 1345 3743 1401 Et

2128 1456 2156 1490 ι
2207 1436 2371 1493 exivit
2407 1437 2492 1491 vir
2536 1435 2754 1508 quidam
2803 1436 2953 1491 mirae
2999 1437 3420 1507 magnitudinis,
3467 1447 3527 1493 ut
3568 1438 3740 1496 etiam

2135 1548 2155 1583 σ
2188 1536 2469 1597 excederet
2529 1527 2793 1600 fastigium
2837 1528 3252 1600 amphitheatri,
3289 1528 3607 1586 discinctam
3634 1530 3740 1587 ha-
3824 1527 3825 1593 l

2134 1642 2154 1677 ι
2188 1622 2324 1679 bcns
2359 1622 2591 1677 tunicam
2643 1617 2671 1657 ἀ
2721 1629 2777 1677 et
2821 1637 3109 1693 purpuram
3166 1622 3307 1679 inter
3358 1624 3498 1680 duos
3548 1626 3738 1683 clavos

2131 1734 2152 1767 ι
2186 1730 2281 1786 per
2318 1712 2552 1769 medium
2594 1721 2818 1782 pectus,
2872 1713 3078 1771 habens
3105 1723 3167 1771 et
3198 1715 3474 1772 calliculas
3525 1726 3549 1754 ο
3595 1720 3737 1774 mul-
3824 1788 3825 1791 η

2131 1827 2152 1862 ι
2186 1807 2426 1863 tiformes
2460 1822 2528 1863 ex
2570 1820 2703 1862 auro
2726 1815 2782 1864 et
2820 1817 3044 1879 argento
3070 1810 3257 1879 factas,
3286 1818 3340 1866 et
3362 1809 3545 1867 ferens
3580 1810 3600 1849 ί
3630 1813 3736 1868 vir-

434 1922 454 1960 t
488 1903 607 1962 Noli
631 1919 852 1977 pavere,
881 1903 999 1961 heic
1025 1918 1144 1960 sum
1169 1897 1363 1972 tecum,
1390 1902 1740 1981 etcollaboro
1767 1912 1965 1972 tecum,
1995 1926 2015 1959 ι
2051 1902 2099 1963 Β
2133 1921 2153 1954 ι
2184 1916 2305 1969 gam
2368 1899 2520 1969 quasi
2576 1898 2767 1955 lanista
2789 1941 2804 1967 ,
2876 1909 2930 1957 et
2989 1915 3198 1957 ramum
3245 1900 3473 1959 viridem
3518 1904 3575 1960 in
3626 1919 3734 1976 quo

1652 1994 2029 2058 LECTIONES
2069 1992 2481 2057 VARIANTES.

494 2093 523 2123 ⁸
542 2091 804 2144 Galliculas
817 2091 926 2143 cod.
945 2087 1123 2143 Salisb.

488 2152 996 2222 FDefricaregSaljsb.
1117 2215 1127 2222 Α
1221 2213 1417 2222 ____.
1549 2215 1559 2222 _
1686 2211 1714 2222 η

490 2221 515 2250 ο
541 2216 682 2280 Aqua
725 2216 835 2270 cod.
883 2215 1148 2280 Compend.
1183 2220 1229 2280 et
1268 2213 1448 2267 Salisb.
1472 2215 1560 2280 sed
1601 2212 1773 2266 melius
1815 2214 1888 2280 aia
1933 2229 2020 2267 seu

425 2281 552 2342 apha
578 2275 662 2333 a'ut
683 2279 864 2344 bapba,
890 2277 947 2330 id
968 2275 1037 2331 est
1062 2276 1237 2345 pulvis,
1259 2291 1354 2342 quo
1395 2275 1584 2342 pugiles
1625 2283 1729 2341 post
1750 2275 2019 2329 mtctionem

2131 2085 2553 2189 nupergelgantur.
2672 2136 2677 2143 η

2194 2218 2213 2222 ﬂ
2241 2150 2874 2222 ADrsctnctatgsnpurpuram
2893 2148 3113 2201 Ηοιςιεη,

2190 2218 2214 2245 ⁸
2236 2210 2500 2263 Galliculas
2520 2204 2699 2259 Salisb.

2194 2274 2215 2313 ι
2241 2274 2469 2326 Etferens
2490 2270 2710 2323 Holsten.

1783 2359 2146 2420 VARIORUM
2182 2358 2413 2416 ΝΟΤᾹΞ.

422 2458 500 2521 ni,
532 2457 616 2514 cui
644 2472 676 2514 e
702 2460 973 2515 contrario
994 2456 1282 2528 opponitur
1301 2455 1532 2528 custodia
1551 2454 1788 2528 diligens,
1812 2455 1881 2528 de
1900 2471 2006 2528 qua

423 2529 544 2585 vide
571 2529 845 2599 Cujacium
876 2526 1081 2584 οὐδενὶ
1112 2528 1206 2584 lib.
1234 2543 1342 2593 xxv,
1366 2543 1487 2599 cap.
1514 2527 1605 2591 54,
1638 2536 1691 2580 et
1719 2526 2006 2582 Heraldunt

423 2600 492 2726 it’d
517 2598 823 2684 Tertulliani
847 2602 1066 2685 Applog.
1092 2614 1214 2726 ἕως.
1239 2600 1328 2654 97.
1362 2598 1478 2652 Non
1500 2599 1821 2680 tamcn_sine
1844 2613 2003 2681 causa

469 2672 679 2726 udentts
724 2672 1041 2726 humanitati
1136 2712 1150 2724 .
1187 2670 1450 2726 Pernetua
1489 2684 1607 2725 eam
1648 2670 1896 2724 VlSIltmdl
1938 2669 2003 2724 h-

422 2670 679 2728 l’udenlis
724 2668 1041 2729 humanitati
1092 2668 1150 2726 S.
1172 2668 1450 2738 Perpetua
1489 2684 1607 2725 eam
1648 2668 1896 2724 visitandi
1938 2669 2004 2724 li-

422 2744 651 2798 centiam
684 2743 898 2810 tribuit,
929 2741 1072 2809 quod
1099 2751 1256 2797 caute
1284 2751 1338 2796 et
1365 2740 1550 2796 timide
1578 2740 1887 2811 plerumque
1911 2755 2005 2797 ac-

418 2814 674 2870 cederent
696 2814 764 2869 ad
802 2828 1082 2879 carceres,
1128 2823 1178 2869 et
1219 2811 1390 2868 ferme
1419 2811 1644 2882 singuli,
1696 2825 1764 2866 ne
1804 2821 2008 2867 semet-

418 2886 568 2955 ipsos
597 2884 917 2956 proderent,
950 2895 1043 2939 aut
1068 2883 1855 2956 invidiam,concitarent‘apud
1883 2897 2005 2951 pcr-

420 2951 731 3022 s'ecuto'res,
775 2956 819 3009 si
862 2955 1175 3011 catervatim
1220 2968 1288 3009 eo
1327 2951 1633 3009 inﬂuerent.
1681 2951 2006 3022 Tcmporum

416 3027 640 3081 istorum
676 3025 1036 3082 conditionem
1071 3025 1365 3095 luculenter
1392 3025 1545 3079 nobis
1582 3023 1653 3077 ob
1694 3024 1879 3078 oculos
1916 3039 2008 3095 po-

418 3098 492 3152 nit
526 3099 581 3153 S.
611 3096 911 3170 Cyprianus
943 3098 1112 3167 Epist.
1146 3113 1218 3170 tv.
1251 3094 1379 3170 Peto
1417 3110 1610 3170 quoque
1628 3134 1656 3170 ,_
1688 3094 1894 3163 inquit,
1920 3094 2009 3150 ad

419 3166 795 3239 procurandum
836 3166 1046 3237 quietem
1089 3167 1295 3239 solertia
1324 3176 1369 3239 et
1398 3166 1688 3220 sollicitudo
1708 3176 1880 3239 uestra
1909 3184 2009 3222 non

416 3237 567 3294 desit.
618 3239 685 3293 Et
732 3242 775 3294 si
815 3242 1001 3309 fratres
1040 3256 1132 3309 pro
1169 3238 1437 3292 dilectione
1469 3253 1563 3291 sua
1598 3237 1771 3305 cupidi
1800 3248 1916 3292 sunt
1940 3239 2010 3292 ad

417 3310 810 3365 conveniendum
853 3320 899 3366 et
940 3310 1246 3365 uisitandum
1292 3311 1601 3380 confessores
1645 3310 1833 3374 bonos,
1883 3326 2008 3378 quos

415 3379 684 3454 illustravit
704 3386 819 3453 jam
847 3381 1083 3454 gloriosis
1116 3380 1276 3454 initiis
1317 3381 1488 3434 divina
1525 3380 1787 3454 dignatio;
1840 3390 2007 3454 tamen

417 3461 563 3524 caute
588 3451 720 3516 hoc,
749 3462 794 3506 et
824 3451 924 3507 n'on
961 3452 1452 3524 glomeratim,‘uec
1494 3468 1585 3524 per
1629 3451 2008 3524 multitudinem

419 3523 574 3595 simul
598 3525 826 3590 iunctam
856 3522 977 3595 puto
1005 3540 1112 3578 esse
1140 3522 1465 3593 faciendum:
1494 3522 1556 3595 ue
1577 3539 1638 3578 ea;
1667 3522 1761 3576 hoc
1788 3523 1901 3591 ipso
1928 3524 2008 3578 iu-

415 3593 551 3649 vidia
577 3593 869 3661 concitetur,
900 3607 947 3648 et
975 3595 1263 3650 introeundi
1288 3594 1461 3648 aditus
1489 3593 1781 3664 denegatur,
1813 3604 1859 3648 et
1885 3595 2006 3649 dum

413 3664 725 3721 insatiabiles
754 3667 969 3720 multum
998 3665 1251 3729 volumus,
1284 3674 1444 3719 totum
1474 3665 1764 3735 perdamus.
1794 3664 1999 3722 HOLsr.

490 3736 555 3794 ll.
585 3768 658 3778 —
696 3736 850 3792 Video
891 3737 944 3791 in
1001 3737 1312 3791 horoamate.
1367 3735 1473 3790 Res
1502 3737 1665 3807 exigit
1709 3746 1767 3791 ut
1810 3738 2006 3792 rescri-

411 3808 570 3864 batur
598 3810 858 3864 lioramate
881 3851 895 3873 ,
927 3809 1028 3863 nisi
1058 3807 1173 3863 haec
1212 3825 1314 3863 vox
1357 3808 1427 3861 ita
1468 3807 1765 3863 deformata
1807 3808 1859 3862 in
1903 3824 2000 3865 usu

413 3882 657 3948 pOpulari
687 3881 934 3935 Afrorum
965 3888 1100 3935 erat.
1134 3881 1227 3934 Est
1255 3887 1431 3952 autem
1450 3887 1623 3952 ὅραμα
1659 3892 1764 3952 vox
1790 3879 1997 3947 Grteca,

411 3962 611 4023 sonans
635 3952 804 4023 visum
828 3992 844 4018 ,
873 3952 991 4023 sive
1019 3952 1294 4007 visionem.
1336 3950 1633 4023 Usurpatur
1668 3950 1842 4005 Actor.
1881 3966 1997 4021 cap.

411 4035 528 4095 an,
572 4022 626 4095 9.
676 4022 850 4095 Latini
908 4022 1208 4095 Scriptores
1235 4038 1297 4078 ca
1326 4020 1497 4095 rarius
1522 4023 1602 4095 usi
1620 4020 1998 4095 sunt:_tamen

408 4092 726 4166 éldhelntus
754 4094 844 4166 lib.
876 4095 939 4147 de
979 4091 1213 4166 Virginit.
1248 4108 1364 4163 cap.
1395 4093 1429 4148 5
1462 4094 1572 4166 _nbi
1602 4092 1670 4148 dc
1699 4093 1755 4147 S.
1789 4091 1999 4149 Joanne

408 4160 749 4235 Evangelista
790 4165 1040 4235 loquitur,
1068 4160 1154 4220 'ait
1195 4160 1325 4220 eum'
1357 4166 1409 4219 in
1450 4163 1668 4218 Patlmto
1696 4176 1909 4235 raptum
1943 4167 1998 4220 in

406 4234 673 4302 oromate,
717 4236 807 4291 ubi
851 4234 1114 4293 Meursius
1162 4247 1308 4292 recte
1353 4247 1580 4290 oramate
1625 4234 1899 4291 substituit
1942 4236 1998 4291 in

409 4303 663 4379 Mantissa
708 4306 927 4379 Critica,
958 4308 1178 4379 (sicque
1203 4307 1256 4362 in
1286 4303 1740 4379 BibliothecagSS.
1778 4307 1996 4362 Patrum

406 4375 608 4451 editum
640 4377 895 4451 reperio),
922 4375 1118 4451 frustra
1146 4378 1578 4451 reprehendente
1603 4377 1836 4451 Swartio
1857 4380 1997 4451 Ana-

405 4446 647 4521 lectorum
673 4446 765 4504 lib.
795 4446 872 4504 ιη’.
903 4464 1019 4520 cap.
1049 4450 1102 4506 9.
1134 4446 1221 4521 qui
1247 4450 1456 4521 chroma
1487 4449 1559 4504 ibi
1584 4448 1993 4521 rescribendum

2117 2452 2320 2531 replebo
2357 2453 2582 2520 atritate,
2627 2452 2789 2506 atrior
2832 2452 3088 2508 multaut
3124 2454 3219 2523 ﬁat
3261 2471 3414 2526 quam
3456 2454 3725 2531 Ai’gyptii.

2118 2529 2155 2579 Α
2167 2540 2321 2581 118011.

2491 2594 2695 2644 Tinctus
2713 2593 2880 2657 colore
2903 2597 3076 2656 noctis,

2491 2657 2673 2721 atauus
2688 2671 2814 2721 puer
2836 2656 3028 2721 loquaci

2483 2718 2741 2782 Aigyptius
2755 2718 3033 2782 choraules,
3055 2726 3153 2771 etc.

2186 2803 2496 2878 .Egyptium
2545 2804 2799 2878 uideogin
2848 2808 2942 2876 afa
3001 2804 3326 2878 volutantem.
3381 2806 3480 2861 Ala
3541 2810 3721 2878 pulvis

2113 2882 2199 2930 est
2221 2874 2409 2947 Grinca
2441 2874 2860 2947 signiﬁcatione;
2886 2874 2976 2947 Vest
3013 2875 3157 2931 enim
3200 2876 3444 2932 Graecum
3490 2874 3717 2947 nouerca,

2113 2951 2234 3019 ἀρὴ,
2267 2946 2457 3001 Latine
2486 2946 2767 3016 scriptum.
2796 2946 3058 3002 Solebant
3084 2956 3264 3004 autem
3297 2950 3501 3019 pugiles
3527 2946 3719 3006 certa4

2115 3018 2219 3089 turi
2252 3019 2574 3089 inspergere
2616 3027 2774 3072 uncta
2804 3031 3032 3089 corpora
3057 3059 3071 3081 ,
3110 3018 3333 3089 pulvere
3355 3018 3383 3085 ,’
3415 3020 3494 3075 vel
3538 3022 3595 3075 in
3647 3039 3721 3078 eo

2116 3086 2265 3159 humi
2289 3086 2506 3158 jacente
2535 3102 2597 3159 se
2631 3086 3087 3144 volutareCOvid.
3112 3086 3478 3159 ⁷ΜειιιηιονμΙι.
3512 3107 3585 3145 1x.
3634 3094 3713 3148 de

2037 3130 2081 3193 Ο
2115 3130 2325 3214 duobus
2364 3158 2676 3214 Palzcstritis
2716 3158 2944 3216 invicem
2981 3160 3084 3215 sibi
3114 3130 3501 3230 ‘pulveremrad
3534 3130 3717 3219 istud:

2115 3245 2271 3301 usum
2286 3230 2754 3301 rminiStrantibus:

2237 3300 2329 3365 ille
2354 3303 2484 3350 cavis
2506 3300 2680 3365 hausto
2698 3302 2888 3365 spargit
2905 3314 2984 3365 me
3010 3301 3216 3363 pulvere
3233 3302 3423 3365 palmis,

2236 3362 2391 3426 Inque
2418 3364 2579 3411 vicem
2603 3360 2749 3413 fulvae
2777 3360 2909 3428 jactu
2938 3360 3161 3415 ﬂavescit
3184 3360 3369 3415 arenae.

2110 3444 2280 3512 Quam
2311 3461 2554 3522 arenam,
2582 3445 2727 3522 unde
2754 3446 3117 3522 ﬂavescebant
3147 3448 3250 3522 hoc
3278 3449 3441 3505 modo
3469 3451 3714 3522 pugilum

2109 3530 2358 3594 corpora,
2387 3517 2645 3573 Martialis
2669 3517 2764 3573 lib.
2793 3532 2848 3573 vt
2868 3559 2881 3584 ,
2928 3519 3109 3590 Epigr.
3149 3518 3239 3576 66.
3286 3532 3441 3578 vocat
3470 3517 3715 3594 'ﬂa'pheu

2109 3586 2212 3644 hoc
2238 3602 2427 3644 versu:

2480 3658 2541 3709 Et
2566 3660 2787 3711 ﬂavescit
2808 3658 3003 3724 Haphe.

2106 3742 2329 3820 Agit_de
2358 3744 2583 3801 muliere
2614 3746 2839 3820 Philaeni
2858 3787 2873 3811 ,
2903 3746 3048 3820 viros
3080 3745 3325 3820 imitante
3352 3748 3404 3802 in
3432 3748 3709 3820 pugilatu,

2106 3814 2246 3884 quod
2270 3855 2285 3879 ,
2314 3829 2434 3869 cum
2462 3817 2726 3872 acerrime
2764 3825 2985 3886 arguat,
3024 3816 3188 3871 immo
3226 3814 3529 3875 detestetur
3569 3814 3716 3879 Mar-'-

2108 3885 2252 3940 tialis
2279 3888 2330 3963 in
2362 3886 2560 3941 femina
2582 3885 2852 3963 ,_apparet
2878 3903 3036 3963 quam
3067 3902 3133 3942 ex
3160 3887 3377 3963 decoro
3405 3891 3716 3963 S._Perpe-

2107 3965 2227 4034 tua,
2258 3956 2547 4034 etiam_per
2575 3956 2747 4013 visum
2774 3956 3063 4034 commissa
3089 3973 3210 4013 cum
3231 3956 3717 4034 pugileEgyp'tio

2103 4025 2751 4105 diabolumdesignante,
2772 4029 2824 4084 in
2847 4030 3142 4105 masculum
3164 4025 3365 4086 mutata
3388 4032 3477 4098 sit,
3503 4025 3571 4087 ιῖί
3591 4025 3717 4105 ipsa

2102 4097 2361 4224 Elicitphoc
2388 4099 2504 4169 ipso
2530 4097 2671 4168 loco,
2701 4099 2784 4154 his
2809 4100 3019 4157 verbis:
3052 4098 3122 4155 Et
3161 4105 3302 4173 facta
3339 4119 3453 4158 sum
3490 4097 3716 4162 mascu-

2126 4186 2203 4224 us.
2275 4184 2440 4224 ossnv.

2126 4186 2203 4224 ιω.
2233 4184 2440 4227 l’OSSIN.

2186 4238 2506 4316 Vir_quidam
2550 4242 2695 4297 mira:
2745 4243 3131 4316 magnitudinis.
3180 4243 3256 4299 Ita
3307 4245 3360 4300 in
3406 4248 3580 4316 prima
3629 4250 3713 4305 vi-

2100 4312 2252 4387 sione
2282 4312 2555 4387 hominem
2564 4328 2763 4387 canum
2787 4312 3053 4387 in_babitu
3075 4314 3314 4387 Pastoris
3334 4312 3601 4387 grandem
3631 4323 3715 4375 vi-

2099 4382 2270 4459 derat,
2296 4399 2459 4439 unum
2482 4383 2687 4439 scilicet
2705 4384 3063 4459 cumdemque
3082 4382 3380 4459 Christum,
3403 4389 3492 4459 qui
3513 4390 3711 4457 isthic,

2102 4461 2159 4529 ut
2182 4454 2402 4529 Pastor,
2434 4469 2563 4511 oves
2583 4464 2715 4529 suas
2740 4453 2943 4512 refovet
2962 4453 2988 4521 ;“
3018 4458 3168 4523 heic,
3212 4467 3270 4512 ut
3311 4453 3615 4529 Imperator
3652 4453 3714 4521 et

406 4520 1113 4599 persuaderenequidquam
1135 4520 1824 4599 Conlatur.__13_eperioetiam
1852 4520 1990 4599 apud
2017 4521 2069 4581 D
2094 4520 2462 4599 Agnitothems
2480 4567 2495 4593 ,
2523 4525 2785 4599 militibus
2806 4535 2863 4582 et
2895 4520 3164 4595 agenistis'
3186 4520 3406 4599 praemia
3431 4520 3708 4589 decernit.

400 4588 684 4645 Alcuinum
731 4588 894 4645 libfl
939 4588 1001 4645 de
1039 4590 1155 4646 Vita
1181 4592 1343 4646 sancti
1373 4589 1737 4657 Willebrordi,
1771 4588 1903 4660 capi
1929 4592 1986 4646 2.

401 4660 517 4716 haec
548 4662 743 4717 verba:
778 4661 945 4716 Mater
969 4664 1271 4733 intempesta
1296 4662 1459 4717 noctis
1486 4663 1678 4732 quiete,
1710 4662 1908 4717 caeleste
1934 4665 1991 4718 in

397 4736 588 4789 somnis
611 4733 733 4788 uidit
759 4734 990 4788 liorama.
1025 4733 1220 4790 HOLST.

473 4802 683 4876 Habeas
734 4805 1043 4876 multiplices
1083 4802 1369 4876 colliculos.
1416 4803 1743 4876 Glossarium
1787 4815 1984 4862 vetus:

399 4873 674 4948 Calliculae
693 4919 706 4940 ,
740 4873 1007 4948 Τροχᾷᾣες.
1035 4875 1103 4948 Et
1121 4876 1174 4931 in
1199 4874 1403 4948 Glossis
1428 4875 1799 4932 Griecolatinis
1819 4918 1834 4942 ,
1857 4884 1983 4948 Τροι

402 4952 492 5019 χςὶς
517 4987 532 5012 ,
561 4945 849 5004 ϐειΙΙίοιιΙέιέ
877 4946 988 5003 Νοιι
1018 4945 1253 5019 videtur
1272 4946 1489 5002 dubium
1517 4988 1532 5013 ,
1569 4948 1696 5019 quin
1736 4945 1984 5019 gallicula

397 5016 539 5073 idem
567 5019 638 5073 sit
664 5020 805 5091 quod
830 5018 1083 5091 Callicula
1113 5019 1215 5091 hoc
1244 5018 1395 5091 loco;
1438 5028 1493 5075 et
1530 5016 1651 5091 cum
1692 5016 1988 5091 explicetur

397 5103 530 5161 _voce
554 5088 771 5161 Τροχές,
798 5100 1022 5161 apparet
1049 5088 1214 5154 fuisse
1243 5089 1366 5159 quid
1410 5089 1698 5146 rotundum
1742 5099 1797 5144 ct
1835 5089 1987 5144 volu-

394 5158 533 5216 bile.
557 5158 816 5218 Videntur
836 5158 1007 5217 luisse
1047 5158 1302 5217 calliculae
1320 5203 1335 5229 ,
1363 5161 1688 5232 appendices
1706 5161 1982 5232 rotundas,

393 5243 611 5303 ornatus
632 5247 818 5289 caussn
847 5232 1040 5288 addita:
1059 5233 1321 5303 capitibus
1343 5231 1656 5288 militarium
1679 5231 1980 5299 thoracum,

390 5302 444 5357 in
474 5318 699 5360 acumen
728 5302 1241 5361 desinentibus.’ﬂae
1266 5314 1513 5374 poterant
1542 5319 1605 5358 ex
1638 5304 1822 5374 bysso,
1853 5318 1987 5373 pur-

389 5388 525 5442 pura
545 5385 639 5431 aut
668 5376 829 5438 simili
863 5377 1080 5432 materia
1113 5390 1232 5432 esse
1250 5373 1565 5440 {interdum
1594 5389 1624 5427 e
1656 5373 1897 5438 metallo,
1926 5383 1983 5430 ut

387 5443 616 5517 habetur
644 5447 819 5517 paullo
849 5446 1106 5515 inlerius,
1132 5462 1187 5502 v.
1218 5446 1310 5502 31.
1342 5444 1551 5517 Habeas
1571 5442 1836 5517 calliculas
1857 5446 1986 5499 mul-

390 5516 619 5590 tiformes
643 5513 705 5573 ea:
732 5535 858 5572 auro
883 5528 930 5572 et
959 5513 1167 5590 argento
1190 5521 1373 5588 factas.
1399 5515 1567 5586 llujus
1586 5513 1804 5590 generis
1828 5524 1984 5590 erant

387 5587 739 5660 tintinnabula
761 5585 1121 5660 malogratiata
1144 5585 1200 5642 in
1218 5595 1458 5660 extrem_a
1478 5601 1571 5660 ora
1595 5585 1759 5660 vestis
1786 5588 1980 5660 summi

380 5656 693 5730 Sacerdotis
720 5656 928 5730 posita,
953 5668 1011 5715 ut
1039 5659 1268 5730 habetur
1307 5661 1359 5710 in
1398 5657 1583 5714 Exodo
1620 5666 1676 5713 et
1714 5657 1973 5730 Levitico.

389 5729 598 5788 Possuv.
628 5762 699 5772 -—
721 5727 807 5788 Ἀη
843 5730 1105 5801 gallicula:
1144 5729 1265 5801 sint
1279 5742 1470 5801 parrae
1512 5729 1716 5801 caligat,
1748 5728 1858 5786 vid.
1890 5727 1981 5784 Li-

387 5811 522 5872 turg.
557 5801 815 5858 Gallican.
844 5798 1129 5866 Mabillon,
1160 5798 1366 5872 p.175.
1394 5798 1662 5872 Romani“.

459 5869 745 5948 Egi/ptius
793 5872 964 5946 {cedas
998 5871 1180 5943 specie.
1229 5869 1445 5929 Plautus
1487 5869 1755 5929 Pasnulo:
1796 5871 1978 5947 Itaque

2094 4594 2229 4650 Nam
2258 4597 2308 4650 in
2336 4595 2763 4651 Christianorum
2788 4594 2979 4666 agone,
3005 4609 3063 4653 ut
3091 4600 3166 4653 ait
3187 4594 3442 4655 Clemens
3462 4600 3709 4659 Alexan-

2094 4665 2301 4734 drinus,
2329 4670 2619 4740 ἀγωνοθέτης
2646 4673 2670 4720 ὁ
2698 4665 3139 4740 Θεόςξ-βραιϐευιτὴς
3169 4675 3195 4724 ὁ
3224 4679 3321 4734 υἱὸς
3349 4676 3485 4738 Θεοῦ,
3518 4680 3707 4733 θεαταὶ

2094 4740 2143 4789 δὲ
2170 4746 2213 4791 οἱ
2240 4737 2803 4815 &T[£101._Agl)_llol{lela
2832 4737 2974 4795 Deus
2994 4782 3007 4807 ,
3042 4742 3336 4812 prtzmiator
3365 4741 3465 4798 Dei
3473 4737 3478 4738 ί
3496 4742 3546 4797 F
3550 4747 3704 4815 ilius,

2092 4818 2404 4878 spectatores
2427 4809 2629 4878 Angeli.
2663 4810 2866 4866 HOLST.

2163 4877 2463 4949 Purpuram
2504 4877 2636 4956 inter
2682 4881 2810 4956 duos
2832 4881 3021 4956 clavos.
3068 4882 3189 4956 Hoc
3226 4894 3339 4953 est,
3368 4900 3706 4956 purpuream

2091 4959 2295 5006 vestem
2324 4965 2547 5020 gerens,
2580 4952 2745 5008 clavis
2770 4953 2979 5010 duobus
3018 4956 3131 5010 sive
3170 4954 3348 5012 fasciis
3370 4952 3704 5017 discinctam

2090 5021 2396 5098 sine-zona.
2427 5020 3000 5098 _Gyt_nnasiart_:ltarum~
3028 5034 3146 5098 erat
3179 5041 3446 5098 purpurea
3486 5032 3700 5098 vestis;

2090 5091 2234 5168 unde
2258 5091 2400 5162 apud
2424 5091 2720 5168 Lucianum
2738 5095 2951 5168 dialogo
2971 5096 3039 5152 de
3058 5091 3389 5168 Gymnasiis,
3412 5091 3705 5156 Anachar;

2088 5163 2261 5236 δίε-μ
2288 5178 2523 5234 purpura
2554 5163 3034 5236 Gymnasiarcham
3061 5163 3322 5235 agnoscit.
3355 5163 3558 5226 Hocsr.

2171 5232 2561 5311 Virﬂamiquasi
2594 5232 2803 5311 lanista.
2846 5237 3058 5311 Virgam
3097 5232 3306 5294 lanistae
3348 5252 3563 5311 quoque
3599 5244 3703 5299 tri-

2088 5303 2202 5360 buit
2251 5291 2563 5386 Xiphiiinus
2590 5308 2667 5386 ‘in
2712 5291 3059 5386 Commodo—:7:
3092 5291 3703 5386 eaaaugeir

2086 5390 2354 5451 “Iomanen-vi;
2373 5401 2445 5451 τις
2469 5385 2498 5440 ἦ
2519 5382 2602 5451 καὶ
2618 5382 2906 5449 μσνόμαχος,
2924 5384 3140 5451 νάρθηκα,
3156 5389 3294 5449 ἔχων.
3313 5381 3546 5438 Certabat
3570 5381 3701 5441 cani

2086 5449 2354 5534 eo'lanisrrt
2383 5449 2705 5534 aliquir,_.aut
2730 5449 3203 5534 gladiator—uirgam
3229 5453 3438 5534 habens,
3471 5455 3591 5534 sive
3614 5459 3699 5528 fe-

2084 5520 2273 5598 rulam.
2302 5519 2469 5577 Recte
2495 5519 2914 5598 additum'heic,
2945 5519 3112 5598 quasi.
3138 5521 3258 5598 Non
3288 5519 3432 5598 enim
3456 5527 3546 5598 qui
3584 5519 3694 5598 a'p-

2084 5590 2345 5667 parebat,
2378 5605 2665 5667 personam
2693 5590 2907 5667 lanistas
2935 5590 3284 5667 praeferebat,
3317 5595 3413 5651 sed
3442 5590 3693 5667 Gymna-

2083 5660 2344 5725 siarchae,
2379 5660 2481 5717 hoc
2514 5671 2600 5718 est
2630 5660 3050 5720 Palaestritarum
3088 5660 3476 5730 Moderatoris;

2082 5732 2244 5807 etiam
2274 5731 2472 5807 virgam
2496 5743 2709 5805 gestare
2733 5735 2951 5807 solitum
2975 5735 3136 5791 docet
3158 5736 3415 5799 Sidonius
3441 5731 3559 5807 Apo

2082 5799 2177 5879 lib.
2211 5819 2285 5859 xx.
2316 5799 2415 5874 Ep.
2439 5799 2692 5879 2.'quam
2723 5806 2886 5861 etiam
2925 5807 3275 5879 niagistralem
3318 5799 3593 5879 appellat:
3623 5822 3691 5867 et

2081 5871 2200 5945 ejus
2227 5871 2383 5933 usum
2419 5871 2575 5948 plane
2616 5877 2900 5936 honestum
2936 5887 2991 5936 et
3012 5871 3458 5939 'censorium'liis
3490 5880 3690 5946 verbis

3515 5683 3689 5736 quem

3563 5739 3689 5797 llin.
