3812 6284
322 269 396 334 5'5

1621 276 1861 335 PASSIO
1898 279 1996 338 SS.
2041 281 2425 342 MARTYRUM

3572 293 3645 352 56

329 391 423 462 qui
443 392 493 449 ei
520 393 849 463 adhaerebat,
897 404 1165 468 suscepta,
1195 403 1249 451 et
1273 399 1424 468 quasi
1469 414 1496 455 a
1523 413 1714 455 somno
1735 414 1930 471 exper-
1959 403 2005 463 Λ
2034 418 2159 459 vum
2182 403 2582 471 lotum,salvum
2612 406 2800 462 lotum.
2834 428 2854 462 ι
2887 408 3052 466 Plane
3072 408 3262 481 'utique
3282 409 3462 466 salvus
3495 419 3643 479 erat,

330 488 461 559 gito,
503 488 639 546 adeo
684 492 737 546 in
765 491 954 562 spiritu
1004 501 1058 545 et
1104 494 1157 546 in
1199 493 1392 548 eestasi
1444 493 1651 558 fuerat,
1699 495 1928 549 circum-

333 582 551 652 spicere
564 570 747 653 caepit,
770 592 825 638 et
846 583 1185 653 stupentibus
1211 586 1462 640 omnilms
1502 586 1578 640 ait
1607 605 1619 639 :
1650 586 1925 655 «Quando,

325 672 523 745 inquit,
575 674 923 747 producimur
972 674 1038 731 ad
1088 692 1306 733 vaccam
1333 678 1477 733 illam
1509 679 1694 734 nescio
1722 687 1771 734 ιι.
1811 697 1829 731 ι
1864 679 1933 735 Et

326 781 453 820 cum
481 766 713 821 audisset
742 766 883 836 quod
910 767 1019 838 jam
1044 774 1318 835 evenerat,
1352 785 1462 825 non
1487 771 1636 842 prius
1663 764 1890 827 credidit
1911 811 1929 840 ,

324 858 435 915 nisi
483 858 739 929 quasdam
791 868 948 915 notas
992 861 1289 918 vexationis
1329 861 1381 917 iu
1411 852 1718 933 corporeet
1748 863 1933 919 habitu

334 963 434 1005 suo
448 952 869 1021 recognovisset,
904 962 957 1008 et
991 953 1139 1008 illum
1173 955 1601 1011 catechuminum
1642 955 1693 1009 ιι.
1730 953 1935 1010 Exinde

336 1046 656 1099 accersitum
711 1044 927 1101 fratrem
976 1061 1158 1114 suum,
1207 1057 1260 1103 et
1316 1047 1466 1103 illum
1499 1040 1937 1105 eatecbutninum

333 1135 563 1191 allocuta
585 1146 668 1193 est
692 1138 996 1203 eos,dicens
1041 1156 1056 1195 :
1098 1157 1117 1190 ι
1146 1138 1204 1194 In
1245 1137 1353 1194 ﬁde
1381 1148 1521 1196 state
1549 1183 1565 1208 ,
1612 1152 1665 1196 et
1709 1126 1938 1196 invicem

333 1243 530 1285 omnes
579 1229 856 1302 diligites;
889 1240 945 1289 et
983 1233 1327 1304 passionibus
1356 1235 1556 1291 nostris
1578 1250 1647 1292 ne
1668 1234 1940 1291 scandali-

337 1334 555 1377 zemtm.
597 1340 617 1374 ι

408 1413 501 1468 IV.
542 1413 688 1471 Idem
737 1417 962 1473 Saturus
1007 1420 1059 1475 in
1113 1419 1214 1476 alia
1279 1431 1432 1491 porta
1485 1422 1707 1477 militem
1755 1433 1777 1461 θ
1833 1420 1942 1477 Pu-

337 1504 555 1561 dentem
586 1509 968 1567 exhortabatur
1009 1512 1194 1569 dicen‘s
1221 1532 1236 1569 :
1268 1532 1285 1567 t
1323 1516 1527 1579 Adsum
1552 1510 1581 1551 ἀ
1605 1525 1774 1578 certe,
1805 1515 1946 1570 sicut

343 1600 565 1667 promisi
615 1613 670 1657 et
721 1604 983 1672 prmdixi;
1044 1605 1245 1661 nullam
1297 1621 1466 1678 usque
1492 1606 1667 1662 adhuc
1720 1607 1945 1663 bestiam

341 1693 511 1746 sensi.
532 1691 599 1747 Et
627 1708 767 1748 nunc
794 1694 861 1749 de
890 1703 1001 1750 toto
1026 1696 1188 1751 corde
1207 1697 1417 1752 credas.
1438 1697 1578 1754 Ecce
1601 1698 1803 1769 prodeo
1830 1699 1945 1768 illo,

2034 498 2122 567 qui
2153 498 2255 555 hoc
2285 500 2590 569 spectaculo
2624 500 2893 557 claruerat
2934 512 2981 558 ε.
3019 502 3168 560 Tunc
3196 503 3420 561 Pudenti
3447 506 3646 560 militi:

2040 609 2059 642 t
2092 590 2240 657 Vale,
2284 592 2472 658 inquit,
2524 602 2579 648 et
2604 608 2811 650 memor
2836 604 2953 651 esto
2993 597 3113 653 ﬁdei
3151 613 3323 663 mete;
3355 607 3411 653 et
3441 598 3566 654 luce
3598 609 3650 656 te

2034 697 2141 737 non
2172 684 2514 748 conturbent,
2542 684 2636 741 sed
2663 688 3038 744 conﬁrment.»
3058 688 3337 762 Simulque
3354 691 3646 747 ausulami

2036 774 2105 830 de
2134 775 2301 847 digito
2320 776 2436 847 ejus
2454 764 2631 848 petiit,
2650 778 2922 837 etvulneri
2943 797 3041 837 suo
3056 799 3288 840 mersam
3310 784 3544 840 reddidit
3576 784 3649 854 ei,

2037 860 2699 953 hmreditateinl'pignoris
2737 874 3054 947 relinquens
3092 887 3117 925 ε
3168 876 3267 944 illi,
3317 886 3373 933 et
3433 892 3653 932 memo-

2038 958 2172 1014 riam
2213 963 2505 1032 sanguinis.
2542 964 2755 1021 Exinde
2800 966 2911 1038 jam
2967 962 3230 1025 exanimis
3287 972 3658 1041 prosternitur

2039 1068 2162 1110 cum
2209 1057 2419 1113 caeteris
2457 1058 2523 1111 ad
2560 1058 2947 1131 jugulationem
2989 1063 3150 1118 solito
3205 1064 3343 1120 loco.
3402 1065 3471 1119 Et
3531 1079 3657 1121 cmn

2018 1147 2273 1218 populus
2298 1148 2418 1203 illos
2444 1149 2499 1204 in
2529 1151 2761 1209 medium
2790 1154 3129 1224 postularet,
3184 1165 3282 1221 ut,
3331 1155 3518 1227 gladio
3565 1171 3663 1225 pe-

2045 1249 2290 1297 netrante
2330 1241 2382 1297 in
2412 1258 2599 1299 eorum
2626 1261 2875 1317 corpore,
2918 1248 3106 1305 oculos
3138 1264 3266 1305 suos
3294 1251 3532 1306 comites
3560 1250 3662 1307 lto-

2045 1332 2245 1389 micidii
2295 1334 2643 1407 adjungeret,
2704 1339 2848 1395 ultro
2902 1350 3255 1398 surrexerunt
3324 1353 3379 1398 et
3445 1358 3513 1399 se
3552 1358 3661 1413 quo

2047 1423 2261 1480 volebat
2287 1427 2514 1496 populus
2540 1430 2930 1488 transtulerunt
2952 1450 2965 1486 :
2997 1443 3121 1490 ante
3141 1434 3252 1505 jam
3271 1434 3505 1490 osculati
3529 1434 3670 1490 invi-

2049 1530 2187 1583 cem,
2224 1524 2283 1572 ut
2328 1520 2643 1593 martyrium
2689 1539 2785 1594 per
2835 1525 3096 1582 solemnia
3128 1520 3275 1599 pacis
3313 1543 3670 1584 consumma-

2051 1621 2193 1666 rent.
2239 1610 2431 1669 Caeteri
2464 1616 2680 1685 quidem
2710 1619 3014 1675 immobiles
3043 1630 3100 1677 et
3137 1638 3260 1678 cum
3304 1623 3530 1679 silentio
3563 1622 3671 1679 fer-

2051 1721 2170 1761 rum
2213 1720 2535 1777 receperunt
2580 1728 2594 1764 :
2642 1712 2812 1768 multo
2839 1715 3007 1786 magis
3042 1715 3292 1781 Saturus,
3316 1718 3406 1788 qui
3429 1728 3491 1773 et
3519 1718 3672 1788 prior

338 1785 484 1878 etab
510 1800 617 1840 uno
662 1802 843 1841 morsu
891 1787 1130 1856 leopardi
1178 1804 1485 1845 consumar.
1521 1809 1542 1844 ι
1593 1791 1660 1846 Ει
1688 1794 1867 1847 statim
1895 1795 1946 1848 in
1978 1810 2026 1869 Β
2054 1797 2252 1853 scalam
2278 1802 2616 1869 ascenderat,
2666 1806 2812 1875 prior
2859 1785 3091 1863 reddidit
3117 1785 3363 1878 Spiritum
3390 1826 3407 1874 ;
3434 1785 3574 1865 nam
3617 1819 3673 1866 et

342 1862 451 1929 ﬁne
497 1878 809 1947 spectaculi,
834 1878 1090 1949 leOpardo
1114 1881 1475 1951 ’objectus‘,de
1503 1897 1610 1937 uuo
1633 1899 1813 1939 morsu
1833 1883 1949 1954 ejus

340 1976 492 2024 tanto
513 1970 760 2040 perfusus
785 1956 1169 2043 est‘sauguine,
1201 1985 1255 2028 ut
1287 1977 1515 2047 populus
1538 1977 1825 2033 revertenti
1870 1977 1948 2033 illi

343 2062 569 2118 secundi
591 2062 928 2133 baptismatis
950 2066 1315 2124 testimonium
1336 2068 1710 2127 reclamaverit
1737 2089 1750 2123 :
1781 2089 1799 2122 ι
1829 2071 1948 2128 Sal-

2052 1893 2387 1963 Perpetuam
2428 1897 2745 1953 sustinebat.
2806 1899 3073 1981 Perpetua
3121 1912 3322 1967 autem,
3358 1914 3415 1958 ut
3464 1904 3669 1974 aliquid

2052 1983 2253 2043 doloris
2285 1997 2545 2057 gustaret,
2606 1989 2746 2044 inter
2794 2002 2972 2045 costas
3008 1990 3036 2028 ιι
3070 2004 3262 2063 puncta
3320 1996 3625 2050 exululavit
3655 2011 3670 2059 ;

2052 2087 2108 2133 et
2157 2090 2424 2135 errantem
2480 2080 2754 2138 dexteram
2811 2085 3061 2142 tirunculi
3089 2087 3400 2158 gladiatoris
3456 2090 3577 2160 ipsa
3620 2090 3675 2145 in

1552 2174 1936 2267 LECTIONES
1972 2176 2394 2273 “animus.

409 2318 436 2391 ξ
618 2330 739 2391 mss.
774 2318 954 2391 Nescio
993 2321 1280 2391 guam?U_bi
1305 2330 1430 2382 erat,
1455 2320 1609 2389 inquit
1629 2326 1758 2391 Aug.
1785 2326 1949 2376 Serm.

338 2380 445 2491 ﬁt;
458 2379 688 2494 (metu),
708 2384 910 2494 quando
947 2379 1363 2446 ad'asperrimam
1397 2379 1592 2437 iaceam
1630 2401 1688 2438 se
1709 2379 1949 2451 "pugnare

590 2459 605 2493 ι
650 2484 660 2494 .
693 2460 722 2494 e
745 2459 789 2494 c.

396 2502 434 2578 ,δ
456 2508 535 2581 In
549 2506 697 2558 codd.
744 2522 858 2560 mss.
906 2508 1079 2561 desunt
1117 2508 1223 2560 lucc
1248 2510 1395 2577 verba
1420 2524 1439 2562 :
1461 2511 1527 2562 Et
1548 2511 1687 2562 illum
1712 2516 1947 2567 catechu-

342 2580 618 2697 mlguﬂiud
662 2631 880 2687 Holsten.
925 2649 1021 2688 non
1044 2604 1338 2699 exprimitur
1354 2637 1595 2689 Pudentis
1616 2651 1806 2692 nomen.

2119 2330 2147 2371 ἀ
2180 2331 2252 2381 Ad
2275 2326 2516 2384 summurn
2540 2335 2759 2388 Holslen.

2120 2398 2144 2427 ε
2180 2394 2325 2447 Modo
2350 2397 2537 2447 laverat
2564 2396 2782 2452 Holsten.

2119 2454 2141 2494 ἲ
2179 2457 2425 2511 Annulum
2449 2461 2561 2511 cod.
2589 2461 2769 2514 Salisb.

2118 2523 2147 2596 ξ
2180 2522 2301 2573 Cod.
2342 2520 2522 2596 Salisb.
2563 2522 2996 2596 habet:R_eddi_dit
3010 2528 3059 2577 ei
3086 2528 3278 2596 beatam
3299 2530 3676 2596 haereditatem,

2051 2582 2348 2657 repugnans
2372 2587 2421 2636 ei
2447 2588 2625 2649 pignus
2636 2598 2701 2657 et
2718 2590 3010 2657 memoriam
3034 2594 3159 2642 tanti
3181 2594 3458 2657 sanguinis.

2106 2642 2138 2683 ιι
2172 2642 2298 2698 Ossa
2318 2642 2611 2714 compuncta
2629 2650 2851 2705 Holsten.

1736 2776 2304 2840 COMMENTARIUS.

420 2921 580 2989 Quasi
641 2937 673 2973 α
710 2936 886 2976 somno
930 2921 1209 2991 expergita.
1269 2920 1359 2976 Sic
1398 2892 1470 2974 de
1519 2919 1759 2975 Bibliade
1787 2936 1935 2976 mar-

349 2999 469 3065 tyre
499 2994 764 3050 Eusebius
794 3012 807 3046 :
840 3002 870 3054 ἡ
891 2994 931 3047 δ’
961 3001 1116 3063 ὥσπερ
1144 2999 1495 3059 ἐσαναντςψασα.
1518 2991 1717 3065 Ηοιέςτ.

2041 2921 2295 2995 Tertull.,
2330 2925 2504 2995 Apol.,
2530 2939 2649 2994 cap.
2679 2923 2771 2980 25.
2812 2924 3012 2995 Hons'r.

2117 2991 2305 3049 Oculos
2351 2991 2557 3049 comites
2597 2991 2881 3050 homicidii.
2915 2994 2972 3049 S.
3014 2992 3335 3063 Cyprianus,
3376 2995 3558 3063 Epist.
3588 3013 3678 3052 it:

422 3066 561 3119 Adeo
625 3066 677 3118 in
742 3065 925 3133 spiritu
978 3072 1024 3118 et
1081 3065 1133 3117 in
1175 3064 1354 3118 ecstasi
1383 3068 1570 3135 fuerat.
1598 3062 1759 3130 Quasi
1794 3062 1941 3118 diee-
1970 3074 2015 3134 ρ
2051 3062 2282 3119 Paratur
2306 3065 2643 3134 gladiatorias
2665 3064 2851 3135 ludus.
2888 3073 2941 3117 ut
2968 3062 3231 3135 libidinem
3255 3062 3541 3135 crudelium
3589 3071 3679 3117 lu-

350 3146 436 3193 rel
479 3154 491 3190 :
543 3135 679 3191 adeo
726 3140 873 3191 e'xtra
919 3150 1170 3191 sensuum
1212 3151 1365 3190 usum
1397 3136 1601 3189 elevata
1640 3148 1703 3188 ac
1741 3144 1893 3201 rapta
1924 3175 1940 3199 ,

350 3224 475 3263 nam
505 3208 609 3263 huc
638 3217 859 3261 vocatur
878 3222 997 3262 esse
1026 3209 1076 3260 in
1108 3207 1315 3276 spiritu.
1344 3205 1402 3262 S.
1425 3206 1681 3266 Joannes,
1705 3204 1949 3274 Apocal.,

353 3296 472 3346 cap.
508 3296 582 3335 Iv.
616 3279 680 3335 Et
708 3280 878 3333 statim
913 3280 989 3350 [ui
1016 3280 1065 3331 in
1092 3279 1296 3350 spiritu.
1342 3278 1543 3350 IIOLs'r.

419 3345 510 3406 IV.
583 3381 653 3391 ——
718 3345 933 3404 Militem
1014 3345 1315 3405 Pudentem.
1371 3348 1528 3416 Apud
1613 3345 1949 3400 Ilolstenium

354 3440 463 3478 non
510 3423 825 3491 exprimitur
857 3420 1105 3475 Pudentis
1156 3436 1374 3476 nomen.
1415 3420 1568 3491 Hune
1605 3426 1785 3471 autem
1831 3430 1953 3491 esse

356 3488 609 3553 arbitror,
665 3495 755 3561 qui
804 3509 962 3563 supra
994 3510 1114 3547 cum
1136 3562 1148 3564 _
1168 3492 1495 3564 martyribus
1540 3489 1793 3564 humane
1818 3488 1948 3564 egit.

357 3567 574 3639 Pudens
615 3556 816 3639 martyr
844 3556 1037 3639 colitur
1073 3565 1111 3639 3
1135 3556 1242 3639 kal:
1280 3556 1415 3639 ιιῖξιί]⁸
1439 3563 1491 3639 in
1518 3567 1728 3613 vetusto
1755 3556 1967 3639 Calen-A

355 3637 509 3693 dario
535 3631 938 3707 Cartlia'g'iuensi
963 3654 977 3697 ;
1010 3653 1074 3690 an
1084 3636 1197 3707 iste
1216 3634 1240 3687 ἲ
1258 3634 1353 3707 Avel
1381 3632 1594 3686 Pudens
1623 3643 1859 3707 senator,
1883 3631 1953 3707 de

356 3724 465 3779 quo
494 3708 689 3765 Paulus
713 3702 873 3780 ,"Ep.
910 3708 963 3762 Il'
985 3707 1049 3761 ad
1077 3704 1448 3780 Timotheum,
1491 3719 1540 3756 c.
1574 3718 1652 3780 iv_,
1685 3702 1949 3780 meminit,

358 3772 451 3852 aut
478 3781 690 3836 tandem
721 3772 923 3852 martyr
952 3776 1363 3841 Alexandrinus,
1396 3774 1465 3829 de
1486 3789 1593 3842 quo
1615 3772 1951 3829 Bollandiaui

355 3851 455 3907 liae
486 3852 574 3909 die
603 3856 788 3921 agunt?
817 3851 1085 3915 Renum.

431 3916 661 3979 Salvth
727 3927 905 3978 lotum.
987 3917 1319 3975 Aeclamatio
1394 3916 1574 3987 populi
1648 3916 1953 3986 petulanter

360 3995 631 4052 illudeutis
662 3993 967 4050 (Till‘iSlinllIS
994 3989 1179 4043 sacris.
1220 3987 1356 4043 Cum
1386 3990 1529 4044 enim
1560 3987 1719 4057 vulgo
1764 3998 1947 4043 notum

357 4066 873 4130 esset,Cln-istianos
895 4062 1200 4116 existimare
1230 4060 1410 4113 salvos
1432 4061 1546 4114 ﬁeri
1580 4059 1826 4115 homines
1855 4076 1948 4128 per

358 4138 682 4208 baptismum
717 4157 728 4191 :
764 4136 989 4206 pepulus
1015 4131 1281 4208 e_t|iealro
1309 4142 1561 4208 spectans
1587 4130 1948 4208 Cliristianum

356 4201 615 4277 sanguine
641 4201 907 4277 perfusum
936 4247 951 4272 ,
993 4203 1198 4258 salvum
1220 4201 1733 4272 eum’pt'oclamabat
1756 4204 1846 4273 qui
1873 4203 1952 4259 sic

356 4280 497 4336 lotus
524 4292 684 4338 esset.
720 4280 921 4335 Possm.

425 4353 788 4408 ercttitatem
836 4348 1083 4421 pignoris
1143 4348 1431 4416 relinquens
1490 4348 1603 4412 illi,
1643 4357 1697 4421 et
1762 4363 1952 4421 memo-

358 4425 490 4477 riam
527 4423 811 4490 sanguinis.
838 4418 975 4490 Qtiid
1007 4421 1166 4487 igitur
1201 4432 1606 4545 Ctillt‘llel‘llllllll‘
1635 4418 1947 4482 adversarii,

358 4494 494 4545 nuod
559 4495 876 4545 Szmctorum
948 4491 1200 4545 reliquias
1270 4508 1327 4545 re
1352 4493 1518 4545 iaiose
1575 4492 1947 4545 asserraums?

353 4494 494 4561 quod
559 4495 876 4555 Sz‘xctorum
948 4491 1200 4562 reliquias
1270 4491 1518 4561 religiose
1575 4492 2029 4554 asserraums‘PD

355 4565 623 4635 Numquid
655 4565 884 4620 annulus
915 4563 1005 4619 ille
1033 4563 1291 4635 sanguine
1314 4563 1567 4633 martyris
1594 4562 1788 4615 tinctus
1817 4575 1947 4630 pro-

349 4637 617 4704 jiciendus
646 4646 760 4690 erat
780 4636 801 4689 ?
818 4636 1085 4691 ΒυιΝΑκτ.

424 4710 502 4761 Ad
540 4708 913 4779 iugulationem
978 4707 1130 4760 solito
1184 4705 1315 4759 loco.
1370 4704 1695 4779 Spoliarium
1743 4704 1942 4779 intelli-

359 4780 457 4847 git,
491 4781 580 4833 ubi
599 4776 1031 4834 conﬁciebantur
1055 4792 1191 4848 quos
1219 4791 1384 4831 arena
1414 4777 1703 4848 semiviros
1729 4776 1951 4834 dimise-

357 4865 458 4905 rat.
497 4852 660 4905 Docet
702 4851 804 4907 hoc
845 4847 1083 4914 Seneca,
1114 4848 1286 4918 Epist.
1315 4850 1405 4904 9-4.
1442 4847 1705 4916 Numquid
1733 4851 1952 4919 aliquem

356 4922 446 4994 tim
471 4922 621 4976 stulte
647 4924 887 4994 cupidum
931 4938 1038 4978 esse
1070 4922 1182 4994 vita;
1207 4931 1356 4994 putas
1377 4963 1389 4983 ,
1423 4929 1476 4973 ut
1497 4921 1730 4994 jugulati
1758 4924 1809 4974 in
1834 4939 1953 4992 spo-

353 4991 486 5046 lario
509 5036 521 5056 ,
572 4991 725 5064 quam
754 4996 807 5049 in
857 5011 1012 5048 arena
1053 4993 1236 5047 malit?
1284 4993 1354 5046 Ita
1389 5002 1602 5064 mortuo
1631 4991 1949 5056 Commodo,

354 5062 706 5120 acclamatum
748 5065 934 5121 scribit
970 5064 1309 5134 Lampridius
1340 5082 1353 5118 :
1397 5062 1569 5119 Hostis
1597 5064 1801 5134 patrita,
1835 5081 1955 5131 par-

354 5135 520 5189 ricida
545 5179 560 5201 ,
608 5138 864 5209 gladiator
901 5138 954 5191 in
997 5136 1253 5209 spoliario
1275 5136 1514 5190 lanietur.
1547 5136 1746 5209 H0t.s_'r.
1778 5165 1849 5175 -—
1878 5135 1953 5189 Ibi

351 5213 572 5276 tyrones
605 5207 822 5264 athletas
867 5224 988 5262 reos
1015 5207 1371 5263 conﬁciebant
1396 5252 1411 5274 ,
1444 5219 1501 5261 ut
1529 5210 1606 5262 sic
1626 5207 1691 5261 ad
1724 5222 1950 5275 pugnam

352 5275 739 5337 atlsiieseerent
784 5299 798 5334 :
847 5281 971 5335 hinc
998 5278 1317 5348 inmanius
1347 5280 1435 5336 hic
1473 5291 1710 5333 sanctam
1751 5276 1952 5343 Perpe-

353 5356 497 5421 tuam
530 5354 821 5421 pupugisse
846 5351 1058 5407 dicitur.
1512 5419 1518 5421 _
1615 5349 1879 5421 Ῑίυέβυὲτ·

419 5417 546 5474 Cum
596 5417 815 5492 populus
862 5422 978 5477 illos
1020 5426 1073 5478 in
1128 5423 1293 5477 medio
1349 5419 1648 5492 postularet.
1681 5417 1771 5492 Sic
1802 5418 1952 5492 Iiuﬁf

355 5488 696 5557 nas,lib,'vnt
730 5495 1143 5556 llist.Eccl..tle
1177 5488 1355 5548 Attalo
1379 5504 1429 5544 et
1471 5488 1772 5542 Alvxamlru
1801 5505 1815 5544 :
1848 5489 1955 5544 Sed

353 5577 467 5613 cum
490 5566 711 5629 [crurum
744 5569 886 5623 nulla
915 5569 1223 5625 Sanctorum
1251 5579 1464 5629 corpora
1496 5561 1803 5630 contigisset,
1841 5578 1951 5614 om-

353 5631 500 5686 nibus
548 5655 630 5691 (οε
670 5640 924 5694 verberum
952 5649 1351 5701 cwterarumqne
1394 5648 1654 5701 pwnarum
1693 5634 1955 5702 suppliciis

353 5705 623 5773 cruciatos,
673 5714 739 5763 at!
788 5712 1023 5763 ultimum
1062 5708 1115 5757 in
1160 5715 1430 5772 conspectu
1466 5704 1663 5774 populi,
1695 5706 1747 5757 in
1791 5705 1954 5758 medio

359 5781 787 5852 areuazjugutari
824 5781 986 5852 jubet.
1042 5774 1353 5852 Postulandi
1399 5790 1711 5852 porrgvox‘
1744 5776 1954 5845 amphi-

354 5840 570 5904 theatri
604 5840 863 5921 propria}
909 5848 1043 5903 Hinc
1085 5840 1484 5917 depostulatores
1523 5840 1950 5920 Christianorum,

2060 3136 2253 3187 utinam
2295 3130 2501 3203 sanguis
2541 3135 2768 3188 oblectet.
2802 3134 2868 3188 Et
2911 3149 3075 3186 mox:
3111 3130 3176 3185 In
3208 3142 3309 3186 tam
3340 3134 3512 3201 impiis
3550 3153 3680 3203 spe-

2059 3206 2302 3267 ctaculis,
2346 3216 2545 3270 tamque
2579 3206 2702 3276 diris
2738 3215 2788 3260 et
2830 3205 3064 3276 funestis,
3111 3220 3216 3258 esse
3256 3220 3308 3257 se
3346 3222 3445 3259 non
3483 3212 3680 3272 putant

2059 3277 2219 3331 oculis
2248 3276 2549 3344 parricidas.
2582 3275 2728 3330 llauc
2749 3276 3116 3331 crudelitatem
3137 3290 3240 3327 non
3266 3291 3370 3329 uno
3397 3277 3512 3331 locu
3542 3292 3681 3333 exa-

2059 3347 2725 3416 gitatSeneca,Epistuvn,
2770 3346 2922 3401 Mane
2951 3347 3174 3400 leonibus
3201 3356 3245 3399 et
3268 3348 3400 3401 ursis
3415 3350 3675 3418 homines,

2059 3419 2268 3474 meridie
2296 3420 2662 3488 spectatoribus
2700 3420 2805 3474 suis
2844 3417 3175 3490 objiciuntur,
3219 3428 3325 3490 etc.
3361 3418 3536 3490 Idem.
3570 3422 3672 3489 Iip.

2058 3490 2147 3545 87.
2186 3490 2251 3546 Et
2279 3491 2517 3546 ninnium
2550 3488 2950 3560 elegantissime
2990 3488 3317 3553 Lactantius,
3350 3489 3463 3544 Div.
3496 3488 3671 3548 lusti-

2018 3618 2027 3627 ,
2059 3572 2151 3616 tut.
2185 3562 2277 3617 lib.
2314 3578 2398 3627 vr,
2431 3578 2549 3632 eap.
2576 3562 2854 3618 2.1IOL5'r.

2036 3688 2040 3695 -
2132 3655 2237 3710 Per
2274 3658 2520 3711 solemnia
2548 3658 2839 3726 pacis,ctc.
2900 3657 2956 3711 In
3002 3656 3278 3726 Glossario
3328 3660 3519 3720 veteri,
3582 3675 3674 3715 so-

2058 3727 2254 3782 lemnia
2300 3729 2444 3797 pacis
2475 3725 2721 3795 autem,
2762 3728 3039 3784 Osculum.
3094 3727 3152 3781 Id
3201 3725 3448 3783 Osculum
3476 3742 3674 3787 sancta:

2058 3800 2234 3870 pacis,
2270 3809 2427 3855 vocat
2473 3801 2750 3855 Paulinus.
2805 3801 2916 3855 Hoc
2954 3798 3201 3871 symbolo
3240 3801 3385 3866 pacis
3416 3814 3565 3859 recte
3603 3805 3669 3858 ad

2058 3872 2374 3942 martyrium
2409 3871 2871 3941 prteparabantur.
2921 3870 3184 3926 Eusebius
3221 3870 3341 3924 loco
3361 3874 3562 3941 smpius
3588 3876 3669 3930 ei-

2061 3951 2170 3996 tato
2201 3958 2213 3995 :
2249 3946 2436 4012 eipr‘vmt
2462 3949 2795 4010 ἀγιπγξσαντες
2822 3947 2961 3999 ain-si
2979 3986 2992 4008 ,
3034 3946 3115 3997 καὶ
3145 3946 3332 4018 sip-ivga
3357 3948 3472 4018 ἡμῖν
3496 3969 3671 4018 «ap-Vr

2057 4025 2331 4087 χυήςαντῖς,
2361 4016 2467 4084 μετ’
2490 4020 2675 4087 εἰρήνης
2696 4021 2943 4086 ἱχωρησιν
2963 4026 3077 4086 πρὸς
3099 4022 3233 4069 Θεὸν.
3264 4012 3393 4081 Qum
3416 4017 3485 4087 ita
3509 4012 3667 4071 \‘(il‘lit

2059 4084 2284 4139 Ruﬁnus
2326 4105 2339 4140 :
2397 4084 2566 4156 Super
2596 4088 2767 4141 omnia
2795 4084 3007 4158 pacem
3038 4096 3087 4141 et
3132 4088 3231 4153 ipsi
3276 4086 3588 4158 diligebant.
3622 4099 3669 4140 ct

2056 4158 2198 4211 nobis
2254 4174 2452 4212 servare
2493 4156 2874 4215 mandabant:
2922 4175 3011 4212 nec
3066 4158 3220 4211 aliam
3269 4156 3385 4221 sibi,
3431 4160 3530 4213 nisi
3581 4176 3669 4225 per

2059 4245 2265 4296 pacem,
2298 4232 2430 4283 uiam
2473 4229 2543 4282 ad
2574 4231 2875 4301 martyrium
2925 4230 3302 4301 construebant.
3350 4230 3482 4284 llinc
3522 4229 3661 4285 forte

2053 4301 2442 4356 'I‘crtullianus.
2489 4301 2552 4354 de
2586 4300 2831 4367 Patient.,
2860 4316 2979 4371 cap.
3016 4300 3103 4371 12.
3136 4301 3478 4357 dilectionem
3510 4312 3664 4355 Vocat

2057 4389 2309 4427 summum
2342 4373 2459 4439 ﬁdei
2487 4384 2889 4440 sacramentum,
2922 4369 2967 4427 et
2998 4369 3273 4428 Christiani
3302 4374 3524 4428 nominis
3553 4374 3662 4427 tlte-

2053 4462 2282 4500 saurum.
2316 4445 2511 4501 llonsr.

2128 4538 2565 4595 Consummarcnt.
2592 4610 2599 4613 Α
2630 4539 2777 4613 vus
2817 4539 3030 4609 propria
3098 4538 3347 4613 perfecti
3390 4539 3654 4613 martyrii.

2054 4610 2145 4668 Sic
2176 4612 2534 4667 'l‘ertullianus
2565 4610 2628 4663 de
2662 4610 2911 4681 Patient.,
2944 4627 3064 4681 cap.
3100 4612 3169 4667 15
3193 4630 3207 4666 :
3229 4611 3487 4666 Patientia
3520 4610 3659 4665 mar-

2059 4685 2191 4754 (yria
2213 4693 2551 4738 consummat.
2584 4682 2651 4736 Et
2673 4680 2993 4754 Cyprianus,
3016 4680 3202 4753 Epist.
3234 4700 3313 4748 tu,
3344 4686 3659 4752 martyrium

2057 4752 2541 4810 constunmationem
2586 4752 2835 4820 appellat.
2885 4754 2947 4808 Et
2978 4752 3145 4823 EpiSt.
3176 4771 3230 4821 ν,
3258 4755 3407 4822 jubet
3444 4756 3660 4809 confes-

2056 4842 2209 4882 sores
2231 4826 2461 4880 humiles
2485 4834 2537 4879 et
2566 4824 2838 4879 modestos
2868 4835 2921 4880 et
2949 4829 3161 4895 quietos
3184 4843 3326 4892 esse,
3358 4824 3423 4880 Ut
3449 4826 3505 4879 in
3543 4842 3654 4881 om-

2057 4897 2202 4951 nibus
2261 4896 2529 4950 Dominum
2580 4895 2917 4965 promeretttes
2950 4938 2965 4961 ,
3021 4896 3091 4950 ad
3133 4898 3379 4953 caelestem
3416 4912 3657 4952 coronam

2057 4969 2224 5023 laudis
2250 4985 2343 5022 sua
2382 4970 2813 5022 consummatione
2849 4970 3158 5038 perueniant.
3205 4969 3523 5038 Respondet
3539 4984 3658 5022 con-

2055 5055 2311 5094 summare
2338 5038 2530 5111 Grtcco
2558 5047 2852 5111 τιλιιρῢσθαι
2870 5082 2882 5104 ,
2914 5055 3021 5111 quo
3049 5042 3173 5109 ejus
3192 5042 3384 5107 lingua:
3404 5050 3654 5096 auctores

2058 5113 2109 5164 in
2140 5110 2435 5164 referendis
2462 5110 2731 5181 martyriis
2757 5110 2953 5181 passim
2985 5122 3225 5168 utuntur.
3262 5111 3457 5167 IIOLST.

2130 5200 2393 5255 Tirunculi
2455 5201 2774 5272 gladiatoris.
2816 5202 2917 5271 Qui
2974 5218 3152 5258 arente
3204 5203 3419 5260 victima
3460 5202 3650 5258 desti-

2056 5273 2302 5358 nabatur,
2334 5282 2391 5354 ut
2420 5273 2652 5358 caedibus
2679 5283 3034 5358 assuesceret,
3069 5276 3312 5358 tyroeiuii
3357 5274 3651 5358 rudimenta

2060 5346 2112 5399 in
2138 5344 2391 5413 spoliario
2413 5345 2662 5413 ponebat,
2685 5345 2863 5415 ibique
2890 5344 3174 5402 bestiarios
3198 5347 3396 5416 quibus
3417 5344 3649 5401 ferarum

2059 5417 2363 5470 immanitas
2394 5417 2558 5489 vita]
2590 5429 2694 5470 non
2729 5418 3036 5487 eripuerat,
3060 5418 3338 5489 jugulabat
3364 5458 3381 5479 ι
3402 5426 3467 5483 ut
3490 5416 3651 5489 senii:

2058 5488 2284 5542 mortuis
2334 5498 2389 5541 et
2440 5485 2732 5542 iu‘érmilms
2785 5485 3147 5545 conﬁciendis
3183 5489 3544 5549 exercitatus,
3586 5485 3648 5540 ad

2054 5559 2194 5630 justa
2240 5562 2532 5614 certamina
2587 5559 2992 5628 produceretur.
3050 5559 3433 5627 Quintilianus,
3462 5560 3646 5615 Decla—

2059 5629 2188 5685 mat.
2238 5631 2295 5698 9,
2323 5630 2599 5687 Cruentum
2641 5634 2975 5700 coniectorem
3022 5640 3218 5685 vocat:
3272 5629 3481 5702 hocque
3517 5631 3649 5685 adeo

2061 5703 2331 5771 prpprium
2365 5704 2518 5758 istius
2550 5704 2831 5758 ministerii
2861 5718 3055 5758 nomen
3081 5711 3194 5756 erat
3217 5742 3232 5765 ,
3263 5713 3319 5774 ut
3357 5706 3651 5774 Stnyrnenf

2058 5790 2146 5830 ses
2164 5770 2311 5842 apud
2340 5774 2626 5830 Eusebium
2648 5815 2663 5840 ,
2696 5774 2786 5828 lib.
2821 5775 2885 5834 4.
2914 5789 3031 5842 cap.
3065 5774 3165 5841 M,
3198 5773 3249 5829 in
3279 5773 3334 5831 S.
3372 5770 3646 5844 Pulycarpi

2058 5846 2317 5917 martyrio
2345 5847 2394 5902 id
2423 5849 2756 5902 retinuerint.
2801 5845 2998 5899 Henr.
