  <div class='ocr_page' id='page_1' title='image "/cluster/home/n/w/nwhite01/storage/ocr_20150623/3/uva.x000669812/082.png"; bbox 0 0 3876 6282; ppageno 0'>
   <div class='ocr_carea' id='block_1_1' title="bbox 159 331 3475 405">
    <p class='ocr_par' dir='ltr' id='par_1_1' title="bbox 159 331 3475 405">
     <span class='ocr_line' id='line_1_1' title="bbox 159 331 3475 405; baseline -0.002 -3"><span class='ocrx_word' id='word_1_1' title='bbox 159 336 230 405; x_wconf 70' lang='grc' dir='ltr'><strong><em>ΕΙ</em></strong></span> <span class='ocrx_word' id='word_1_2' title='bbox 713 334 1025 399; x_wconf 78' lang='lat' dir='ltr'><strong><em>DISSERT.</em></strong></span> <span class='ocrx_word' id='word_1_3' title='bbox 1071 331 1363 396; x_wconf 84' lang='lat' dir='ltr'><strong><em>APOLOG.</em></strong></span> <span class='ocrx_word' id='word_1_4' title='bbox 1412 332 1546 395; x_wconf 78' lang='lat' dir='ltr'><strong><em>PRO</em></strong></span> <span class='ocrx_word' id='word_1_5' title='bbox 1569 333 1667 393; x_wconf 85' lang='lat' dir='ltr'><strong><em>SS.</em></strong></span> <span class='ocrx_word' id='word_1_6' title='bbox 1704 332 2091 403; x_wconf 76' lang='lat' dir='ltr'><strong><em>l‘b&#39;llPETUA,</em></strong></span> <span class='ocrx_word' id='word_1_7' title='bbox 2133 332 2544 393; x_wconf 78' lang='lat' dir='ltr'><strong><em>FELICITATE</em></strong></span> <span class='ocrx_word' id='word_1_8' title='bbox 2582 332 2670 391; x_wconf 77' lang='lat' dir='ltr'><strong>ET</strong></span> <span class='ocrx_word' id='word_1_9' title='bbox 2695 331 2929 392; x_wconf 89' lang='lat' dir='ltr'><strong><em>SOCIIS.</em></strong></span> <span class='ocrx_word' id='word_1_10' title='bbox 3398 333 3475 397; x_wconf 66' lang='lat'><strong><em>63</em></strong></span> 
     </span>
    </p>
   </div>
   <div class='ocr_carea' id='block_1_2' title="bbox 158 508 3464 558">
    <p class='ocr_par' dir='ltr' id='par_1_2' title="bbox 158 508 3464 558">
     <span class='ocr_line' id='line_1_2' title="bbox 158 508 3464 558; baseline 0 -14"><span class='ocrx_word' id='word_1_11' title='bbox 158 508 3464 558; x_wconf 54' lang='lat' dir='ltr'>ww</span> 
     </span>
    </p>
   </div>
   <div class='ocr_carea' id='block_1_3' title="bbox 1080 731 2617 924">
    <p class='ocr_par' dir='ltr' id='par_1_3' title="bbox 1080 731 2617 924">
     <span class='ocr_line' id='line_1_3' title="bbox 1080 731 2617 924; baseline 0.001 -48"><span class='ocrx_word' id='word_1_12' title='bbox 1080 731 2617 924; x_wconf 73' lang='lat' dir='ltr'><strong><em>mssun&#39;mno</em></strong></span> 
     </span>
    </p>
   </div>
   <div class='ocr_carea' id='block_1_4' title="bbox 1425 1063 2192 1187">
    <p class='ocr_par' dir='ltr' id='par_1_4' title="bbox 1425 1063 2192 1187">
     <span class='ocr_line' id='line_1_4' title="bbox 1425 1063 2192 1187; baseline 0.003 -44"><span class='ocrx_word' id='word_1_13' title='bbox 1425 1063 2192 1187; x_wconf 61' lang='lat' dir='ltr'><strong><em>APOLOGETIQA</em></strong></span> 
     </span>
    </p>
   </div>
   <div class='ocr_carea' id='block_1_5' title="bbox 300 1246 3336 1395">
    <p class='ocr_par' dir='ltr' id='par_1_5' title="bbox 300 1246 3336 1395">
     <span class='ocr_line' id='line_1_5' title="bbox 300 1246 3336 1395; baseline 0.004 -14"><span class='ocrx_word' id='word_1_14' title='bbox 300 1297 534 1382; x_wconf 81' lang='lat' dir='ltr'><strong><em>PRO</em></strong></span> <span class='ocrx_word' id='word_1_15' title='bbox 619 1295 773 1382; x_wconf 87' lang='lat' dir='ltr'><strong><em>ss.</em></strong></span> <span class='ocrx_word' id='word_1_16' title='bbox 854 1297 1570 1395; x_wconf 65' lang='lat' dir='ltr'><strong><em>PEBPETUE,</em></strong></span> <span class='ocrx_word' id='word_1_17' title='bbox 1655 1302 2377 1390; x_wconf 86' lang='lat' dir='ltr'><strong><em>FELICITATIS</em></strong></span> <span class='ocrx_word' id='word_1_18' title='bbox 2462 1308 2613 1391; x_wconf 91' lang='lat' dir='ltr'><strong><em>ET</em></strong></span> <span class='ocrx_word' id='word_1_19' title='bbox 2706 1246 3336 1393; x_wconf 83' lang='lat' dir='ltr'><strong><em>SOCIORUM</em></strong></span> 
     </span>
    </p>
   </div>
   <div class='ocr_carea' id='block_1_6' title="bbox 1536 1546 2128 1628">
    <p class='ocr_par' dir='ltr' id='par_1_6' title="bbox 1536 1546 2128 1628">
     <span class='ocr_line' id='line_1_6' title="bbox 1536 1546 2128 1628; baseline 0.003 -18"><span class='ocrx_word' id='word_1_20' title='bbox 1536 1546 2080 1614; x_wconf 84' lang='lat' dir='ltr'><strong><em>ORTHODOXIA</em></strong></span> <span class='ocrx_word' id='word_1_21' title='bbox 2112 1595 2128 1628; x_wconf 91' lang='lat'><strong><em>,</em></strong></span> 
     </span>
    </p>
   </div>
   <div class='ocr_carea' id='block_1_7' title="bbox 435 1779 3168 1849">
    <p class='ocr_par' dir='ltr' id='par_1_7' title="bbox 435 1779 3168 1849">
     <span class='ocr_line' id='line_1_7' title="bbox 435 1779 3168 1849; baseline 0.002 -10"><span class='ocrx_word' id='word_1_22' title='bbox 435 1781 753 1840; x_wconf 73' lang='lat' dir='ltr'><strong><em>AUCTORE</em></strong></span> <span class='ocrx_word' id='word_1_23' title='bbox 791 1779 1093 1839; x_wconf 72' lang='lat' dir='ltr'><strong><em>JOSEPilO</em></strong></span> <span class='ocrx_word' id='word_1_24' title='bbox 1133 1780 1523 1842; x_wconf 84' lang='lat' dir='ltr'><strong><em>AUGUSTINO</em></strong></span> <span class='ocrx_word' id='word_1_25' title='bbox 1560 1783 1715 1843; x_wconf 81' lang='lat' dir='ltr'><strong><em>ORSI</em></strong></span> <span class='ocrx_word' id='word_1_26' title='bbox 1755 1784 1819 1841; x_wconf 88' lang='grc' dir='ltr'><strong><em>Ο.</em></strong></span> <span class='ocrx_word' id='word_1_27' title='bbox 1854 1785 1916 1843; x_wconf 87' lang='lat' dir='ltr'><strong><em>P.</em></strong></span> <span class='ocrx_word' id='word_1_28' title='bbox 1958 1785 2014 1844; x_wconf 89' lang='lat' dir='ltr'><strong><em>S.</em></strong></span> <span class='ocrx_word' id='word_1_29' title='bbox 2058 1786 2124 1842; x_wconf 74' lang='grc' dir='ltr'><strong>Β.</strong></span> <span class='ocrx_word' id='word_1_30' title='bbox 2171 1786 2232 1843; x_wconf 84' lang='grc' dir='ltr'><strong>Ε.</strong></span> <span class='ocrx_word' id='word_1_31' title='bbox 2279 1786 2737 1846; x_wconf 76' lang='lat' dir='ltr'><strong><em>PRESBYTERO</em></strong></span> <span class='ocrx_word' id='word_1_32' title='bbox 2775 1787 3168 1849; x_wconf 75' lang='lat' dir='ltr'><strong><em>CAilDINALI.</em></strong></span> 
     </span>
    </p>
   </div>
   <div class='ocr_carea' id='block_1_8' title="bbox 1278 1979 2328 2018">
    <p class='ocr_par' dir='ltr' id='par_1_8' title="bbox 1278 1979 2328 2018">
     <span class='ocr_line' id='line_1_8' title="bbox 1278 1979 2328 2018; baseline 0.002 -2"><span class='ocrx_word' id='word_1_33' title='bbox 1278 1979 2328 2018; x_wconf 52' lang='lat' dir='ltr'><strong><em>~—-—-—-—=i==&#39;-;—-———</em></strong></span> 
     </span>
    </p>
   </div>
   <div class='ocr_carea' id='block_1_9' title="bbox 629 2161 1190 2221">
    <p class='ocr_par' dir='ltr' id='par_1_9' title="bbox 629 2161 1190 2221">
     <span class='ocr_line' id='line_1_9' title="bbox 629 2161 1190 2221; baseline -0.007 0"><span class='ocrx_word' id='word_1_34' title='bbox 629 2161 858 2221; x_wconf 78' lang='lat' dir='ltr'><strong><em>CAPUT</em></strong></span> <span class='ocrx_word' id='word_1_35' title='bbox 899 2161 1190 2220; x_wconf 79' lang='lat' dir='ltr'><strong><em>PRIMUM.</em></strong></span> 
     </span>
    </p>
   </div>
   <div class='ocr_carea' id='block_1_10' title="bbox 1792 2162 3475 2237">
    <p class='ocr_par' dir='ltr' id='par_1_10' title="bbox 1792 2162 3475 2237">
     <span class='ocr_line' id='line_1_10' title="bbox 1792 2162 3475 2237; baseline 0.004 -18"><span class='ocrx_word' id='word_1_36' title='bbox 1792 2163 1848 2226; x_wconf 82' lang='grc' dir='ltr'><strong>Α</strong></span> <span class='ocrx_word' id='word_1_37' title='bbox 1871 2178 2005 2220; x_wconf 84' lang='lat' dir='ltr'><strong><em>nece</em></strong></span> <span class='ocrx_word' id='word_1_38' title='bbox 2033 2162 2201 2221; x_wconf 79' lang='lat' dir='ltr'><strong><em>fuisse</em></strong></span> <span class='ocrx_word' id='word_1_39' title='bbox 2231 2175 2489 2236; x_wconf 80' lang='lat' dir='ltr'><strong><em>perpetua</em></strong></span> <span class='ocrx_word' id='word_1_40' title='bbox 2524 2176 2582 2223; x_wconf 84' lang='lat' dir='ltr'><strong><em>et</em></strong></span> <span class='ocrx_word' id='word_1_41' title='bbox 2615 2181 2722 2224; x_wconf 90' lang='lat' dir='ltr'><strong><em>non</em></strong></span> <span class='ocrx_word' id='word_1_42' title='bbox 2750 2167 3043 2237; x_wconf 79' lang='lat' dir='ltr'><strong><em>interrupta</em></strong></span> <span class='ocrx_word' id='word_1_43' title='bbox 3076 2168 3331 2226; x_wconf 68' lang='lat' dir='ltr'><strong><em>Ecclesiae</em></strong></span> <span class='ocrx_word' id='word_1_44' title='bbox 3363 2177 3475 2226; x_wconf 83' lang='lat' dir='ltr'><strong><em>tra-</em></strong></span> 
     </span>
    </p>
   </div>
   <div class='ocr_carea' id='block_1_11' title="bbox 1868 2256 3477 2335">
    <p class='ocr_par' dir='ltr' id='par_1_11' title="bbox 1868 2256 3477 2335">
     <span class='ocr_line' id='line_1_11' title="bbox 1868 2256 3477 2335; baseline 0.007 -23"><span class='ocrx_word' id='word_1_45' title='bbox 1868 2256 2073 2312; x_wconf 87' lang='lat' dir='ltr'><strong><em>ditione</em></strong></span> <span class='ocrx_word' id='word_1_46' title='bbox 2104 2273 2200 2327; x_wconf 89' lang='lat' dir='ltr'><strong><em>pro</em></strong></span> <span class='ocrx_word' id='word_1_47' title='bbox 2233 2259 2374 2314; x_wconf 85' lang='lat' dir='ltr'><strong><em>veris</em></strong></span> <span class='ocrx_word' id='word_1_48' title='bbox 2417 2260 2742 2332; x_wconf 75' lang='lat' dir='ltr'><strong>martyribus</strong></span> <span class='ocrx_word' id='word_1_49' title='bbox 2773 2260 3002 2328; x_wconf 80' lang='lat' dir='ltr'><strong><em>habitas,</em></strong></span> <span class='ocrx_word' id='word_1_50' title='bbox 3031 2261 3274 2335; x_wconf 85' lang='lat' dir='ltr'><strong><em>adeoque</em></strong></span> <span class='ocrx_word' id='word_1_51' title='bbox 3297 2264 3350 2320; x_wconf 90' lang='lat' dir='ltr'><strong><em>in</em></strong></span> <span class='ocrx_word' id='word_1_52' title='bbox 3377 2264 3477 2323; x_wconf 55' lang='lat' dir='ltr'><strong><em>Ec.</em></strong></span> 
     </span>
    </p>
   </div>
   <div class='ocr_carea' id='block_1_12' title="bbox 236 2353 3259 2437">
    <p class='ocr_par' dir='ltr' id='par_1_12' title="bbox 236 2353 3259 2437">
     <span class='ocr_line' id='line_1_12' title="bbox 236 2353 3259 2437; baseline -0.002 -17"><span class='ocrx_word' id='word_1_53' title='bbox 236 2364 473 2433; x_wconf 73' lang='lat' dir='ltr'><strong><em>Externis</em></strong></span> <span class='ocrx_word' id='word_1_54' title='bbox 507 2364 820 2437; x_wconf 83' lang='lat' dir='ltr'><strong><em>argumentis</em></strong></span> <span class='ocrx_word' id='word_1_55' title='bbox 846 2379 909 2419; x_wconf 74' lang='lat' dir='ltr'><strong><em>ex</em></strong></span> <span class='ocrx_word' id='word_1_56' title='bbox 960 2360 1204 2419; x_wconf 76' lang='lat' dir='ltr'><strong><em>Ecclesia:</em></strong></span> <span class='ocrx_word' id='word_1_57' title='bbox 1232 2372 1281 2418; x_wconf 87' lang='lat' dir='ltr'><strong><em>et</em></strong></span> <span class='ocrx_word' id='word_1_58' title='bbox 1306 2372 1527 2418; x_wconf 82' lang='lat' dir='ltr'><strong><em>veterum</em></strong></span> <span class='ocrx_word' id='word_1_59' title='bbox 1557 2359 1772 2418; x_wconf 84' lang='lat' dir='ltr'><strong><em>Patrum</em></strong></span> <span class='ocrx_word' id='word_1_60' title='bbox 1872 2353 2053 2409; x_wconf 63' lang='lat' dir='ltr'><strong><em>desim</em></strong></span> <span class='ocrx_word' id='word_1_61' title='bbox 2079 2354 2359 2409; x_wconf 64' lang='lat' dir='ltr'><strong><em>catholica</em></strong></span> <span class='ocrx_word' id='word_1_62' title='bbox 2398 2370 2528 2424; x_wconf 79' lang='lat' dir='ltr'><strong><em>[Iace</em></strong></span> <span class='ocrx_word' id='word_1_63' title='bbox 2555 2363 2612 2410; x_wconf 74' lang='lat' dir='ltr'><strong><em>et</em></strong></span> <span class='ocrx_word' id='word_1_64' title='bbox 2636 2355 3013 2412; x_wconf 81' lang='lat' dir='ltr'><strong><em>communione</em></strong></span> <span class='ocrx_word' id='word_1_65' title='bbox 3038 2357 3259 2414; x_wconf 86' lang='lat' dir='ltr'><strong><em>abiisse.</em></strong></span> 
     </span>
    </p>
   </div>
   <div class='ocr_carea' id='block_1_13' title="bbox 172 2446 1768 2530">
    <p class='ocr_par' dir='ltr' id='par_1_13' title="bbox 172 2446 1768 2530">
     <span class='ocr_line' id='line_1_13' title="bbox 172 2446 1768 2530; baseline -0.004 -15"><span class='ocrx_word' id='word_1_66' title='bbox 172 2459 453 2515; x_wconf 71' lang='lat' dir='ltr'><strong><em>auctoritate</em></strong></span> <span class='ocrx_word' id='word_1_67' title='bbox 488 2457 682 2530; x_wconf 80' lang='lat' dir='ltr'><strong><em>petitis,</em></strong></span> <span class='ocrx_word' id='word_1_68' title='bbox 707 2454 812 2513; x_wconf 87' lang='lat' dir='ltr'><strong><em>SS.</em></strong></span> <span class='ocrx_word' id='word_1_69' title='bbox 836 2446 1123 2527; x_wconf 72' lang='lat' dir='ltr'><strong><em>Perpetuw,</em></strong></span> <span class='ocrx_word' id='word_1_70' title='bbox 1154 2452 1433 2511; x_wconf 81' lang='lat' dir='ltr'><strong><em>Felicitatis</em></strong></span> <span class='ocrx_word' id='word_1_71' title='bbox 1451 2463 1498 2511; x_wconf 83' lang='lat' dir='ltr'><strong><em>ei</em></strong></span> <span class='ocrx_word' id='word_1_72' title='bbox 1517 2456 1768 2511; x_wconf 84' lang='lat' dir='ltr'><strong><em>sociorum</em></strong></span> 
     </span>
    </p>
   </div>
   <div class='ocr_carea' id='block_1_14' title="bbox 171 2547 1099 2623">
    <p class='ocr_par' dir='ltr' id='par_1_14' title="bbox 171 2547 1099 2623">
     <span class='ocr_line' id='line_1_14' title="bbox 171 2547 1099 2623; baseline -0.006 -16"><span class='ocrx_word' id='word_1_73' title='bbox 171 2561 433 2623; x_wconf 78' lang='lat' dir='ltr'><strong><em>martyrum</em></strong></span> <span class='ocrx_word' id='word_1_74' title='bbox 456 2549 771 2605; x_wconf 76' lang='lat' dir='ltr'><strong><em>orthodoxia</em></strong></span> <span class='ocrx_word' id='word_1_75' title='bbox 794 2547 1099 2603; x_wconf 85' lang='lat' dir='ltr'><strong><em>vindicatur.</em></strong></span> 
     </span>
    </p>
   </div>
   <div class='ocr_carea' id='block_1_15' title="bbox 237 2639 1766 2713">
    <p class='ocr_par' dir='ltr' id='par_1_15' title="bbox 237 2639 1766 2713">
     <span class='ocr_line' id='line_1_15' title="bbox 237 2639 1766 2713; baseline -0.001 -14"><span class='ocrx_word' id='word_1_76' title='bbox 237 2643 283 2699; x_wconf 75' lang='grc' dir='ltr'><strong><em>ἱ.</em></strong></span> <span class='ocrx_word' id='word_1_77' title='bbox 310 2642 613 2697; x_wconf 72' lang='lat' dir='ltr'><strong><em>Tertulliani</em></strong></span> <span class='ocrx_word' id='word_1_78' title='bbox 632 2645 786 2697; x_wconf 75' lang='lat' dir='ltr'><strong><em>catcvi</em></strong></span> <span class='ocrx_word' id='word_1_79' title='bbox 815 2641 1079 2713; x_wconf 77' lang='lat' dir='ltr'><strong><em>scriptoris</em></strong></span> <span class='ocrx_word' id='word_1_80' title='bbox 1102 2657 1196 2712; x_wconf 87' lang='lat' dir='ltr'><strong><em>pro</em></strong></span> <span class='ocrx_word' id='word_1_81' title='bbox 1226 2639 1482 2712; x_wconf 86' lang='lat' dir='ltr'><strong><em>Perpetua</em></strong></span> <span class='ocrx_word' id='word_1_82' title='bbox 1517 2640 1766 2713; x_wconf 78' lang='lat' dir='ltr'><strong><em>sociisque</em></strong></span> 
     </span>
    </p>
   </div>
   <div class='ocr_carea' id='block_1_16' title="bbox 181 2735 852 2807">
    <p class='ocr_par' dir='ltr' id='par_1_16' title="bbox 181 2735 852 2807">
     <span class='ocr_line' id='line_1_16' title="bbox 181 2735 852 2807; baseline 0 -18"><span class='ocrx_word' id='word_1_83' title='bbox 181 2736 467 2807; x_wconf 71' lang='lat' dir='ltr'><strong><em>martyribus</em></strong></span> <span class='ocrx_word' id='word_1_84' title='bbox 491 2735 852 2789; x_wconf 85' lang='lat' dir='ltr'><strong><em>testimonium.</em></strong></span> 
     </span>
    </p>
   </div>
   <div class='ocr_carea' id='block_1_17' title="bbox 244 2826 1763 2898">
    <p class='ocr_par' dir='ltr' id='par_1_17' title="bbox 244 2826 1763 2898">
     <span class='ocr_line' id='line_1_17' title="bbox 244 2826 1763 2898; baseline -0.001 -14"><span class='ocrx_word' id='word_1_85' title='bbox 244 2829 304 2885; x_wconf 88' lang='lat' dir='ltr'><strong><em>ll.</em></strong></span> <span class='ocrx_word' id='word_1_86' title='bbox 330 2828 540 2884; x_wconf 86' lang='lat' dir='ltr'><strong><em>Pontius</em></strong></span> <span class='ocrx_word' id='word_1_87' title='bbox 577 2829 829 2883; x_wconf 78' lang='lat' dir='ltr'><strong><em>diaconus</em></strong></span> <span class='ocrx_word' id='word_1_88' title='bbox 871 2826 1165 2882; x_wconf 89' lang='lat' dir='ltr'><strong><em>earumdem</em></strong></span> <span class='ocrx_word' id='word_1_89' title='bbox 1202 2836 1482 2898; x_wconf 72' lang='lat' dir='ltr'><strong><em>martyrum</em></strong></span> <span class='ocrx_word' id='word_1_90' title='bbox 1514 2836 1629 2882; x_wconf 83' lang='lat' dir='ltr'><strong><em>acta</em></strong></span> <span class='ocrx_word' id='word_1_91' title='bbox 1664 2845 1763 2883; x_wconf 89' lang='lat' dir='ltr'><strong><em>non</em></strong></span> 
     </span>
    </p>
   </div>
   <div class='ocr_carea' id='block_1_18' title="bbox 184 2922 638 2978">
    <p class='ocr_par' dir='ltr' id='par_1_18' title="bbox 184 2922 638 2978">
     <span class='ocr_line' id='line_1_18' title="bbox 184 2922 638 2978; baseline -0.004 0"><span class='ocrx_word' id='word_1_92' title='bbox 184 2924 374 2978; x_wconf 75' lang='lat' dir='ltr'><strong><em>obscure</em></strong></span> <span class='ocrx_word' id='word_1_93' title='bbox 397 2922 638 2977; x_wconf 79' lang='lat' dir='ltr'><strong><em>laudavit.</em></strong></span> 
     </span>
    </p>
   </div>
   <div class='ocr_carea' id='block_1_19' title="bbox 251 3015 1765 3087">
    <p class='ocr_par' dir='ltr' id='par_1_19' title="bbox 251 3015 1765 3087">
     <span class='ocr_line' id='line_1_19' title="bbox 251 3015 1765 3087; baseline -0.001 -14"><span class='ocrx_word' id='word_1_94' title='bbox 251 3017 329 3073; x_wconf 90' lang='lat' dir='ltr'><strong><em>lii.</em></strong></span> <span class='ocrx_word' id='word_1_95' title='bbox 363 3018 626 3085; x_wconf 78' lang='lat' dir='ltr'><strong><em>Perpetua:</em></strong></span> <span class='ocrx_word' id='word_1_96' title='bbox 662 3027 711 3072; x_wconf 86' lang='lat' dir='ltr'><strong><em>et</em></strong></span> <span class='ocrx_word' id='word_1_97' title='bbox 759 3015 1040 3072; x_wconf 78' lang='lat' dir='ltr'><strong><em>Felicitatis</em></strong></span> <span class='ocrx_word' id='word_1_98' title='bbox 1071 3016 1476 3085; x_wconf 87' lang='lat' dir='ltr'><strong><em>antiquissimum</em></strong></span> <span class='ocrx_word' id='word_1_99' title='bbox 1519 3015 1675 3087; x_wconf 82' lang='lat' dir='ltr'><strong><em>fuisse</em></strong></span> <span class='ocrx_word' id='word_1_100' title='bbox 1713 3016 1765 3071; x_wconf 89' lang='lat' dir='ltr'><strong><em>in</em></strong></span> 
     </span>
    </p>
   </div>
   <div class='ocr_carea' id='block_1_20' title="bbox 172 3110 1765 3182">
    <p class='ocr_par' dir='ltr' id='par_1_20' title="bbox 172 3110 1765 3182">
     <span class='ocr_line' id='line_1_20' title="bbox 172 3110 1765 3182; baseline 0.001 -17"><span class='ocrx_word' id='word_1_101' title='bbox 172 3112 385 3168; x_wconf 75' lang='lat' dir='ltr'><strong><em>Ecclesia</em></strong></span> <span class='ocrx_word' id='word_1_102' title='bbox 411 3115 646 3170; x_wconf 78' lang='lat' dir='ltr'><strong><em>Romana</em></strong></span> <span class='ocrx_word' id='word_1_103' title='bbox 674 3110 865 3167; x_wconf 87' lang='lat' dir='ltr'><strong><em>cultum</em></strong></span> <span class='ocrx_word' id='word_1_104' title='bbox 886 3154 902 3180; x_wconf 88' lang='lat'><strong><em>,</em></strong></span> <span class='ocrx_word' id='word_1_105' title='bbox 929 3127 993 3166; x_wconf 81' lang='lat' dir='ltr'><strong><em>ea:</em></strong></span> <span class='ocrx_word' id='word_1_106' title='bbox 1019 3110 1259 3166; x_wconf 85' lang='lat' dir='ltr'><strong><em>Buclterii</em></strong></span> <span class='ocrx_word' id='word_1_107' title='bbox 1291 3120 1573 3182; x_wconf 80' lang='lat' dir='ltr'><strong><em>pervetusto</em></strong></span> <span class='ocrx_word' id='word_1_108' title='bbox 1594 3111 1765 3166; x_wconf 86' lang='lat' dir='ltr'><strong><em>calen-</em></strong></span> 
     </span>
    </p>
   </div>
   <div class='ocr_carea' id='block_1_21' title="bbox 168 3207 724 3261">
    <p class='ocr_par' dir='ltr' id='par_1_21' title="bbox 168 3207 724 3261">
     <span class='ocr_line' id='line_1_21' title="bbox 168 3207 724 3261; baseline 0 0"><span class='ocrx_word' id='word_1_109' title='bbox 168 3207 303 3261; x_wconf 82' lang='lat' dir='ltr'><strong><em>dario</em></strong></span> <span class='ocrx_word' id='word_1_110' title='bbox 322 3208 724 3261; x_wconf 73' lang='lat' dir='ltr'><strong><em>demonstratur.</em></strong></span> 
     </span>
    </p>
   </div>
   <div class='ocr_carea' id='block_1_22' title="bbox 234 3297 1766 3369">
    <p class='ocr_par' dir='ltr' id='par_1_22' title="bbox 234 3297 1766 3369">
     <span class='ocr_line' id='line_1_22' title="bbox 234 3297 1766 3369; baseline -0.002 -15"><span class='ocrx_word' id='word_1_111' title='bbox 234 3298 318 3354; x_wconf 83' lang='lat' dir='ltr'><strong><em>lV.</em></strong></span> <span class='ocrx_word' id='word_1_112' title='bbox 346 3298 577 3355; x_wconf 78' lang='lat' dir='ltr'><strong><em>Sanetus</em></strong></span> <span class='ocrx_word' id='word_1_113' title='bbox 610 3299 926 3369; x_wconf 73' lang='lat' dir='ltr'><strong><em>Augustinus</em></strong></span> <span class='ocrx_word' id='word_1_114' title='bbox 962 3298 1257 3353; x_wconf 87' lang='lat' dir='ltr'><strong><em>earumdem</em></strong></span> <span class='ocrx_word' id='word_1_115' title='bbox 1297 3308 1579 3366; x_wconf 76' lang='lat' dir='ltr'><strong><em>martyrum</em></strong></span> <span class='ocrx_word' id='word_1_116' title='bbox 1614 3297 1766 3352; x_wconf 77' lang='lat' dir='ltr'><strong><em>rariis</em></strong></span> 
     </span>
    </p>
   </div>
   <div class='ocr_carea' id='block_1_23' title="bbox 164 3391 1767 3460">
    <p class='ocr_par' dir='ltr' id='par_1_23' title="bbox 164 3391 1767 3460">
     <span class='ocr_line' id='line_1_23' title="bbox 164 3391 1767 3460; baseline -0.001 -14"><span class='ocrx_word' id='word_1_117' title='bbox 164 3392 213 3447; x_wconf 86' lang='lat' dir='ltr'><strong><em>in</em></strong></span> <span class='ocrx_word' id='word_1_118' title='bbox 232 3392 351 3448; x_wconf 86' lang='lat' dir='ltr'><strong><em>locis</em></strong></span> <span class='ocrx_word' id='word_1_119' title='bbox 376 3409 501 3447; x_wconf 87' lang='lat' dir='ltr'><strong><em>cum</em></strong></span> <span class='ocrx_word' id='word_1_120' title='bbox 529 3392 684 3448; x_wconf 81' lang='lat' dir='ltr'><strong><em>laude</em></strong></span> <span class='ocrx_word' id='word_1_121' title='bbox 708 3392 950 3460; x_wconf 82' lang='lat' dir='ltr'><strong><em>meminit,</em></strong></span> <span class='ocrx_word' id='word_1_122' title='bbox 982 3410 1043 3447; x_wconf 89' lang='lat' dir='ltr'><strong><em>ac</em></strong></span> <span class='ocrx_word' id='word_1_123' title='bbox 1070 3394 1229 3448; x_wconf 83' lang='lat' dir='ltr'><strong><em>tribus</em></strong></span> <span class='ocrx_word' id='word_1_124' title='bbox 1249 3409 1334 3448; x_wconf 87' lang='lat' dir='ltr'><strong><em>eas</em></strong></span> <span class='ocrx_word' id='word_1_125' title='bbox 1359 3391 1660 3446; x_wconf 81' lang='lat' dir='ltr'><strong><em>tractatibus</em></strong></span> <span class='ocrx_word' id='word_1_126' title='bbox 1686 3408 1767 3445; x_wconf 82' lang='lat' dir='ltr'><strong><em>ce-</em></strong></span> 
     </span>
    </p>
   </div>
   <div class='ocr_carea' id='block_1_24' title="bbox 166 3487 1765 3561">
    <p class='ocr_par' dir='ltr' id='par_1_24' title="bbox 166 3487 1765 3561">
     <span class='ocr_line' id='line_1_24' title="bbox 166 3487 1765 3561; baseline -0.001 -19"><span class='ocrx_word' id='word_1_127' title='bbox 166 3488 400 3554; x_wconf 75' lang='lat' dir='ltr'><strong><em>lebravit;</em></strong></span> <span class='ocrx_word' id='word_1_128' title='bbox 425 3504 648 3560; x_wconf 87' lang='lat' dir='ltr'><strong><em>quarunt</em></strong></span> <span class='ocrx_word' id='word_1_129' title='bbox 685 3489 905 3561; x_wconf 83' lang='lat' dir='ltr'><strong><em>priorem</em></strong></span> <span class='ocrx_word' id='word_1_130' title='bbox 945 3490 997 3543; x_wconf 87' lang='lat' dir='ltr'><strong><em>in</em></strong></span> <span class='ocrx_word' id='word_1_131' title='bbox 1029 3489 1179 3544; x_wconf 85' lang='lat' dir='ltr'><strong><em>editis</em></strong></span> <span class='ocrx_word' id='word_1_132' title='bbox 1215 3488 1313 3543; x_wconf 85' lang='lat' dir='ltr'><strong><em>levi</em></strong></span> <span class='ocrx_word' id='word_1_133' title='bbox 1333 3487 1609 3542; x_wconf 86' lang='lat' dir='ltr'><strong><em>admodum</em></strong></span> <span class='ocrx_word' id='word_1_134' title='bbox 1636 3503 1765 3541; x_wconf 87' lang='lat' dir='ltr'><strong><em>con-</em></strong></span> 
     </span>
    </p>
   </div>
   <div class='ocr_carea' id='block_1_25' title="bbox 162 3579 1767 3654">
    <p class='ocr_par' dir='ltr' id='par_1_25' title="bbox 162 3579 1767 3654">
     <span class='ocr_line' id='line_1_25' title="bbox 162 3579 1767 3654; baseline 0 -19"><span class='ocrx_word' id='word_1_135' title='bbox 162 3581 347 3647; x_wconf 79' lang='lat' dir='ltr'><strong><em>iectura</em></strong></span> <span class='ocrx_word' id='word_1_136' title='bbox 368 3592 553 3638; x_wconf 85' lang='lat' dir='ltr'><strong><em>sancto</em></strong></span> <span class='ocrx_word' id='word_1_137' title='bbox 589 3582 795 3638; x_wconf 89' lang='lat' dir='ltr'><strong><em>Doctori</em></strong></span> <span class='ocrx_word' id='word_1_138' title='bbox 823 3579 1115 3654; x_wconf 87' lang='lat' dir='ltr'><strong><em>Basnagius</em></strong></span> <span class='ocrx_word' id='word_1_139' title='bbox 1142 3579 1403 3652; x_wconf 82' lang='lat' dir='ltr'><strong><em>abjudicat</em></strong></span> <span class='ocrx_word' id='word_1_140' title='bbox 1426 3590 1469 3635; x_wconf 89' lang='lat' dir='ltr'><strong><em>et</em></strong></span> <span class='ocrx_word' id='word_1_141' title='bbox 1509 3582 1653 3635; x_wconf 88' lang='lat' dir='ltr'><strong><em>irrito</em></strong></span> <span class='ocrx_word' id='word_1_142' title='bbox 1682 3596 1767 3635; x_wconf 92' lang='lat' dir='ltr'><strong><em>co-</em></strong></span> 
     </span>
    </p>
   </div>
   <div class='ocr_carea' id='block_1_26' title="bbox 164 3674 1208 3748">
    <p class='ocr_par' dir='ltr' id='par_1_26' title="bbox 164 3674 1208 3748">
     <span class='ocr_line' id='line_1_26' title="bbox 164 3674 1208 3748; baseline 0.002 -19"><span class='ocrx_word' id='word_1_143' title='bbox 164 3684 274 3729; x_wconf 87' lang='lat' dir='ltr'><strong><em>natu</em></strong></span> <span class='ocrx_word' id='word_1_144' title='bbox 298 3676 505 3731; x_wconf 75' lang='lat' dir='ltr'><strong><em>elevare</em></strong></span> <span class='ocrx_word' id='word_1_145' title='bbox 531 3684 576 3730; x_wconf 86' lang='lat' dir='ltr'><strong><em>et</em></strong></span> <span class='ocrx_word' id='word_1_146' title='bbox 604 3674 911 3748; x_wconf 77' lang='lat' dir='ltr'><strong><em>labefactare</em></strong></span> <span class='ocrx_word' id='word_1_147' title='bbox 929 3676 1208 3731; x_wconf 86' lang='lat' dir='ltr'><strong><em>contendit.</em></strong></span> 
     </span>
    </p>
   </div>
   <div class='ocr_carea' id='block_1_27' title="bbox 227 3768 1766 3842">
    <p class='ocr_par' dir='ltr' id='par_1_27' title="bbox 227 3768 1766 3842">
     <span class='ocr_line' id='line_1_27' title="bbox 227 3768 1766 3842; baseline -0.002 -17"><span class='ocrx_word' id='word_1_148' title='bbox 227 3770 291 3827; x_wconf 73' lang='grc' dir='ltr'><strong><em>γ.</em></strong></span> <span class='ocrx_word' id='word_1_149' title='bbox 335 3770 697 3826; x_wconf 84' lang='lat' dir='ltr'><strong><em>Ecclesiarum</em></strong></span> <span class='ocrx_word' id='word_1_150' title='bbox 763 3769 1242 3842; x_wconf 82' lang='lat' dir='ltr'><strong><em>Carthaginensium</em></strong></span> <span class='ocrx_word' id='word_1_151' title='bbox 1317 3768 1644 3825; x_wconf 81' lang='lat' dir='ltr'><strong><em>celeberrimo</em></strong></span> <span class='ocrx_word' id='word_1_152' title='bbox 1719 3779 1766 3822; x_wconf 90' lang='lat' dir='ltr'><strong><em>et</em></strong></span> 
     </span>
    </p>
   </div>
   <div class='ocr_carea' id='block_1_28' title="bbox 1948 2444 3473 2518">
    <p class='ocr_par' dir='ltr' id='par_1_28' title="bbox 1948 2444 3473 2518">
     <span class='ocr_line' id='line_1_28' title="bbox 1948 2444 3473 2518; baseline 0.005 -21"><span class='ocrx_word' id='word_1_153' title='bbox 1948 2444 1988 2498; x_wconf 90' lang='lat' dir='ltr'><strong><em>i.</em></strong></span> <span class='ocrx_word' id='word_1_154' title='bbox 2019 2444 2402 2512; x_wconf 86' lang='lat' dir='ltr'><strong><em>Tertulliauus,</em></strong></span> <span class='ocrx_word' id='word_1_155' title='bbox 2429 2448 2517 2518; x_wconf 85' lang='lat' dir='ltr'><strong><em>qui</em></strong></span> <span class='ocrx_word' id='word_1_156' title='bbox 2547 2446 2825 2518; x_wconf 70' lang='lat' dir='ltr'><strong><em>Perpetua:</em></strong></span> <span class='ocrx_word' id='word_1_157' title='bbox 2859 2463 3075 2505; x_wconf 58' lang='lat' dir='ltr'><strong><em>coaevus</em></strong></span> <span class='ocrx_word' id='word_1_158' title='bbox 3112 2448 3211 2505; x_wconf 78' lang='lat' dir='ltr'><strong><em>fuit</em></strong></span> <span class='ocrx_word' id='word_1_159' title='bbox 3259 2457 3317 2506; x_wconf 84' lang='lat' dir='ltr'><strong><em>et</em></strong></span> <span class='ocrx_word' id='word_1_160' title='bbox 3341 2448 3473 2505; x_wconf 80' lang='lat' dir='ltr'><strong><em>Car-</em></strong></span> 
     </span>
    </p>
   </div>
   <div class='ocr_carea' id='block_1_29' title="bbox 1872 2536 3515 2616">
    <p class='ocr_par' dir='ltr' id='par_1_29' title="bbox 1872 2536 3515 2616">
     <span class='ocr_line' id='line_1_29' title="bbox 1872 2536 3515 2616; baseline 0.003 -21"><span class='ocrx_word' id='word_1_161' title='bbox 1872 2540 2106 2611; x_wconf 79' lang='lat' dir='ltr'><strong><em>thaginis</em></strong></span> <span class='ocrx_word' id='word_1_162' title='bbox 2132 2541 2326 2608; x_wconf 86' lang='lat' dir='ltr'><strong><em>incola,</em></strong></span> <span class='ocrx_word' id='word_1_163' title='bbox 2354 2542 2440 2598; x_wconf 88' lang='lat' dir='ltr'><strong><em>ubi</em></strong></span> <span class='ocrx_word' id='word_1_164' title='bbox 2472 2542 2732 2613; x_wconf 85' lang='lat' dir='ltr'><strong><em>Perpetua</em></strong></span> <span class='ocrx_word' id='word_1_165' title='bbox 2757 2543 3005 2614; x_wconf 74' lang='lat' dir='ltr'><strong><em>sociique</em></strong></span> <span class='ocrx_word' id='word_1_166' title='bbox 3044 2552 3308 2616; x_wconf 81' lang='lat' dir='ltr'><strong><em>martyres</em></strong></span> <span class='ocrx_word' id='word_1_167' title='bbox 3354 2536 3515 2600; x_wconf 66' lang='lat' dir='ltr'><strong><em>neci&quot;</em></strong></span> 
     </span>
    </p>
   </div>
   <div class='ocr_carea' id='block_1_30' title="bbox 1868 2631 3470 2707">
    <p class='ocr_par' dir='ltr' id='par_1_30' title="bbox 1868 2631 3470 2707">
     <span class='ocr_line' id='line_1_30' title="bbox 1868 2631 3470 2707; baseline 0.004 -21"><span class='ocrx_word' id='word_1_168' title='bbox 1868 2631 2048 2686; x_wconf 82' lang='lat' dir='ltr'><strong><em>traditi</em></strong></span> <span class='ocrx_word' id='word_1_169' title='bbox 2073 2643 2216 2695; x_wconf 78' lang='lat' dir='ltr'><strong><em>sunt,</em></strong></span> <span class='ocrx_word' id='word_1_170' title='bbox 2245 2633 2360 2704; x_wconf 84' lang='lat' dir='ltr'><strong><em>ejus</em></strong></span> <span class='ocrx_word' id='word_1_171' title='bbox 2389 2639 2440 2688; x_wconf 85' lang='lat' dir='ltr'><strong><em>in</em></strong></span> <span class='ocrx_word' id='word_1_172' title='bbox 2463 2635 2596 2705; x_wconf 82' lang='lat' dir='ltr'><strong><em>libro</em></strong></span> <span class='ocrx_word' id='word_1_173' title='bbox 2618 2635 2683 2689; x_wconf 87' lang='lat' dir='ltr'><strong><em>de</em></strong></span> <span class='ocrx_word' id='word_1_174' title='bbox 2700 2635 3039 2707; x_wconf 73' lang='lat' dir='ltr'><strong><em>Anima,cap.</em></strong></span> <span class='ocrx_word' id='word_1_175' title='bbox 3061 2636 3150 2702; x_wconf 80' lang='lat'><strong><em>55,</em></strong></span> <span class='ocrx_word' id='word_1_176' title='bbox 3180 2638 3263 2692; x_wconf 94' lang='lat' dir='ltr'><strong><em>itis</em></strong></span> <span class='ocrx_word' id='word_1_177' title='bbox 3290 2637 3470 2693; x_wconf 77' lang='lat' dir='ltr'><strong><em>verbis</em></strong></span> 
     </span>
    </p>
   </div>
   <div class='ocr_carea' id='block_1_31' title="bbox 1869 2725 3473 2801">
    <p class='ocr_par' dir='ltr' id='par_1_31' title="bbox 1869 2725 3473 2801">
     <span class='ocr_line' id='line_1_31' title="bbox 1869 2725 3473 2801; baseline 0.004 -22"><span class='ocrx_word' id='word_1_178' title='bbox 1869 2725 2140 2781; x_wconf 82' lang='lat' dir='ltr'><strong><em>meminit:</em></strong></span> <span class='ocrx_word' id='word_1_179' title='bbox 2161 2727 2482 2796; x_wconf 67' lang='lat' dir='ltr'><strong><em>«Pertteiua,</em></strong></span> <span class='ocrx_word' id='word_1_180' title='bbox 2515 2726 2808 2783; x_wconf 76' lang='lat' dir='ltr'><strong><em>fortissima</em></strong></span> <span class='ocrx_word' id='word_1_181' title='bbox 2844 2738 3070 2801; x_wconf 75' lang='lat' dir='ltr'><strong><em>martyr,</em></strong></span> <span class='ocrx_word' id='word_1_182' title='bbox 3103 2729 3205 2784; x_wconf 87' lang='lat' dir='ltr'><strong><em>sub</em></strong></span> <span class='ocrx_word' id='word_1_183' title='bbox 3231 2729 3323 2785; x_wconf 86' lang='lat' dir='ltr'><strong><em>die</em></strong></span> <span class='ocrx_word' id='word_1_184' title='bbox 3352 2745 3473 2799; x_wconf 86' lang='lat' dir='ltr'><strong><em>pas--</em></strong></span> 
     </span>
    </p>
   </div>
   <div class='ocr_carea' id='block_1_32' title="bbox 1866 2818 3474 2893">
    <p class='ocr_par' dir='ltr' id='par_1_32' title="bbox 1866 2818 3474 2893">
     <span class='ocr_line' id='line_1_32' title="bbox 1866 2818 3474 2893; baseline 0.002 -19"><span class='ocrx_word' id='word_1_185' title='bbox 1866 2818 2057 2887; x_wconf 87' lang='lat' dir='ltr'><strong><em>sionis,</em></strong></span> <span class='ocrx_word' id='word_1_186' title='bbox 2089 2820 2140 2875; x_wconf 92' lang='lat' dir='ltr'><strong><em>in</em></strong></span> <span class='ocrx_word' id='word_1_187' title='bbox 2172 2820 2505 2876; x_wconf 81' lang='lat' dir='ltr'><strong><em>revelatioue</em></strong></span> <span class='ocrx_word' id='word_1_188' title='bbox 2536 2821 2765 2889; x_wconf 76' lang='lat' dir='ltr'><strong><em>paradisi</em></strong></span> <span class='ocrx_word' id='word_1_189' title='bbox 2790 2819 3059 2876; x_wconf 87' lang='lat' dir='ltr'><strong><em>solosillic</em></strong></span> <span class='ocrx_word' id='word_1_190' title='bbox 3078 2831 3474 2893; x_wconf 86' lang='lat' dir='ltr'><strong><em>commartyrcs</em></strong></span> 
     </span>
    </p>
   </div>
   <div class='ocr_carea' id='block_1_33' title="bbox 1868 2912 3475 2986">
    <p class='ocr_par' dir='ltr' id='par_1_33' title="bbox 1868 2912 3475 2986">
     <span class='ocr_line' id='line_1_33' title="bbox 1868 2912 3475 2986; baseline 0.001 -18"><span class='ocrx_word' id='word_1_191' title='bbox 1868 2928 1996 2968; x_wconf 86' lang='lat' dir='ltr'><strong><em>suos</em></strong></span> <span class='ocrx_word' id='word_1_192' title='bbox 2025 2912 2173 2968; x_wconf 88' lang='lat' dir='ltr'><strong><em>vidit.</em></strong></span> <span class='ocrx_word' id='word_1_193' title='bbox 2189 2933 2209 2967; x_wconf 76' lang='grc' dir='ltr'><strong><em>ι</em></strong></span> <span class='ocrx_word' id='word_1_194' title='bbox 2232 2913 2309 2969; x_wconf 86' lang='lat' dir='ltr'><strong><em>Ne</em></strong></span> <span class='ocrx_word' id='word_1_195' title='bbox 2329 2915 2490 2974; x_wconf 76' lang='lat' dir='ltr'><strong><em>verbo</em></strong></span> <span class='ocrx_word' id='word_1_196' title='bbox 2512 2914 2725 2986; x_wconf 81' lang='lat' dir='ltr'><strong><em>quidem</em></strong></span> <span class='ocrx_word' id='word_1_197' title='bbox 2751 2913 2946 2970; x_wconf 85' lang='lat' dir='ltr'><strong><em>indicat</em></strong></span> <span class='ocrx_word' id='word_1_198' title='bbox 2965 2914 3130 2971; x_wconf 81' lang='lat' dir='ltr'><strong><em>fuisse</em></strong></span> <span class='ocrx_word' id='word_1_199' title='bbox 3154 2915 3295 2970; x_wconf 87' lang='lat' dir='ltr'><strong><em>illam</em></strong></span> <span class='ocrx_word' id='word_1_200' title='bbox 3314 2924 3475 2970; x_wconf 73' lang='lat' dir='ltr'><strong><em>secta:</em></strong></span> 
     </span>
    </p>
   </div>
   <div class='ocr_carea' id='block_1_34' title="bbox 1866 3006 3475 3078">
    <p class='ocr_par' dir='ltr' id='par_1_34' title="bbox 1866 3006 3475 3078">
     <span class='ocr_line' id='line_1_34' title="bbox 1866 3006 3475 3078; baseline 0.001 -19"><span class='ocrx_word' id='word_1_201' title='bbox 1866 3006 2259 3063; x_wconf 60' lang='lat' dir='ltr'><strong><em>montanisticau</em></strong></span> <span class='ocrx_word' id='word_1_202' title='bbox 2294 3007 2558 3065; x_wconf 82' lang='lat' dir='ltr'><strong><em>addictam</em></strong></span> <span class='ocrx_word' id='word_1_203' title='bbox 2593 3028 2604 3063; x_wconf 91' lang='lat'><strong>:</strong></span> <span class='ocrx_word' id='word_1_204' title='bbox 2631 3007 2772 3078; x_wconf 88' lang='lat' dir='ltr'><strong><em>quod</em></strong></span> <span class='ocrx_word' id='word_1_205' title='bbox 2803 3016 2950 3062; x_wconf 87' lang='lat' dir='ltr'><strong><em>certe</em></strong></span> <span class='ocrx_word' id='word_1_206' title='bbox 2971 3007 3291 3063; x_wconf 82' lang='lat' dir='ltr'><strong><em>vanissimus</em></strong></span> <span class='ocrx_word' id='word_1_207' title='bbox 3313 3008 3475 3063; x_wconf 92' lang='lat' dir='ltr'><strong><em>homo</em></strong></span> 
     </span>
    </p>
   </div>
   <div class='ocr_carea' id='block_1_35' title="bbox 1866 3100 3474 3171">
    <p class='ocr_par' dir='ltr' id='par_1_35' title="bbox 1866 3100 3474 3171">
     <span class='ocr_line' id='line_1_35' title="bbox 1866 3100 3474 3171; baseline 0.002 -17"><span class='ocrx_word' id='word_1_208' title='bbox 1866 3114 2204 3169; x_wconf 84' lang='lat' dir='ltr'><strong><em>nequaquam</em></strong></span> <span class='ocrx_word' id='word_1_209' title='bbox 2224 3102 2678 3171; x_wconf 68' lang='lat' dir='ltr'><strong><em>praetermisisset,</em></strong></span> <span class='ocrx_word' id='word_1_210' title='bbox 2722 3101 2913 3156; x_wconf 89' lang='lat' dir='ltr'><strong><em>solitus</em></strong></span> <span class='ocrx_word' id='word_1_211' title='bbox 2935 3100 3130 3157; x_wconf 82' lang='lat' dir='ltr'><strong><em>inﬂatis</em></strong></span> <span class='ocrx_word' id='word_1_212' title='bbox 3153 3101 3333 3158; x_wconf 91' lang='lat' dir='ltr'><strong><em>buccis</em></strong></span> <span class='ocrx_word' id='word_1_213' title='bbox 3351 3115 3474 3158; x_wconf 84' lang='lat' dir='ltr'><strong><em>sce-</em></strong></span> 
     </span>
    </p>
   </div>
   <div class='ocr_carea' id='block_1_36' title="bbox 1869 3193 3472 3251">
    <p class='ocr_par' dir='ltr' id='par_1_36' title="bbox 1869 3193 3472 3251">
     <span class='ocr_line' id='line_1_36' title="bbox 1869 3193 3472 3251; baseline -0.001 -1"><span class='ocrx_word' id='word_1_214' title='bbox 1869 3195 2053 3250; x_wconf 74' lang='lat' dir='ltr'><strong><em>lerata:</em></strong></span> <span class='ocrx_word' id='word_1_215' title='bbox 2085 3193 2331 3250; x_wconf 79' lang='lat' dir='ltr'><strong><em>factionis</em></strong></span> <span class='ocrx_word' id='word_1_216' title='bbox 2358 3195 2551 3251; x_wconf 79' lang='lat' dir='ltr'><strong><em>decora</em></strong></span> <span class='ocrx_word' id='word_1_217' title='bbox 2590 3211 2866 3251; x_wconf 88' lang='lat' dir='ltr'><strong><em>resonare.</em></strong></span> <span class='ocrx_word' id='word_1_218' title='bbox 2913 3195 3156 3251; x_wconf 79' lang='lat' dir='ltr'><strong><em>Meminit</em></strong></span> <span class='ocrx_word' id='word_1_219' title='bbox 3190 3195 3243 3251; x_wconf 91' lang='lat' dir='ltr'><strong><em>in</em></strong></span> <span class='ocrx_word' id='word_1_220' title='bbox 3282 3194 3472 3251; x_wconf 80' lang='lat' dir='ltr'><strong><em>eodem</em></strong></span> 
     </span>
    </p>
   </div>
   <div class='ocr_carea' id='block_1_37' title="bbox 1868 3286 3537 3359">
    <p class='ocr_par' dir='ltr' id='par_1_37' title="bbox 1868 3286 3537 3359">
     <span class='ocr_line' id='line_1_37' title="bbox 1868 3286 3537 3359; baseline 0.001 -18"><span class='ocrx_word' id='word_1_221' title='bbox 1868 3286 2024 3352; x_wconf 87' lang='lat' dir='ltr'><strong><em>libro,</em></strong></span> <span class='ocrx_word' id='word_1_222' title='bbox 2057 3301 2173 3357; x_wconf 86' lang='lat' dir='ltr'><strong><em>cap.</em></strong></span> <span class='ocrx_word' id='word_1_223' title='bbox 2199 3287 2250 3353; x_wconf 86' lang='lat'><strong><em>9,</em></strong></span> <span class='ocrx_word' id='word_1_224' title='bbox 2280 3286 2525 3344; x_wconf 79' lang='lat' dir='ltr'><strong><em>fanatica:</em></strong></span> <span class='ocrx_word' id='word_1_225' title='bbox 2550 3287 2825 3359; x_wconf 79' lang='lat' dir='ltr'><strong><em>cujusdam</em></strong></span> <span class='ocrx_word' id='word_1_226' title='bbox 2853 3288 3095 3343; x_wconf 76' lang='lat' dir='ltr'><strong><em>mulieris</em></strong></span> <span class='ocrx_word' id='word_1_227' title='bbox 3124 3290 3469 3359; x_wconf 81' lang='lat' dir='ltr'><strong><em>Angelornnt,</em></strong></span> <span class='ocrx_word' id='word_1_228' title='bbox 3502 3302 3537 3320; x_wconf 63' lang='grc'><strong>“</strong></span> 
     </span>
    </p>
   </div>
   <div class='ocr_carea' id='block_1_38' title="bbox 1867 3381 3478 3452">
    <p class='ocr_par' dir='ltr' id='par_1_38' title="bbox 1867 3381 3478 3452">
     <span class='ocr_line' id='line_1_38' title="bbox 1867 3381 3478 3452; baseline 0.001 -16"><span class='ocrx_word' id='word_1_229' title='bbox 1867 3393 1925 3436; x_wconf 88' lang='grc' dir='ltr'><strong><em>ιιι</em></strong></span> <span class='ocrx_word' id='word_1_230' title='bbox 1956 3381 2207 3452; x_wconf 80' lang='lat' dir='ltr'><strong><em>putabat,</em></strong></span> <span class='ocrx_word' id='word_1_231' title='bbox 2244 3391 2301 3438; x_wconf 86' lang='lat' dir='ltr'><strong><em>ct</em></strong></span> <span class='ocrx_word' id='word_1_232' title='bbox 2326 3384 2494 3451; x_wconf 74' lang='lat' dir='ltr'><strong><em>ipsius</em></strong></span> <span class='ocrx_word' id='word_1_233' title='bbox 2523 3383 2733 3437; x_wconf 87' lang='lat' dir='ltr'><strong><em>Domini</em></strong></span> <span class='ocrx_word' id='word_1_234' title='bbox 2765 3381 3066 3436; x_wconf 71' lang='lat' dir='ltr'><strong><em>visionibus</em></strong></span> <span class='ocrx_word' id='word_1_235' title='bbox 3092 3393 3355 3448; x_wconf 64' lang='lat' dir='ltr'><strong><em>assuetae;</em></strong></span> <span class='ocrx_word' id='word_1_236' title='bbox 3381 3398 3478 3437; x_wconf 88' lang='lat' dir='ltr'><strong><em>ue-</em></strong></span> 
     </span>
    </p>
   </div>
   <div class='ocr_carea' id='block_1_39' title="bbox 1867 3475 3475 3548">
    <p class='ocr_par' dir='ltr' id='par_1_39' title="bbox 1867 3475 3475 3548">
     <span class='ocr_line' id='line_1_39' title="bbox 1867 3475 3475 3548; baseline 0.002 -18"><span class='ocrx_word' id='word_1_237' title='bbox 1867 3492 1975 3548; x_wconf 88' lang='lat' dir='ltr'><strong><em>qne</em></strong></span> <span class='ocrx_word' id='word_1_238' title='bbox 2003 3492 2223 3533; x_wconf 88' lang='lat' dir='ltr'><strong><em>monere</em></strong></span> <span class='ocrx_word' id='word_1_239' title='bbox 2247 3479 2446 3534; x_wconf 88' lang='lat' dir='ltr'><strong><em>omittit</em></strong></span> <span class='ocrx_word' id='word_1_240' title='bbox 2475 3494 2587 3534; x_wconf 69' lang='lat' dir='ltr'><strong><em>suae</em></strong></span> <span class='ocrx_word' id='word_1_241' title='bbox 2632 3481 2776 3535; x_wconf 83' lang='lat' dir='ltr'><strong><em>illaut</em></strong></span> <span class='ocrx_word' id='word_1_242' title='bbox 2824 3479 2987 3535; x_wconf 82' lang='lat' dir='ltr'><strong><em>inisse</em></strong></span> <span class='ocrx_word' id='word_1_243' title='bbox 3034 3475 3429 3533; x_wconf 75' lang='lat' dir='ltr'><strong><em>communionis</em></strong></span> <span class='ocrx_word' id='word_1_244' title='bbox 3460 3495 3475 3533; x_wconf 85' lang='lat'><strong>:</strong></span> 
     </span>
    </p>
   </div>
   <div class='ocr_carea' id='block_1_40' title="bbox 1874 3570 3471 3644">
    <p class='ocr_par' dir='ltr' id='par_1_40' title="bbox 1874 3570 3471 3644">
     <span class='ocr_line' id='line_1_40' title="bbox 1874 3570 3471 3644; baseline 0 -22"><span class='ocrx_word' id='word_1_245' title='bbox 1874 3587 1895 3622; x_wconf 79' lang='grc' dir='ltr'><strong><em>ι</em></strong></span> <span class='ocrx_word' id='word_1_246' title='bbox 1934 3570 2031 3625; x_wconf 85' lang='lat' dir='ltr'><strong><em>Est</em></strong></span> <span class='ocrx_word' id='word_1_247' title='bbox 2061 3613 2076 3637; x_wconf 95' lang='lat'><strong><em>,</em></strong></span> <span class='ocrx_word' id='word_1_248' title='bbox 2133 3571 2304 3641; x_wconf 83' lang='lat' dir='ltr'><strong><em>inquit</em></strong></span> <span class='ocrx_word' id='word_1_249' title='bbox 2326 3615 2340 3638; x_wconf 90' lang='lat'><strong><em>,</em></strong></span> <span class='ocrx_word' id='word_1_250' title='bbox 2405 3572 2564 3628; x_wconf 85' lang='lat' dir='ltr'><strong><em>hodie</em></strong></span> <span class='ocrx_word' id='word_1_251' title='bbox 2594 3588 2748 3628; x_wconf 89' lang='lat' dir='ltr'><strong><em>soror</em></strong></span> <span class='ocrx_word' id='word_1_252' title='bbox 2773 3572 2912 3644; x_wconf 87' lang='lat' dir='ltr'><strong><em>apud</em></strong></span> <span class='ocrx_word' id='word_1_253' title='bbox 2946 3587 3045 3627; x_wconf 88' lang='lat' dir='ltr'><strong><em>nos</em></strong></span> <span class='ocrx_word' id='word_1_254' title='bbox 3082 3571 3471 3627; x_wconf 85' lang='lat' dir='ltr'><strong><em>revelationmn</em></strong></span> 
     </span>
    </p>
   </div>
   <div class='ocr_carea' id='block_1_41' title="bbox 1867 3664 3475 3733">
    <p class='ocr_par' dir='ltr' id='par_1_41' title="bbox 1867 3664 3475 3733">
     <span class='ocr_line' id='line_1_41' title="bbox 1867 3664 3475 3733; baseline 0.001 -15"><span class='ocrx_word' id='word_1_255' title='bbox 1867 3664 2192 3719; x_wconf 85' lang='lat' dir='ltr'><strong><em>charismata</em></strong></span> <span class='ocrx_word' id='word_1_256' title='bbox 2244 3666 2434 3722; x_wconf 83' lang='lat' dir='ltr'><strong><em>sortita</em></strong></span> <span class='ocrx_word' id='word_1_257' title='bbox 2458 3707 2474 3733; x_wconf 90' lang='lat'><strong><em>,</em></strong></span> <span class='ocrx_word' id='word_1_258' title='bbox 2513 3686 2532 3720; x_wconf 73' lang='grc' dir='ltr'><strong><em>ι</em></strong></span> <span class='ocrx_word' id='word_1_259' title='bbox 2566 3676 2671 3723; x_wconf 76' lang='lat' dir='ltr'><strong><em>etc.</em></strong></span> <span class='ocrx_word' id='word_1_260' title='bbox 2710 3669 2945 3724; x_wconf 77' lang='lat' dir='ltr'><strong><em>Alterius</em></strong></span> <span class='ocrx_word' id='word_1_261' title='bbox 2968 3667 3214 3721; x_wconf 86' lang='lat' dir='ltr'><strong><em>meminit</em></strong></span> <span class='ocrx_word' id='word_1_262' title='bbox 3250 3665 3475 3721; x_wconf 85' lang='lat' dir='ltr'><strong><em>librodc</em></strong></span> 
     </span>
    </p>
   </div>
   <div class='ocr_carea' id='block_1_42' title="bbox 1880 3754 3471 3832">
    <p class='ocr_par' dir='ltr' id='par_1_42' title="bbox 1880 3754 3471 3832">
     <span class='ocr_line' id='line_1_42' title="bbox 1880 3754 3471 3832; baseline 0.002 -22"><span class='ocrx_word' id='word_1_263' title='bbox 1880 3754 2171 3829; x_wconf 84' lang='lat' dir='ltr'><strong><em>Virginibus</em></strong></span> <span class='ocrx_word' id='word_1_264' title='bbox 2183 3758 2411 3814; x_wconf 83' lang='lat' dir='ltr'><strong><em>uelandis</em></strong></span> <span class='ocrx_word' id='word_1_265' title='bbox 2436 3774 2600 3830; x_wconf 89' lang='lat' dir='ltr'><strong><em>pr0pe</em></strong></span> <span class='ocrx_word' id='word_1_266' title='bbox 2623 3761 2803 3827; x_wconf 83' lang='lat' dir='ltr'><strong><em>linem,</em></strong></span> <span class='ocrx_word' id='word_1_267' title='bbox 2827 3777 2986 3832; x_wconf 88' lang='lat' dir='ltr'><strong><em>quam</em></strong></span> <span class='ocrx_word' id='word_1_268' title='bbox 3016 3764 3217 3831; x_wconf 83' lang='lat' dir='ltr'><strong><em>puriter</em></strong></span> <span class='ocrx_word' id='word_1_269' title='bbox 3231 3775 3471 3815; x_wconf 84' lang='lat' dir='ltr'><strong><em>sororem</em></strong></span> 
     </span>
    </p>
   </div>
   <div class='ocr_carea' id='block_1_43' title="bbox 166 3852 3471 3940">
    <p class='ocr_par' dir='ltr' id='par_1_43' title="bbox 166 3852 3471 3940">
     <span class='ocr_line' id='line_1_43' title="bbox 166 3852 3471 3940; baseline -0.004 -21"><span class='ocrx_word' id='word_1_270' title='bbox 166 3874 462 3917; x_wconf 64' lang='lat' dir='ltr'><strong><em>ceterarum</em></strong></span> <span class='ocrx_word' id='word_1_271' title='bbox 503 3864 712 3928; x_wconf 71' lang='lat' dir='ltr'><strong><em>matrix,</em></strong></span> <span class='ocrx_word' id='word_1_272' title='bbox 770 3863 1042 3935; x_wconf 78' lang='lat' dir='ltr'><strong><em>Perpetua:</em></strong></span> <span class='ocrx_word' id='word_1_273' title='bbox 1085 3872 1133 3917; x_wconf 90' lang='lat' dir='ltr'><strong><em>et</em></strong></span> <span class='ocrx_word' id='word_1_274' title='bbox 1198 3858 1484 3917; x_wconf 85' lang='lat' dir='ltr'><strong><em>Felicitatis</em></strong></span> <span class='ocrx_word' id='word_1_275' title='bbox 1536 3860 1763 3931; x_wconf 73' lang='lat' dir='ltr'><strong><em>reliquiis</em></strong></span> <span class='ocrx_word' id='word_1_276' title='bbox 1794 3880 1842 3940; x_wconf 78' lang='grc' dir='ltr'><strong>Β</strong></span> <span class='ocrx_word' id='word_1_277' title='bbox 1871 3852 2147 3905; x_wconf 83' lang='lat' dir='ltr'><strong><em>nominat:</em></strong></span> <span class='ocrx_word' id='word_1_278' title='bbox 2176 3861 2230 3907; x_wconf 89' lang='lat' dir='ltr'><strong><em>et</em></strong></span> <span class='ocrx_word' id='word_1_279' title='bbox 2253 3854 2628 3908; x_wconf 84' lang='lat' dir='ltr'><strong><em>montanlstam</em></strong></span> <span class='ocrx_word' id='word_1_280' title='bbox 2654 3854 2835 3918; x_wconf 83' lang='lat' dir='ltr'><strong><em>inisse,</em></strong></span> <span class='ocrx_word' id='word_1_281' title='bbox 2855 3854 3154 3924; x_wconf 80' lang='lat' dir='ltr'><strong><em>perspicuis</em></strong></span> <span class='ocrx_word' id='word_1_282' title='bbox 3181 3853 3360 3908; x_wconf 81' lang='lat' dir='ltr'><strong><em>verbis</em></strong></span> <span class='ocrx_word' id='word_1_283' title='bbox 3374 3852 3471 3906; x_wconf 86' lang='lat' dir='ltr'><strong><em>de-</em></strong></span> 
     </span>
    </p>
   </div>
   <div class='ocr_carea' id='block_1_44' title="bbox 166 3955 1563 4023">
    <p class='ocr_par' dir='ltr' id='par_1_44' title="bbox 166 3955 1563 4023">
     <span class='ocr_line' id='line_1_44' title="bbox 166 3955 1563 4023; baseline -0.001 -12"><span class='ocrx_word' id='word_1_284' title='bbox 166 3957 425 4011; x_wconf 80' lang='lat' dir='ltr'><strong><em>iliustrata</em></strong></span> <span class='ocrx_word' id='word_1_285' title='bbox 448 3966 535 4023; x_wconf 87' lang='lat' dir='ltr'><strong><em>est,</em></strong></span> <span class='ocrx_word' id='word_1_286' title='bbox 562 3964 611 4011; x_wconf 87' lang='lat' dir='ltr'><strong><em>et</em></strong></span> <span class='ocrx_word' id='word_1_287' title='bbox 641 3970 706 4012; x_wconf 81' lang='lat' dir='ltr'><strong><em>ea:</em></strong></span> <span class='ocrx_word' id='word_1_288' title='bbox 731 3972 907 4011; x_wconf 86' lang='lat' dir='ltr'><strong><em>eorum</em></strong></span> <span class='ocrx_word' id='word_1_289' title='bbox 932 3955 1229 4019; x_wconf 73' lang='lat' dir='ltr'><strong><em>nominibus</em></strong></span> <span class='ocrx_word' id='word_1_290' title='bbox 1246 3965 1563 4021; x_wconf 82' lang='lat' dir='ltr'><strong><em>nuncupata.</em></strong></span> 
     </span>
    </p>
   </div>
   <div class='ocr_carea' id='block_1_45' title="bbox 1868 3935 3771 4033">
    <p class='ocr_par' dir='ltr' id='par_1_45' title="bbox 1868 3935 3771 4033">
     <span class='ocr_line' id='line_1_45' title="bbox 1868 3935 3771 4033; baseline 0.001 -35"><span class='ocrx_word' id='word_1_291' title='bbox 1868 3945 2068 3998; x_wconf 84' lang='lat' dir='ltr'><strong><em>clarat:</em></strong></span> <span class='ocrx_word' id='word_1_292' title='bbox 2105 3960 2124 3995; x_wconf 75' lang='grc' dir='ltr'><strong><em>ι</em></strong></span> <span class='ocrx_word' id='word_1_293' title='bbox 2153 3941 2370 4009; x_wconf 63' lang='lat' dir='ltr'><strong><em>Nabim</em></strong></span> <span class='ocrx_word' id='word_1_294' title='bbox 2398 3944 2450 3998; x_wconf 88' lang='lat' dir='ltr'><strong><em>id</em></strong></span> <span class='ocrx_word' id='word_1_295' title='bbox 2473 3958 2556 3999; x_wconf 85' lang='lat' dir='ltr'><strong><em>est</em></strong></span> <span class='ocrx_word' id='word_1_296' title='bbox 2575 3943 2840 4000; x_wconf 79' lang='lat' dir='ltr'><strong><em>Paracleti</em></strong></span> <span class='ocrx_word' id='word_1_297' title='bbox 2868 3943 3169 4015; x_wconf 82' lang='lat' dir='ltr'><strong><em>discipulis,</em></strong></span> <span class='ocrx_word' id='word_1_298' title='bbox 3190 3944 3279 4015; x_wconf 82' lang='lat' dir='ltr'><strong><em>qui</em></strong></span> <span class='ocrx_word' id='word_1_299' title='bbox 3304 3956 3469 3997; x_wconf 58' lang='lat' dir='ltr'><strong><em>novas</em></strong></span> <span class='ocrx_word' id='word_1_300' title='bbox 3494 3935 3702 4033; x_wconf 41' lang='lat' dir='ltr'><strong><em>ci.&quot;”.§r‘.:</em></strong></span> <span class='ocrx_word' id='word_1_301' title='bbox 3740 3970 3771 3999; x_wconf 65' lang='grc' dir='ltr'><strong><em>ι.</em></strong></span> 
     </span>
    </p>
   </div>
   <div class='ocr_carea' id='block_1_46' title="bbox 233 4034 1793 4120">
    <p class='ocr_par' dir='ltr' id='par_1_46' title="bbox 233 4048 1767 4120">
     <span class='ocr_line' id='line_1_46' title="bbox 233 4048 1767 4120; baseline 0.001 -17"><span class='ocrx_word' id='word_1_302' title='bbox 233 4050 321 4105; x_wconf 72' lang='lat' dir='ltr'><strong><em>Vl.</em></strong></span> <span class='ocrx_word' id='word_1_303' title='bbox 375 4048 437 4104; x_wconf 80' lang='lat' dir='ltr'><strong><em>In</em></strong></span> <span class='ocrx_word' id='word_1_304' title='bbox 469 4049 640 4105; x_wconf 72' lang='lat' dir='ltr'><strong><em>Missa:</em></strong></span> <span class='ocrx_word' id='word_1_305' title='bbox 668 4062 863 4104; x_wconf 86' lang='lat' dir='ltr'><strong><em>canone</em></strong></span> <span class='ocrx_word' id='word_1_306' title='bbox 890 4049 1187 4120; x_wconf 84' lang='lat' dir='ltr'><strong><em>quotidiana</em></strong></span> <span class='ocrx_word' id='word_1_307' title='bbox 1236 4048 1528 4104; x_wconf 85' lang='lat' dir='ltr'><strong><em>earumdem</em></strong></span> <span class='ocrx_word' id='word_1_308' title='bbox 1559 4049 1767 4104; x_wconf 89' lang='lat' dir='ltr'><strong><em>nomina</em></strong></span> 
     </span>
    </p>
   </div>
   <div class='ocr_carea' id='block_1_47' title="bbox 1875 4034 3473 4120">
    <p class='ocr_par' dir='ltr' id='par_1_47' title="bbox 1875 4034 3473 4113">
     <span class='ocr_line' id='line_1_47' title="bbox 1875 4034 3473 4113; baseline 0 -24"><span class='ocrx_word' id='word_1_309' title='bbox 1875 4049 1977 4089; x_wconf 89' lang='lat' dir='ltr'><strong><em>non</em></strong></span> <span class='ocrx_word' id='word_1_310' title='bbox 1999 4034 2305 4112; x_wconf 45' lang='lat' dir='ltr'><strong><em>aperuimus</em></strong></span> <span class='ocrx_word' id='word_1_311' title='bbox 2333 4035 2665 4113; x_wconf 75' lang='lat' dir='ltr'><strong><em>prophetiae,</em></strong></span> <span class='ocrx_word' id='word_1_312' title='bbox 2692 4037 3015 4092; x_wconf 81' lang='lat' dir='ltr'><strong><em>charismata</em></strong></span> <span class='ocrx_word' id='word_1_313' title='bbox 3046 4036 3396 4102; x_wconf 87' lang='lat' dir='ltr'><strong><em>itonoramus,</em></strong></span> <span class='ocrx_word' id='word_1_314' title='bbox 3418 4045 3473 4089; x_wconf 87' lang='lat' dir='ltr'><strong><em>ct</em></strong></span> 
     </span>
    </p>
   </div>
   <div class='ocr_carea' id='block_1_48' title="bbox 177 4139 1259 4215">
    <p class='ocr_par' dir='ltr' id='par_1_48' title="bbox 177 4139 1259 4215">
     <span class='ocr_line' id='line_1_48' title="bbox 177 4139 1259 4215; baseline 0.002 -20"><span class='ocrx_word' id='word_1_315' title='bbox 177 4139 294 4197; x_wconf 82' lang='lat' dir='ltr'><strong><em>inter</em></strong></span> <span class='ocrx_word' id='word_1_316' title='bbox 321 4140 620 4199; x_wconf 80' lang='lat' dir='ltr'><strong><em>celebriores</em></strong></span> <span class='ocrx_word' id='word_1_317' title='bbox 641 4154 891 4215; x_wconf 72' lang='lat' dir='ltr'><strong><em>martyres</em></strong></span> <span class='ocrx_word' id='word_1_318' title='bbox 916 4157 1259 4199; x_wconf 85' lang='lat' dir='ltr'><strong><em>recensentur.</em></strong></span> 
     </span>
    </p>
   </div>
   <div class='ocr_carea' id='block_1_49' title="bbox 242 4236 1762 4310">
    <p class='ocr_par' dir='ltr' id='par_1_49' title="bbox 242 4236 1762 4310">
     <span class='ocr_line' id='line_1_49' title="bbox 242 4236 1762 4310; baseline 0.001 -19"><span class='ocrx_word' id='word_1_319' title='bbox 242 4236 357 4292; x_wconf 75' lang='lat' dir='ltr'><strong><em>V&#39;ll.</em></strong></span> <span class='ocrx_word' id='word_1_320' title='bbox 396 4237 777 4310; x_wconf 78' lang='lat' dir='ltr'><strong><em>Argumentum,</em></strong></span> <span class='ocrx_word' id='word_1_321' title='bbox 802 4238 940 4309; x_wconf 86' lang='lat' dir='ltr'><strong><em>quod</em></strong></span> <span class='ocrx_word' id='word_1_322' title='bbox 960 4255 1023 4294; x_wconf 77' lang='lat' dir='ltr'><strong><em>ea:</em></strong></span> <span class='ocrx_word' id='word_1_323' title='bbox 1049 4240 1127 4295; x_wconf 83' lang='lat' dir='ltr'><strong><em>Itis</em></strong></span> <span class='ocrx_word' id='word_1_324' title='bbox 1155 4238 1451 4295; x_wconf 84' lang='lat' dir='ltr'><strong><em>testimoniis</em></strong></span> <span class='ocrx_word' id='word_1_325' title='bbox 1473 4239 1762 4309; x_wconf 86' lang='lat' dir='ltr'><strong><em>con/icitur,</em></strong></span> 
     </span>
    </p>
   </div>
   <div class='ocr_carea' id='block_1_50' title="bbox 186 4328 695 4405">
    <p class='ocr_par' dir='ltr' id='par_1_50' title="bbox 186 4328 695 4405">
     <span class='ocr_line' id='line_1_50' title="bbox 186 4328 695 4405; baseline 0.016 -25"><span class='ocrx_word' id='word_1_326' title='bbox 186 4328 367 4396; x_wconf 76' lang='lat' dir='ltr'><strong><em>frustra</em></strong></span> <span class='ocrx_word' id='word_1_327' title='bbox 395 4330 695 4405; x_wconf 86' lang='lat' dir='ltr'><strong><em>Basnagius.</em></strong></span> 
     </span>
    </p>
   </div>
   <div class='ocr_carea' id='block_1_51' title="bbox 262 4420 1762 4497">
    <p class='ocr_par' dir='ltr' id='par_1_51' title="bbox 262 4420 1762 4497">
     <span class='ocr_line' id='line_1_51' title="bbox 262 4420 1762 4497; baseline 0.003 -22"><span class='ocrx_word' id='word_1_328' title='bbox 262 4420 454 4481; x_wconf 67' lang='lat' dir='ltr'><strong><em>Nouus</em></strong></span> <span class='ocrx_word' id='word_1_329' title='bbox 479 4426 703 4487; x_wconf 84' lang='lat' dir='ltr'><strong><em>omnino</em></strong></span> <span class='ocrx_word' id='word_1_330' title='bbox 743 4434 821 4497; x_wconf 78' lang='lat' dir='ltr'><strong><em>est</em></strong></span> <span class='ocrx_word' id='word_1_331' title='bbox 853 4423 1084 4495; x_wconf 85' lang='lat' dir='ltr'><strong><em>religiosi</em></strong></span> <span class='ocrx_word' id='word_1_332' title='bbox 1114 4425 1287 4481; x_wconf 89' lang='lat' dir='ltr'><strong><em>cultus</em></strong></span> <span class='ocrx_word' id='word_1_333' title='bbox 1315 4433 1371 4480; x_wconf 91' lang='lat' dir='ltr'><strong><em>et</em></strong></span> <span class='ocrx_word' id='word_1_334' title='bbox 1408 4423 1762 4479; x_wconf 61' lang='lat' dir='ltr'><strong><em>observantiae</em></strong></span> 
     </span>
    </p>
   </div>
   <div class='ocr_carea' id='block_1_52' title="bbox 204 4508 1764 4588">
    <p class='ocr_par' dir='ltr' id='par_1_52' title="bbox 204 4508 1764 4588">
     <span class='ocr_line' id='line_1_52' title="bbox 204 4508 1764 4588; baseline 0.008 -27"><span class='ocrx_word' id='word_1_335' title='bbox 204 4508 393 4579; x_wconf 82' lang='lat' dir='ltr'><strong><em>signum</em></strong></span> <span class='ocrx_word' id='word_1_336' title='bbox 414 4557 426 4580; x_wconf 90' lang='lat'><strong><em>,</em></strong></span> <span class='ocrx_word' id='word_1_337' title='bbox 455 4516 592 4588; x_wconf 87' lang='lat' dir='ltr'><strong><em>quod</em></strong></span> <span class='ocrx_word' id='word_1_338' title='bbox 625 4530 732 4572; x_wconf 90' lang='lat' dir='ltr'><strong><em>non</em></strong></span> <span class='ocrx_word' id='word_1_339' title='bbox 760 4517 870 4585; x_wconf 80' lang='lat' dir='ltr'><strong><em>jam</em></strong></span> <span class='ocrx_word' id='word_1_340' title='bbox 907 4515 1031 4572; x_wconf 89' lang='lat' dir='ltr'><strong><em>inde</em></strong></span> <span class='ocrx_word' id='word_1_341' title='bbox 1066 4515 1134 4570; x_wconf 89' lang='lat' dir='ltr'><strong><em>ab</em></strong></span> <span class='ocrx_word' id='word_1_342' title='bbox 1161 4516 1396 4587; x_wconf 82' lang='lat' dir='ltr'><strong><em>antiquis</em></strong></span> <span class='ocrx_word' id='word_1_343' title='bbox 1437 4517 1764 4586; x_wconf 83' lang='lat' dir='ltr'><strong><em>temporibus</em></strong></span> 
     </span>
    </p>
   </div>
   <div class='ocr_carea' id='block_1_53' title="bbox 198 4602 1763 4683">
    <p class='ocr_par' dir='ltr' id='par_1_53' title="bbox 198 4602 1763 4683">
     <span class='ocr_line' id='line_1_53' title="bbox 198 4602 1763 4683; baseline 0.008 -29"><span class='ocrx_word' id='word_1_344' title='bbox 198 4602 447 4661; x_wconf 75' lang='lat' dir='ltr'><strong><em>confestim</em></strong></span> <span class='ocrx_word' id='word_1_345' title='bbox 481 4609 531 4663; x_wconf 92' lang='lat' dir='ltr'><strong><em>in</em></strong></span> <span class='ocrx_word' id='word_1_346' title='bbox 560 4615 778 4664; x_wconf 85' lang='lat' dir='ltr'><strong><em>sanctas</em></strong></span> <span class='ocrx_word' id='word_1_347' title='bbox 804 4607 964 4664; x_wconf 87' lang='lat' dir='ltr'><strong><em>hasce</em></strong></span> <span class='ocrx_word' id='word_1_348' title='bbox 999 4624 1061 4664; x_wconf 90' lang='lat' dir='ltr'><strong><em>ac</em></strong></span> <span class='ocrx_word' id='word_1_349' title='bbox 1089 4608 1467 4665; x_wconf 88' lang='lat' dir='ltr'><strong><em>celeberrimas</em></strong></span> <span class='ocrx_word' id='word_1_350' title='bbox 1499 4621 1763 4683; x_wconf 86' lang='lat' dir='ltr'><strong><em>martyres</em></strong></span> 
     </span>
    </p>
   </div>
   <div class='ocr_carea' id='block_1_54' title="bbox 188 4699 1762 4771">
    <p class='ocr_par' dir='ltr' id='par_1_54' title="bbox 188 4699 1762 4771">
     <span class='ocr_line' id='line_1_54' title="bbox 188 4699 1762 4771; baseline 0.007 -23"><span class='ocrx_word' id='word_1_351' title='bbox 188 4699 445 4757; x_wconf 86' lang='lat' dir='ltr'><strong><em>contulerit</em></strong></span> <span class='ocrx_word' id='word_1_352' title='bbox 487 4702 745 4761; x_wconf 72' lang='lat' dir='ltr'><strong><em>Ecclesia!</em></strong></span> <span class='ocrx_word' id='word_1_353' title='bbox 793 4701 1071 4758; x_wconf 57' lang='lat' dir='ltr'><strong><em>catholicae</em></strong></span> <span class='ocrx_word' id='word_1_354' title='bbox 1119 4704 1306 4771; x_wconf 91' lang='lat' dir='ltr'><strong><em>pietas.</em></strong></span> <span class='ocrx_word' id='word_1_355' title='bbox 1371 4710 1425 4758; x_wconf 91' lang='lat' dir='ltr'><strong><em>et</em></strong></span> <span class='ocrx_word' id='word_1_356' title='bbox 1493 4704 1762 4759; x_wconf 82' lang='lat' dir='ltr'><strong><em>unanimis</em></strong></span> 
     </span>
    </p>
   </div>
   <div class='ocr_carea' id='block_1_55' title="bbox 185 4787 1764 4866">
    <p class='ocr_par' dir='ltr' id='par_1_55' title="bbox 185 4787 1764 4866">
     <span class='ocr_line' id='line_1_55' title="bbox 185 4787 1764 4866; baseline 0.007 -26"><span class='ocrx_word' id='word_1_357' title='bbox 185 4787 368 4859; x_wconf 87' lang='lat' dir='ltr'><strong><em>ubique</em></strong></span> <span class='ocrx_word' id='word_1_358' title='bbox 391 4802 643 4850; x_wconf 88' lang='lat' dir='ltr'><strong><em>terrarum</em></strong></span> <span class='ocrx_word' id='word_1_359' title='bbox 669 4795 723 4850; x_wconf 91' lang='lat' dir='ltr'><strong><em>in</em></strong></span> <span class='ocrx_word' id='word_1_360' title='bbox 754 4810 847 4851; x_wconf 86' lang='lat' dir='ltr'><strong><em>eas</em></strong></span> <span class='ocrx_word' id='word_1_361' title='bbox 885 4793 1193 4850; x_wconf 74' lang='lat' dir='ltr'><strong><em>christiana:</em></strong></span> <span class='ocrx_word' id='word_1_362' title='bbox 1234 4794 1510 4866; x_wconf 82' lang='lat' dir='ltr'><strong><em>religionis</em></strong></span> <span class='ocrx_word' id='word_1_363' title='bbox 1540 4794 1764 4851; x_wconf 75' lang='lat' dir='ltr'><strong><em>allectus</em></strong></span> 
     </span>
    </p>
   </div>
   <div class='ocr_carea' id='block_1_56' title="bbox 186 4880 1758 4954">
    <p class='ocr_par' dir='ltr' id='par_1_56' title="bbox 186 4880 1758 4954">
     <span class='ocr_line' id='line_1_56' title="bbox 186 4880 1758 4954; baseline 0.005 -21"><span class='ocrx_word' id='word_1_364' title='bbox 186 4883 585 4954; x_wconf 83' lang='lat' dir='ltr'><strong><em>pOpulorumque</em></strong></span> <span class='ocrx_word' id='word_1_365' title='bbox 611 4887 849 4943; x_wconf 88' lang='lat' dir='ltr'><strong><em>devotio.</em></strong></span> <span class='ocrx_word' id='word_1_366' title='bbox 884 4880 1082 4942; x_wconf 84' lang='lat' dir='ltr'><strong><em>Earum</em></strong></span> <span class='ocrx_word' id='word_1_367' title='bbox 1107 4885 1315 4943; x_wconf 81' lang='lat' dir='ltr'><strong><em>scilicet</em></strong></span> <span class='ocrx_word' id='word_1_368' title='bbox 1342 4887 1555 4942; x_wconf 88' lang='lat' dir='ltr'><strong><em>nomina</em></strong></span> <span class='ocrx_word' id='word_1_369' title='bbox 1578 4897 1758 4941; x_wconf 86' lang='lat' dir='ltr'><strong><em>vctus-</em></strong></span> 
     </span>
    </p>
   </div>
   <div class='ocr_carea' id='block_1_57' title="bbox 182 4971 1762 5035">
    <p class='ocr_par' dir='ltr' id='par_1_57' title="bbox 182 4971 1762 5035">
     <span class='ocr_line' id='line_1_57' title="bbox 182 4971 1762 5035; baseline 0.008 -12"><span class='ocrx_word' id='word_1_370' title='bbox 182 4971 372 5029; x_wconf 73' lang='lat' dir='ltr'><strong><em>tissima</em></strong></span> <span class='ocrx_word' id='word_1_371' title='bbox 396 4979 742 5035; x_wconf 84' lang='lat' dir='ltr'><strong><em>ecclesiarum</em></strong></span> <span class='ocrx_word' id='word_1_372' title='bbox 785 4979 1044 5034; x_wconf 83' lang='lat' dir='ltr'><strong><em>tabularia</em></strong></span> <span class='ocrx_word' id='word_1_373' title='bbox 1073 4979 1328 5035; x_wconf 82' lang='lat' dir='ltr'><strong><em>exhibent</em></strong></span> <span class='ocrx_word' id='word_1_374' title='bbox 1351 4989 1403 5035; x_wconf 88' lang='lat' dir='ltr'><strong><em>et</em></strong></span> <span class='ocrx_word' id='word_1_375' title='bbox 1434 4981 1485 5035; x_wconf 93' lang='lat' dir='ltr'><strong><em>in</em></strong></span> <span class='ocrx_word' id='word_1_376' title='bbox 1513 4980 1762 5035; x_wconf 81' lang='lat' dir='ltr'><strong><em>munibus</em></strong></span> 
     </span>
    </p>
   </div>
   <div class='ocr_carea' id='block_1_58' title="bbox 183 5068 1763 5142">
    <p class='ocr_par' dir='ltr' id='par_1_58' title="bbox 183 5068 1763 5142">
     <span class='ocr_line' id='line_1_58' title="bbox 183 5068 1763 5142; baseline 0.006 -26"><span class='ocrx_word' id='word_1_377' title='bbox 183 5075 316 5130; x_wconf 84' lang='lat' dir='ltr'><strong><em>pene</em></strong></span> <span class='ocrx_word' id='word_1_378' title='bbox 336 5071 717 5142; x_wconf 81' lang='lat' dir='ltr'><strong><em>martyralogiis</em></strong></span> <span class='ocrx_word' id='word_1_379' title='bbox 756 5068 1021 5139; x_wconf 83' lang='lat' dir='ltr'><strong><em>descripta</em></strong></span> <span class='ocrx_word' id='word_1_380' title='bbox 1053 5080 1207 5125; x_wconf 88' lang='lat' dir='ltr'><strong><em>sunt:</em></strong></span> <span class='ocrx_word' id='word_1_381' title='bbox 1237 5086 1422 5127; x_wconf 88' lang='lat' dir='ltr'><strong><em>earnm</em></strong></span> <span class='ocrx_word' id='word_1_382' title='bbox 1452 5069 1763 5127; x_wconf 86' lang='lat' dir='ltr'><strong><em>solemnilns</em></strong></span> 
     </span>
    </p>
   </div>
   <div class='ocr_carea' id='block_1_59' title="bbox 184 5161 1758 5235">
    <p class='ocr_par' dir='ltr' id='par_1_59' title="bbox 184 5161 1758 5235">
     <span class='ocr_line' id='line_1_59' title="bbox 184 5161 1758 5235; baseline 0.007 -27"><span class='ocrx_word' id='word_1_383' title='bbox 184 5165 239 5209; x_wconf 89' lang='lat' dir='ltr'><strong><em>et</em></strong></span> <span class='ocrx_word' id='word_1_384' title='bbox 274 5161 443 5217; x_wconf 85' lang='lat' dir='ltr'><strong><em>natalis</em></strong></span> <span class='ocrx_word' id='word_1_385' title='bbox 466 5164 577 5219; x_wconf 90' lang='lat' dir='ltr'><strong><em>dies</em></strong></span> <span class='ocrx_word' id='word_1_386' title='bbox 605 5179 799 5233; x_wconf 81' lang='lat' dir='ltr'><strong><em>magno</em></strong></span> <span class='ocrx_word' id='word_1_387' title='bbox 838 5164 1148 5220; x_wconf 66' lang='lat' dir='ltr'><strong><em>christiana:</em></strong></span> <span class='ocrx_word' id='word_1_388' title='bbox 1179 5165 1348 5235; x_wconf 76' lang='lat' dir='ltr'><strong><em>plebis</em></strong></span> <span class='ocrx_word' id='word_1_389' title='bbox 1379 5180 1643 5221; x_wconf 85' lang='lat' dir='ltr'><strong><em>concursu</em></strong></span> <span class='ocrx_word' id='word_1_390' title='bbox 1665 5181 1758 5219; x_wconf 82' lang='lat' dir='ltr'><strong><em>ce-</em></strong></span> 
     </span>
    </p>
   </div>
   <div class='ocr_carea' id='block_1_60' title="bbox 188 5248 1764 5327">
    <p class='ocr_par' dir='ltr' id='par_1_60' title="bbox 188 5248 1764 5327">
     <span class='ocr_line' id='line_1_60' title="bbox 188 5248 1764 5327; baseline 0.008 -26"><span class='ocrx_word' id='word_1_391' title='bbox 188 5248 405 5309; x_wconf 86' lang='lat' dir='ltr'><strong><em>lebrata:</em></strong></span> <span class='ocrx_word' id='word_1_392' title='bbox 433 5269 611 5311; x_wconf 84' lang='lat' dir='ltr'><strong><em>earum</em></strong></span> <span class='ocrx_word' id='word_1_393' title='bbox 642 5259 774 5313; x_wconf 83' lang='lat' dir='ltr'><strong><em>Acta</em></strong></span> <span class='ocrx_word' id='word_1_394' title='bbox 799 5259 849 5312; x_wconf 91' lang='lat' dir='ltr'><strong><em>in</em></strong></span> <span class='ocrx_word' id='word_1_395' title='bbox 876 5257 1118 5313; x_wconf 88' lang='lat' dir='ltr'><strong><em>ecclesiis</em></strong></span> <span class='ocrx_word' id='word_1_396' title='bbox 1134 5256 1356 5327; x_wconf 84' lang='lat' dir='ltr'><strong><em>publice</em></strong></span> <span class='ocrx_word' id='word_1_397' title='bbox 1378 5257 1513 5314; x_wconf 88' lang='lat' dir='ltr'><strong><em>lecta</em></strong></span> <span class='ocrx_word' id='word_1_398' title='bbox 1544 5275 1558 5312; x_wconf 93' lang='lat'><strong>:</strong></span> <span class='ocrx_word' id='word_1_399' title='bbox 1589 5257 1643 5312; x_wconf 92' lang='lat' dir='ltr'><strong><em>in</em></strong></span> <span class='ocrx_word' id='word_1_400' title='bbox 1673 5272 1764 5314; x_wconf 86' lang='lat' dir='ltr'><strong><em>ea-</em></strong></span> 
     </span>
    </p>
   </div>
   <div class='ocr_carea' id='block_1_61' title="bbox 1870 4130 3477 4202">
    <p class='ocr_par' dir='ltr' id='par_1_61' title="bbox 1870 4130 3477 4202">
     <span class='ocr_line' id='line_1_61' title="bbox 1870 4130 3477 4202; baseline 0.002 -19"><span class='ocrx_word' id='word_1_401' title='bbox 1870 4130 2105 4186; x_wconf 84' lang='lat' dir='ltr'><strong><em>visioncs</em></strong></span> <span class='ocrx_word' id='word_1_402' title='bbox 2133 4131 2595 4202; x_wconf 83' lang='lat' dir='ltr'><strong><em>revelationcsqne</em></strong></span> <span class='ocrx_word' id='word_1_403' title='bbox 2613 4132 2991 4201; x_wconf 73' lang='lat' dir='ltr'><strong><em>suscipimus,t</em></strong></span> <span class='ocrx_word' id='word_1_404' title='bbox 3008 4131 3286 4196; x_wconf 83' lang='lat' dir='ltr'><strong><em>Dominus,</em></strong></span> <span class='ocrx_word' id='word_1_405' title='bbox 3314 4131 3477 4185; x_wconf 88' lang='lat' dir='ltr'><strong><em>etiant</em></strong></span> 
     </span>
    </p>
   </div>
   <div class='ocr_carea' id='block_1_62' title="bbox 1872 4222 3480 4293">
    <p class='ocr_par' dir='ltr' id='par_1_62' title="bbox 1872 4222 3480 4293">
     <span class='ocr_line' id='line_1_62' title="bbox 1872 4222 3480 4293; baseline -0.001 -14"><span class='ocrx_word' id='word_1_406' title='bbox 1872 4222 2307 4293; x_wconf 74' lang='lat' dir='ltr'><strong><em>revelationtbus,</em></strong></span> <span class='ocrx_word' id='word_1_407' title='bbox 2333 4225 2617 4281; x_wconf 83' lang='lat' dir='ltr'><strong><em>velaminis</em></strong></span> <span class='ocrx_word' id='word_1_408' title='bbox 2643 4224 2812 4293; x_wconf 85' lang='lat' dir='ltr'><strong><em>spatia</em></strong></span> <span class='ocrx_word' id='word_1_409' title='bbox 2833 4233 3064 4278; x_wconf 88' lang='lat' dir='ltr'><strong><em>metatus</em></strong></span> <span class='ocrx_word' id='word_1_410' title='bbox 3077 4232 3181 4278; x_wconf 84' lang='lat' dir='ltr'><strong><em>est.</em></strong></span> <span class='ocrx_word' id='word_1_411' title='bbox 3207 4223 3339 4278; x_wconf 78' lang='lat' dir='ltr'><strong><em>Nam</em></strong></span> <span class='ocrx_word' id='word_1_412' title='bbox 3366 4223 3480 4277; x_wconf 89' lang='lat' dir='ltr'><strong><em>cui-</em></strong></span> 
     </span>
    </p>
   </div>
   <div class='ocr_carea' id='block_1_63' title="bbox 1872 4312 3474 4387">
    <p class='ocr_par' dir='ltr' id='par_1_63' title="bbox 1872 4312 3474 4387">
     <span class='ocr_line' id='line_1_63' title="bbox 1872 4312 3474 4387; baseline -0.002 -15"><span class='ocrx_word' id='word_1_413' title='bbox 1872 4317 1995 4372; x_wconf 86' lang='lat' dir='ltr'><strong><em>dam</em></strong></span> <span class='ocrx_word' id='word_1_414' title='bbox 2022 4318 2194 4371; x_wconf 90' lang='lat' dir='ltr'><strong><em>sorori</em></strong></span> <span class='ocrx_word' id='word_1_415' title='bbox 2224 4325 2423 4372; x_wconf 72' lang='lat' dir='ltr'><strong><em>nostra:</em></strong></span> <span class='ocrx_word' id='word_1_416' title='bbox 2449 4316 2669 4387; x_wconf 86' lang='lat' dir='ltr'><strong><em>angelus</em></strong></span> <span class='ocrx_word' id='word_1_417' title='bbox 2688 4316 2739 4370; x_wconf 91' lang='lat' dir='ltr'><strong><em>in</em></strong></span> <span class='ocrx_word' id='word_1_418' title='bbox 2753 4315 2977 4382; x_wconf 89' lang='lat' dir='ltr'><strong><em>somnis,</em></strong></span> <span class='ocrx_word' id='word_1_419' title='bbox 2993 4333 3011 4365; x_wconf 76' lang='grc' dir='ltr'><strong><em>ι</em></strong></span> <span class='ocrx_word' id='word_1_420' title='bbox 3032 4322 3136 4369; x_wconf 89' lang='lat' dir='ltr'><strong><em>etc.</em></strong></span> <span class='ocrx_word' id='word_1_421' title='bbox 3157 4315 3299 4369; x_wconf 82' lang='lat' dir='ltr'><strong><em>Nibil</em></strong></span> <span class='ocrx_word' id='word_1_422' title='bbox 3329 4312 3474 4384; x_wconf 86' lang='lat' dir='ltr'><strong><em>ejus-</em></strong></span> 
     </span>
    </p>
   </div>
   <div class='ocr_carea' id='block_1_64' title="bbox 1869 4404 3473 4480">
    <p class='ocr_par' dir='ltr' id='par_1_64' title="bbox 1869 4404 3473 4480">
     <span class='ocr_line' id='line_1_64' title="bbox 1869 4404 3473 4480; baseline -0.003 -16"><span class='ocrx_word' id='word_1_423' title='bbox 1869 4409 2016 4464; x_wconf 82' lang='lat' dir='ltr'><strong><em>modi</em></strong></span> <span class='ocrx_word' id='word_1_424' title='bbox 2048 4408 2208 4463; x_wconf 89' lang='lat' dir='ltr'><strong><em>tradit</em></strong></span> <span class='ocrx_word' id='word_1_425' title='bbox 2236 4409 2323 4463; x_wconf 89' lang='lat' dir='ltr'><strong><em>ubi</em></strong></span> <span class='ocrx_word' id='word_1_426' title='bbox 2354 4409 2421 4464; x_wconf 91' lang='lat' dir='ltr'><strong><em>de</em></strong></span> <span class='ocrx_word' id='word_1_427' title='bbox 2447 4408 2707 4480; x_wconf 84' lang='lat' dir='ltr'><strong><em>Perpetua</em></strong></span> <span class='ocrx_word' id='word_1_428' title='bbox 2753 4407 3007 4477; x_wconf 85' lang='lat' dir='ltr'><strong><em>laqnitur,</em></strong></span> <span class='ocrx_word' id='word_1_429' title='bbox 3050 4404 3182 4461; x_wconf 91' lang='lat' dir='ltr'><strong><em>nihil</em></strong></span> <span class='ocrx_word' id='word_1_430' title='bbox 3208 4405 3473 4477; x_wconf 87' lang='lat' dir='ltr'><strong><em>ejusmodi</em></strong></span> 
     </span>
    </p>
   </div>
   <div class='ocr_carea' id='block_1_65' title="bbox 1865 4498 3474 4575">
    <p class='ocr_par' dir='ltr' id='par_1_65' title="bbox 1865 4498 3474 4575">
     <span class='ocr_line' id='line_1_65' title="bbox 1865 4498 3474 4575; baseline -0.002 -18"><span class='ocrx_word' id='word_1_431' title='bbox 1865 4503 2054 4575; x_wconf 86' lang='lat' dir='ltr'><strong><em>jactat.</em></strong></span> <span class='ocrx_word' id='word_1_432' title='bbox 2113 4501 2402 4574; x_wconf 82' lang='lat' dir='ltr'><strong><em>Martyrent</em></strong></span> <span class='ocrx_word' id='word_1_433' title='bbox 2466 4501 2836 4558; x_wconf 84' lang='lat' dir='ltr'><strong><em>tantummodo</em></strong></span> <span class='ocrx_word' id='word_1_434' title='bbox 2902 4500 3175 4569; x_wconf 81' lang='lat' dir='ltr'><strong><em>nominat,</em></strong></span> <span class='ocrx_word' id='word_1_435' title='bbox 3231 4508 3289 4556; x_wconf 86' lang='lat' dir='ltr'><strong><em>et</em></strong></span> <span class='ocrx_word' id='word_1_436' title='bbox 3366 4498 3474 4554; x_wconf 79' lang='lat' dir='ltr'><strong><em>for-</em></strong></span> 
     </span>
    </p>
   </div>
   <div class='ocr_carea' id='block_1_66' title="bbox 1869 4596 3467 4664">
    <p class='ocr_par' dir='ltr' id='par_1_66' title="bbox 1869 4596 3467 4664">
     <span class='ocr_line' id='line_1_66' title="bbox 1869 4596 3467 4664; baseline -0.005 -11"><span class='ocrx_word' id='word_1_437' title='bbox 1869 4599 2165 4653; x_wconf 87' lang='lat' dir='ltr'><strong><em>tissimam:</em></strong></span> <span class='ocrx_word' id='word_1_438' title='bbox 2202 4612 2308 4652; x_wconf 91' lang='lat' dir='ltr'><strong><em>non</em></strong></span> <span class='ocrx_word' id='word_1_439' title='bbox 2349 4596 2492 4651; x_wconf 86' lang='lat' dir='ltr'><strong><em>illam</em></strong></span> <span class='ocrx_word' id='word_1_440' title='bbox 2539 4609 2780 4651; x_wconf 85' lang='lat' dir='ltr'><strong><em>sororem</em></strong></span> <span class='ocrx_word' id='word_1_441' title='bbox 2815 4610 2966 4649; x_wconf 87' lang='lat' dir='ltr'><strong><em>suam</em></strong></span> <span class='ocrx_word' id='word_1_442' title='bbox 2991 4637 3005 4661; x_wconf 95' lang='lat'><strong><em>,</em></strong></span> <span class='ocrx_word' id='word_1_443' title='bbox 3040 4609 3145 4649; x_wconf 90' lang='lat' dir='ltr'><strong><em>non</em></strong></span> <span class='ocrx_word' id='word_1_444' title='bbox 3173 4601 3467 4664; x_wconf 84' lang='lat' dir='ltr'><strong><em>martyrem</em></strong></span> 
     </span>
    </p>
   </div>
   <div class='ocr_carea' id='block_1_67' title="bbox 1866 4685 3467 4762">
    <p class='ocr_par' dir='ltr' id='par_1_67' title="bbox 1866 4685 3467 4762">
     <span class='ocr_line' id='line_1_67' title="bbox 1866 4685 3467 4762; baseline -0.007 -12"><span class='ocrx_word' id='word_1_445' title='bbox 1866 4708 2019 4750; x_wconf 83' lang='lat' dir='ltr'><strong><em>suam</em></strong></span> <span class='ocrx_word' id='word_1_446' title='bbox 2045 4691 2319 4762; x_wconf 70' lang='lat' dir='ltr'><strong><em>prmdicat,</em></strong></span> <span class='ocrx_word' id='word_1_447' title='bbox 2349 4701 2405 4746; x_wconf 90' lang='lat' dir='ltr'><strong><em>et</em></strong></span> <span class='ocrx_word' id='word_1_448' title='bbox 2433 4707 2501 4748; x_wconf 88' lang='lat' dir='ltr'><strong><em>ne</em></strong></span> <span class='ocrx_word' id='word_1_449' title='bbox 2531 4691 2695 4746; x_wconf 89' lang='lat' dir='ltr'><strong><em>verbo</em></strong></span> <span class='ocrx_word' id='word_1_450' title='bbox 2748 4688 2965 4760; x_wconf 89' lang='lat' dir='ltr'><strong><em>quidem</em></strong></span> <span class='ocrx_word' id='word_1_451' title='bbox 2994 4686 3258 4759; x_wconf 82' lang='lat' dir='ltr'><strong><em>signiﬁcat</em></strong></span> <span class='ocrx_word' id='word_1_452' title='bbox 3299 4685 3467 4739; x_wconf 80' lang='lat' dir='ltr'><strong><em>inisse</em></strong></span> 
     </span>
    </p>
   </div>
   <div class='ocr_carea' id='block_1_68' title="bbox 1870 4778 3478 4856">
    <p class='ocr_par' dir='ltr' id='par_1_68' title="bbox 1870 4778 3478 4856">
     <span class='ocr_line' id='line_1_68' title="bbox 1870 4778 3478 4856; baseline -0.004 -16"><span class='ocrx_word' id='word_1_453' title='bbox 1870 4787 2015 4841; x_wconf 86' lang='lat' dir='ltr'><strong><em>illam</em></strong></span> <span class='ocrx_word' id='word_1_454' title='bbox 2037 4786 2476 4841; x_wconf 84' lang='lat' dir='ltr'><strong><em>Montanistarum</em></strong></span> <span class='ocrx_word' id='word_1_455' title='bbox 2506 4783 2976 4856; x_wconf 81' lang='lat' dir='ltr'><strong><em>superstitionibus</em></strong></span> <span class='ocrx_word' id='word_1_456' title='bbox 3007 4795 3073 4835; x_wconf 88' lang='lat' dir='ltr'><strong><em>ac</em></strong></span> <span class='ocrx_word' id='word_1_457' title='bbox 3104 4778 3478 4836; x_wconf 88' lang='lat' dir='ltr'><strong><em>deliramentis</em></strong></span> 
     </span>
    </p>
   </div>
   <div class='ocr_carea' id='block_1_69' title="bbox 1868 4874 3478 4945">
    <p class='ocr_par' dir='ltr' id='par_1_69' title="bbox 1868 4874 3478 4945">
     <span class='ocr_line' id='line_1_69' title="bbox 1868 4874 3478 4945; baseline -0.007 -7"><span class='ocrx_word' id='word_1_458' title='bbox 1868 4882 2148 4938; x_wconf 87' lang='lat' dir='ltr'><strong><em>imbutam.</em></strong></span> <span class='ocrx_word' id='word_1_459' title='bbox 2171 4884 2362 4938; x_wconf 77' lang='lat' dir='ltr'><strong><em>Est-ne</em></strong></span> <span class='ocrx_word' id='word_1_460' title='bbox 2385 4898 2511 4937; x_wconf 71' lang='lat' dir='ltr'><strong><em>vero</em></strong></span> <span class='ocrx_word' id='word_1_461' title='bbox 2532 4878 2786 4936; x_wconf 85' lang='lat' dir='ltr'><strong><em>credibile</em></strong></span> <span class='ocrx_word' id='word_1_462' title='bbox 2826 4877 2962 4932; x_wconf 90' lang='lat' dir='ltr'><strong><em>adeo</em></strong></span> <span class='ocrx_word' id='word_1_463' title='bbox 2999 4874 3270 4945; x_wconf 78' lang='lat' dir='ltr'><strong><em>singulare</em></strong></span> <span class='ocrx_word' id='word_1_464' title='bbox 3315 4883 3478 4928; x_wconf 73' lang='lat' dir='ltr'><strong><em>secta:</em></strong></span> 
     </span>
    </p>
   </div>
   <div class='ocr_carea' id='block_1_70' title="bbox 1866 4965 3479 5043">
    <p class='ocr_par' dir='ltr' id='par_1_70' title="bbox 1866 4965 3479 5043">
     <span class='ocr_line' id='line_1_70' title="bbox 1866 4965 3479 5043; baseline -0.007 -12"><span class='ocrx_word' id='word_1_465' title='bbox 1866 4988 1979 5031; x_wconf 66' lang='lat' dir='ltr'><strong><em>suae</em></strong></span> <span class='ocrx_word' id='word_1_466' title='bbox 2000 4984 2376 5031; x_wconf 81' lang='lat' dir='ltr'><strong><em>ornamentum</em></strong></span> <span class='ocrx_word' id='word_1_467' title='bbox 2411 4976 2510 5029; x_wconf 83' lang='lat' dir='ltr'><strong><em>sibi</em></strong></span> <span class='ocrx_word' id='word_1_468' title='bbox 2541 4974 2757 5043; x_wconf 80' lang='lat' dir='ltr'><strong><em>suisque</em></strong></span> <span class='ocrx_word' id='word_1_469' title='bbox 2790 4968 3083 5040; x_wconf 77' lang='lat' dir='ltr'><strong><em>perspicuis</em></strong></span> <span class='ocrx_word' id='word_1_470' title='bbox 3111 4965 3293 5021; x_wconf 88' lang='lat' dir='ltr'><strong><em>verbis</em></strong></span> <span class='ocrx_word' id='word_1_471' title='bbox 3323 4979 3479 5021; x_wconf 87' lang='lat' dir='ltr'><strong><em>assc-</em></strong></span> 
     </span>
    </p>
   </div>
   <div class='ocr_carea' id='block_1_71' title="bbox 1867 5060 3476 5139">
    <p class='ocr_par' dir='ltr' id='par_1_71' title="bbox 1867 5060 3476 5139">
     <span class='ocr_line' id='line_1_71' title="bbox 1867 5060 3476 5139; baseline -0.007 -16"><span class='ocrx_word' id='word_1_472' title='bbox 1867 5082 1988 5125; x_wconf 86' lang='lat' dir='ltr'><strong><em>rere</em></strong></span> <span class='ocrx_word' id='word_1_473' title='bbox 2002 5069 2323 5139; x_wconf 75' lang='lat' dir='ltr'><strong><em>neglexisse,</em></strong></span> <span class='ocrx_word' id='word_1_474' title='bbox 2355 5069 2445 5138; x_wconf 90' lang='lat' dir='ltr'><strong><em>qui</em></strong></span> <span class='ocrx_word' id='word_1_475' title='bbox 2476 5078 2583 5122; x_wconf 84' lang='lat' dir='ltr'><strong><em>tam</em></strong></span> <span class='ocrx_word' id='word_1_476' title='bbox 2616 5065 2840 5120; x_wconf 86' lang='lat' dir='ltr'><strong><em>sollicite</em></strong></span> <span class='ocrx_word' id='word_1_477' title='bbox 2867 5060 3099 5116; x_wconf 86' lang='lat' dir='ltr'><strong><em>monitos</em></strong></span> <span class='ocrx_word' id='word_1_478' title='bbox 3113 5074 3211 5115; x_wconf 88' lang='lat' dir='ltr'><strong><em>nos</em></strong></span> <span class='ocrx_word' id='word_1_479' title='bbox 3232 5073 3353 5114; x_wconf 84' lang='lat' dir='ltr'><strong><em>esse</em></strong></span> <span class='ocrx_word' id='word_1_480' title='bbox 3382 5074 3476 5112; x_wconf 89' lang='lat' dir='ltr'><strong><em>vo-</em></strong></span> 
     </span>
    </p>
   </div>
   <div class='ocr_carea' id='block_1_72' title="bbox 1868 5153 3465 5222">
    <p class='ocr_par' dir='ltr' id='par_1_72' title="bbox 1868 5153 3465 5222">
     <span class='ocr_line' id='line_1_72' title="bbox 1868 5153 3465 5222; baseline -0.007 -5"><span class='ocrx_word' id='word_1_481' title='bbox 1868 5162 1965 5218; x_wconf 91' lang='lat' dir='ltr'><strong><em>luit</em></strong></span> <span class='ocrx_word' id='word_1_482' title='bbox 1992 5164 2208 5218; x_wconf 85' lang='lat' dir='ltr'><strong><em>insanas</em></strong></span> <span class='ocrx_word' id='word_1_483' title='bbox 2252 5162 2412 5216; x_wconf 87' lang='lat' dir='ltr'><strong><em>etiam</em></strong></span> <span class='ocrx_word' id='word_1_484' title='bbox 2438 5160 2804 5219; x_wconf 83' lang='lat' dir='ltr'><strong><em>mulierculas.</em></strong></span> <span class='ocrx_word' id='word_1_485' title='bbox 2826 5156 2972 5212; x_wconf 91' lang='lat' dir='ltr'><strong><em>nulla</em></strong></span> <span class='ocrx_word' id='word_1_486' title='bbox 2998 5155 3193 5210; x_wconf 79' lang='lat' dir='ltr'><strong><em>vit-tute</em></strong></span> <span class='ocrx_word' id='word_1_487' title='bbox 3214 5153 3465 5222; x_wconf 75' lang='lat' dir='ltr'><strong><em>insignes,</em></strong></span> 
     </span>
    </p>
   </div>
   <div class='ocr_carea' id='block_1_73' title="bbox 1867 5245 3471 5317">
    <p class='ocr_par' dir='ltr' id='par_1_73' title="bbox 1867 5245 3471 5317">
     <span class='ocr_line' id='line_1_73' title="bbox 1867 5245 3471 5317; baseline -0.01 -2"><span class='ocrx_word' id='word_1_488' title='bbox 1867 5258 1961 5315; x_wconf 89' lang='lat' dir='ltr'><strong><em>sed</em></strong></span> <span class='ocrx_word' id='word_1_489' title='bbox 1983 5257 2263 5314; x_wconf 87' lang='lat' dir='ltr'><strong><em>insomniis</em></strong></span> <span class='ocrx_word' id='word_1_490' title='bbox 2289 5258 2444 5313; x_wconf 88' lang='lat' dir='ltr'><strong><em>unice</em></strong></span> <span class='ocrx_word' id='word_1_491' title='bbox 2460 5254 2689 5317; x_wconf 72' lang='lat' dir='ltr'><strong><em>deditas,</em></strong></span> <span class='ocrx_word' id='word_1_492' title='bbox 2714 5269 2745 5307; x_wconf 90' lang='lat' dir='ltr'><strong><em>e</em></strong></span> <span class='ocrx_word' id='word_1_493' title='bbox 2771 5252 3005 5309; x_wconf 80' lang='lat' dir='ltr'><strong><em>Montani</em></strong></span> <span class='ocrx_word' id='word_1_494' title='bbox 3029 5248 3212 5306; x_wconf 86' lang='lat' dir='ltr'><strong><em>schola</em></strong></span> <span class='ocrx_word' id='word_1_495' title='bbox 3237 5258 3290 5302; x_wconf 91' lang='lat' dir='ltr'><strong><em>et</em></strong></span> <span class='ocrx_word' id='word_1_496' title='bbox 3321 5245 3471 5301; x_wconf 87' lang='lat' dir='ltr'><strong><em>insti-</em></strong></span> 
     </span>
    </p>
   </div>
   <div class='ocr_carea' id='block_1_74' title="bbox 183 5344 3471 5424">
    <p class='ocr_par' dir='ltr' id='par_1_74' title="bbox 183 5344 3471 5424">
     <span class='ocr_line' id='line_1_74' title="bbox 183 5344 3471 5424; baseline -0.001 -26"><span class='ocrx_word' id='word_1_497' title='bbox 183 5354 301 5397; x_wconf 81' lang='lat' dir='ltr'><strong><em>mm</em></strong></span> <span class='ocrx_word' id='word_1_498' title='bbox 328 5346 569 5406; x_wconf 87' lang='lat' dir='ltr'><strong><em>honorem</em></strong></span> <span class='ocrx_word' id='word_1_499' title='bbox 610 5360 665 5406; x_wconf 91' lang='lat' dir='ltr'><strong><em>et</em></strong></span> <span class='ocrx_word' id='word_1_500' title='bbox 713 5364 875 5422; x_wconf 86' lang='lat' dir='ltr'><strong><em>super</em></strong></span> <span class='ocrx_word' id='word_1_501' title='bbox 903 5364 1085 5407; x_wconf 85' lang='lat' dir='ltr'><strong><em>earum</em></strong></span> <span class='ocrx_word' id='word_1_502' title='bbox 1104 5348 1353 5421; x_wconf 88' lang='lat' dir='ltr'><strong><em>reliquias</em></strong></span> <span class='ocrx_word' id='word_1_503' title='bbox 1381 5350 1578 5420; x_wconf 88' lang='lat' dir='ltr'><strong><em>templa</em></strong></span> <span class='ocrx_word' id='word_1_504' title='bbox 1601 5359 1654 5406; x_wconf 90' lang='lat' dir='ltr'><strong><em>et</em></strong></span> <span class='ocrx_word' id='word_1_505' title='bbox 1678 5352 1758 5405; x_wconf 88' lang='lat' dir='ltr'><strong><em>al-</em></strong></span> <span class='ocrx_word' id='word_1_506' title='bbox 1790 5353 1835 5414; x_wconf 89' lang='lat' dir='ltr'>C</span> <span class='ocrx_word' id='word_1_507' title='bbox 1872 5354 2073 5409; x_wconf 89' lang='lat' dir='ltr'><strong><em>tutione</em></strong></span> <span class='ocrx_word' id='word_1_508' title='bbox 2101 5352 2399 5424; x_wconf 64' lang='lat' dir='ltr'><strong><em>prodiisse‘t</em></strong></span> <span class='ocrx_word' id='word_1_509' title='bbox 2418 5352 2550 5419; x_wconf 71' lang='lat' dir='ltr'><strong><em>Quae</em></strong></span> <span class='ocrx_word' id='word_1_510' title='bbox 2578 5358 2762 5405; x_wconf 89' lang='lat' dir='ltr'><strong><em>contra</em></strong></span> <span class='ocrx_word' id='word_1_511' title='bbox 2783 5346 2939 5403; x_wconf 80' lang='lat' dir='ltr'><strong><em>all&#39;ert</em></strong></span> <span class='ocrx_word' id='word_1_512' title='bbox 2965 5344 3275 5416; x_wconf 83' lang='lat' dir='ltr'><strong><em>Basnagius,</em></strong></span> <span class='ocrx_word' id='word_1_513' title='bbox 3303 5349 3358 5397; x_wconf 90' lang='lat' dir='ltr'><strong><em>et</em></strong></span> <span class='ocrx_word' id='word_1_514' title='bbox 3382 5356 3471 5395; x_wconf 83' lang='lat' dir='ltr'><strong><em>ar-</em></strong></span> 
     </span>
    </p>
   </div>
   <div class='ocr_carea' id='block_1_75' title="bbox 185 5436 1757 5516">
    <p class='ocr_par' dir='ltr' id='par_1_75' title="bbox 185 5436 1757 5516">
     <span class='ocr_line' id='line_1_75' title="bbox 185 5436 1757 5516; baseline 0.005 -29"><span class='ocrx_word' id='word_1_515' title='bbox 185 5436 311 5490; x_wconf 82' lang='lat' dir='ltr'><strong><em>taria</em></strong></span> <span class='ocrx_word' id='word_1_516' title='bbox 337 5438 437 5496; x_wconf 88' lang='lat' dir='ltr'><strong><em>Deo</em></strong></span> <span class='ocrx_word' id='word_1_517' title='bbox 464 5452 803 5499; x_wconf 79' lang='lat' dir='ltr'><strong><em>consecrata:</em></strong></span> <span class='ocrx_word' id='word_1_518' title='bbox 836 5441 1170 5516; x_wconf 64' lang='lat' dir='ltr'><strong><em>panegyricus</em></strong></span> <span class='ocrx_word' id='word_1_519' title='bbox 1195 5443 1469 5497; x_wconf 87' lang='lat' dir='ltr'><strong><em>orationes</em></strong></span> <span class='ocrx_word' id='word_1_520' title='bbox 1493 5442 1545 5496; x_wconf 89' lang='lat' dir='ltr'><strong><em>in</em></strong></span> <span class='ocrx_word' id='word_1_521' title='bbox 1574 5456 1757 5497; x_wconf 88' lang='lat' dir='ltr'><strong><em>carum</em></strong></span> 
     </span>
    </p>
   </div>
   <div class='ocr_carea' id='block_1_76' title="bbox 187 5531 1758 5593">
    <p class='ocr_par' dir='ltr' id='par_1_76' title="bbox 187 5531 1758 5593">
     <span class='ocr_line' id='line_1_76' title="bbox 187 5531 1758 5593; baseline 0.008 -13"><span class='ocrx_word' id='word_1_522' title='bbox 187 5531 526 5591; x_wconf 80' lang='lat' dir='ltr'><strong><em>anniversaria</em></strong></span> <span class='ocrx_word' id='word_1_523' title='bbox 551 5537 835 5593; x_wconf 72' lang='lat' dir='ltr'><strong><em>lostivitate</em></strong></span> <span class='ocrx_word' id='word_1_524' title='bbox 855 5554 882 5592; x_wconf 87' lang='lat' dir='ltr'><strong><em>a</em></strong></span> <span class='ocrx_word' id='word_1_525' title='bbox 914 5537 1158 5593; x_wconf 82' lang='lat' dir='ltr'><strong><em>Patribus</em></strong></span> <span class='ocrx_word' id='word_1_526' title='bbox 1189 5536 1420 5593; x_wconf 74' lang='lat' dir='ltr'><strong><em>babitzc:</em></strong></span> <span class='ocrx_word' id='word_1_527' title='bbox 1451 5551 1634 5592; x_wconf 90' lang='lat' dir='ltr'><strong><em>earum</em></strong></span> <span class='ocrx_word' id='word_1_528' title='bbox 1662 5535 1758 5592; x_wconf 86' lang='lat' dir='ltr'><strong><em>de-</em></strong></span> 
     </span>
    </p>
   </div>
   <div class='ocr_carea' id='block_1_77' title="bbox 190 5622 1752 5703">
    <p class='ocr_par' dir='ltr' id='par_1_77' title="bbox 190 5622 1752 5703">
     <span class='ocr_line' id='line_1_77' title="bbox 190 5622 1752 5703; baseline 0.009 -30"><span class='ocrx_word' id='word_1_529' title='bbox 190 5622 343 5693; x_wconf 87' lang='lat' dir='ltr'><strong><em>nique</em></strong></span> <span class='ocrx_word' id='word_1_530' title='bbox 367 5632 603 5699; x_wconf 89' lang='lat' dir='ltr'><strong><em>specialis</em></strong></span> <span class='ocrx_word' id='word_1_531' title='bbox 623 5672 638 5697; x_wconf 87' lang='lat'><strong><em>,</em></strong></span> <span class='ocrx_word' id='word_1_532' title='bbox 672 5632 808 5686; x_wconf 89' lang='lat' dir='ltr'><strong><em>inter</em></strong></span> <span class='ocrx_word' id='word_1_533' title='bbox 832 5630 1139 5703; x_wconf 83' lang='lat' dir='ltr'><strong><em>quotidiana</em></strong></span> <span class='ocrx_word' id='word_1_534' title='bbox 1181 5631 1444 5687; x_wconf 76' lang='lat' dir='ltr'><strong><em>sacriﬁcia</em></strong></span> <span class='ocrx_word' id='word_1_535' title='bbox 1466 5674 1478 5694; x_wconf 88' lang='lat'><em>.</em></span> <span class='ocrx_word' id='word_1_536' title='bbox 1512 5645 1752 5687; x_wconf 88' lang='lat' dir='ltr'><strong><em>comme-</em></strong></span> 
     </span>
    </p>
   </div>
   <div class='ocr_carea' id='block_1_78' title="bbox 192 5710 1754 5797">
    <p class='ocr_par' dir='ltr' id='par_1_78' title="bbox 192 5710 1754 5797">
     <span class='ocr_line' id='line_1_78' title="bbox 192 5710 1754 5797; baseline 0.009 -30"><span class='ocrx_word' id='word_1_537' title='bbox 192 5710 406 5774; x_wconf 78' lang='lat' dir='ltr'><strong><em>moratio</em></strong></span> <span class='ocrx_word' id='word_1_538' title='bbox 444 5722 508 5777; x_wconf 88' lang='lat' dir='ltr'><strong><em>ad</em></strong></span> <span class='ocrx_word' id='word_1_539' title='bbox 555 5734 729 5777; x_wconf 88' lang='lat' dir='ltr'><strong><em>nostra</em></strong></span> <span class='ocrx_word' id='word_1_540' title='bbox 767 5739 929 5796; x_wconf 89' lang='lat' dir='ltr'><strong><em>usque</em></strong></span> <span class='ocrx_word' id='word_1_541' title='bbox 964 5736 1203 5797; x_wconf 86' lang='lat' dir='ltr'><strong><em>tempora</em></strong></span> <span class='ocrx_word' id='word_1_542' title='bbox 1241 5724 1579 5797; x_wconf 73' lang='lat' dir='ltr'><strong><em>personavit.</em></strong></span> <span class='ocrx_word' id='word_1_543' title='bbox 1626 5724 1754 5781; x_wconf 69' lang='lat' dir='ltr'><strong><em>Ha‘c</em></strong></span> 
     </span>
    </p>
   </div>
   <div class='ocr_carea' id='block_1_79' title="bbox 195 5810 1751 5891">
    <p class='ocr_par' dir='ltr' id='par_1_79' title="bbox 195 5810 1751 5891">
     <span class='ocr_line' id='line_1_79' title="bbox 195 5810 1751 5891; baseline 0.01 -33"><span class='ocrx_word' id='word_1_544' title='bbox 195 5810 357 5862; x_wconf 85' lang='lat' dir='ltr'><strong><em>omnia</em></strong></span> <span class='ocrx_word' id='word_1_545' title='bbox 379 5811 683 5869; x_wconf 81' lang='lat' dir='ltr'><strong><em>clarissimis</em></strong></span> <span class='ocrx_word' id='word_1_546' title='bbox 703 5815 1013 5875; x_wconf 82' lang='lat' dir='ltr'><strong><em>testimoniis</em></strong></span> <span class='ocrx_word' id='word_1_547' title='bbox 1038 5816 1349 5888; x_wconf 82' lang='lat' dir='ltr'><strong><em>ostendam,</em></strong></span> <span class='ocrx_word' id='word_1_548' title='bbox 1381 5820 1596 5891; x_wconf 55' lang='lat' dir='ltr'><strong><em>qualia</em></strong></span> <span class='ocrx_word' id='word_1_549' title='bbox 1636 5817 1751 5873; x_wconf 74' lang='lat' dir='ltr'><strong><em>dis-</em></strong></span> 
     </span>
    </p>
   </div>
   <div class='ocr_carea' id='block_1_80' title="bbox 1861 5438 3472 5517">
    <p class='ocr_par' dir='ltr' id='par_1_80' title="bbox 1861 5438 3472 5517">
     <span class='ocr_line' id='line_1_80' title="bbox 1861 5438 3472 5517; baseline -0.006 -18"><span class='ocrx_word' id='word_1_550' title='bbox 1861 5456 2175 5517; x_wconf 88' lang='lat' dir='ltr'><strong><em>gumentnm</em></strong></span> <span class='ocrx_word' id='word_1_551' title='bbox 2243 5445 2383 5515; x_wconf 90' lang='lat' dir='ltr'><strong><em>quod</em></strong></span> <span class='ocrx_word' id='word_1_552' title='bbox 2424 5459 2490 5499; x_wconf 81' lang='lat' dir='ltr'><strong><em>ex</em></strong></span> <span class='ocrx_word' id='word_1_553' title='bbox 2538 5443 2620 5498; x_wconf 88' lang='lat' dir='ltr'><strong><em>bis</em></strong></span> <span class='ocrx_word' id='word_1_554' title='bbox 2664 5440 2978 5498; x_wconf 81' lang='lat' dir='ltr'><strong><em>Tertulliani</em></strong></span> <span class='ocrx_word' id='word_1_555' title='bbox 3033 5440 3212 5496; x_wconf 84' lang='lat' dir='ltr'><strong><em>verbis</em></strong></span> <span class='ocrx_word' id='word_1_556' title='bbox 3261 5438 3316 5493; x_wconf 90' lang='lat' dir='ltr'><strong><em>in</em></strong></span> <span class='ocrx_word' id='word_1_557' title='bbox 3361 5452 3472 5491; x_wconf 80' lang='lat' dir='ltr'><strong><em>suae</em></strong></span> 
     </span>
    </p>
   </div>
   <div class='ocr_carea' id='block_1_81' title="bbox 1860 5531 3470 5608">
    <p class='ocr_par' dir='ltr' id='par_1_81' title="bbox 1860 5531 3470 5608">
     <span class='ocr_line' id='line_1_81' title="bbox 1860 5531 3470 5608; baseline -0.005 -16"><span class='ocrx_word' id='word_1_558' title='bbox 1860 5538 2128 5608; x_wconf 81' lang='lat' dir='ltr'><strong><em>Opinionis</em></strong></span> <span class='ocrx_word' id='word_1_559' title='bbox 2154 5536 2613 5591; x_wconf 79' lang='lat' dir='ltr'><strong><em>conﬁrmationem</em></strong></span> <span class='ocrx_word' id='word_1_560' title='bbox 2644 5532 2927 5603; x_wconf 81' lang='lat' dir='ltr'><strong><em>exsculpit,</em></strong></span> <span class='ocrx_word' id='word_1_561' title='bbox 2961 5531 3183 5587; x_wconf 79' lang='lat' dir='ltr'><strong><em>inferius</em></strong></span> <span class='ocrx_word' id='word_1_562' title='bbox 3210 5539 3470 5586; x_wconf 79' lang='lat' dir='ltr'><strong><em>evertam.</em></strong></span> 
     </span>
    </p>
   </div>
   <div class='ocr_carea' id='block_1_82' title="bbox 1937 5624 3469 5697">
    <p class='ocr_par' dir='ltr' id='par_1_82' title="bbox 1937 5624 3469 5697">
     <span class='ocr_line' id='line_1_82' title="bbox 1937 5624 3469 5697; baseline -0.003 -14"><span class='ocrx_word' id='word_1_563' title='bbox 1937 5631 1998 5684; x_wconf 92' lang='lat' dir='ltr'><strong><em>il.</em></strong></span> <span class='ocrx_word' id='word_1_564' title='bbox 2034 5628 2254 5684; x_wconf 88' lang='lat' dir='ltr'><strong><em>Pontius</em></strong></span> <span class='ocrx_word' id='word_1_565' title='bbox 2282 5628 2541 5683; x_wconf 86' lang='lat' dir='ltr'><strong><em>diaconus</em></strong></span> <span class='ocrx_word' id='word_1_566' title='bbox 2562 5668 2579 5695; x_wconf 92' lang='lat'><strong><em>,</em></strong></span> <span class='ocrx_word' id='word_1_567' title='bbox 2610 5629 2701 5697; x_wconf 93' lang='lat' dir='ltr'><strong><em>qui</em></strong></span> <span class='ocrx_word' id='word_1_568' title='bbox 2734 5636 2853 5695; x_wconf 87' lang='lat' dir='ltr'><strong><em>post</em></strong></span> <span class='ocrx_word' id='word_1_569' title='bbox 2876 5626 3156 5696; x_wconf 69' lang='lat' dir='ltr'><strong><em>Perpetua:</em></strong></span> <span class='ocrx_word' id='word_1_570' title='bbox 3195 5635 3250 5679; x_wconf 88' lang='lat' dir='ltr'><strong><em>et</em></strong></span> <span class='ocrx_word' id='word_1_571' title='bbox 3277 5624 3469 5681; x_wconf 86' lang='lat' dir='ltr'><strong><em>Felici-</em></strong></span> 
     </span>
    </p>
   </div>
   <div class='ocr_carea' id='block_1_83' title="bbox 1863 5720 3471 5794">
    <p class='ocr_par' dir='ltr' id='par_1_83' title="bbox 1863 5720 3471 5794">
     <span class='ocr_line' id='line_1_83' title="bbox 1863 5720 3471 5794; baseline -0.003 -14"><span class='ocrx_word' id='word_1_572' title='bbox 1863 5725 1993 5781; x_wconf 86' lang='lat' dir='ltr'><strong><em>tatis</em></strong></span> <span class='ocrx_word' id='word_1_573' title='bbox 2045 5723 2248 5779; x_wconf 91' lang='lat' dir='ltr'><strong><em>obitum</em></strong></span> <span class='ocrx_word' id='word_1_574' title='bbox 2295 5722 2678 5794; x_wconf 76' lang='lat' dir='ltr'><strong><em>quinquaginta</em></strong></span> <span class='ocrx_word' id='word_1_575' title='bbox 2712 5723 2929 5779; x_wconf 87' lang='lat' dir='ltr'><strong><em>circiter</em></strong></span> <span class='ocrx_word' id='word_1_576' title='bbox 2978 5721 3131 5777; x_wconf 85' lang='lat' dir='ltr'><strong><em>annis</em></strong></span> <span class='ocrx_word' id='word_1_577' title='bbox 3163 5720 3380 5784; x_wconf 83' lang='lat' dir='ltr'><strong><em>iiOruit,</em></strong></span> <span class='ocrx_word' id='word_1_578' title='bbox 3420 5722 3471 5775; x_wconf 93' lang='lat' dir='ltr'><strong><em>in</em></strong></span> 
     </span>
    </p>
   </div>
   <div class='ocr_carea' id='block_1_84' title="bbox 1857 5816 3470 5890">
    <p class='ocr_par' dir='ltr' id='par_1_84' title="bbox 1857 5816 3470 5890">
     <span class='ocr_line' id='line_1_84' title="bbox 1857 5816 3470 5890; baseline -0.004 -15"><span class='ocrx_word' id='word_1_579' title='bbox 1857 5816 1979 5875; x_wconf 81' lang='lat' dir='ltr'><strong><em>Vita</em></strong></span> <span class='ocrx_word' id='word_1_580' title='bbox 2011 5818 2069 5873; x_wconf 87' lang='lat' dir='ltr'><strong><em>S.</em></strong></span> <span class='ocrx_word' id='word_1_581' title='bbox 2111 5816 2359 5890; x_wconf 83' lang='lat' dir='ltr'><strong><em>Cypriani</em></strong></span> <span class='ocrx_word' id='word_1_582' title='bbox 2384 5816 2500 5874; x_wconf 67' lang='lat' dir='ltr'><strong><em>haec</em></strong></span> <span class='ocrx_word' id='word_1_583' title='bbox 2520 5817 2704 5887; x_wconf 84' lang='lat' dir='ltr'><strong><em>habet,</em></strong></span> <span class='ocrx_word' id='word_1_584' title='bbox 2736 5834 2855 5889; x_wconf 65' lang='lat' dir='ltr'><strong><em>quae</em></strong></span> <span class='ocrx_word' id='word_1_585' title='bbox 2881 5818 2948 5873; x_wconf 89' lang='lat' dir='ltr'><strong><em>ad</em></strong></span> <span class='ocrx_word' id='word_1_586' title='bbox 2970 5833 3154 5873; x_wconf 88' lang='lat' dir='ltr'><strong><em>earum</em></strong></span> <span class='ocrx_word' id='word_1_587' title='bbox 3178 5825 3319 5881; x_wconf 84' lang='lat' dir='ltr'><strong><em>acta,</em></strong></span> <span class='ocrx_word' id='word_1_588' title='bbox 3352 5828 3470 5870; x_wconf 88' lang='lat' dir='ltr'><strong><em>mea</em></strong></span> 
     </span>
    </p>
   </div>
   <div class='ocr_carea' id='block_1_85' title="bbox 192 5902 3467 5984">
    <p class='ocr_par' dir='ltr' id='par_1_85' title="bbox 192 5902 3467 5984">
     <span class='ocr_line' id='line_1_85' title="bbox 192 5902 3467 5984; baseline -0.005 -11"><span class='ocrx_word' id='word_1_589' title='bbox 192 5902 402 5972; x_wconf 68' lang='grc'><strong><em>1³0³³111»</em></strong></span> <span class='ocrx_word' id='word_1_590' title='bbox 419 5914 475 5961; x_wconf 76' lang='grc' dir='ltr'><strong><em>ιιι</em></strong></span> <span class='ocrx_word' id='word_1_591' title='bbox 497 5904 650 5977; x_wconf 66' lang='lat' dir='ltr'><strong><em>Phile</em></strong></span> <span class='ocrx_word' id='word_1_592' title='bbox 672 5915 721 5965; x_wconf 71' lang='lat' dir='ltr'><strong><em>et</em></strong></span> <span class='ocrx_word' id='word_1_593' title='bbox 744 5921 920 5981; x_wconf 77' lang='lat' dir='ltr'><strong><em>aperte</em></strong></span> <span class='ocrx_word' id='word_1_594' title='bbox 961 5912 1306 5984; x_wconf 66' lang='lat' dir='ltr'><strong><em>consistitur:</em></strong></span> <span class='ocrx_word' id='word_1_595' title='bbox 1331 5912 1455 5973; x_wconf 84' lang='lat' dir='ltr'><strong><em>inde</em></strong></span> <span class='ocrx_word' id='word_1_596' title='bbox 1477 5912 1546 5971; x_wconf 83' lang='lat' dir='ltr'><strong><em>ab</em></strong></span> <span class='ocrx_word' id='word_1_597' title='bbox 1566 5926 1752 5972; x_wconf 87' lang='lat' dir='ltr'><strong><em>earum</em></strong></span> <span class='ocrx_word' id='word_1_598' title='bbox 1857 5912 2075 5983; x_wconf 84' lang='lat' dir='ltr'><strong><em>quidem</em></strong></span> <span class='ocrx_word' id='word_1_599' title='bbox 2095 5909 2380 5981; x_wconf 82' lang='lat' dir='ltr'><strong><em>sententia,</em></strong></span> <span class='ocrx_word' id='word_1_600' title='bbox 2405 5909 2688 5973; x_wconf 74' lang='lat' dir='ltr'><strong><em>manifeste</em></strong></span> <span class='ocrx_word' id='word_1_601' title='bbox 2707 5909 3024 5982; x_wconf 83' lang='lat' dir='ltr'><strong><em>respiciunt,</em></strong></span> <span class='ocrx_word' id='word_1_602' title='bbox 3053 5909 3128 5967; x_wconf 88' lang='lat' dir='ltr'><strong><em>uti</em></strong></span> <span class='ocrx_word' id='word_1_603' title='bbox 3166 5906 3329 5966; x_wconf 88' lang='lat' dir='ltr'><strong><em>etiam</em></strong></span> <span class='ocrx_word' id='word_1_604' title='bbox 3351 5905 3467 5961; x_wconf 83' lang='lat' dir='ltr'><strong><em>viro</em></strong></span> 
     </span>
    </p>
   </div>
  </div>
