3812 6284
346 852 374 871 κ

410 375 485 433 65

1641 348 2090 414 DISSEBTATIO
2128 348 2607 407 APOLOGETICA

3624 336 3695 404 tit

410 486 712 546 clarissimo
755 482 910 541 Lucae
954 480 1230 538 ﬂolstenio
1263 477 1587 551 jampridem
1622 486 1703 531 est
1748 473 1998 529 observa-
2023 466 2078 527 Α
2102 483 2260 539 quam
2289 467 2494 522 scilicet
2525 465 2875 536 Pontiusipse
2900 471 3229 530 nasceretur,
3258 473 3313 522 et
3333 478 3399 520 eo
3434 464 3573 535 quod
3594 466 3696 538 ipse

411 580 611 653 tum(l)
633 599 646 633 :
670 598 689 632 ι
714 578 943 645 Majores
970 574 1141 629 nostri
1158 572 1358 645 plebeis
1375 582 1428 627 et
1447 567 1846 625 eatechumenis
1865 579 2009 619 mar-

416 676 614 748 tyrium
641 670 945 726 consecutis
966 677 1170 721 tantum
1196 665 1441 727 honoris,
1460 678 1555 733 pro
1575 658 1815 732 martyrii
1843 657 2009 726 ipsius

413 746 784 829 veneratione,
799 759 1086 823 dederunt,
1106 768 1160 813 ttt
1174 756 1596 833 deaiassionibus
1611 746 1794 829 cocum
1820 749 2007 813 multa,

415 867 509 915 aut
539 871 706 928 prope
733 854 984 921 dixerim,
1018 867 1155 924 pene
1175 861 1364 906 cuneta
1394 844 1835 918 conscripserint,
1862 851 1918 897 ιιι
1942 839 2010 896 ad

414 960 652 1008 nostram
680 964 896 1021 quoque
922 947 1187 1012 notitiam,
1216 946 1307 1016 qui
1346 944 1582 1000 nondum
1614 940 1720 994 nali
1766 939 1962 993 fuimus
1991 977 2008 1003 ,

414 1043 781 1116 pervenirent.
797 1062 815 1095 ›
827 1041 953 1097 Haec
969 1038 1144 1095 Pontii
1164 1039 1328 1094 verba
1355 1037 1634 1107 Perpetua:
1646 1043 1701 1091 et
1718 1028 2011 1103 Felicitatis

382 1176 391 1189 .
416 1148 533 1196 acta
566 1136 734 1208 digito
750 1135 914 1190 veluti
934 1131 1244 1200 ostendunt,
1268 1141 1324 1187 et
1350 1132 1404 1186 in
1425 1146 1485 1186 ea
1500 1131 1703 1199 Optime
1725 1125 2009 1197 quadrant.

488 1231 693 1288 Plebeii
721 1230 823 1286 hoc
838 1230 979 1293 loco,
1007 1236 1064 1282 ιιι
1084 1227 1222 1283 idem
1254 1227 1555 1282 observavit
1577 1223 1903 1287 Holsrenins,
1926 1234 2017 1275 ac-

418 1324 651 1397 cipiendi
683 1332 811 1380 sunt
829 1322 950 1378 laici
973 1362 987 1387 ,
1021 1320 1228 1376 nullum
1259 1321 1313 1376 in
1340 1319 1489 1376 clero
1517 1317 1762 1375 ordinem
1793 1311 1970 1384 adepti
1998 1330 2011 1379 ;

417 1422 498 1479 sic
520 1421 663 1476 enim
695 1420 853 1490 paulo
875 1417 1096 1473 inferius
1128 1416 1266 1472 idem
1287 1416 1543 1471 Pontius:
1570 1414 1740 1469 Multa
1766 1420 1883 1467 sunt
1903 1423 2018 1481 qua:

417 1517 586 1573 adhuc
613 1515 855 1588 plebeius,
887 1512 1049 1567 multa
1071 1527 1188 1583 qua
1203 1514 1318 1583 jam
1349 1508 1609 1579 presbyter
1636 1509 1772 1579 fecit.

493 1610 919 1667 Cateebumenas
940 1608 1105 1663 fuisse
1130 1617 1238 1661 tum
1269 1606 1431 1675 ipsas,
1460 1613 1569 1656 tttnt
1601 1617 1783 1656 earum
1813 1600 1863 1654 in
1897 1613 2019 1667 pas-

420 1704 573 1761 sione
594 1703 790 1768 socios,
839 1706 1092 1756 Actorum
1133 1697 1424 1757 collectori.
1460 1697 1576 1765 ipso
1614 1694 1793 1749 statim
1843 1694 2014 1758 iuit'o,

420 1797 705 1868 diligentes
741 1804 827 1849 est
875 1793 1187 1848 adnotatum
1220 1809 1233 1843 :
1272 1809 1290 1842 ι
1327 1788 1663 1861 Apprehensi
1713 1796 1837 1840 sunt
1882 1786 2016 1840 ado-

2111 563 2367 617 describit
2406 561 2584 616 studio
2638 559 2858 615 fuerunt
2906 574 2971 615 ac
3035 559 3306 630 diligentia
3347 559 3695 617 concinnata:

2111 654 2356 724 adeoque
2383 653 2560 708 medio
2589 653 2788 708 sazculo
2828 653 2986 708 tertio
3027 649 3190 706 fuisse
3225 651 3545 723 Perpetuam
3570 653 3699 723 ejus-

2110 763 2219 818 que
2251 745 2818 819 soeios.-,Carthagine,
2851 744 2938 800 ubi
2965 745 3278 816 sanguinem
3318 742 3583 813 fuderant,
3615 762 3699 816 pro

2113 840 2254 897 veris
2300 841 2622 912 martyribus
2664 839 2895 909 habitos,
2939 837 3152 895 laudata
3188 838 3363 894 Pontii
3404 838 3567 896 verba
3606 856 3699 897 nou

2115 933 2348 988 obscure
2389 932 2635 988 suadent.

2186 1022 2274 1079 lli.
2316 1024 2722 1097 ld.veronemo
2750 1023 3031 1080 mirabitur
3078 1023 3168 1095 qui
3199 1038 3381 1080 secum
3416 1024 3597 1080 animo
3632 1040 3703 1081 rc-

2119 1119 2382 1190 putaverit
2418 1119 2663 1189 sequenti
2692 1159 2708 1185 ,
2746 1117 2798 1174 id
2853 1127 2935 1174 est
2973 1126 3165 1190 quarto
3201 1116 3455 1173 Ecclesiae
3496 1120 3700 1183 sarculo,

2116 1213 2385 1270 celebrem
2408 1228 2621 1284 quoque
2645 1212 2833 1268 Romae
2861 1210 3028 1268 fuisse
3048 1211 3327 1283 Perpetua:
3352 1221 3407 1267 et
3427 1209 3707 1268 Felicitatis

2119 1305 2484 1363 festivitatem.
2551 1305 2602 1362 Id
2660 1316 2869 1362 constat
2921 1320 2992 1362 ex
3043 1285 3406 1371 vetuSIissimo
3461 1304 3707 1362 Ecclesia:

2118 1398 2377 1454 Romana:
2397 1398 2722 1464 calendario,
2767 1397 2906 1469 quod
2931 1396 3226 1454 Bucberius
3250 1395 3458 1468 publica
3486 1396 3604 1453 luce
3623 1398 3709 1452 do-

2120 1493 2289 1560 navit,
2317 1504 2370 1549 et
2398 1492 2464 1548 ad
2482 1492 2681 1548 Liberii
2711 1501 2949 1561 tempora
2980 1492 3252 1562 pertinere
3304 1490 3573 1546 unanimis
3604 1506 3710 1547 esse

2119 1586 2332 1641 videtur
2370 1586 2699 1641 eruditorum
2748 1583 3031 1639 sententia.
3086 1582 3143 1637 In
3185 1582 3286 1638 hoc
3335 1582 3518 1653 itaque
3560 1598 3712 1639 vene-

2122 1680 2305 1736 randze
2332 1680 2662 1751 antiquitatis
2684 1685 3056 1744 monumento,
3091 1675 3259 1732 Nonis
3298 1676 3496 1755 Martii,
3528 1676 3714 1748 Perpe-

2122 1786 2221 1831 tua:
2242 1784 2287 1830 et
2318 1774 2602 1830 Felicitatis
2625 1774 2833 1845 Africa,
2864 1773 3081 1828 nomina
3114 1772 3371 1843 inscripta
3402 1782 3545 1829 sunt.
3572 1773 3711 1843 Quod

420 1858 688 1944 lescventes
730 1884 1111 1949 catechumiui,
1157 1858 1458 1938 Revocatus
1509 1889 1565 1936 et
1611 1878 1860 1934 Felicitas
1890 1893 2017 1932 cou-
2050 1868 2096 1928 B
2124 1858 2273 1925 certe
2299 1868 2575 1923 indubiunt
2607 1877 2689 1923 est
2715 1866 3063 1923 vetustissimi
3091 1867 3142 1920 iu
3172 1864 3412 1921 Ecclesia
3442 1866 3623 1923 cultus
3643 1885 3715 1922 ar-

422 1996 576 2037 serva
604 1981 760 2051 ejus,
808 1980 1131 2036 Saturninus
1185 1987 1234 2032 et
1293 1974 1652 2039 Secundulus,
1699 1973 1838 2027 inter
1886 1985 2023 2041 quos

423 2084 479 2132 et
501 2074 654 2131 Vivia
695 2075 979 2145 Pc’rpctua,
1036 2073 1261 2127 hone~tc
1315 2080 1476 2134 nata,
1525 2067 1819 2124 liberaliter
1866 2065 2021 2121 insti-

425 2179 561 2235 tuta,
617 2167 987 2223 matronaliter
1032 2176 1220 2236 nupta,
1284 2163 1490 2219 habens
1555 2172 1758 2233 patrem
1809 2171 1864 2216 et
1906 2176 2024 2214 mtr-

426 2271 566 2318 trem
604 2270 661 2318 et
704 2261 900 2319 fratres
948 2260 1125 2323 duos,
1187 2259 1417 2316 alterum
1483 2271 1637 2328 teque
1685 2254 2022 2311 eatechumi-

426 2374 576 2424 num,
603 2377 623 2412 ι
655 2366 767 2414 etc.
800 2357 898 2413 Hic
920 2372 1044 2413 esse
1070 2355 1282 2412 videtur
1311 2353 1571 2418 Saturus,
1604 2364 1763 2421 quem
1800 2346 2023 2402 fratrem

426 2422 582 2507 suum
612 2450 877 2523 Perpetua
909 2453 962 2508 in
990 2450 1137 2507 hisce
1167 2448 1313 2504 Actis
1345 2444 1620 2517 appellat:
1648 2461 1667 2497 ι
1706 2443 1857 2498 'fuuc
1884 2422 2079 2495 dixit’

426 2543 558 2599 mihi
587 2542 754 2611 frater
782 2559 933 2610 meus
962 2561 976 2599 :
1009 2542 1233 2599 Domina
1261 2554 1416 2596 soror
1441 2580 1455 2603 ,
1495 2555 1515 2590 ι
1566 2547 1672 2593 etc.
1727 2534 1795 2589 Et
1842 2530 1978 2587 infra
2007 2547 2023 2583 :

434 2655 454 2689 ι
487 2636 740 2693 Ειί·θιιι1ἰ
785 2638 964 2692 statim
1008 2636 1156 2691 fratri
1201 2648 1355 2699 meo,
1400 2641 1455 2687 et
1508 2629 1872 2685 intelleximus
1906 2638 2027 2694 pas-

427 2732 634 2786 sionem
667 2746 789 2788 esse
817 2730 1069 2787 futuram.
1111 2751 1130 2784 ι
1185 2730 1445 2801 Loquitur
1488 2736 1665 2782 autem
1703 2726 1771 2781 de
1808 2723 2024 2788 Saturo,

429 2824 669 2896 ejusdem
698 2827 884 2897 agonis
913 2824 1299 2880 commilitone.
1338 2822 1474 2880 Sunt
1505 2821 1735 2889 denique
1760 2816 2027 2885 ejusmodi

428 2919 560 2974 Acta
605 2932 667 2972 ea
714 2917 986 2990 diligentia
1030 2918 1351 2987 conscripta,
1394 2931 1554 2987 quam
1601 2914 1822 2969 Pontius
1852 2910 2027 2965 verbis

430 3012 802 3082 superioribus
830 3013 1026 3068 laudat.
1045 3011 1205 3066 Multa
1232 3014 1399 3079 enim,
1429 3019 1542 3075 aut,
1578 3021 1743 3077 pr0pe
1772 3005 2024 3069 dixerim,

430 3119 567 3174 pene
603 3113 793 3159 cuncta
824 3119 943 3174 quze
965 3103 1031 3158 ad
1054 3118 1240 3159 eorum
1265 3102 1542 3174 passiones
1570 3100 1855 3169 pertinent,
1878 3111 2027 3149 com-

431 3195 754 3266 plectuntur,
807 3196 873 3251 ad
920 3199 1060 3268 ipsas
1101 3211 1268 3265 usque
1313 3192 1631 3248 minutiores
1671 3190 2022 3245 circumstan-

432 3294 551 3355 tias,
578 3300 639 3346 ut
663 3291 820 3362 plane
850 3294 1087 3349 nesciam
1124 3306 1192 3346 an
1244 3290 1421 3358 aliqua
1452 3285 1794 3355 antiquorum
1826 3292 2022 3353 marty-

429 3401 551 3441 rum
586 3388 714 3441 Acta
753 3388 941 3456 majori
980 3381 1320 3440 accuratione
1358 3394 1421 3432 ac
1459 3374 1729 3446 diligentia
1761 3374 2025 3444 descripta

432 3476 559 3531 sint.
585 3477 757 3533 Pontii
783 3479 959 3545 itaque
987 3475 1148 3530 verba
1181 3473 1232 3529 in
1259 3488 1344 3537 ea,
1370 3484 1489 3538 qua:
1523 3484 1629 3538 pra:
1661 3467 1907 3522 mauilms
1934 3465 2027 3520 ha-

431 3571 642 3640 bemus,
691 3573 820 3626 Acta
867 3572 934 3624 ita
985 3569 1121 3624 belle
1159 3564 1504 3627 conveniunt,
1547 3571 1604 3615 ut
1649 3559 1806 3617 nullis
1840 3575 2025 3615 eorum

431 3678 551 3733 qua:
596 3662 760 3719 modo
797 3669 1028 3721 exstant,
1072 3656 1281 3712 melius.
1316 3654 1396 3709 An
1436 3664 1613 3709 autem
1660 3651 1833 3708 Pontii
1873 3660 2031 3707 artato

432 3756 610 3826 aliqua
637 3753 962 3814 exstiterint,
1001 3749 1065 3803 ad
1101 3763 1221 3819 qtae
1269 3748 1446 3817 aptius
1476 3748 1592 3815 ejus
1634 3746 1794 3801 verba
1842 3744 2030 3800 referri

433 3859 675 3920 possent,
702 3845 859 3901 valde
886 3844 1132 3912 equidem
1157 3841 1342 3896 dubito
1368 3858 1380 3894 :
1404 3855 1526 3896 cum
1551 3855 1656 3895 non
1690 3841 1827 3895 adeo
1861 3838 1912 3894 in
1942 3855 2032 3893 ve-

436 3944 673 4000 tustioris
719 3940 815 3996 aevi
862 3937 1381 4007 moribus.positum
1435 3935 1598 3991 fuisse
1655 3934 1919 4000 videatur,
1976 3943 2034 3987 ιιι

433 4048 582 4109 gesta
612 4042 908 4113 martyrum
946 4032 1080 4087 adeo
1105 4030 1366 4101 exquisita
1397 4029 1671 4099 diligentia
1706 4028 1900 4084 litteris
1926 4035 2033 4081 tra-

435 4132 707 4186 derentur.
740 4124 964 4180 Fallitur
995 4125 1134 4180 enim
1182 4123 1485 4180 Dodwcllus
1512 4140 1635 4178 cum
1684 4140 1752 4177 ex
1806 4121 2035 4187 laudatis

437 4218 897 4275 vcrbiscout'ludit
915 4217 1197 4291 (2),tade0
1219 4217 1435 4272 sedulos
1463 4217 1629 4272 fuisse
1656 4217 1706 4270 in
1735 4220 2031 4287 niartyrum

436 4314 602 4384 gestis
624 4312 898 4370 memoriae
931 4312 1202 4367 tradendis
1230 4319 1462 4376 veteres,
1482 4320 1553 4367 'ut
1594 4309 1725 4364 niltil
1751 4309 1874 4363 illos
1922 4309 2035 4363 fere

438 4408 638 4478 fugerit
673 4426 686 4473 ;
726 4426 746 4460 ι
782 4416 838 4462 ιιι
868 4422 932 4461 ex
965 4414 1208 4461 actorum
1242 4405 1504 4474 paucitate
1559 4419 1680 4474 qua:
1722 4411 2032 4472 supersunt,

441 4502 760 4571 paucitatem
782 4516 995 4570 quoque
1014 4508 1305 4569 martyrqu
1319 4498 1551 4568 colligat.
1574 4496 1689 4550 Non
1720 4496 1862 4550 enim
1890 4509 2039 4549 asse-

439 4598 507 4651 rit
545 4596 764 4651 l'outius
808 4595 860 4649 in
896 4593 1232 4663 singulorum
1259 4602 1550 4662 martyrum
1573 4589 1740 4657 gestis
1760 4588 2036 4644 memoriae

443 4688 717 4744 tradendis
744 4690 857 4758 pari
881 4687 1152 4756 diligentia
1186 4694 1396 4739 veteres
1421 4681 1586 4738 fuisse
1610 4692 1852 4737 versatos
1880 4700 1893 4736 :
1922 4682 2038 4752 ejus

445 4796 676 4851 namque
697 4782 969 4852 preposito
992 4779 1122 4833 Satis
1143 4788 1253 4831 erat
1279 4776 1758 4832 luculentissimum
1784 4775 2039 4831 horumce

442 4875 699 4932 Actorum
737 4874 1041 4943 exemplum
1092 4871 1242 4942 queis
1298 4881 1402 4924 tam
1448 4869 1636 4925 scdulo
1684 4869 1749 4925 ad
1796 4884 2040 4938 posteros

444 4970 756 5023 transmissa
821 4966 995 5021 fuerat
1050 4964 1379 5035 plebeiorum
1433 4972 1487 5019 et
1529 4963 2038 5019 catt-chumcttorum

446 5073 739 5136 martyrum
778 5062 1058 5117 memoria.
1105 5059 1234 5115 lude
1271 5059 1413 5115 enim
1444 5058 1601 5115 facile
1632 5072 1821 5114 omnes
1846 5057 2044 5112 intelli-

449 5161 666 5232 gebant,
693 5172 853 5229 quam
898 5173 1003 5212 non
1045 5156 1345 5226 segniorem
1374 5171 1592 5225 operam
1636 5154 1892 5208 adhibere
1926 5150 2042 5220 ipse

447 5252 669 5307 deberet
708 5250 762 5304 in
798 5248 1035 5319 episcopi
1065 5258 1118 5303 et
1157 5250 1405 5321 martyris
1433 5244 1856 5319 praeclarissimis
1878 5243 2042 5313 gestis

448 5347 744 5402 litterarum
788 5345 1151 5401 monumentis
1189 5343 1586 5416 consignandis.
1632 5340 1818 5395 Nullus
1863 5339 2042 5409 itaque

450 5438 657 5500 dubito,
685 5438 816 5508 quin
839 5438 1137 5509 Perpetuat,
1166 5435 1462 5492 Felicitatis
1486 5454 1489 5459 ν
1514 5442 1571 5488 et
1614 5431 1887 5489 sociorum
1911 5436 2042 5489 Acta

449 5547 558 5603 pra:
579 5531 749 5588 oculis
778 5531 998 5588 Pontius
1025 5530 1288 5586 habuerit.
1309 5528 1439 5583 Nam
1470 5536 1524 5582 et
1550 5525 1614 5580 ad
1648 5525 1886 5597 plebeios
1922 5541 2045 5596 per-

450 5625 621 5682 tinent
641 5636 695 5683 et
719 5628 1157 5687 catechumenos,
1186 5626 1239 5677 et
1264 5630 1396 5677 aetas
1419 5620 1578 5677 facile
1605 5619 1873 5686 convenit,
1894 5628 2045 5675 ante-

516 5769 599 5841 (1)
627 5772 683 5827 In
718 5770 842 5824 Not.
875 5768 943 5823 ad
971 5764 1210 5820 Passion.
1238 5762 1345 5819 SS.
1365 5761 1655 5836 Perpetute,
1685 5760 1913 5832 Felicit.,
1938 5771 2042 5822 etc.

442 5843 469 5914 ᾗ
508 5844 573 5903 ll.
603 5858 725 5897 vers
756 5842 807 5894 1.

516 5915 593 5985 (2)
622 5915 849 5971 Dissert.
870 5925 921 5964 XI
947 5906 1224 5981 Cyprian,,
1246 5908 1309 5965 de
1331 5905 1822 5980 Martyr.Pmtcit.§
1844 5908 1899 5977 5,
1915 5918 1970 5967 ct
1987 5909 2041 5966 5.

2123 1970 2457 2032 gmueutum.
2498 1959 2630 2015 Cum
2662 1962 2805 2015 cnim
2835 1960 2931 2015 viri
2961 1959 3166 2053 eruditi,
3192 1959 3593 2016 Bucheranium
3635 1977 3714 2017 ca-

2128 2053 2427 2109 lendarium
2460 2052 2510 2107 itt
2552 2053 2746 2107 Liberii
2787 2063 3027 2123 tempora
3066 2051 3367 2119 conferunt,
3398 2067 3504 2107 non
3532 2069 3602 2108 ca
3644 2054 3714 2124 ip-

2125 2163 2308 2203 sorum
2337 2163 2489 2203 mens
2513 2155 2612 2215 est,
2640 2146 2826 2202 Roma:
2853 2156 2965 2202 tum
2991 2144 3220 2216 primum
3244 2146 3513 2202 institutas
3535 2146 3714 2213 fuisse,

2126 2256 2247 2311 quae
2276 2241 2327 2295 in
2364 2255 2429 2295 eo
2465 2246 2832 2307 recensentur,
2866 2249 3157 2310 martyrum
3188 2237 3561 2295 solemnitates
3594 2259 3607 2294 :
3635 2241 3719 2292 ah-

2128 2333 2289 2389 surda
2320 2334 2464 2390 enim
2493 2342 2637 2389 esset
2664 2331 2927 2403 ejusmodi
2955 2332 3228 2402 cogitatio.
3270 2331 3404 2388 Nam
3436 2331 3719 2390 Bucheria-

2128 2445 2230 2484 nus
2271 2428 2391 2494 iste,
2432 2443 2527 2483 seu
2571 2426 2890 2484 Liberianus
2926 2427 3194 2482 ittdiculus
3230 2442 3295 2482 ex
3338 2427 3719 2497 antiquioribus

2128 2521 2359 2594 dyptieis
2403 2532 2456 2577 et
2488 2519 2763 2576 tabulariis
2789 2519 3089 2591 descriptus
3125 2530 3229 2586 est,
3289 2536 3447 2591 quam
3477 2534 3591 2575 non
3622 2528 3718 2574 tutu

2132 2616 2359 2686 primum
2388 2612 2665 2677 Ecclesia},
2710 2613 3006 2685 praesertim
3035 2611 3378 2682 Apostolicte,
3419 2621 3471 2667 et
3498 2611 3715 2666 maxime

2129 2717 2289 2779 atque
2316 2706 2577 2778 imprimis
2605 2706 2866 2772 Romana,
2891 2705 2981 2761 sed
3003 2707 3112 2773 jam
3142 2704 3265 2759 inde
3284 2705 3353 2760 ab
3377 2704 3554 2772 initio,
3593 2714 3644 2758 nt
3668 2718 3724 2757 cx
3748 2742 3775 2759 ρ

2132 2803 2460 2858 Tertulliauo
2510 2799 2592 2872 (Ι)
2630 2800 2854 2872 aliisque
2890 2800 3198 2857 aucmribtts
3229 2799 3507 2865 discimus,
3547 2810 3727 2854 sacros

2130 2897 2294 2950 fastos
2325 2894 2631 2958 habuerint,
2674 2909 2771 2963 pro
2813 2894 3022 2947 illorum
3063 2903 3362 2963 temporum
3396 2892 3727 2955 conditione.

2129 2985 2531 3041 accuratissime
2564 2983 2817 3054 digestos.
2843 2984 2984 3040 Fieri
3019 2986 3199 3054 itaque
3229 2986 3431 3053 Optime
3457 2988 3657 3053 potuit,
3684 2994 3733 3039 ttt

2128 3077 2329 3145 aliquot
2369 3085 2493 3130 ante
2531 3074 2801 3130 Liberium
2843 3075 2997 3129 annis
3031 3074 3311 3142 Perpetuzn
3352 3086 3404 3130 et
3439 3074 3738 3131 Felicitatis

2132 3169 2309 3223 natale
2338 3176 2570 3237 emptum
2612 3166 2769 3221 fuerit
2811 3166 2862 3220 in
2902 3166 3029 3220 urbe
3067 3164 3328 3220 celebrari
3361 3182 3372 3217 :
3404 3163 3737 3235 Carthagine

2052 3260 2099 3323 C.
2131 3270 2306 3315 autem
2344 3259 2651 3331 priusquam
2680 3258 2866 3313 Roma:
2894 3268 3166 3329 receptura
3195 3257 3358 3314 fuisse
3381 3267 3437 3314 et
3459 3259 3732 3329 vulgatum

2131 3370 2316 3410 earum
2350 3353 2573 3419 cultum,
2603 3360 2780 3409 anuo'tt
2806 3367 2932 3409 vero
2964 3368 3218 3424 perquam
3245 3351 3580 3408 simillimum
3617 3355 3734 3409 est?
3790 3364 3791 3367 ‘

2130 3447 2263 3504 Cum
2296 3449 2454 3520 igitur
2499 3448 2676 3504 medio
2721 3447 2920 3504 sa-cnlo
2954 3455 3146 3517 quarto
3181 3445 3447 3511 Liberius,
3487 3447 3591 3500 sub
3632 3463 3730 3519 quo

2133 3541 2405 3596 laudatum
2442 3540 2804 3596 calendarium
2863 3539 3134 3595 conditum
3174 3549 3290 3601 est,
3331 3536 3523 3594 sedere
3551 3554 3731 3609 cuipo-

2133 3635 2219 3700 rit,
2280 3635 2475 3688 morosi
2525 3634 2746 3689 nimium
2789 3633 2957 3692 critici
3002 3643 3166 3699 esset,
3214 3616 3418 3688 inficias
3487 3634 3565 3688 ire
3606 3634 3728 3691 Οτι

2136 3725 2371 3795 thagine,
2418 3727 2605 3781 saltem
2653 3726 2871 3782 ineunte
2914 3710 3111 3782 Siccqu
3154 3735 3366 3798 quarto,
3417 3726 3724 3783 Nostrarum

2134 3820 2403 3875 celebrem
2434 3819 2600 3876 fuisse
2628 3821 2967 3877 memoriam.

2114 3906 2121 3915 ’
2209 3914 2306 3969 Est
2340 3908 2677 3985 aliud,'quod
2705 3915 2846 3969 circa
2878 3912 3219 3969 Liberianum
3248 3913 3406 3970 istutn
3440 3926 3723 3987 martyrum

2136 4010 2453 4066 lalcrculum
2502 4009 2788 4082 diligenter
2815 4009 2970 4064 velim
2997 4007 3451 4074 anim:tdverti,ex
3479 4024 3589 4079 quo
3612 4024 3723 4063 nos.

2139 4112 2339 4158 Irarum
2368 4115 2662 4177 martyrum
2692 4103 2868 4158 cultus
2898 4119 3000 4157 nou
3042 4109 3277 4158 vetustas
3318 4100 3497 4167 modo,
3543 4102 3637 4156 sed
3681 4110 3729 4156 et

2137 4198 2420 4255 celebritas
2449 4197 2671 4269 intelligi
2714 4198 2871 4253 facile
2899 4205 3107 4266 potest:
3137 4194 3397 4266 Martyres
3435 4193 3640 4249 scilicet
3683 4193 3727 4245 iu

2137 4306 2203 4347 co
2233 4291 2540 4347 calendario
2585 4291 2918 4358 dcscriptos,
2954 4298 3148 4358 pt‘mtt‘t‘
3175 4286 3396 4342 Nostras
3425 4295 3479 4343 et
3503 4285 3728 4358 Cypria-
3790 4310 3791 4353 ι

2140 4402 2287 4452 ttutu,
2336 4400 2523 4440 omnes
2569 4398 2689 4440 esse
2732 4382 3005 4439 Romanos
3039 4396 3052 4434 :
3086 4394 3281 4449 neque,
3327 4379 3409 4434 his
3441 4380 3609 4435 tribus
3640 4394 3729 4431 cx-

2139 4480 2330 4548 ceptis,
2367 4477 2530 4533 ullum
2570 4478 2621 4530 in
2651 4490 2714 4529 eo
2746 4474 2943 4529 exteris
2992 4464 3317 4544 martyribus
3366 4464 3542 4528 lucum
3591 4482 3723 4533 esse.

2139 4573 2289 4642 Quod
2322 4575 2556 4642 prol‘ccto
2589 4569 2732 4625 clare
2762 4578 2817 4624 et
2851 4577 3033 4638 aperte
3081 4567 3432 4633 demonstrat,
3474 4580 3632 4637 quam
3670 4562 3727 4616 ah

2065 4667 2116 4726 D
2143 4666 2375 4736 antiquis
2420 4662 2750 4731 temporibus
2790 4662 2843 4716 in
2882 4676 2977 4717 ore
3015 4662 3167 4715 fama:
3208 4658 3446 4729 praedicti
3479 4666 3727 4727 martyres
3790 4664 3791 4679 π

2104 4828 2109 4831 Α
2143 4767 2505 4813 versarentur.
2528 4758 2753 4812 Sanctos
2778 4753 2990 4828 quidem
3019 4761 3304 4825 martyres,
3335 4767 3442 4808 non
3466 4751 3555 4805 nni
3583 4746 3727 4804 alicui

2146 4850 2420 4917 Ecclesize,
2455 4850 2548 4905 sed
2578 4850 2849 4915 omnibus,
2882 4864 2911 4903 a
2939 4847 3127 4919 primis
3153 4846 3461 4902 christiana:
3494 4843 3614 4899 fidei
3641 4858 3728 4896 δςυ-
3757 4854 3773 4875 ν

2145 4946 2301 5010 culis,
2343 4945 2504 4999 fuisse
2545 4942 2848 5014 deputatus,
2893 4941 3031 4997 haud
3070 4941 3259 4998 inscite
3290 4934 3726 5007 Oxouiensistly-

2144 5038 2319 5112 priani
2345 5039 2578 5110 Operam
2612 5037 2798 5093 Editur
2826 5036 3162 5100 observavit;
3209 5044 3291 5113 est
3334 5044 3511 5089 tamen
3542 5026 3725 5101 aliquid

2149 5136 2199 5188 iu
2227 5133 2345 5202 ejus
2370 5132 2568 5197 verbis,
2603 5146 2700 5202 pro
2726 5132 2958 5198 illorum,
2991 5130 3057 5185 de
3086 5130 3281 5201 quibus
3324 5128 3581 5199 loquitur,
3612 5136 3730 5179 teat-

2106 5284 2113 5289 ,
2148 5242 2336 5298 porum
2378 5224 2704 5287 conditione,
2752 5239 2856 5279 non
2911 5225 3042 5278 satis
3085 5229 3333 5279 accurate
3369 5221 3568 5276 dictum
3607 5235 3620 5270 :
3655 5215 3728 5268 γί-

2149 5320 2326 5373 demus
2356 5318 2508 5381 enim,
2540 5315 2701 5389 inquit
2731 5316 2835 5388 (ὲ),
2866 5316 2989 5370 Actu
3011 5324 3294 5386 martyrum
3331 5314 3395 5368 ab
3432 5329 3531 5368 una
3562 5307 3726 5366 Eccle‘

2145 5417 2308 5472 siadd
2327 5416 2457 5470 alia:
2482 5414 2813 5477 transmissa;
2841 5422 2886 5467 et
2905 5411 3226 5483 singularum
3266 5408 3589 5464 ecclesiarum
3608 5418 3727 5456 mur-

2099 5512 2401 5584 tyroiogia
2448 5527 2548 5565 non
2589 5526 2797 5564 suorum
2841 5509 3011 5576 modo,
3057 5505 3145 5562 sed
3185 5514 3232 5560 et
3271 5507 3423 5576 longe
3455 5501 3724 5557 dissitortttn

2149 5605 2411 5662 hominum
2438 5604 2644 5661 nomina
2668 5604 2945 5658 continere.

2223 5764 2304 5838 (1)
2330 5764 2454 5838 Lib.
2501 5762 2914 5838 deiPrwscriptq
2946 5775 3062 5831 cap.
3095 5758 3187 5827 52,
3240 5769 3293 5815 et
3315 5758 3410 5815 lib.
3439 5759 3503 5826 de
3544 5756 3727 5814 Corona

2122 5826 2488 5903 .Mi‘tii.,'tnp.
2522 5837 2607 5891 ιδ.

2225 5910 2304 5983 (2)
2326 5894 2556 5965 ἸηΝοιῶ
2578 5907 2648 5963 ad
2685 5906 2855 5977 Epist.
2885 5902 3124 5973 Ceim'm',
3155 5903 3296 5961 inter
3328 5901 3618 5976 Cypriam'c.
3645 5894 3726 5950 2L

3049 6132 3061 6157 \
