3876 6282
118 379 197 439 65

1011 377 1148 435 PRO
1187 376 1287 437 SS.
1318 371 1712 442 PERPETUA,
1753 368 2163 430 FELICITATE
2199 370 2289 430 ET
2311 370 2549 431 SOCIIS.

3365 361 3445 422 66

193 493 252 550 Si
279 492 351 548 de
380 491 777 550 recentioribus
803 494 1201 566 martyrologiis
1236 510 1418 552 sermo
1450 475 1546 561 sit,
1578 501 1725 563 puta,
1754 491 1809 551 A
1835 488 1952 546 falsi
1979 506 2079 562 pro
2104 492 2269 562 veris,
2298 492 2351 548 id
2396 499 2479 547 est
2506 485 2754 546 haeretici
2796 497 2893 557 pro
2921 479 3200 540 catholicis
3227 486 3436 552 marty-

119 586 559 663 Hicrouytniano
577 597 625 644 et
650 588 866 642 caeteris
892 605 1011 659 qua:
1034 589 1158 645 inde
1190 590 1562 659 proﬂuxerunt
1580 633 1593 655 ,
1626 607 1731 645 non

119 692 220 738 est
257 698 356 738 cur
393 683 548 737 ullam
573 680 783 738 erudito
806 681 925 738 viro
948 682 1368 738 controversiam
1396 684 1691 740 excitemus
1715 701 1730 750 ;

128 775 241 832 sed
271 778 323 832 in
352 762 729 847 antiquissimis
757 775 1083 832 calendariis
1121 789 1249 831 suos
1275 775 1565 843 duntaxat,
1599 764 1753 848 pou?

134 871 224 926 cis
249 870 503 941 exceptis,
535 878 623 924 aut
652 867 999 924 ﬁnitimarum
1051 868 1446 939 provinciarum
1482 883 1733 940 unaque:—

140 987 251 1045 que
278 971 495 1028 ecclesia
524 978 792 1041 martyres
819 968 1064 1025 exhibet.
1099 968 1189 1024 Sic
1216 969 1268 1024 in
1308 968 1553 1025 Romano
1590 968 1730 1024 Buc-

142 1067 333 1134 cherii,
363 1073 553 1137 praeter
576 1063 803 1120 Nostras
840 1074 896 1121 et
916 1063 1267 1137 Cyprianum,
1294 1073 1354 1119 ut
1386 1063 1584 1120 dictum
1625 1073 1730 1129 est,

145 1176 326 1217 omnes
360 1159 633 1225 Romani;
694 1170 751 1215 et
787 1160 844 1216 in
880 1156 1309 1229 Carthaginiensi
1353 1157 1733 1215 Mabilloniano

137 1255 367 1327 plerique
386 1267 583 1309 omnes
620 1250 1128 1323 Carthaginienses,
1169 1259 1264 1307 aut
1300 1249 1568 1316 Africani,
1615 1258 1731 1315 aut,

130 1347 277 1419 pauci
310 1354 497 1402 tamen
548 1361 616 1402 ex
669 1344 991 1416 quibusdam
1022 1344 1142 1400 aliis
1170 1343 1482 1415 provinciis,
1510 1343 1751 1411 quibus-.

127 1457 239 1497 cum
262 1455 526 1509 magnum
548 1440 675 1494 olim
701 1438 1011 1497 christianis
1027 1438 1564 1510 Carthaginiensibus
1584 1452 1734 1492 com-

127 1539 386 1593 mercium
426 1534 784 1600 intercessit;
823 1548 1112 1605 progressu
1148 1548 1277 1588 vero
1319 1532 1575 1602 temporis
1613 1547 1733 1586 am-

130 1632 297 1703 pliora
329 1644 550 1699 semper
581 1627 798 1683 condita
828 1626 996 1682 luisse
1029 1625 1429 1699 martyrologia,
1471 1639 1590 1695 qua:
1626 1638 1732 1679 non

138 1722 469 1794 singularum
494 1719 843 1777 ecclesiarum
874 1729 1099 1784 tantum,
1132 1718 1227 1774 sed
1259 1728 1311 1773 et
1335 1719 1490 1788 longe
1517 1717 1734 1772 dissito-

145 1835 264 1875 rum
293 1816 569 1872 hominum
589 1816 804 1871 nomina
828 1814 1187 1882 continerent,
1210 1812 1414 1869 clarum
1439 1820 1497 1868 et
1525 1809 1751 1882 perspi—.

1838 583 1986 638 ribus
2030 584 2084 640 in
2128 598 2278 640 sacra
2327 583 2541 655 diptyca
2596 580 2984 650 reciperentur.
3039 574 3106 630 Et
3161 572 3289 627 licet
3341 570 3441 624 ali-

1837 678 2050 748 quando
2087 678 2462 734 hzereticorum
2504 674 2721 732 nomina
2758 674 2809 727 in
2849 666 3227 742 martyrologia
3257 665 3439 735 inrep-

1837 768 2035 833 serint;
2066 769 2117 825 id
2148 779 2348 836 tamen,
2381 779 2440 824 ut
2464 767 2688 823 inferius
2718 760 3194 827 demonstrabitur,
3222 754 3441 828 sequio-

1836 862 1988 918 ribus
2038 863 2254 920 sreculis
2284 872 2339 919 et
2374 878 2404 917 a
2446 876 2623 917 rerum
2662 867 2931 930 gestarum
2972 851 3231 910 memoria
3261 864 3444 907 remo-

1839 957 2059 1014 tissimis
2089 956 2285 1013 factum
2315 966 2400 1012 est
2427 971 2442 1022 ;
2472 954 2525 1010 id
2548 968 2676 1009 vero
2698 951 2767 1007 de
2791 965 2898 1021 quo
2928 963 3069 1004 nunc
3095 946 3322 1019 agimus,
3351 942 3438 999 vix

1836 1050 2023 1121 elapso
2051 1049 2118 1105 ab
2147 1064 2330 1105 earum
2367 1049 2619 1119 passione
2663 1044 2867 1102 saeculo
2905 1042 3219 1112 contigisset
3251 1057 3264 1093 :
3296 1035 3440 1110 quod

1837 1152 1986 1200 certe
2031 1144 2083 1197 in
2127 1141 2453 1215 martyribus
2495 1140 2739 1213 ejusdem
2773 1137 3102 1195 celebritatis
3128 1145 3184 1192 et
3207 1132 3441 1190 nominis

1837 1242 1985 1289 caret
2024 1233 2292 1304 exemplo.
2326 1233 2434 1290 Sed
2473 1248 2647 1305 neque
2692 1231 3054 1296 Montanistte,
3092 1226 3234 1283 haud
3277 1224 3442 1283 infre-

1836 1343 2007 1400 quens
2038 1329 2090 1384 in
2119 1328 2293 1385 Africa
2334 1329 2708 1384 haereticorum
2740 1326 2924 1392 factio,
2970 1339 3095 1381 suos
3138 1323 3242 1380 sibi
3286 1336 3314 1375 a
3343 1321 3444 1376 Ca—

1839 1421 2287 1492 tholicis;subripi
2312 1431 2578 1493 martyres
2618 1419 2761 1491 passi
2787 1418 3034 1475 fuissent.
3073 1415 3181 1473 Sed
3224 1413 3293 1471 de
3337 1412 3442 1469 hoc

1837 1516 1964 1571 alibi
1998 1516 2204 1585 plenior
2227 1515 2330 1571 erit
2355 1524 2411 1571 et
2435 1513 2789 1584 opportunior
2804 1510 3017 1568 dicendi
3047 1510 3218 1565 locus.

1913 1607 1999 1662 IV.
2027 1608 2181 1663 Initio
2204 1608 2386 1664 seaculi
2425 1607 2595 1678 quinti
2633 1605 2860 1662 ﬂorebat
2888 1603 3238 1674 Augustinus,
3287 1598 3442 1670 cujus

1839 1699 2115 1755 Possidius
2145 1702 2196 1754 iu
2230 1699 2465 1755 iudiculo
2490 1707 2756 1762 recenset,
2783 1697 2847 1753 de
2876 1694 3059 1750 Natali
3090 1694 3366 1765 Perpetua:
3394 1701 3443 1749 et

1840 1791 2129 1848 Felicitatis
2166 1801 2414 1846 tractatas
2460 1801 2595 1858 tres,
2641 1791 2732 1861 qui
2783 1789 2834 1844 in
2881 1789 3170 1844 novissima
3217 1800 3442 1856 operum

144 1930 300 1970 cuum
323 1924 405 1968 est
437 1931 452 1967 :
483 1913 616 1968 sicut
639 1912 803 1968 etiam
836 1911 1180 1967 festivitatum
1200 1923 1487 1965 numerum
1514 1900 1727 1976 sequio-

1847 1885 1957 1956 ejus
1999 1885 2273 1953 editione,
2333 1883 2437 1939 PP.
2486 1881 2971 1940 Benedictinorum‘
3016 1879 3443 1952 congregationis

138 2008 282 2063 ribus
311 2004 525 2062 saeculis
558 2004 714 2060 valde
740 2004 907 2060 fuisse
931 2013 1168 2067 auctum,
1201 2010 1256 2056 et
1278 2016 1371 2057 eas
1396 2014 1612 2070 quoque
1644 2011 1735 2053 so-

130 2099 424 2155 lennitates
473 2097 741 2165 adscitas,
800 2097 993 2167 quibus
1044 2093 1418 2157 remotissima:
1468 2091 1734 2163 longeque

130 2196 259 2249 inter
296 2209 362 2249 se
398 2192 607 2248 dissitas
645 2190 887 2248 ecclesiae
925 2203 1053 2244 suos
1094 2201 1427 2258 unaquaeque
1468 2194 1734 2252 martyres

128 2288 457 2345 celebrabat.
494 2286 603 2344 Sed
633 2295 689 2341 ut
725 2284 792 2340 ad
822 2284 1140 2355 Perpetuam
1191 2290 1247 2337 et
1285 2279 1618 2336 Felicitatem
1645 2291 1736 2334 re-

127 2382 351 2437 deamus
382 2424 396 2448 ,
428 2380 787 2452 quisquamne
832 2376 929 2433 ibit
977 2376 1183 2431 inficias
1234 2373 1471 2430 dandum
1517 2371 1571 2428 id
1612 2384 1736 2428 esse

129 2492 311 2532 canam
347 2477 504 2530 fama:
546 2485 707 2546 atque
741 2470 1060 2538 celebritati,
1109 2468 1250 2541 quod
1295 2469 1423 2525 sola:
1462 2482 1584 2523 cum
1629 2466 1738 2537 Cy—

130 2570 341 2640 priane,
388 2586 457 2625 ex
498 2568 788 2636 Africanis,
831 2569 939 2624 imo
978 2577 1033 2625 et
1076 2568 1299 2624 alia'ruut
1344 2566 1735 2638 provinciarum

140 2663 484 2734 martyribus,
519 2662 575 2717 in
606 2661 855 2718 Romano
883 2660 1192 2718 calendario
1220 2661 1393 2717 locum
1430 2660 1734 2723 habuerint,

144 2755 334 2825 priscis
373 2754 473 2808 illis
516 2754 872 2825 temporibus,
903 2754 1097 2824 quibus
1133 2768 1468 2824 unaquaeque
1508 2751 1737 2807 ecclesia

142 2847 244 2900 suis
285 2854 539 2901 contenta
583 2846 933 2918 martyribus.
973 2858 1276 2902 exterorunt
1311 2855 1603 2915 martyrum
1645 2858 1737 2900 so-

151 2938 438 2995 lcuuitates
456 2955 555 2995 non
584 2939 689 2996 nisi
711 2940 1014 2996 rarissimas
1043 2940 1401 2995 adscribebat.
1438 2937 1505 2995 Et
1541 2937 1608 2993 de
1637 2936 1741 3009 Cy-

154 3032 344 3101 priane
367 3033 567 3103 quidem
601 3032 763 3087 facile
802 3033 1135 3104 intelligitur,
1164 3033 1309 3088 unde
1342 3034 1415 3087 illi
1444 3032 1581 3088 adeo
1619 3032 1741 3086 insi-

132 3140 241 3195 gne
288 3124 475 3188 decus,
520 3135 582 3181 ut
620 3126 739 3197 ejus
781 3142 977 3182 nomen
1003 3142 1123 3181 cum
1155 3127 1390 3181 romanis
1416 3125 1741 3196 martyribus

128 3221 185 3275 in
221 3218 515 3277 Liberiano
543 3222 785 3278 iudiculo
820 3222 1214 3279 adscriberetur
1247 3240 1259 3276 :
1292 3222 1341 3275 id
1368 3220 1574 3275 scilicet
1602 3233 1740 3289 prte-

1837 1980 2012 2035 sancti
2052 1977 2223 2034 Mauri
2268 1977 2450 2035 studio
2492 1977 2772 2044 adornata,
2816 1984 2942 2031 sunt
2982 1974 3123 2030 inter
3161 1986 3443 2029 sermones

1833 2091 1982 2131 num.
2012 2089 2251 2141 cccxxx,
2280 2086 2511 2129 count
2539 2080 2595 2127 et
2618 2085 2899 2127 cccxxx".
2948 2068 3187 2124 Primum
3213 2108 3229 2134 ,
3258 2065 3309 2123 id
3360 2073 3447 2122 est

1835 2168 2262 2225 ducentesimum
2296 2167 2743 2238 octuagesimum,
2772 2164 2905 2220 alias
2958 2162 3027 2219 de
3057 2160 3283 2219 diversis
3319 2176 3446 2219 cen-

1839 2266 2088 2321 tesimum
2119 2264 2356 2331 tertium,
2401 2263 2454 2316 in
2487 2261 2708 2316 dubium
2740 2257 3032 2330 Basnagius
3068 2266 3305 2323 revocat,
3335 2255 3446 2311 imo

1839 2374 1946 2414 non
1979 2373 2104 2414 esse
2129 2355 2414 2428 Augustini
2453 2355 2745 2421 existimat,
2789 2352 3063 2408 levissima
3096 2350 3292 2406 ductus
3316 2364 3449 2406 con-

1835 2452 2044 2522 jectura
2076 2466 2091 2503 :
2128 2447 2251 2503 Non
2279 2447 2651 2512 existimamus,
2684 2444 2858 2516 inquit
2898 2441 3001 2517 (l),
3033 2442 3304 2514 Augustini
3334 2459 3444 2497 ser-

1839 2560 2037 2598 monem
2057 2558 2164 2597 esse
2183 2544 2245 2595 de
2262 2539 2445 2595 Natali
2466 2538 2574 2596 SS.
2594 2538 2867 2608 Perpetua:
2882 2546 2928 2590 et
2943 2533 3228 2590 Felicitatis
3246 2546 3411 2606 marly
3423 2564 3444 2575 -

1839 2654 1974 2703 rum,
2009 2636 2094 2690 ubi
2130 2636 2240 2689 Ita’c
2280 2634 2518 2711 leguntur
2548 2651 2561 2686 :
2594 2649 2612 2683 ι
2652 2629 3047 2685 Exltortationes
3077 2645 3255 2683 earum
3284 2628 3336 2681 in
3367 2627 3447 2681 di-

1840 2732 1970 2785 vinis
2005 2726 2413 2792 revelationibus,
2457 2724 2841 2795 triumphosque
2877 2721 3193 2794 passionum,
3231 2738 3347 2776 cum
3377 2720 3448 2776 (e-

1840 2832 2098 2896 gerenlur,
2130 2821 2437 2881 audivimus.
2475 2836 2494 2872 ι
2529 2821 2657 2886 ρυω
2682 2833 2805 2871 sane
2842 2832 2946 2869 non
2974 2814 3229 2883 quadram
3255 2813 3323 2866 ad
3344 2813 3447 2866 Au-

1841 2918 2030 2991 gustini
2058 2927 2296 2979 mentem,
2328 2913 2414 2985 qui
2443 2910 2603 2966 verbis
2639 2910 2891 2980 expressis
2934 2907 3200 2976 Perpetua:
3231 2907 3446 2962 visiones

1843 3011 2128 3083 Scripturis
2157 3009 2347 3065 sanctis
2383 3007 2556 3063 eximit
2581 3005 2659 3076 (2)
2684 3022 2697 3058 :
2730 3002 2810 3058 De
2838 3008 3000 3075 fratre
3025 3012 3196 3056 autent
3218 3001 3281 3058 S.
3314 3000 3448 3057 Per-

1842 3114 2009 3176 petua:
2038 3102 2333 3167 Dinocrate,
2361 3115 2454 3153 nec
2482 3098 2737 3165 scriptura
2765 3096 2880 3165 ipsa
2910 3095 3155 3149 canonica
3185 3104 3280 3149 est.
3311 3092 3449 3160 Quid

1842 3214 1958 3252 vero
1988 3196 2149 3268 magis
2177 3193 2477 3248 canonicum
2504 3206 2655 3262 quam
2684 3188 2870 3243 divinae
2899 3187 3247 3254 revelationes,
3274 3185 3450 3259 quales

140 3317 455 3373 ριπιεείιηίε
480 3318 599 3389 eius
628 3318 834 3374 meritis
871 3318 1053 3374 dmum
1084 3327 1184 3383 es"
1222 3334 1326 3373 non
1358 3317 1410 3371 in
1440 3279 1734 3370 Ecclegiam
1759 3288 1807 3354 C
1839 3288 2085 3343 sermonis
2107 3286 2304 3340 auctori
2330 3280 2730 3339 existimantur?
2759 3279 2953 3336 Verum
2986 3294 3091 3335 non
3118 3279 3449 3350 Augustinus

151 3409 306 3464 modo
351 3409 830 3482 Carthaginensem
854 3420 908 3467 et
935 3411 1238 3466 universam
1267 3408 1537 3473 Africam;
1566 3407 1660 3462 sed
1688 3404 1740 3462 in

155 3516 360 3557 omnem
390 3519 492 3573 qua
527 3514 675 3575 patet
708 3503 1001 3560 Ecclesium
1032 3514 1103 3562 vet
1146 3504 1407 3573 imprimis
1447 3502 1742 3558 Romanam

157 3594 305 3664 longe
332 3595 544 3665 lateque
569 3593 798 3650 diffusis.
829 3595 1036 3652 Nostris
1066 3604 1247 3651 autem
1287 3593 1431 3651 unde
1469 3609 1591 3649 cum
1637 3593 1742 3665 Cy-

166 3687 337 3757 priane
361 3688 549 3744 eadem
572 3688 756 3759 gloria:
780 3690 1085 3757 celebritas,
1120 3700 1175 3743 ut
1201 3704 1266 3745 ex
1319 3698 1396 3743 tot
1420 3687 1745 3759 martyribus

172 3779 250 3851 qui
290 3780 480 3837 Africae
522 3796 717 3838 arenas
758 3782 995 3854 glorioso
1035 3797 1229 3838 cruore
1269 3782 1578 3853 irrigarent,
1610 3780 1746 3835 adeo

176 3880 382 3939 mature,
415 3874 464 3928 id
495 3884 581 3930 est
631 3890 737 3930 non
768 3876 926 3945 longe
956 3884 1075 3945 post
1104 3875 1310 3930 initium
1336 3873 1519 3931 saeculi
1545 3872 1740 3943 quarti,

177 3963 287 4018 sola!
322 3979 438 4019 cum
477 3966 820 4023 sanctissimo
859 3967 952 4022 illo
991 3982 1055 4021 ac
1093 3964 1450 4022 celeberrimo
1493 3963 1748 4035 episcopo

182 4057 437 4124 specialem
451 4057 637 4114 Roma:
668 4059 1066 4115 solemnitatem
1085 4058 1581 4128 consequerentur?
1615 4057 1748 4112 Pro-

192 4146 322 4214 fecto,
362 4160 448 4206 aut
475 4166 542 4207 ex
585 4166 771 4207 earum
813 4152 970 4217 actis,
1012 4161 1103 4205 aut
1147 4167 1213 4207 ex
1259 4149 1638 4207 miraculorum
1676 4148 1747 4205 ad

194 4256 347 4298 earum
408 4254 748 4301 monumenta
808 4245 1130 4317 frequentia.
1189 4245 1268 4299 Ex
1311 4242 1588 4299 miraculis
1638 4256 1747 4297 non

200 4333 315 4391 dicet
371 4341 548 4410 utique
614 4340 908 4411 Basnagius
968 4357 982 4396 :
1061 4339 1221 4410 igitur
1293 4354 1359 4394 ex
1436 4335 1574 4394 actis
1627 4353 1748 4408 quae

213 4433 400 4489 carnium
438 4434 665 4506 proinde
712 4442 825 4489 tum
869 4434 1117 4490 manibus
1163 4434 1494 4489 terebantur.
1552 4434 1747 4489 Annon

217 4539 323 4582 vero
348 4528 611 4587 absurdum
643 4540 727 4586 est
751 4531 1004 4601 cogitatu,
1041 4531 1178 4585 intra
1210 4531 1368 4587 unius
1406 4527 1591 4585 seaculi
1625 4518 1747 4599 spa4

211 4619 316 4674 tium
338 4638 392 4678 ex
419 4626 695 4681 hominum
744 4615 1003 4681 memoria
1056 4623 1305 4681 excidere
1334 4624 1570 4694 potuisse
1607 4624 1752 4680 cele-

203 4709 426 4769 berrimas
456 4718 617 4773 hasce
645 4716 1058 4788 notissimasque
1087 4716 1358 4781 mulieres,
1390 4732 1614 4787 quarum
1646 4717 1753 4772 Ac-

203 4810 344 4860 torum
372 4807 596 4867 lectione
624 4808 914 4865 Christiani
947 4810 1175 4865 mirifice
1203 4809 1571 4879 capiebantur,
1600 4808 1755 4864 Mon-

199 4899 473 4957 tanistarum
507 4903 675 4960 fuisse
703 4902 981 4959 erroribus
1016 4902 1348 4958 innculatas?
1373 4902 1432 4958 ld
1460 4918 1527 4958 eo
1557 4901 1754 4957 difﬁci-

195 4987 282 5046 lius
304 4994 495 5052 creditu
525 5006 628 5064 est,
660 5011 768 5068 quo
802 5010 988 5052 earum
1030 4995 1289 5067 insignior
1325 4994 1530 5050 exstitit
1567 4992 1710 5048 fama
1738 5010 1755 5049 :

194 5096 294 5152 quae
318 5087 451 5142 enim
474 5088 540 5143 ad
564 5087 813 5144 obscura:
832 5085 995 5142 sortis
1015 5085 1258 5142 homines
1282 5085 1585 5156 pertinent,
1601 5085 1758 5141 facile

194 5187 219 5225 ε
245 5188 562 5243 βοειθτονυω
593 5164 854 5235 memoria
892 5179 1037 5234 delet
1066 5178 1285 5233 oblivio.
1310 5177 1444 5232 Rem
1467 5192 1595 5233 vero
1621 5176 1758 5232 adeo

193 5262 519 5339 singularem,
562 5272 812 5328 mulieres
840 5271 1043 5329 scilicet
1078 5271 1147 5328 ob
1183 5270 1392 5325 invictae
1430 5267 1761 5325 fortitudinis

192 5352 379 5420 laudem
405 5375 461 5422 ct
494 5368 746 5424 cmlestes
774 5368 1129 5423 revelationes
1154 5366 1392 5423 omnium
1416 5362 1761 5439 admirationi

154 5432 396 5527 litabitas,
428 5461 870 5518 Montanisturttm
906 5461 1149 5517 addictas
1177 5445 1340 5516 fuisse
1369 5436 1763 5529 superstitioni-

185 5539 281 5605 bus
293 5568 309 5617 ;
329 5570 493 5627 neque
513 5555 797 5622 Catholici,
824 5570 1001 5625 neque
1024 5544 1311 5623 H:eretiei,‘
1326 5565 1432 5609 tam
1456 5546 1601 5611 brevi
1627 5563 1761 5610 tem-

179 5647 328 5702 Poris
361 5649 638 5706 intervallo
679 5651 731 5705 in
763 5650 1081 5706 oblivionem
1146 5650 1295 5705 abire
1330 5658 1490 5720 atque
1546 5648 1763 5703 interci-

182 5730 313 5795 dere
328 5744 567 5811 permissi
590 5754 735 5800 sunt.
769 5744 883 5800 Non
924 5727 1138 5815 quidem
1173 5742 1456 5808 Catholici,
1501 5743 1588 5811 qui
1620 5750 1676 5795 ut
1696 5742 1764 5797 ab

191 5823 559 5893 htereticornm
603 5841 760 5895 etiam
829 5840 998 5913 gloria
1062 5839 1416 5896 confessionis
1474 5838 1764 5910 insignium

192 5927 567 5986 consuetudine
611 5930 972 6005 refugiebant,
1020 5932 1095 5990 ita
1135 5932 1363 5989 sollicite
1388 5930 1666 6000 cavebant,
1697 5947 1764 5989 ne

1846 3379 2032 3446 modo,
2061 3377 2154 3433 sed
2180 3392 2354 3447 neque
2382 3375 2519 3431 nllus
2541 3389 2771 3445 unquam
2793 3370 3093 3429 catholicus
3117 3373 3348 3442 scriptor
3368 3371 3453 3426 di-

1845 3476 1991 3530 vinas
2034 3473 2153 3528 heic
2195 3487 2292 3543 pro
2330 3469 2590 3524 canonicis
2624 3467 2941 3538 accepisset.
2978 3465 3111 3533 Quis
3149 3464 3313 3529 enim,
3357 3479 3452 3520 cx-

1846 3566 2019 3638 ceptis
2054 3564 2413 3628 Montanistis,
2456 3560 2691 3631 privatas
2730 3556 3035 3629 huiusmodi
3075 3557 3451 3626 revelationes,

1849 3671 1904 3717 et
1935 3660 2139 3731 privata
2175 3654 2496 3711 auctoritate
2537 3653 2732 3709 litteris
2760 3651 3004 3719 traditas,
3034 3667 3131 3723 pro
3176 3651 3452 3708 canonicis

1850 3753 2071 3810 habuit?
2102 3755 2183 3807 An
2218 3751 2378 3821 igitur
2416 3746 2685 3805 sermonis
2713 3754 2987 3809 auctorem
3021 3744 3252 3816 aliquem
3286 3744 3454 3800 fuisse

1849 3846 1992 3902 dicet
2051 3861 2081 3900 c
2146 3842 2592 3899 Montanistarum
2635 3850 2779 3895 secta
2828 3838 3287 3895 declamatorem?
3335 3837 3456 3893 Non

1850 3951 1978 4011 puto
2022 3936 2074 3993 id
2118 3936 2381 3992 dicturum
2429 3933 2604 3989 virum
2662 3931 2953 3989 eruditum.
3001 3930 3253 4002 Quisquis
3295 3930 3456 4003 igitur

1851 4029 2011 4086 fuerit
2036 4028 2304 4084 sermonis
2337 4034 2546 4092 auctor,
2577 4039 2708 4081 sane
2731 4023 2921 4080 ductus
2959 4035 3014 4079 et
3060 4022 3358 4079 catholicus
3404 4031 3461 4082 et

1853 4132 1995 4177 totus
2035 4118 2478 4190 Augustinianus,
2506 4116 2706 4171 divinas
2736 4115 2892 4185 dixit,
2938 4131 2968 4169 a
3006 4114 3116 4172 Deo
3164 4115 3458 4186 immissas,

1852 4224 1911 4271 ut
1932 4215 2017 4285 pie
2045 4212 2413 4275 existimabat,
2434 4210 2815 4275 revelationes,
2845 4225 2950 4263 non
2974 4219 3155 4265 autem
3205 4209 3346 4281 quod
3369 4224 3462 4265 eas

1852 4310 2101 4367 crederet
2154 4308 2333 4363 divina
2375 4306 2538 4362 fuisse
2562 4300 2897 4375 coitscriptas
2924 4306 3246 4362 auctoritate
3274 4322 3289 4360 :
3317 4306 3462 4362 aliud

1853 4415 1937 4461 est
1973 4405 2117 4460 enim
2161 4402 2396 4457 divinam
2433 4414 2556 4456 esse
2594 4397 3002 4463 revelationem,
3045 4398 3192 4454 aliud
3222 4399 3463 4457 divinam
3492 4392 3527 4417 °

1854 4512 1975 4553 esse
2009 4504 2065 4552 et
2096 4494 2410 4552 canonicam
2441 4491 2767 4563 scripturam
2824 4489 2877 4546 in
2906 4506 3009 4561 qua
3051 4492 3170 4547 talis
3198 4493 3353 4549 nobis
3381 4509 3469 4550 re-

1855 4588 2053 4646 velatio
2097 4587 2430 4659 proponitur.
2474 4583 2541 4641 Ut
2582 4582 2817 4639 divinam
2851 4582 3092 4638 dicamus
3119 4582 3350 4654 aliquam
3381 4600 3469 4642 rc-

1778 4691 1835 4753 D
1861 4683 2206 4748 relationem,
2236 4676 2435 4734 sufllcit
2461 4685 2519 4732 ut
2544 4676 2709 4732 Deum
2746 4683 3021 4732 auctorem
3040 4675 3310 4744 habuisse,
3338 4691 3469 4748 pro-

1860 4769 2111 4826 babiliter
2155 4766 2560 4829 existimemus;
2609 4762 2703 4818 sed
2754 4771 2814 4818 ut
2858 4763 3171 4818 canonicam
3224 4762 3471 4819 dicamus

1859 4842 2183 4932 scripturam
2230 4857 2283 4912 in
2311 4870 2416 4928 qua
2444 4854 2567 4911 talis
2590 4853 2849 4910 revelatio
2882 4854 3212 4920 continetur,
3244 4868 3469 4912 necesse

1861 4963 1944 5010 est
1984 4961 2040 5008 ut
2064 4951 2385 5008 canonicum
2414 4950 2757 5019 scriptorem,
2780 4955 2836 5000 et
2859 4946 3042 5000 divino
3074 4946 3313 5002 amatum
3354 4948 3469 5019 spi-

1861 5045 1966 5100 ritu
1992 5043 2257 5100 habuerit.
2300 5040 2630 5113 Augustinus
2666 5036 2850 5108 igitur,
2894 5047 2953 5091 ut
2978 5035 3231 5108 deinceps
3259 5039 3470 5095 videbi-

1862 5155 2000 5207 mus,
2034 5139 2311 5209 Perpetuos
2340 5135 2699 5194 revelationes
2732 5145 2799 5190 ex
2842 5132 2954 5189 Deo
2996 5132 3161 5188 fuisse
3217 5132 3470 5203 probabi-

1863 5231 1985 5289 liter
2012 5230 2244 5288 credidit
2273 5250 2285 5285 :
2315 5230 2561 5303 adeoque
2599 5232 2799 5286 divinas
2835 5230 2938 5288 hoc
2972 5245 3133 5287 sensu
3169 5237 3223 5293 et
3250 5228 3472 5285 notione

1865 5324 2048 5380 dicere
2094 5324 2376 5395 patuisset.
2434 5323 2659 5379 Auctori
2709 5338 2842 5380 vero
2879 5323 3146 5379 sermonis
3195 5334 3369 5391 neque
3415 5321 3472 5378 iu

1865 5427 2102 5473 mentem
2123 5414 2289 5482 venit,
2311 5414 2590 5481 Perpetuus
2614 5415 2750 5472 Acta
2796 5418 2849 5471 in
2879 5414 3073 5487 quibus
3095 5413 3359 5485 ejusmodi
3384 5428 3473 5470 rc-

1868 5511 2161 5566 velatioues
2199 5507 2466 5578 leguntur,
2497 5509 2810 5565 canonicam
2845 5523 2965 5564 esse
2995 5508 3334 5577 scripturam,
3360 5523 3473 5579 ,εο-

1868 5616 2094 5672 rumque
2121 5608 2396 5655 auctorem
2426 5597 2612 5656 divino
2639 5597 2877 5655 aiﬂatum
2900 5597 3066 5653 fuisse
3095 5598 3471 5668 spiritn,-divi-

1870 5711 2042 5767 uaque
2074 5693 2357 5766 prteditutn
2409 5693 2746 5750 auctoritate.
2796 5691 2974 5762 Quare
3016 5692 3159 5747 inter
3203 5689 3475 5753 sermonis

1944 5855 2022 5929 (ι)
2052 5854 2157 5929 An.
2187 5853 2317 5929 205.
2353 5872 2407 5909 n.
2465 5870 2535 5909 vt.

1941 5923 2020 6003 (1)
2050 5928 2164 5983 Lib.
2199 5943 2214 5983 ι
2237 5927 2301 5983 de
2327 5928 2511 5983 Anima
2538 5926 2711 5997 eteius
2731 5925 2886 6000 orig.,
2911 5937 3030 5998 cap.
3058 5923 3147 5986 10.
