3816 6276
392 344 466 439 in
1116 424 1138 453 ,

1567 364 2019 439 DISSERTATIO
2055 365 2531 437 APOLOGETICA
3614 374 3674 436 68

390 511 686 571 auctorem,
729 501 1049 573 quicumque
1078 498 1166 560 ille
1202 499 1391 571 fuerit,
1430 510 1485 558 et
1508 499 1860 573 Augusduum
1899 512 1997 568 op—
2022 494 2077 555 A
2101 498 2214 552 loco
2238 514 2330 552 suo
2356 498 2409 552 in
2438 513 2538 569 quo
2555 495 2758 569 paciﬁci
2784 493 3012 569 episcopi
3049 501 3183 551 retro
3221 491 3461 568 temporis
3495 491 3670 550 obtule-

391 594 519 650 time
549 594 797 651 convenit
829 612 842 649 :
883 611 1055 667 reque
1094 602 1199 651 tam
1232 595 1334 651 levi
1393 594 1644 664 inanique
1681 591 1989 664 conjectura

388 687 635 743 laudatus
665 702 845 743 sermo
868 687 1164 760 Augustino
1188 685 1359 743 fuerat
1393 686 1804 758 abjudicandus.

457 780 795 838 Coum-datur
827 794 1002 837 tamen
1051 797 1226 853 neque
1282 781 1457 848 hunc,
1493 794 1668 853 neque
1716 778 1852 835 duos
1897 792 1988 834 se-

385 886 609 944 quentes
634 888 911 931 sermones
940 875 993 929 in
1029 872 1207 929 Natali
1236 884 1516 945 martyrum
1545 871 1810 943 Perpetua:
1826 869 1990 928 ειπε-

386 966 590 1023 licitatis
611 1009 626 1032 ,
658 968 749 1039 qui
782 966 943 1023 modo
984 967 1124 1023 inter
1154 966 1272 1037 ejus
1308 970 1364 1022 et
1390 981 1554 1035 Opera
1584 974 1799 1020 exsmut
1821 1007 1837 1031 ,
1876 966 1983 1021 Au-

383 1060 578 1131 gustini
620 1074 780 1116 esse:
812 1076 881 1115 an
910 1066 1095 1115 contra
1134 1066 1375 1129 apertum
1408 1056 1637 1113 Possidii
1679 1071 1801 1114 es~'e
1833 1056 1989 1112 testi-

390 1153 627 1207 inonium
647 1151 881 1224 negabit,
902 1160 1000 1207 tres
1021 1149 1078 1207 S.
1110 1149 1391 1207 Doctorem
1422 1149 1487 1204 dc
1514 1148 1693 1204 Natali
1723 1150 1992 1222 Perpetua:

385 1256 433 1300 et
484 1240 769 1301 Felicitatis
813 1252 1061 1301 tractatus
1105 1242 1389 1299 habuisse?
1437 1243 1692 1315 Adeoque
1740 1254 1832 1298 eas
1893 1255 1989 1313 pro

386 1340 527 1395 reris
544 1336 931 1413 catholicisque
956 1334 1283 1409 martyribus
1305 1349 1334 1390 a
1355 1342 1541 1390 sancto
1566 1334 1795 1391 ltoctore
1823 1334 1988 1390 fuisse

388 1430 633 1500 habitas,
666 1441 722 1489 et
761 1435 951 1505 quinto
992 1432 1210 1487 Ineunte
1257 1428 1454 1486 smculo
1501 1427 1772 1485 celebrem
1822 1427 1988 1484 fuisse

386 1543 571 1583 earum
625 1528 677 1583 in
717 1526 895 1593 Africa
936 1523 1358 1583 solennltatem?
1396 1524 1479 1579 An
1526 1522 1739 1595 negabit
1778 1522 1986 1594 Augus-

388 1621 484 1677 tini
540 1638 662 1680 esse
733 1621 1131 1678 enarrationem
1194 1619 1246 1674 in
1322 1620 1589 1674 l‘salmnm
1646 1633 1836 1687 xcvu,
1896 1617 1987 1673 ubi

388 1715 447 1772 S.
478 1716 759 1791 Perpetua:
788 1717 1069 1781 meminit,
1103 1723 1157 1771 et
1184 1712 1300 1786 ejus
1326 1724 1444 1770 aeta
1477 1710 1685 1785 publice
1713 1713 1765 1768 in
1796 1712 1985 1771 Eccle-

317 1812 361 1831 "
382 1813 481 1869 siis
506 1814 641 1870 lecta
671 1810 835 1869 fuisse
876 1809 1184 1884 signiﬁcat?
1231 1808 1374 1866 Sicut
1406 1809 1658 1877 novimus,
1692 1809 1896 1883 inquit,
1935 1819 1982 1866 et

2094 600 2253 659 runt,
2287 588 2580 664 Cyprianus
2603 635 2617 659 ,
2663 589 2923 645 Lucianus
2952 600 3000 646 et
3038 590 3229 645 ceteri.
3288 588 3377 644 Sic
3404 588 3585 643 exitum
3610 593 3671 642 est

2096 685 2260 756 foras,
2294 694 2341 740 et
2368 685 2533 741 altare
2562 693 2739 741 contra
2768 684 2933 740 altare
2957 691 3178 739 erectum
3204 690 3296 749 est,
3326 691 3433 737 etc.
3469 682 3539 736 De
3566 679 3669 749 hac,

2096 777 2349 848 inquam,
2383 775 2600 833 basilica
2634 792 2730 832 seu
2771 778 3024 850 majorum
3049 817 3066 845 ,
3098 791 3193 831 seu
3238 775 3473 830 restituta
3500 815 3514 839 ,
3543 773 3673 845 loqui

2095 869 2198 925 hoc
2227 870 2346 925 loco
2371 879 2614 927 sanctum
2640 868 2892 941 Optatum
2921 868 3193 937 existimo,
3226 876 3515 939 propterea
3550 867 3673 938 quod

2094 977 2124 1015 a
2153 960 2369 1018 Victore
2397 962 2597 1019 \itensi
2627 964 2902 1019 memoria:
2929 962 3199 1033 proditum
3224 961 3314 1019 fuit
3341 958 3445 1033 (l),
3477 959 3675 1016 Cartha

2094 1056 2395 1127 giuensium
2440 1059 2819 1130 episcoporum
2861 1058 3044 1115 sedem
3092 1057 3201 1114 illic
3242 1071 3461 1127 semper
3492 1056 3673 1122 fuisse,

2092 1163 2156 1204 ac
2182 1149 2535 1209 domicilium.
2580 1153 2749 1208 Porro
2787 1152 2839 1208 in
2870 1152 2970 1209 hac
2995 1152 3221 1208 ecclesia
3252 1166 3411 1222 quam
3458 1150 3677 1207 omnium

2091 1241 2591 1315 Carthagineusium
2620 1254 2857 1302 statuere
2878 1245 3002 1317 jure
3022 1244 3227 1317 optimo
3245 1259 3534 1316 possumus
3546 1244 3677 1300 cele-

2093 1337 2384 1393 berrimam
2408 1339 2561 1411 juxta
2603 1348 2766 1412 atque
2806 1339 3235 1412 antiquissimam
3258 1381 3272 1408 ,
3320 1340 3597 1410 Perpetua:
3631 1346 3683 1395 et

2094 1429 2389 1489 Felicitatis
2418 1433 2633 1490 condita
2680 1432 2849 1490 fuisse
2872 1476 2888 1502 ,
2935 1449 3160 1506 corpora
3188 1477 3204 1503 ,
3238 1435 3492 1491 laudatus
3515 1433 3682 1490 Victor

2093 1520 2328 1578 Vitensis
2344 1525 2495 1580 testis
2512 1525 2963 1597 locupletissimus
2989 1538 3073 1583 est
3100 1525 3178 1601 (2)
3198 1544 3211 1582 :
3230 1524 3515 1581 Basilicam
3536 1526 3679 1597 majo-

2092 1635 2219 1690 rem,
2251 1622 2337 1677 ubi
2364 1636 2583 1691 corpora
2611 1628 2905 1674 sanctarum
2933 1629 3218 1693 martyrum
3250 1618 3527 1692 Perpetua
3551 1629 3682 1687 atque

2094 1717 2381 1773 Felicitatis
2410 1716 2610 1790 sepulta
2640 1724 2852 1771 sunt....
2886 1715 3012 1771 Siue
3049 1715 3284 1787 religioni
3309 1713 3585 1788 (Vandali)
3624 1716 3679 1769 li-

2092 1812 2257 1866 centia
2284 1809 2553 1881 tyrannica
2585 1810 2963 1877 manciparunt.
2995 1807 3111 1864 lmo
3137 1822 3201 1864 ex
3234 1808 3523 1879 Perpetua:
3549 1824 3680 1865 eam-

385 1907 598 1980 leginms
628 1908 681 1962 in
711 1907 947 1977 passione
986 1903 1144 1960 beata:
1189 1899 1480 1976 Perpetua.
1524 1901 1630 1960 Sed
1662 1910 1716 1959 et
1748 1902 1799 1958 in
1834 1901 1984 1959 libris
2016 1896 2065 1963 B
2095 1902 2216 1958 dem
2268 1901 2544 1957 basilicam
2610 1900 2937 1972 appellatam
2997 1900 3164 1957 fuisse
3223 1901 3444 1957 nomine
3470 1943 3488 1971 ,
3559 1901 3682 1959 haud

387 2002 450 2056 de
499 2000 686 2057 Anima
732 2012 777 2055 et
821 2000 932 2069 eius
983 1998 1177 2072 origine
1241 1997 1321 2070 (l)
1394 1994 1714 2067 Perpetuam
1788 1996 1985 2068 ubique

388 2105 627 2149 sanctam
675 2090 951 2165 appellat:
995 2098 1050 2148 et
1092 2089 1338 2163 quamvis
1387 2089 1504 2161 ejus
1537 2089 1802 2161 passionis
1851 2091 1985 2147 Acta

384 2186 782 2258 Scripturarum
814 2200 1022 2241 canone
1064 2186 1298 2253 eximat,
1335 2198 1507 2255 neque
1533 2199 1597 2240 ex
1627 2183 1705 2240 eis
1738 2184 1985 2241 testimo-

386 2280 472 2336 nia
500 2279 723 2351 Proferri
751 2278 879 2334 velit
904 2277 1163 2334 adversus
1191 2275 1309 2333 ﬁdei
1352 2279 1643 2351 mysteria;
1675 2277 1867 2335 eodem
1899 2289 1983 2334 ta-

389 2388 510 2428 men
538 2386 765 2428 numero
792 2385 857 2427 ac
884 2369 1057 2443 pretio
1093 2370 1253 2426 habet
1277 2382 1382 2442 quo
1435 2379 1752 2427 cmteroriim
1784 2383 1984 2445 marty-

388 2484 504 2523 rum
535 2478 675 2534 acta,
702 2463 947 2522 eamdem
984 2464 1087 2521 illis
1132 2480 1196 2521 ac
1244 2469 1455 2523 caeteris
1505 2464 1662 2522 ﬁdem
1724 2466 1985 2537 adhibet,

385 2577 562 2632 neque
602 2559 750 2615 ullibi
795 2558 1076 2631 Perpetua:
1123 2559 1360 2618 visiones
1411 2576 1508 2633 pro
1546 2561 1982 2621 muliercularum

385 2654 669 2712 insomniis
724 2653 922 2720 habet,
972 2654 1130 2711 veluti
1177 2652 1619 2712 Montanistarum
1686 2654 1937 2726 ﬁgmenta
1966 2702 1981 2726 ,

384 2758 475 2802 aut
506 2745 723 2802 humani
754 2746 972 2818 Spiritus
1018 2744 1412 2804 ludiilcationes
1435 2746 1713 2821 explodit:
1742 2749 1985 2822 adeoque

330 2857 356 2867 '
382 2855 412 2895 a
461 2838 568 2895 Deo
600 2840 864 2896 immissas
894 2837 1056 2895 fuisse
1100 2847 1155 2895 et
1208 2839 1311 2896 hoc
1342 2854 1503 2895 sensu
1534 2840 1754 2907 divinas,
1787 2857 1848 2896 ea
1879 2841 1984 2897 llde

383 2932 590 2996 credit.
622 2947 780 3004 quam
814 2931 1116 3003 hujusmodi
1167 2930 1530 2987 monumentis
1578 2931 1834 2987 adhibere
1881 2935 1979 2989 viri

381 3026 662 3098 prudentia
691 3026 959 3098 etjudicio
989 3024 1195 3097 praediti
1225 3030 1639 3079 consueverunt.

460 3117 523 3175 V.
572 3120 676 3177 Sed
708 3122 991 3187 omnibus,
1025 3133 1142 3190 qua:
1172 3115 1429 3172 hactenus
1464 3113 1808 3185 produximus
1831 3158 1845 3182 ,
1890 3133 1980 3172 ar-

383 3215 651 3289 gumentis
680 3214 999 3271 luculentius
1021 3220 1103 3267 est
1123 3209 1272 3278 illud,
1291 3209 1431 3278 quod
1460 3225 1524 3264 ex
1545 3206 1786 3265 Basilica:
1804 3211 1978 3282 digni-

2092 1997 2323 2052 obscure
2360 1995 2630 2067 colligitur
2674 2011 2740 2051 ex
2785 1996 2918 2052 actis
2945 1996 3168 2051 secundi
3197 1994 3425 2052 Concilii
3476 1996 3681 2053 Cartha-

2091 2088 2331 2160 ginensis
2357 2090 2499 2159 quod
2541 2087 2779 2143 habitum
2814 2088 2978 2144 fuisse
3018 2089 3219 2145 dicitur
3242 2091 3296 2144 in
3321 2089 3539 2146 basilica
3568 2089 3681 2145 Pcr-

2093 2192 2241 2255 petua
2284 2181 2450 2256 (forte
2479 2197 2545 2237 an
2579 2181 2878 2256 Perpetuos)
2920 2184 3191 2240 restituta.
3224 2184 3337 2241 Hoc
3366 2194 3549 2241 autem
3576 2198 3682 2241 esse

2091 2285 2220 2348 puto
2250 2276 2603 2348 antiquissimi
2629 2286 2683 2332 et
2711 2278 3054 2333 celeberrimi
3082 2280 3278 2346 cultus,
3307 2287 3362 2337 et
3383 2296 3571 2338 earum
3598 2293 3680 2336 or-

2094 2369 2366 2424 thodoxite
2396 2368 2860 2425 evidentissimum
2886 2381 3282 2442 argumentum.

2166 2463 2598 2519 Vetustissimum
2654 2463 2821 2521 luiSse
2849 2466 2900 2521 in
2945 2465 3187 2522 Ecclesia
3220 2483 3424 2524 morem
3453 2511 3465 2535 ,
3510 2478 3565 2525 et
3595 2468 3726 2562 ipsiL

2098 2572 2235 2628 pene
2294 2556 2603 2613 christiana:
2657 2554 2901 2630 l'eligioui
2957 2573 3240 2626 coxarum,
3301 2571 3358 2617 ut
3425 2561 3681 2617 catholica

2092 2649 2250 2720 plebs
2277 2648 2344 2705 ad
2371 2651 2659 2705 memorias
2699 2660 2991 2722 martyrum
3018 2651 3351 2720 conveniret,
3405 2664 3458 2708 ct
3485 2670 3551 2709 ea
3578 2654 3685 2708 loca

2091 2742 2495 2815 t‘requentaret,
2550 2758 2612 2798 ac
2661 2744 2905 2815 religiosa
2972 2745 3258 2802 devotione
3299 2747 3547 2811 coleret,
3600 2744 3685 2800 ubi

2089 2853 2256 2893 sacra:
2305 2840 2542 2906 ipsorum
2591 2838 2800 2893 exuviae
2829 2838 3060 2894 conditae
3108 2838 3354 2906 fuerant,
3412 2854 3578 2894 nemo
3607 2838 3688 2909 qui

2090 2931 2366 2985 historiam
2431 2930 2851 2985 ecclesiasticam
2906 2932 2989 2986 vel
3049 2946 3078 2986 a
3153 2933 3336 2989 limine
3401 2933 3694 2999 salutarit,

2088 3023 2317 3091 ignorat.
2352 3020 2426 3075 De
2474 3022 2714 3075 romanis
2762 3025 3164 3089 monumentis,
3214 3026 3492 3095 inquibus
3538 3040 3700 3080 sacra

2088 3111 2469 3181 Apostolorum
2495 3125 2720 3181 corpora
2760 3112 3004 3182 deposita
3047 3113 3284 3180 fuerant,
3320 3114 3370 3168 id
3403 3115 3702 3171 manifeste

2089 3212 2315 3259 testatur
2342 3202 2647 3275 Zephyrion
2671 3204 2895 3276 aequalis
2918 3204 3162 3277 adeoque
3188 3202 3546 3270 Tertulliano,
3572 3207 3703 3265 Per-

387 3319 527 3378 late,
578 3325 640 3364 ac
668 3316 929 3363 vetustate
955 3303 1262 3366 coniicitur,
1316 3317 1475 3372 quam
1504 3302 1826 3376 Carthagine
1854 3305 1980 3361 Per-
2007 3295 2055 3362 C
2088 3306 2265 3368 Pellite
2304 3308 2359 3353 ει
2413 3295 2677 3353 Ὲυίὶθὶιθιὶ
2727 3298 3069 3373 synchronus
3123 3298 3287 3355 Caius
3315 3317 3328 3354 ε
3362 3299 3473 3371 Ego
3521 3316 3647 3356 vero
3676 3344 3692 3371 ,

380 3413 536 3474 petua
567 3413 630 3455 ac
662 3396 913 3453 Felicitas
941 3395 1260 3450 habuerunt.
1295 3393 1661 3452 Celeberrima
1707 3398 1974 3472 siquidem

379 3505 435 3551 et
477 3491 849 3565 antiquissima
898 3488 1140 3546 omnium
1181 3488 1532 3546 ecclesiarum
1583 3488 1978 3567 Carthagineu-

378 3591 538 3656 sium,
572 3596 646 3656 et,
679 3595 736 3641 ut
766 3584 923 3641 modo
951 3582 1167 3651 dicitur,
1201 3580 1394 3641 Matrix
1430 3585 1517 3642 illa
1552 3584 1713 3643 fuisse
1769 3590 1981 3652 videtur

377 3698 497 3755 quae
514 3678 568 3736 in
585 3678 818 3751 antiquis
840 3678 1201 3733 monumentis
1222 3678 1383 3735 modo
1396 3680 1603 3734 basilica
1626 3682 1857 3739 restituta
1876 3686 1974 3760 (2),

380 3772 539 3829 modo
564 3769 775 3827 basilica
804 3771 1055 3842 majorum
1085 3769 1188 3845 (3),
1216 3770 1374 3847 modo
1410 3771 1621 3829 basilica
1651 3777 1816 3847 major
1855 3778 1933 3854 (4)
1962 3822 1978 3851 ν

379 3865 538 3923 modo
566 3862 635 3919 ad
663 3863 882 3937 majores
927 3858 1043 3939 (5),
1073 3876 1435 3936 nuncupatur.
1468 3865 1520 3921 lu
1556 3883 1614 3922 ca
1645 3878 1830 3940 utpote
1860 3887 1978 3926 ma-

374 3958 477 4030 jori
511 3957 683 4030 plebis
707 3955 1146 4029 Carthaginiensis
1175 3973 1439 4014 concursu
1467 3957 1828 4033 frequentata,
1866 3964 1982 4037 ple-

378 4053 531 4125 rique
570 4051 850 4123 Augustini
891 4066 1173 4108 sermones
1216 4050 1381 4108 habiti
1427 4063 1552 4107 sunt
1584 4071 1769 4110 eorum
1797 4097 1810 4120 ,
1844 4071 1980 4130 quos

383 4156 603 4202 sanctus
630 4141 823 4201 doctor
850 4143 1174 4219 Carthagine
1204 4146 1467 4202 recitavit.
1496 4144 1553 4203 In
1585 4166 1645 4203 ea
1678 4146 1978 4207 Concilium

380 4236 676 4295 secundum
705 4235 1135 4311 Carthaginense
1184 4239 1284 4294 sub
1326 4239 1577 4297 Geueilio
1605 4257 1745 4297 anno
1773 4260 1940 4300 cccxc
1961 4288 1976 4313 ,

379 4336 676 4391 et'caztera:
698 4332 955 4408 deinceps
976 4330 1430 4407 Carthagiuenscs
1461 4334 1654 4410 synodi
1692 4336 1978 4395 celebratae

378 4438 522 4484 sunt.
557 4429 629 4485 De
652 4428 751 4486 hac
790 4428 978 4486 eadem
1008 4429 1229 4486 basilica
1262 4430 1664 4503 intelligendum
1697 4442 1822 4504 puto
1849 4451 1977 4489 san-

379 4532 523 4580 ctum
601 4524 852 4595 Optatum
922 4508 1325 4592 Milevitanum,
1377 4526 1463 4580 ubi
1515 4524 1583 4581 de
1631 4526 1977 4583 schismatica

379 4617 622 4692 Majorini
669 4617 1009 4673 ordinatione
1055 4616 1318 4689 loquens,
1354 4614 1472 4674 lircc
1503 4618 1663 4674 habet
1695 4617 1772 4694 (6)
1821 4638 1839 4674 ι
1886 4618 1977 4676 ln-

2085 3391 2253 3462 inquit
2275 3389 2759 3465 (3),Apostolorum
2786 3402 2980 3463 tropum
2994 3409 3202 3463 possunt
3232 3393 3519 3449 ostendere.
3553 3381 3729 3448 Nam‘

2084 3487 2186 3541 sine
2213 3488 2267 3540 in
2294 3484 2621 3554 Vaticanum,
2648 3487 2750 3542 sive
2768 3487 2836 3541 ad
2855 3485 3136 3541 Ostiensem
3165 3488 3297 3540 viam
3322 3502 3534 3558 pergere
3547 3488 3688 3554 libet,

2084 3590 2352 3634 occurrent
2380 3579 2468 3634 tibi
2507 3589 2702 3651 tropica
2727 3596 2903 3636 eorum
2921 3620 2936 3647 ,
2966 3580 3055 3650 qui
3084 3577 3345 3634 ecclesiam
3373 3580 3521 3634 illam
3565 3583 3687 3652 fun-

2085 3670 2353 3727 daverant.
2426 3671 2484 3727 In
2541 3672 2729 3728 iisdem
2786 3672 2923 3729 locis
2969 3672 3300 3743 ampliﬁcata
3340 3674 3684 3743 postmodum

2085 3762 2378 3835 religione,
2404 3776 2460 3819 et
2486 3764 2724 3819 Ecclesia
2769 3781 2799 3820 a
2839 3765 3308 3835 persecutionibus
3339 3765 3679 3836 respirante,

2084 3866 2387 3913 exstructas
2415 3856 2579 3911 fuisse
2621 3856 2910 3921 basilicas,
2973 3871 3265 3927 sacrasque
3312 3855 3507 3913 domos
3554 3857 3679 3913 reli-

2082 3950 2247 4020 giosis
2282 3950 2465 4005 usibus
2495 3949 2823 4021 mancipatus
2847 3989 2863 4017 ,
2903 3948 3067 4005 etiam
3099 3955 3331 4004 constat.
3370 3948 3504 4004 Illud
3532 3948 3673 4003 deni-

2084 4058 2188 4113 que
2212 4056 2277 4098 cx
2304 4042 2535 4114 antiquis
2575 4043 2938 4100 monumentis
2961 4052 3299 4114 compertum
3321 4052 3428 4110 est,
3457 4050 3515 4099 et
3548 4040 3675 4097 ratio

2084 4136 2197 4208 ipsa
2225 4137 2454 4203 suadet,
2499 4137 2831 4193 celebriores
2871 4145 3032 4209 atque
3078 4136 3396 4207 insigniores
3434 4134 3679 4191 basilicas

2086 4229 2471 4300 insignioribtts
2518 4242 2680 4300 atque
2730 4228 3111 4285 illustrioribus
3156 4228 3318 4283 fuisse
3355 4226 3683 4298 martyribus

2083 4322 2406 4388 adiﬁcatas;
2432 4330 2525 4378 aut
2543 4324 2732 4378 saltem
2757 4321 3111 4377 celebriorum
3139 4330 3300 4392 atque
3328 4320 3678 4391 insigniorum

2086 4426 2381 4490 martyrum
2414 4424 2611 4486 λιίψιινι
2657 4416 2708 4470 in
2736 4414 3064 4470 celebriores
3093 4422 3144 4468 et
3170 4414 3493 4485 insigniores
3538 4410 3676 4466 basi-

2082 4511 2215 4567 licus
2241 4512 2404 4567 fuisse
2447 4510 2726 4565 translata.
2778 4508 3086 4564 Praesertim
3138 4523 3268 4563 vero
3298 4506 3536 4578 majores
3578 4505 3678 4561 Ec-

2082 4601 2261 4659 clesia:
2306 4614 2365 4658 ut
2413 4602 2803 4673 pmcipuorum
2852 4611 3151 4674 martyrum
3185 4601 3430 4672 reliquiis
3448 4599 3676 4656 decora-

381 4724 515 4769 tcrea
538 4710 607 4766 ad
623 4704 908 4771 basilicum,
933 4707 1020 4763 ubi
1041 4725 1156 4764 cum
1185 4707 1458 4765 chiliauo
1480 4720 1585 4765 tota
1606 4708 1782 4768 civitas
1807 4713 1859 4768 in
1874 4717 1980 4787 [re-

2109 4706 2309 4762 ‘entur,
2337 4709 2463 4751 cura
2495 4696 2869 4766 episcoporum
2917 4694 3017 4749 fuit
3040 4713 3052 4749 :
3078 4695 3240 4766 idque
3288 4704 3398 4749 tum
3462 4700 3679 4764 propter

378 4796 583 4877 quentia
595 4806 783 4875 fuerat,
808 4799 983 4857 nullus
1003 4799 1067 4855 de
1090 4817 1248 4873 supra
1266 4801 1415 4857 dictis
1446 4805 1676 4858 accessit.
1707 4804 1771 4860 Et
1816 4806 1977 4876 paulo

381 4906 504 4964 post
522 4916 536 4953 :
559 4894 651 4951 Illo
665 4903 907 4967 tempore
920 4900 1011 4950 aut
1027 4909 1149 4950 reus
1166 4891 1527 4969 (Caecilianus)
1547 4896 1754 4954 debebat
1767 4900 1975 4969 expelli,

378 5000 467 5048 aut
492 4988 856 5046 communicari
884 4987 1053 5043 debuit
1080 4988 1357 5044 innocenti.
1389 4989 1634 5065 Conferta
1661 5004 1769 5048 erat
1797 4991 1977 5047 Eccle-

379 5089 456 5145 sia
474 5086 715 5162 populis:
739 5082 891 5155 plena
906 5091 1016 5140 erat
1047 5082 1289 5141 cathedra
1319 5086 1621 5160 episcopalis
1644 5102 1660 5143 :
1686 5096 1792 5142 erat
1811 5086 1978 5141 altare

451 5223 680 5300 (1)7Vid.
705 5224 800 5280 lib.
827 5237 867 5291 ι,
886 5235 1005 5293 cap,
1038 5220 1139 5290 10;
1157 5232 1212 5279 et
1232 5222 1325 5280 lib.
1350 5236 1427 5291 ut,
1455 5236 1576 5295 cap.
1598 5223 1687 5287 ll,
1708 5231 1762 5277 et
1790 5220 1974 5289 lib.w,

377 5297 791 5452 :afé)‘ﬁ_iAActis
816 5365 1010 5452 Cone."
1028 5366 1341 5452 Carthagini.
1372 5374 1526 5452 umet
1556 5363 1701 5452 apud
1719 5364 1975 5452 Angusn,

377 5433 553 5514 Serui.
580 5439 673 5514 i9,
701 5440 923 5514 eLapud
950 5437 1151 5497 Victor.
1183 5433 1418 5507 Vitens.,
1441 5433 1531 5491 lib.
1556 5433 1609 5489 ιζ
1626 5434 1688 5490 de
1708 5433 1974 5491 Persecut.

386 5511 712 5660 “magna
732 5584 983 5660 AugusL,
1011 5584 1107 5641 lib.
1136 5582 1205 5637 de
1224 5580 1391 5637 Gentis
1430 5577 1638 5651 Pelag,
1661 5594 1781 5653 cap,
1809 5582 1898 5651 υ,
1922 5590 1979 5637 οι

374 5669 541 5715 Serm.
575 5657 703 5715 294.
822 5657 840 5660 ’

414 5800 428 5813 θ
447 5730 466 5813 (
485 5730 528 5801 t)
557 5729 713 5801 Apud
741 5726 1137 5794 eumd.,Serm.
1163 5723 1289 5791 258,
1321 5722 1969 5795 ctapudVictoi'.Viteus.,

377 5800 467 5857 ubi
495 5800 615 5873 Sup.

454 5874 532 5951 (ξ)
564 5871 715 5951 ᾑρηά
739 5870 1011 5951 August,
1042 5882 1211 5951 serm.‘
1236 5868 1325 5926 3i.

454 5874 510 5941 (5
565 5874 715 5942 Apud
739 5874 991 5941 August.,
1042 5882 1202 5924 serm.
1236 5874 1300 5925 5i

454 5874 532 6031 (6)
562 5944 679 6001 Lib.
712 5957 732 6000 ι
758 5951 935 5999 contra
966 5940 1300 6000 Parmenion.

2083 4791 2341 4860 uiajorem
2388 4790 2625 4859 ipsorum
2672 4800 2967 4863 inartyrnm
3008 4791 3265 4862 gloriam,
3300 4800 3413 4846 tum
3463 4799 3679 4861 propter

2082 4884 2444 4940 Ecclesiarum
2476 4883 2840 4954 splendorem,
2872 4896 2982 4941 tum
3011 4886 3246 4956 denique
3270 4884 3391 4957 quia
3426 4882 3680 4955 frequen-

2082 4978 2189 5031 tior
2217 4986 2333 5031 erat
2360 4975 2668 5031 christiana:
2695 4977 2868 5048 plebis
2887 4977 2953 5033 ad
2986 4977 3236 5034 matrices
3261 4976 3525 5033 ecclesias
3550 4990 3677 5031 eon-

2080 5090 2308 5139 cursns,
2379 5085 2538 5146 atque
2566 5085 2623 5131 ut
2669 5091 2738 5132 eo
2786 5078 2946 5132 etiam
2993 5076 3323 5147 frequentius
3374 5074 3676 5146 praecipuo-

2081 5181 2198 5222 rum
2253 5176 2546 5240 martyrum
2603 5168 2893 5225 devotione
2935 5170 3126 5226 ollecta
3174 5168 3491 5258 contineret.
3541 5165 3674 5220 Cum

2080 5261 2243 5331 igitur
2288 5260 2566 5331 Perpetua:
2607 5276 2660 5319 et
2710 5262 3001 5319 Felicitatis
3043 5277 3266 5335 corpora
3310 5263 3362 5317 in
3416 5259 3673 5331 majorem

2079 5357 2362 5413 ecclesiam
2405 5356 2882 5431 Carthagineusem
2929 5360 3072 5415 illata
3119 5358 3318 5425 fuisse,
3362 5372 3428 5414 ex
3456 5354 3676 5412 Victore

2152 5514 2232 5642 ἑὲ
2403 5530 2422 5571 ι
2446 5514 2508 5570 de
2521 5513 2789 5572 Persecut.
2805 5516 3070 5589 Africana.

2219 5613 2230 5642 l
2328 5605 2343 5640 ι
2388 5628 2401 5642 .

2217 5593 2230 5642 l
2261 5589 2401 5642 Ibid.

2261 5591 2456 5732 $3.8i
2479 5665 2543 5715 τὰ
2575 5670 2791 5734 τρόπαια
2825 5672 2915 5717 τῶν
2950 5662 3222 5715 ἀποστόλων
3250 5666 3342 5727 ἔχω
3373 5658 3672 5734 δεῖξαιξᾼὶά»

2077 5735 2173 5804 γὰρ
2213 5731 2410 5813 pelion;
2452 5731 2670 5813 ᾀπςὶθὲῖν
2698 5738 2778 5788 lari
2820 5743 2902 5788 τὸν
2940 5742 3222 5804 patriaac-ris,
3258 5742 3287 5790 ἢ
3316 5736 3401 5813 ini
3418 5740 3508 5784 τὶν
3532 5731 3665 5813 odia,

2076 5815 2168 5861 “ris
2194 5807 2395 5866 sicciora,
2429 5809 2628 5874 εὖρὲσιιο
2667 5813 2730 5861 τὰ
2764 5815 2977 5874 τρόπαια
3013 5817 3104 5860 τῶν
3141 5814 3319 5865 ταύτην
3359 5807 3673 5874 Epignmi?!»

2078 5888 2164 5933 τ-ῖν
2192 5879 2458 5948 ἐκκληςίαν.
2477 5868 2696 5948 ὀἰιρυιτ
2727 5868 2968 5930 adversus
2984 5874 3246 5948 Proetum,
3270 5868 3415 5948 apud
3438 5868 3666 5943 Euseb,

2080 5948 2278 6006 Hister.
2314 5945 2612 6005 lt'cclcsiast.
2646 5947 2736 6004 lib.
2771 5961 2827 6017 ιι,
2855 5961 2972 6028 cap.
3006 5945 3097 6007 εδ.
