3816 6276
405 334 471 411 ’ῌ
1641 328 2099 393 DISSER'I‘ATIO
2126 331 2599 394 APOLOGETICA
3619 336 3689 395 'ﬂ‘

405 450 674 508 Memoriis
714 448 1005 509 sanctorum
1050 452 1497 510 communicantes.
1554 453 1683 509 Ecce
1724 464 1997 524 prazsentes
2026 453 2075 516 Α
2106 462 2402 524 temporum
2444 470 2541 511 usu
2574 496 2589 522 ,
2643 453 2773 510 nulli
2832 451 3051 509 dubium
3098 459 3183 509 est
3223 453 3350 526 quin
3400 452 3433 508 ii
3482 468 3673 525 quorum

404 553 522 599 sunt
543 546 610 599 ibi
632 544 849 599 duorum
874 544 1238 614 Apostolorum
1265 548 1522 602 memoria:
1542 564 1562 613 ,'
1583 548 1735 602 dicite
1754 549 1799 602 si
1818 548 1886 602 ad
1909 548 2002 601 has

406 636 604 709 ingredi
632 637 813 709 potuit,
843 638 915 691 ita
945 646 998 711 ut
1045 637 1280 693 obtulerit
1306 640 1414 695 illic
1454 640 1538 695 ubi
1565 651 1862 696 sanctorum
1893 657 1999 695 nte-

406 732 595 785 morias
632 746 739 785 esse
777 731 1020 786 constat?
1065 732 1218 802 Apud
1250 742 1458 790 veteres
1496 735 1656 806 igitur
1687 735 1821 791 adeo
1850 750 2001 790 com-

408 834 617 894 pertum
661 822 759 878 fuit
785 822 1065 895 Perpetua:
1108 836 1162 881 et
1190 826 1455 883 Felicitati
1502 829 1656 897 nihil,
1701 831 1828 885 dum
1856 832 2004 886 vive-

411 927 553 984 rent,
586 933 709 973 cum
741 917 1010 974 haereticis
1036 916 1202 976 fuisse
1232 936 1537 987 commune,
1568 933 1625 979 et
1663 922 1715 978 in
1749 923 2006 980 Ecclesiae

406 1025 535 1079 pace
580 1020 633 1064 et
678 1011 1058 1066 communione
1109 1013 1426 1085 martyrium
1474 1030 1904 1083 consummasse,
1951 1025 2008 1071 ut

405 1115 591 1183 earum
633 1116 816 1157 sacras
858 1102 1134 1174 reliquias,
1183 1106 1251 1159 ab
1281 1121 1467 1161 earum
1510 1108 1767 1179 martyrio
1807 1108 2007 1164 szeculo

406 1195 496 1249 vix
538 1182 745 1266 elapso,
784 1210 851 1251 eo
877 1194 1156 1251 intulerint
1186 1213 1291 1267 quo
1321 1197 1559 1254 haeretici
1590 1199 1826 1256 maxime
1853 1210 2006 1255 veta-

407 1290 602 1347 bantur
627 1288 918 1357 accedcre,
950 1300 1002 1346 et
1044 1290 1131 1346 ubi
1173 1307 1332 1348 nemo
1363 1293 1462 1348 nisi
1506 1291 1804 1349 catholicus
1859 1309 2008 1348 com-

408 1382 738 1439 munieabat.

491 1474 578 1530 \‘l.
598 1475 853 1548 Denique,
887 1493 983 1546 pro
1011 1486 1315 1533 nostrarum
1344 1486 1640 1549 martyrum
1667 1477 1843 1533 cultus
1868 1477 2009 1532 auti-

410 1569 618 1640 quitate
645 1580 699 1626 et
736 1570 1053 1627 celebritate
1096 1582 1259 1643 atque
1299 1570 1609 1626 earumdem
1663 1569 2005 1635 orthodoxia,

410 1679 477 1719 ex
501 1663 719 1721 assidue
746 1665 968 1735 repetita
1008 1679 1194 1720 earum
1225 1664 1367 1720 inter
1394 1665 1704 1734 quotidiana
1745 1663 2009 1720 sacriﬁcia

401 1758 948 1823 commemoratione,
1022 1755 1163 1811 baud
1232 1755 1500 1811 absimilia
1576 1756 2006 1827 prtecedentibus

2109 547 2159 600 iu
2212 547 2385 601 Missae
2424 564 2633 603 canone
2678 547 2917 619 quotidie
2974 549 3234 605 memoria
3292 557 3589 614 renovatur,
3633 559 3675 607 et

2109 640 2270 695 modo
2320 649 2376 696 et
2446 641 2576 695 olim
2632 640 2832 696 fuerint
2884 641 3025 696 inter
3078 641 3395 697 illustriores
3447 651 3675 714 martyres

2102 730 2422 802 'computati.
2456 732 2610 799 Quod
2635 731 2859 803 proinde
2899 741 3217 805 argumento
3253 741 3338 789 est
3388 722 3676 804 Perpetuam

2109 832 2266 895 atque
2312 823 2668 892 Felicitatem,
2716 840 2836 895 qua:
2865 825 2918 881 in
2952 825 3343 897 antiquissimis
3393 825 3611 898 liturgiis
3637 829 3676 885 id

2111 917 2349 983 honoris,
2381 935 2500 974 cum
2551 918 2669 974 aliis
2725 919 2932 990 paucis,
2968 919 3169 975 sortitae.
3200 932 3325 976 sunt
3350 936 3379 972 a
3421 920 3677 991 majoribus

2112 1011 2329 1076 nostris,
2357 1026 2461 1066 non
2497 1012 2637 1065 inter
2685 1020 2949 1085 martyres
2994 1010 3176 1075 modo.
3227 1011 3319 1068 sed
3363 1013 3526 1068 etiam
3571 1016 3679 1070 inter

2111 1103 2429 1175 insigniores
2459 1105 2627 1162 fuisse
2656 1117 2920 1179 martyres
2949 1119 3282 1163 numeratus.

2181 1197 2312 1252 Illud
2341 1197 2502 1254 etiam
2526 1200 2625 1254 hoc
2652 1199 2772 1254 loco
2802 1215 2906 1254 non
2937 1199 3057 1255 sine
3082 1198 3546 1257 animadversione
3568 1216 3681 1272 pra:-

2113 1292 2547 1359 tcrmittendum,
2599 1293 2740 1365 quod
2791 1310 2951 1366 supra
3003 1295 3164 1350 etiam
3227 1307 3313 1351 est
3366 1305 3684 1366 aunotatum,

2111 1381 2353 1438 laudatas
2380 1383 2620 1455 liturgias
2645 1395 2738 1440 aut
2763 1386 3196 1452 sacramentaria,
3229 1387 3280 1441 in
3303 1387 3504 1458 quibus
3520 1386 3686 1458 Perpe-

2112 1485 2216 1531 tuze
2249 1486 2301 1531 et
2341 1477 2636 1533 Felicitatis
2686 1478 2930 1549 quotidie
2971 1480 3175 1534 mentio
3206 1479 3456 1547 iteratur,
3504 1496 3599 1535 nou
3634 1479 3687 1535 ad

2113 1568 2596 1640 Catthaginensem
2643 1580 2735 1625 aut
2798 1571 2937 1652 alias
2961 1569 3154 1627 Africa:
3199 1572 3485 1640 ecclesias,
3525 1572 3610 1629 sed
3635 1572 3687 1627 ad

2115 1663 2411 1717 liomzmam
2460 1672 2514 1718 et
2555 1662 2885 1720 Gallicanam
2924 1646 3303 1735 vpertinuisse.
3344 1664 3503 1733 Quod
3550 1665 3689 1737 magis
3776 1646 3784 1753 1

2112 1758 2289 1812 adhuc
2321 1757 2595 1830 magisque
2649 1759 2987 1815 demonstrat
3014 1777 3172 1831 quam
3206 1760 3272 1816 ab
3315 1749 3551 1832 antiquis
3578 1771 3689 1816 tem-

408 1849 603 1906 conﬁci
630 1860 855 1923 possunt
882 1859 1218 1921 argumenta.
1243 1849 1525 1921 Perpetua:
1550 1850 1692 1906 enim
1724 1860 1778 1905 et
1806 1849 2004 1905 Felici-
2036 1858 2083 1917 Β
2113 1852 2331 1921 poribus
2396 1863 2595 1907 nostra:
2656 1852 2708 1907 in
2761 1868 2856 1909 ore
2909 1852 3066 1909 fama:
3117 1863 3384 1927 martyres
3439 1870 3693 1911 versaren-

409 1943 533 1999 tatis
564 1951 675 1998 tum
708 1942 764 1997 in
806 1941 1003 1998 Missali
1031 1940 1252 2008 Gelasii,
1300 1951 1409 1998 tum
1441 1943 1493 1997 in
1532 1941 1774 2013 Gregorii
1812 1942 2004 1998 Sacra-

407 2036 694 2103 mentario,
744 2044 854 2090 tum
881 2034 1114 2107 denique
1149 2035 1203 2090 in
1231 2034 1596 2092 vetustissimo
1634 2034 2009 2091 Sacramenta-

406 2129 488 2185 rio
517 2128 794 2186 Gallicana
822 2128 905 2203 (l)
936 2128 1177 2202 quotidie
1205 2129 1485 2200 repetitur,
1512 2111 1653 2184 .cum
1688 2129 1868 2198 paucis
1891 2128 2009 2184 aliis

410 2221 758 2294 martyribus,
801 2222 856 2278 in
892 2223 1072 2278 missa:
1108 2236 1317 2278 canone
1347 2223 1808 2278 commemoratio.
1840 2221 2007 2276 Obvia

409 2322 535 2369 sunt
576 2314 827 2370 omnibus
870 2315 1367 2385 antiquissimorum
1413 2314 1631 2394 Patrum
1679 2314 2005 2380 testimonia,

413 2405 729 2463 Tertulliani
763 2406 817 2462 in
842 2407 1028 2479 primis
1055 2404 1136 2481 (2)
1179 2416 1235 2464 et
1273 2406 1526 2480 Cypriani
1583 2405 1687 2480 (5),
1737 2407 1930 2479 quibus
1975 2406 2010 2462 ii

363 2509 600 2573 -aperte
659 2510 923 2559 testantur
964 2512 1256 2575 martyrum
1302 2502 1574 2558 natalitios
1627 2501 1745 2558 dies
1790 2501 2008 2573 speciali

411 2609 597 2650 eorum
642 2594 785 2651 inter
820 2591 1083 2650 sacriﬁcia
1112 2594 1629 2679 commemoratione
1675 2591 1839 2648 fuisse
1867 2593 2009 2649 cele-

408 2688 615 2744 bratos.
660 2690 746 2744 An
783 2703 913 2744 vero
943 2696 1138 2758 pratter
1166 2687 1586 2742 anniversariam
1616 2698 1910 2758 martyrum
1956 2687 2008 2741 in

411 2778 500 2837 die
529 2780 723 2836 natalis
747 2795 934 2836 eorum
965 2779 1357 2847 celebritatem,
1380 2779 1677 2850 priscorum
1708 2788 2008 2848 temporum

411 2888 539 2930 usus
571 2871 815 2942 haberet,
866 2882 924 2928 ut
977 2872 1061 2929 vel
1099 2872 1341 2928 omnium
1388 2870 1472 2927 vel
1519 2871 1868 2939 insigniorum
1916 2885 2011 2923 uo-

415 2968 561 3023 mina
616 2968 760 3024 inter
786 2966 1095 3039 quotidiana
1135 2964 1401 3021 sacriﬁcia
1443 2978 1475 3019 e
1519 2964 1687 3016 sacris
1738 2960 2011 3030 dyptichis

413 3064 793 3129 recitarentur,
820 3061 960 3117 haud
991 3060 1063 3116 ita
1089 3074 1120 3114 e
1144 3068 1385 3113 veterum
1411 3053 1731 3110 testimoniis
1760 3068 2007 3121 comper-

413 3164 525 3211 tum
553 3164 655 3211 est.
685 3153 930 3210 lndicare
958 3151 1010 3208 id
1034 3161 1209 3207 tamen
1233 3157 1450 3205 sanctus
1470 3144 1769 3216 Cyprianus
1797 3144 2007 3198 videtur

2115 1953 2220 1997 tur.
2253 1943 2305 1996 In
2339 1943 2511 1999 lllissze
2541 1944 2801 2001 Romana:
2828 1961 3036 2003 canone
3059 1948 3185 2001 nulli
3214 1946 3364 2015 olim,
3384 1948 3490 2003 nisi
3516 1948 3689 2004 Roma-

2113 2036 2165 2090 ni
2197 2046 2461 2106 martyres
2517 2038 2977 2105 memorabantur,
3028 2040 3075 2095 si
3123 2049 3318 2111 praeter
3345 2041 3628 2111 Apostolus
3650 2050 3692 2097 et
3778 2022 3784 2117 Α

2114 2126 2393 2200 lgoatium,
2434 2129 2602 2184 virum
2643 2131 3020 2200 apostolicum,
3071 2134 3159 2203 qui
3196 2144 3250 2188 et
3278 2133 3484 2197 Roma:
3529 2148 3693 2206 passus

2112 2229 2214 2284 est,
2245 2230 2507 2293 martyres
2537 2232 2750 2278 nostras
2792 2233 2847 2279 et
2905 2224 3231 2296 Cyprianum
3263 2227 3509 2298 excipias
3538 2247 3551 2283 :
3579 2230 3694 2299 Aga-

2114 2311 2258 2366 tltam
2286 2313 2428 2368 enim
2475 2324 2527 2369 et
2566 2314 2782 2371 Luciam
2831 2329 3098 2389 martyres
3144 2318 3352 2377 Siculas
3374 2338 3407 2387 ,ιι
3459 2322 3695 2393 Gregorio

2114 2402 2307 2475 Magno
2348 2405 2541 2461 canoni
2584 2406 2867 2477 adjunctas
2904 2409 3092 2465 scribit
3134 2409 3433 2468 Adhelmus
3459 2412 3562 2487 (l).
3608 2411 3695 2485 Cy-

2114 2497 2302 2568 priane
2332 2515 2428 2554 cur
2465 2498 2518 2556 id
2564 2499 2787 2558 honoris
2832 2502 3185 2573 tribueretur,
3223 2506 3480 2574 pratclara
3526 2508 3690 2578 ipsius,

2115 2602 2172 2649 ut
2199 2584 2450 2663 dicimus,
2486 2596 2541 2651 in
2572 2597 2866 2653 Ecclesiam
2896 2597 3193 2654 Romanam
3226 2601 3416 2656 merita
3464 2602 3688 2657 obtinue-

2115 2696 2259 2741 runt.
2289 2686 2502 2743 Nostris
2528 2704 2658 2744 vero
2700 2688 2843 2746 unde
2893 2688 3011 2747 haec
3058 2690 3307 2761 specialis
3330 2692 3698 2764 praerogativa,

2115 2792 2194 2849 ut,
2217 2783 2459 2851 quamvis
2483 2792 2683 2839 exterae
2709 2793 2764 2839 et
2788 2784 2976 2840 aliena:
2998 2799 3061 2840 ac
3092 2786 3463 2841 transmarina:
3493 2785 3702 2856 provin-

2113 2877 2232 2938 ciae,
2257 2875 2443 2929 Romae
2476 2885 2651 2929 tamen
2678 2892 2862 2931 earum
2889 2877 3132 2948 quotidie
3159 2879 3422 2933 memoria
3452 2870 3598 2933 infer
3625 2893 3706 2932 sa-

2113 2981 2204 3019 cra
2239 2958 2491 3037 myéteria
2541 2972 2934 3038 perageretur?
2978 2954 3151 3035 Unde,
3202 2972 3442 3041 inquam,
3477 2952 3587 3027 illis
3617 2970 3712 3025 hoc

2113 3058 2298 3123 decus,
2331 3058 2433 3112 nisi
2478 3075 2544 3113 ex
2594 3048 2654 3115 ea
2687 3059 2843 3116 fama:
2871 3061 3181 3117 celebritate
3231 3078 3334 3132 qua
3371 3077 3594 3130 semper
3622 3079 3716 3133 per

2114 3144 2204 3206 ora
2251 3152 2524 3208 hominum
2554 3140 2865 3223 volitarunt,
2911 3164 2965 3210 et
3019 3156 3368 3225 insigniorum
3413 3168 3715 3228 martyrum

416 3251 578 3321 epist.
612 3264 774 3305 χχχιι
799 3247 867 3303 ad
886 3247 1037 3302 Pam.
1069 3258 1216 3300 num.
1249 3239 1341 3306 50,
1361 3239 1470 3305 ubi,
1504 3246 1783 3307 postquam
1815 3237 1881 3290 de
1909 3235 2011 3290 Ce-
2038 3250 2081 3313 c
2118 3245 2233 3299 loco
2263 3244 2455 3299 habita:
2482 3246 2639 3301 sunt?
2661 3245 2792 3323 Cum
2825 3264 2927 3319 qua
2953 3248 3190 3318 profecto
3213 3246 3371 3303 tanta:
3400 3248 3716 3307 celebritate

416 3345 572 3400 lcrini
603 3344 721 3397 avia
742 3340 1011 3405 Celerina,
1035 3346 1090 3392 et
1114 3344 1304 3407 patruo
1331 3333 1468 3404 ejus,
1490 3341 1542 3387 ct
1572 3331 1834 3403 avunculo
1863 3330 2004 3386 Lau-

413 3445 626 3502 rentino
656 3453 709 3498 et
730 3439 935 3512 lgnatio
973 3437 1184 3494 locutus
1210 3442 1314 3502 est,
1357 3434 1447 3505 qui
1476 3433 1734 3504 martyrio
1752 3430 1863 3500 jam
1895 3430 2005 3499 pri-

414 3540 537 3597 dem
566 3538 777 3593 iuerant
822 3532 1088 3598 coronati,
1137 3529 1413 3600 subjungit
1454 3544 1469 3584 :
1503 3527 1774 3596 Sacriﬁcia
1815 3542 1908 3596 pro
1937 3525 2009 3579 eis

366 3638 390 3653 ‘
412 3650 629 3703 semper,
684 3640 740 3685 ut
788 3625 1109 3691 meministis,
1158 3620 1442 3691 oderimus,
1491 3621 1685 3693 quoties
1727 3628 2012 3690 martyrum

424 3727 687 3799 passiones
735 3733 782 3779 et
837 3723 945 3776 dies
982 3717 1331 3774 anniversaria
1362 3713 1837 3773 commemoratione
1878 3712 2010 3769 cele-

417 3823 641 3878 bramus.
689 3817 785 3873 liis
823 3815 1025 3870 scilicet
1075 3811 1255 3869 verbis
1300 3809 1444 3865 haud
1475 3809 1705 3864 obscure
1745 3804 2012 3877 signiﬁcat

416 3915 754 3988 Cyprianus;
787 3910 982 3981 quoties
1007 3906 1233 3977 alicujus
1278 3904 1529 3977 martyris
1558 3902 1874 3960 recurrebat
1908 3915 2008 3955 an-

417 4006 713 4066 niversaria
744 4002 1079 4069 solenmitas,
1130 4010 1185 4057 et
1211 3999 1586 4075 praedictorum
1629 4010 1825 4064 seraper
1845 3993 2013 4049 fuisse

414 4111 747 4165 renovatum,
772 4097 912 4152 inter
927 4094 1313 4152 sacriﬁciorum
1343 4090 1624 4154 solemnia,
1658 4087 2007 4143 mentionem.

413 4194 483 4250 Et
522 4192 641 4249 ﬁeri
666 4189 884 4262 quidem
926 4189 1128 4260 optime
1158 4185 1332 4258 potuit
1358 4194 1437 4252 ut,
1479 4198 1601 4237 cum
1642 4196 1746 4235 non
1790 4192 2013 4247 magnus

358 4331 375 4342 .
410 4299 528 4347 erat
570 4296 864 4360 martyrum
908 4297 1185 4347 numerus,
1224 4279 1383 4340 sicuti
1429 4276 1563 4333 nulli
1608 4288 1798 4332 eorum
1827 4271 2015 4328 deerat

411 4378 779 4438 anniversaria
804 4374 1142 4442 solemnitas,
1173 4386 1347 4444 neque
1368 4366 1751 4439 insignioribus
1779 4373 2011 4428 tantum,

416 4479 473 4529 et
496 4473 586 4544 qui
612 4470 877 4527 atrociora
908 4473 1172 4524 tormenta
1199 4464 1414 4534 experti
1453 4462 1682 4545 fuerant,
1724 4455 1822 4512 sed
1851 4453 2013 4510 etiam

414 4563 838 4628 obscurioribus,
869 4569 927 4616 et
963 4559 1053 4630 qui
1095 4556 1254 4612 nullis
1278 4552 1604 4611 cruciatibus
1650 4548 1888 4606 toleratis
1917 4562 2015 4618 pro

2115 3355 2218 3392 non
2272 3348 2533 3397 consonat
2589 3350 2647 3394 ut
2686 3349 2793 3396 tam
2865 3334 3015 3396 brevi
3072 3341 3332 3413 temporis
3388 3341 3711 3412 intervallo,

2117 3432 2199 3486 cui
2228 3430 2354 3486 dum
2395 3433 2639 3488 viverent
2667 3431 2895 3488 addicta:
2940 3433 3165 3489 fuissent
3202 3433 3466 3506 religioni,
3509 3450 3580 3492 ex
3610 3436 3704 3492 ho-

2114 3526 2317 3580 minum
2343 3527 2601 3581 memoria
2635 3526 2962 3582 elaberetur.
3034 3554 3044 3562 -

2186 3618 2321 3674 Illud
2346 3620 2580 3691 denique
2612 3620 2696 3674 hic
2728 3620 2929 3689 pariter
2952 3620 3369 3683 observandum,
3408 3620 3547 3677 hanc
3578 3622 3704 3677 intra

2114 3730 2321 3770 sacram
2354 3714 2597 3788 synaxim
2639 3725 2952 3771 sanctorum
2998 3724 3293 3788 martyrum
3325 3731 3699 3773 commemora

2116 3810 2318 3867 tionem
2362 3824 2428 3865 eo
2483 3808 2751 3881 praecipue
2800 3819 3052 3879 spectare
3115 3818 3174 3863 ut
3220 3809 3579 3881 intelligamus
3616 3822 3702 3864 nos

2114 3900 2247 3958 cum'
2266 3902 2372 3958 illis
2400 3902 2453 3957 in
2494 3901 2728 3966 Christo,
2759 3901 2914 3974 cujus
2940 3903 3189 3974 corporis
3212 3902 3537 3959 sacriﬁcium
3556 3902 3699 3959 oﬁ'er-

2117 4008 2222 4063 tur,
2251 3997 2675 4060 communicare,
2707 3997 2848 4067 quod
2875 4008 2927 4052 et
2953 3997 3065 4068 ipsa
3092 3996 3317 4053 canonis
3343 3998 3505 4054 verba
3531 3999 3696 4065 aperte
3782 4010 3783 4068 ι

2119 4101 2383 4147 testantur
2427 4107 2444 4148 :
2491 4089 2954 4157 Commtmicantes,
3021 4100 3069 4147 et
3130 4091 3426 4147 memoriam
3472 4106 3701 4147 seueran-
3782 4089 3783 4155 ξ

2118 4197 2213 4253 tes,
2243 4198 2352 4243 etc.
2388 4186 2466 4242 Eo
2490 4196 2670 4242 autem
2704 4186 2974 4256 pertinere
2998 4184 3265 4241 credenda
3301 4195 3385 4241 est
3412 4195 3704 4241 exterorum

2119 4277 2205 4333 illa
2243 4288 2538 4351 martyrum
2565 4279 3033 4343 conuuemoratio,
3083 4287 3142 4333 ut
3183 4294 3343 4334 unam
3373 4277 3565 4349 ubique
3591 4289 3709 4332 esse

2117 4372 2349 4427 sciamus
2377 4370 2699 4427 catholicam
2731 4369 3050 4436 Ecclesium,
3078 4379 3133 4427 et
3158 4386 3319 4427 unam
3348 4372 3592 4428 onmium
3626 4384 3707 4424 ec-
3782 4369 3783 4449 i

2117 4464 2427 4533 clesiarum,
2460 4464 2704 4536 quamvis
2744 4462 2864 4518 loco
2893 4462 3223 4533 dissitarum,
3263 4465 3700 4525 communionem,
3782 4482 3783 4536 ι

2120 4565 2177 4611 ιιι
2202 4574 2321 4629 quae
2349 4556 2557 4612 alienos
2588 4563 2879 4626 martyres,
2923 4553 3064 4609 haud
3092 4570 3249 4611 secus
3285 4570 3449 4628 quam
3475 4552 3706 4626 domesti-

416 4657 760 4715 confessione
779 4652 1011 4708 nominis
1032 4652 1086 4705 in
1113 4662 1332 4705 carcere
1353 4646 1616 4711 obierant,
1639 4651 1698 4698 ut
1726 4642 1793 4696 ab
1823 4639 2013 4696 eodem
2045 4653 2094 4714 ι)
2123 4667 2236 4720 ρος,
2291 4658 2634 4706 veneramur.
2686 4647 2864 4715 Quod,
2918 4656 2977 4703 ut
3022 4663 3184 4720 supra
3225 4658 3310 4706 est
3350 4650 3704 4712 observatum,

416 4744 689 4827 Cypriaub
714 4756 971 4804 statutum
1008 4753 1093 4801 est
1113 4741 1233 4816 (4);
1263 4748 1450 4813 postea
1477 4754 1606 4796 vero
1632 4744 1786 4793 aucta
1828 4736 1881 4791 in
1916 4736 2017 4791 im-

416 4861 663 4904 mensum
705 4858 892 4900 eorum
938 4839 1117 4910 copia,
1169 4833 1421 4909 prmeipui
1466 4843 1692 4900 tantum,
1728 4842 1784 4888 ut
1830 4840 2017 4888 vetera

424 4952 528 4994 nos
576 4933 885 4993 calendaria
932 4930 1150 4996 docent,
1197 4938 1254 4984 et
1300 4942 1527 4999 quorum
1585 4923 1849 4983 illustrior
1901 4930 2019 4979 erat

415 5028 582 5094 fama,
628 5026 824 5084 retenti
863 5034 1009 5092 sunt,
1058 5038 1153 5092 pro
1194 5018 1387 5093 quibus
1429 5035 1603 5075 annua
1666 5016 1927 5075 sacriﬁcia
1963 5022 2020 5072 et

419 5122 722 5185 oblationes
760 5119 1163 5176 celebrarentur
1190 5135 1207 5172 ι
1233 5115 1307 5173 ita
1358 5116 1588 5187 primum
1631 5112 1848 5185 quidem
1893 5124 2014 5165 om-

420 5220 572 5274 nium
610 5216 765 5272 ﬁeret
792 5214 847 5270 in
871 5212 1196 5285 quotidianis
1237 5210 1513 5269 sacriﬁciis
1537 5203 2013 5267 commemoratio;

418 5318 606 5380 postea
633 5312 883 5375 vero,~ut
920 5321 989 5362 ex
1017 5304 1270 5376 liturgiis,
1320 5298 1710 5372 antiquissimis
1756 5294 1860 5350 illis
1900 5293 2017 5362 qui-

419 5404 565 5469 dem,
596 5410 652 5455 at
694 5400 849 5456 tertio
880 5408 1055 5456 tamen
1095 5396 1294 5455 saeculo
1321 5388 1733 5455 recentioribus,
1764 5400 2015 5455 comper-

422 5504 531 5549 tum
562 5504 667 5561 eSt,
700 5493 1048 5550 illustriorum
1077 5488 1355 5550 dumtaxat
1391 5487 1443 5540 in
1483 5483 1660 5542 Missis
1685 5478 2016 5552 quotidianis

420 5585 637 5641 nomina
699 5588 1080 5643 retinerentur.
1132 5579 1261 5648 Sed,
1317 5586 1377 5634 ut
1427 5577 1498 5634 sit
1545 5576 1614 5632 de
1667 5574 2018 5633 vetustiorum

499 5696 578 5774 (l)
607 5700 761 5772 Apud
792 5701 1068 5774 Habillon,
1264 5710 1282 5749 ι
1309 5692 1492 5774 Μαδιξὶ
1519 5691 1715 5749 Italici.

423 5822 431 5829 .
503 5766 585 5855 (ι’)
608 5766 729 5855 pit).
756 5766 821 5830 αξ
846 5774 1047 5855 Corona
1075 5766 1493 5855 Μειιιηεειρέξ.

504 5836 585 5928 ξὸᾗ
605 5849 778 5928 Epist.
808 5860 906 5911 xu,
931 5842 1005 5928 al.
1027 5854 1230 5906 xxxvn,
1259 5845 1315 5896 et
1333 5837 1490 5908 epist.
1522 5852 1707 5907 χχιιι,
1738 5836 1808 5894 al.
1841 5853 2025 5895 xxxiv,

496 5916 579 6007 (lii
602 5916 770 5994 Epist.
794 5933 888 5987 xu,
913 5916 987 5973 al.
1014 5930 1214 5971 xxxvn.

2122 4746 2267 4802 clare
2309 4754 2363 4801 et
2392 4742 2679 4815 perSpicue
2709 4742 3047 4798 demonstrat
3099 4751 3204 4798 tam
3236 4752 3385 4800 certo
3412 4743 3483 4799 de
3515 4750 3707 4798 nostra-
3782 4742 3783 4801 Ε

2122 4854 2239 4892 rum
2280 4847 2574 4906 martyrum
2607 4835 2922 4897 orthodoxia
2950 4835 3091 4906 apud
3130 4843 3343 4892 veteres
3385 4835 3703 4897 constitisse,

2122 4940 2181 4987 ut
2208 4946 2394 4987 earum
2424 4930 2639 4986 nomina
2679 4930 2959 4988 catholica)
2987 4930 3385 4987 communionis
3416 4928 3705 5003 symbolum
3782 4980 3783 5003 ξ

2122 5039 2244 5080 esse
2270 5022 2557 5079 voluerint.

2192 5114 2303 5172 Vll.
2347 5113 2547 5170 Horum
2573 5115 2812 5171 omnium
2844 5115 2912 5172 de
2956 5115 3148 5186 quibus
3177 5114 3440 5172 hactenus
3461 5108 3704 5172 disserui-

2120 5226 2260 5276 mus,
2284 5210 2712 5266 testimoniorum
2739 5210 3110 5266 auctoritatem
3132 5210 3347 5266 elevare
3367 5224 3430 5265 se
3459 5215 3605 5281 putat
3632 5204 3707 5259 Ie-

2120 5304 2337 5359 vissima
2409 5302 2511 5360 hac
2572 5306 2924 5371 ῐθευοιιδὶοιιο
2982 5303 3299 5375 Basnagius,
3342 5302 3482 5374 quod
3531 5307 3710 5367 nempe

2125 5414 2144 5447 s
2184 5396 2366 5451 horum
2405 5397 2690 5452 constantia
2728 5405 3035 5469 martyrum,
3083 5412 3277 5452 necnon
3315 5409 3545 5451 actorum
3573 5389 3709 5447 .anti-
3782 5440 3783 5443 η

2119 5491 2286 5560 quitas
2313 5491 2527 5562 posteris
2564 5491 2741 5560 fucum
2780 5492 2919 5563 fecit,
2960 5501 3015 5545 ut
3058 5492 3112 5545 in
3153 5490 3317 5562 pretio
3347 5488 3662 5543 haberentur.
3686 5500 3705 5536 ι
3782 5502 3783 5505 η

2124 5582 2499 5655 Produetaque
2526 5582 2742 5651 deinde,
2775 5599 2933 5654 quam
2980 5597 3143 5655 supra
3171 5581 3464 5647 confutavi,
3496 5580 3565 5635 de
3605 5579 3710 5633 Au-
3782 5592 3783 5599 η

2128 5679 2328 5749 gustini
2374 5678 2638 5737 Sermone
2686 5677 3015 5749 conjectura,
3062 5676 3335 5747 subjungit
3365 5693 3381 5735 ;
3410 5672 3711 5731 Concedamr

2131 5783 2299 5829 tamen
2321 5772 2470 5829 verba
2496 5772 2604 5831 haec
2623 5770 2891 5843 Augustini
2916 5786 3040 5826 esse.
3068 5767 3295 5835 Qumtio
3318 5769 3444 5843 facti
3471 5782 3564 5838 est,
3593 5763 3712 5820 Per-

2209 5908 2291 5981 (l)
2314 5909 2433 5967 Lib.
2461 5909 2526 5966 de
2556 5907 2875 5981 Virginitate,
2902 5924 3020 5983 cap.
3039 5907 3132 5965 25.
