3818 6278
139 351 224 408 73

987 396 1004 418 .
1055 351 1195 440 eno
1236 352 1332 411 ss.
1377 332 1781 425 P-ERPETUA,
1824 355 2230 418 FELICITATE
2267 361 2358 420 ET
2393 364 2624 424 socns.

3409 46 3456 70 ..κ

3617 234 3728 308 .~\

3391 378 3460 435 7/1

145 474 306 536 petua
335 465 554 534 fueritne
578 463 823 520 Ecclesia:
868 466 1072 534 mulier,
1095 485 1161 522 an
1189 478 1336 524 secta!
1364 472 1752 528 montanisticaa.
1781 473 1834 533 Α
1861 475 2048 546 rologii
2094 477 2304 534 codices
2325 521 2338 544 ,
2378 489 2432 536 et
2471 445 2744 538 editiones
2775 481 2988 554 irrepsit
3011 483 3126 556 (t);
3169 485 3263 542 sed
3305 501 3458 544 error

149 555 278 610 Jam
311 573 434 612 vero
460 557 511 611 in
536 555 889 627 quastionibus
920 558 1212 628 hujusmodi
1239 559 1333 613 viri
1361 560 1479 615 boni
1503 577 1639 632 stupe
1664 579 1759 617 nu-

162 665 313 705 mero
360 661 462 705 tota
496 659 657 705 errant
696 650 799 716 via,
835 659 880 706 et
923 651 1182 707 haereticos
1223 663 1471 724 martyres
1500 656 1760 725 irrepsisse

159 741 218 797 in
280 744 637 815 martyr-elogia
672 759 766 798 suo
816 743 928 800 loco
974 746 1301 801 ostendimus.
1360 747 1438 802 De
1485 749 1651 814 Actis,
1708 759 1762 804 et

162 849 356 892 eorum
387 837 684 892 auctoritate
717 836 943 892 inferius
966 837 1248 895 dicendum
1263 840 1381 895 erit.
1405 839 1558 896 Nunc
1585 842 1761 898 brevi.

164 933 252 981 ter
284 926 580 992 videndum,
607 940 785 981 annon
833 942 1058 982 summa:
1104 929 1418 985 temeritatis
1459 931 1547 997 sit,
1581 931 1650 986 ob
1681 933 1759 988 le-

162 1018 432 1083 vissimas,
465 1026 520 1073 ut
555 1018 809 1090 deinceps
847 1019 1149 1088 ostendam,
1181 1021 1539 1090 conjecturas,
1569 1037 1758 1078 eorum

165 1109 539 1165 ortbodoxiam
599 1120 654 1165 et
696 1111 1038 1167 sanctitatem
1093 1113 1143 1166 in
1199 1112 1418 1168 dubium
1466 1128 1754 1180 revocare,

158 1217 293 1273 quos
331 1211 544 1256 constat
591 1204 770 1257 statim
801 1203 869 1259 ab
898 1218 1083 1259 eorum
1115 1205 1384 1274 passione,
1414 1220 1475 1261 ac
1502 1205 1757 1275 deinceps

147 1307 248 1362 per
289 1293 603 1362 quindecim
635 1306 687 1350 et
714 1295 942 1366 amplius
969 1297 1161 1352 saecula
1184 1297 1332 1352 nullo
1354 1312 1458 1353 non
1489 1298 1758 1369 religionis

143 1392 195 1439 ct
225 1384 594 1441 observantia:
635 1387 812 1457 signo,
862 1403 972 1444 non
1011 1397 1068 1443 ut
1111 1390 1376 1460 genuinos
1405 1398 1632 1457 tantum,
1661 1391 1756 1448 sed

141 1477 287 1534 inter
317 1479 652 1537 celebriores
677 1479 877 1536 Christi
933 1489 1217 1552 martyres,
1250 1482 1608 1537 universalem
1650 1482 1756 1539 Ec-

136 1567 368 1624 clesiam
404 1585 528 1626 esse
553 1574 902 1627 veneratam?
943 1586 1169 1642 quorum
1209 1573 1415 1629 scilicet
1439 1575 1756 1630 memoriam

139 1659 255 1730 iam
283 1662 412 1716 inde
433 1662 503 1717 ab
526 1658 762 1733 antiquis
785 1664 1114 1734 temporibus
1134 1663 1491 1735 irequentavit
1519 1682 1534 1731 ;
1563 1667 1756 1735 quibus

148 1750 373 1813 altaria.
405 1763 459 1808 et
496 1753 760 1821 basilicas,
814 1768 933 1823 quas
975 1763 1216 1809 centrum
1262 1764 1444 1810 essent
1481 1755 1758 1811 catholica:

1864 565 2021 624 facile
2050 568 2292 628 detectus
2326 583 2428 639 est,
2461 584 2514 630 et
2543 575 2770 630 Romani
2816 579 3176 649 martyrologii
3205 580 3456 637 condito-

1861 673 1949 714 res
1978 659 2239 719 Numidiae
2271 665 2658 733 Nicomediam,
2679 662 2920 725 'Marculo
2949 669 3281 738 Marcellum,
3308 671 3454 727 Con-

1863 754 2021 808 stanti
2050 753 2445 827 Constantium,
2476 759 2788 816 Macarianis
2819 762 3050 818 Arianos
3076 763 3454 834 subrogarunt.

1861 843 2038 915 chen
2050 855 2128 902 tes
2149 849 2291 903 enim
2319 851 2418 907 sub
2445 852 2662 907 eosdem
2690 852 2902 908 circiter
2926 853 3044 909 dies
3065 854 3116 908 in
3147 856 3457 925 antiquiori-

1862 936 1962 992 bus
2011 942 2406 1012 martyrologiis
2454 943 2688 1000 Marcelli
2732 943 3155 1001 Nicomediensis
3205 949 3458 1018 martyris

1861 1041 2080 1094 nomen,
2115 1039 2169 1084 et
2199 1031 2314 1100 ejus
2343 1040 2458 1088 acta
2488 1035 2816 1105 ignorantes,
2845 1051 2910 1091 ex
2941 1036 3159 1091 Marculi
3205 1040 3339 1093 actis
3377 1040 3458 1093 in-

1865 1120 2140 1188 terpolatis
2179 1121 2281 1176 hoc
2321 1124 2370 1178 ei
2409 1126 2638 1196 elogium
2669 1127 3058 1182 coneinnarunt
3091 1147 3102 1182 :
3139 1128 3458 1186 Nicomediae

1863 1209 1883 1277 (
1890 1225 1981 1280 pro
2000 1213 2050 1264 in
2077 1211 2350 1284 Numidia)
2375 1218 2536 1270 sancti
2564 1217 2798 1273 Marcelli
2815 1220 2942 1291 (leg.
2970 1220 3214 1293 Marculi)
3245 1224 3456 1294 presby-

1863 1302 1978 1367 teri,
2032 1304 2118 1371 qni
2173 1302 2455 1360 Constantii
2506 1309 2709 1378 (verius
2757 1308 3068 1380 Constantis)
3119 1324 3342 1381 tempore
3393 1314 3456 1367 ab

1861 1392 2067 1446 Arianis
2100 1395 2119 1464 (
2150 1410 2245 1463 pro
2271 1413 2302 1448 a
2353 1382 2689 1470 Macarianis)
2719 1417 2745 1456 e
2771 1419 2894 1473 rupe
2937 1406 3286 1474 praecipitatus
3316 1423 3453 1460 mar-

1863 1490 1943 1553 tyr
1991 1486 2242 1541 occubuit.
2299 1486 2412 1555 Qua
2459 1490 2676 1546 Patrum
2741 1495 3202 1552 Benedictinorum
3258 1501 3457 1568 conje-

1861 1582 2010 1629 ctura
2038 1586 2118 1631 est
2159 1577 2209 1632 in
2237 1577 2358 1634 Not.
2384 1579 2450 1635 ad
2481 1584 2761 1652 Augustini
2794 1587 2883 1641 lib.
2917 1603 2973 1642 ιιι
3002 1601 3188 1646 contra
3231 1591 3459 1647 Cresco-

1861 1667 2031 1732 nium,
2057 1684 2176 1738 cap.
2203 1671 2294 1726 49.
2323 1671 2437 1738 Qua
2458 1674 2525 1728 de
2553 1691 2616 1730 re
2638 1677 2895 1734 videndus
2923 1682 3081 1736 etiam
3102 1680 3182 1737 Cl.
3215 1683 3459 1740 Mabillo-

1861 1775 1960 1814 nus
1979 1760 2030 1814 in
2045 1762 2244 1816 Annot.
2270 1763 2334 1817 ad
2349 1764 2566 1819 Marculi
2593 1779 2730 1834 acta,
2753 1778 2881 1824 tom.
2904 1787 2959 1825 ιιι
2976 1773 3120 1828 Vett.
3144 1776 3452 1832 Analector.

145 1847 567 1913 communionis,
611 1847 861 1903 excitavit
902 1864 917 1913 ;
949 1863 1173 1918 quorum
1202 1848 1629 1903 anniversariam
1669 1863 1757 1904 so-
1786 1863 1832 1922 Β
1860 1848 1977 1904 Jam
2005 1866 2132 1906 vero
2156 1854 2280 1923 quid
2312 1854 2452 1920 huic,
2481 1867 2572 1910 aut
2593 1859 2635 1912 si
2663 1860 2803 1929 quod
2832 1872 2913 1916 est
2937 1863 3082 1917 aliud
3109 1865 3232 1919 huic
3253 1867 3450 1933 simile,

147 1936 490 1994 lemnitatem
531 1954 632 1994 non
689 1939 852 1994 modo
891 1940 1114 1996 ecclesia
1146 1939 1605 2011 Carthaginensis,
1653 1941 1748 1996 sed

148 2031 320 2084 etiam
348 2030 578 2086 Romana
603 2031 774 2087 altero
795 2031 863 2087 ab
886 2047 1072 2088 eorum
1101 2033 1350 2103 passione
1379 2033 1577 2088 saeculo
1606 2034 1750 2090 cele-

147 2118 332 2175 bravit
359 2138 374 2187 ;
402 2137 624 2192 quorum
650 2124 866 2178 nomina
896 2124 948 2178 in
980 2125 1368 2194 antiquissimis
1398 2125 1749 2181 ecclesiarum

157 2212 354 2268 tabulis
383 2213 520 2268 inter
559 2212 908 2268 illustriorum
954 2225 1250 2286 martyrum
1289 2216 1508 2271 nomina
1557 2231 1747 2272 recen-

169 2313 349 2359 sentur
377 2321 393 2370 ;
418 2319 638 2374 quorum
678 2304 936 2360 memoria
977 2319 1099 2360 cum
1133 2307 1315 2375 paucis
1342 2307 1462 2361 aliis
1489 2307 1748 2378 insignio-

169 2394 413 2464 ribusque
455 2394 577 2450 item
613 2396 934 2466 martyribus
962 2396 1201 2466 quotidie
1243 2399 1293 2452 in
1339 2398 1516 2455 missae
1543 2415 1750 2457 canone

176 2497 488 2550 renovatur;
555 2502 691 2556 quos
738 2487 972 2557 denique
1019 2503 1124 2544 non
1172 2505 1334 2544 unum
1384 2500 1475 2546 aut
1525 2492 1749 2548 alterum

176 2576 425 2648 privatum
451 2578 906 2649 martyrologium,
951 2579 1046 2634 sed
1086 2580 1262 2635 omnia
1302 2589 1356 2636 et
1395 2581 1449 2636 in
1509 2581 1748 2638 diversa-

186 2683 303 2723 rum
327 2669 644 2725 ecclesiarum
676 2685 832 2725 usum
871 2672 1189 2738 concinnata
1218 2672 1422 2742 pariter
1448 2673 1744 2730 celebrant.

184 2759 312 2816 Haec
353 2761 475 2818 enim
499 2762 673 2817 omnia
720 2763 774 2817 in
810 2771 1023 2818 nostras
1071 2772 1338 2834 martyres
1378 2765 1537 2819 simul
1585 2766 1748 2822 fuisse

179 2855 386 2924 collata,
427 2857 544 2911 satis
570 2855 681 2926 jam
712 2857 964 2926 prtcsenti
1013 2857 1115 2911 hoc
1144 2858 1318 2928 capite
1359 2857 1743 2914 demonstravi.

167 2939 292 3002 ‘Sed
315 2949 560 3001 constantia
581 2957 888 3018 martyrum,
916 2957 962 3002 et
983 2949 1223 3002 Actorum
1244 2949 1516 3016 antiquitas
1537 2951 1749 3019 posteris

178 3041 350 3109 fucum
365 3039 485 3109 fecit.
507 3037 610 3094 Sed
632 3041 892 3110 numquid
911 3055 1045 3110 pene
1073 3042 1290 3105 coaevis,
1306 3051 1397 3095 aut
1424 3041 1746 3112 supparibus

166 3127 501 3198 scriptoribus
547 3131 826 3201 imponere
872 3132 1207 3202 potuissent?
1248 3132 1354 3187 Sed
1396 3134 1450 3186 in
1490 3133 1568 3187 Itis
1619 3135 1746 3204 facti

1856 1945 2106 2013 exemplo
2161 1960 2282 2000 cum
2333 1949 2659 2018 martyribus
2705 1953 2905 2008 nostris
2952 1955 3130 2024 aliqua
3178 1971 3245 2012 ex
3297 1968 3453 2029 parte

1851 2036 2176 2090 commune?
2205 2035 2334 2102 Qua:
2366 2053 2474 2093 non
2504 2041 2850 2109 sequioribus,
2899 2046 3110 2100 sacculis
3160 2063 3255 2117 per
3297 2051 3456 2106 unius

1852 2134 1942 2178 aut
1977 2125 2199 2180 alterius
2247 2127 2526 2198 scriptOris
2571 2131 2914 2190 oscitantiam
2956 2137 3006 2190 in
3037 2138 3298 2207 privatum
3350 2142 3454 2196 ali-

1851 2214 1991 2284 quod
2036 2217 2477 2288 martyrologium
2519 2220 2873 2292 irrepserunt,
2903 2226 2999 2282 sed
3039 2228 3094 2282 in
3125 2221 3371 2299 publicis,
3401 2244 3458 2288 et

1851 2305 2235 2376 antiquissimis
2263 2307 2518 2366 Ecclesiae
2564 2313 2775 2380 tabulis,
2809 2316 2864 2370 in
2904 2317 3132 2387 publicis
3176 2322 3301 2377 item
3331 2340 3454 2394 pre-

1851 2397 2024 2464 cibus,
2062 2409 2119 2454 ut
2147 2415 2332 2458 earum
2375 2407 2593 2462 nomina
2624 2411 3002 2483 recitarentur,
3031 2423 3086 2470 et
3113 2416 3313 2472 nullum
3344 2435 3454 2474 non

1852 2488 2088 2559 religiosi
2116 2494 2291 2548 cultus
2323 2497 2708 2566 testimonium,
2735 2501 2846 2570 jam
2890 2503 3015 2559 inde
3050 2505 3118 2560 ab
3147 2508 3298 2563 initio
3325 2524 3455 2566 con-

1851 2590 2050 2635 secutae
2096 2591 2239 2637 sunt.
2271 2583 2376 2640 Sed
2405 2587 2700 2654 videamus,
2731 2593 2922 2661 quibus
2964 2595 3258 2668 Basnagius
3288 2617 3450 2670 argu-

1852 2673 2046 2727 mentis
2074 2673 2173 2730 hac
2202 2679 2489 2735 sanctioris
2527 2680 2682 2736 fama:
2725 2694 2778 2738 et
2830 2687 3024 2754 publici
3054 2690 3229 2745 cultus
3259 2708 3451 2764 perpe-

1857 2771 1943 2817 tua
1998 2765 2166 2820 veluti
2219 2770 2561 2837 possessione
2612 2782 2825 2830 sanctas
2852 2787 3117 2848 martyres
3165 2781 3451 2841 deturbare

1851 2865 2074 2911 conatus
2113 2868 2196 2913 est
2226 2875 2238 2911 :
2271 2861 2582 2928 gravissima
2629 2865 2772 2920 enim
2817 2882 2880 2920 ea
2909 2883 3028 2924 esse
3057 2882 3287 2939 oportet,
3332 2891 3454 2944 quae

1852 2944 1993 3026 hanc
2046 2949 2093 3002 ei
2157 2949 2223 3004 de
2273 2952 2470 3006 nostris
2521 2955 2665 3010 hisce
2692 2958 3055 3028 martyribus,
3090 2971 3211 3030 post
3264 2971 3341 3018 tot
3385 2963 3453 3020 ab

1852 3052 2034 3093 earum
2064 3041 2312 3110 passione
2347 3046 2564 3112 saecula,
2593 3045 2886 3104 intulerunt
2925 3051 3252 3121 opinionem.
3301 3056 3455 3112 Anti-

1852 3147 2077 3202 quorum
2125 3135 2268 3190 enim
2295 3139 2755 3196 consentientibus
2798 3145 3117 3200 testimoniis
3147 3158 3202 3202 et
3253 3165 3453 3221 perpe-

164 3219 508 3288 questionibus
531 3222 624 3274 viri
663 3221 778 3275 boni
807 3236 940 3292 stupe
965 3215 1236 3293 falluntur.
1277 3223 1382 3279 Sed
1413 3224 1668 3293 numquid
1695 3232 1750 3280 et
1774 3245 1819 3308 ρ
1857 3233 1958 3280 tuze
2007 3226 2077 3282 de
2121 3228 2333 3284 illarum
2396 3230 2712 3289 orthodoxia
2757 3244 2811 3289 et
2855 3237 3136 3292 sanctitate
3193 3215 3453 3296 Ecclesiae

163 3311 414 3370 Ecclesiae
441 3315 754 3370 universalis
787 3317 1117 3372 auctoritas?
1142 3315 1238 3372 Cui
1277 3326 1478 3371 tantum
1510 3316 1565 3370 in
1597 3317 1745 3373 hisce

158 3404 326 3459 etiam
376 3406 755 3476 quaestionibus
798 3403 989 3462 detulit
1041 3407 1390 3478 AuguStinus,
1439 3415 1502 3461 ut
1545 3406 1613 3462 de
1659 3397 1745 3462 bis

157 3496 295 3552 nihil
326 3507 520 3554 temere
541 3498 788 3569 judicare
811 3498 1060 3565 voluerit,
1083 3514 1201 3570 quae
1228 3508 1469 3568 tempore
1498 3513 1750 3569 persecu-

154 3590 341 3658 tionis,
371 3601 431 3647 ut
472 3573 822 3648 insectatores
867 3607 980 3648 suae
1018 3592 1288 3663 pudicitia:
1326 3591 1646 3658 devitarent,
1689 3593 1743 3648 in

155 3692 429 3751 rapturum
476 3694 636 3755 atque
679 3692 992 3740 necaturum
1035 3698 1095 3740 se
1133 3683 1353 3739 ﬂuvium
1380 3683 1743 3755 projecerunt,

157 3785 336 3843 eoque
357 3774 517 3830 modo
551 3773 820 3830 defunctae
865 3783 1010 3840 sunt,
1058 3788 1350 3845 earumque
1392 3775 1648 3847 martyria
1689 3777 1744 3831 in

150 3862 416 3922 catholica
446 3865 702 3922 Ecclesia:
731 3866 1077 3922 veneratione
1103 3865 1450 3922 celeberrima
1491 3867 1744 3937 frequen-

149 3962 381 4012 tantur:
414 3956 490 4012 De
527 3959 630 4024 his,
668 3958 839 4028 inquit
877 3956 981 4029 (t),
1033 3957 1164 4011 nihil
1190 3967 1370 4012 temere
1407 3956 1572 4011 audeo
1602 3957 1745 4025 iudi-

151 4061 294 4102 care.
326 4047 507 4103 Utrum
533 4049 669 4103 enim
695 4047 939 4103 Ecclesia:
961 4046 1211 4116 aliquibus
1238 4047 1340 4117 ﬁde
1369 4048 1537 4119 dignis
1567 4049 1743 4117 testi/i-

152 4141 453 4209 cationibus,
483 4153 536 4196 ut
555 4158 733 4197 earum
763 4143 1056 4197 memoriam
1074 4144 1148 4196 sic
1176 4143 1406 4220 honoret,
1435 4141 1608 4196 divina
1635 4158 1748 4210 per-

149 4235 367 4289 suaserit
403 4237 699 4303 auctoritas,
747 4235 916 4290 nescio
940 4250 959 4289 :
985 4243 1030 4289 et
1059 4234 1172 4304 ﬁeri
1220 4242 1400 4304 potest,
1449 4240 1502 4287 ut
1545 4234 1618 4287 ita
1660 4233 1746 4287 sit.

153 4325 299 4391 Quid
323 4329 367 4383 si
395 4330 524 4384 enim
555 4328 652 4383 hoc
677 4327 924 4398 fecerunt,
966 4343 1067 4382 non
1093 4326 1386 4381 humanitus
1415 4325 1637 4395 decepta:
1659 4340 1750 4379 nec

158 4427 404 4486 errantes,
429 4420 515 4474 sed
538 4419 827 4474 obedientes
843 4418 869 4471 Σ)
892 4418 1022 4473 sicut
1057 4418 1119 4472 de
1159 4419 1407 4473 Samsone
1434 4415 1579 4471 aliud
1604 4415 1747 4471 nobis

165 4509 255 4577 fas
281 4524 378 4564 non
399 4521 464 4566 est
483 4511 711 4566 credere.
745 4512 815 4565 At
839 4509 1076 4565 haeretici
1103 4519 1366 4580 martyres
1394 4508 1447 4562 in
1476 4517 1745 4579 martyro-

159 4598 302 4672 logia
347 4601 688 4676 irrepserunt.
733 4601 840 4658 Sed
888 4601 1145 4673 numquid
1181 4602 1342 4656 etiam
1389 4599 1446 4655 in
1483 4599 1745 4669 antiquis-

159 4686 296 4748 Sima
344 4693 685 4752 kalendaria?
733 4693 992 4765 numquid
1032 4694 1191 4748 etiam
1236 4691 1301 4748 ad
1332 4707 1516 4749 eorum
1560 4705 1750 4747 monu-

161 4794 337 4840 menta
363 4784 657 4854 sacriﬁcia,
719 4795 776 4843 et
820 4786 1211 4843 catholicorum
1261 4794 1556 4841 conventus
1609 4783 1743 4840 cele-

166 4872 340 4932 brati?
362 4879 616 4950 numquid
656 4879 709 4934 in
739 4893 926 4935 eorum
970 4877 1284 4933 memoriam
1315 4876 1502 4931 altaria
1535 4875 1664 4942 Deo,
1693 4883 1750 4931 et

167 4967 391 5028 basilica
425 4973 792 5030 consecratas?
817 4971 1074 5043 numquid
1102 4987 1288 5028 eorum
1325 4970 1514 5026 laudes
1539 4981 1750 5026 veteres

174 5059 350 5122 Patres
385 5069 710 5125 orationibus
760 5079 818 5124 et
869 5067 1097 5138 publicis
1165 5067 1476 5122 tractatibus
1521 5081 1749 5122 exorna-

182 5157 335 5212 runt?
360 5159 615 5231 numquid
657 5159 892 5228 denique
937 5159 1077 5214 inter
1115 5157 1435 5213 illustriores
1481 5165 1750 5228 martyres

184 5259 266 5316 per
290 5259 361 5306 tot
387 5266 555 5307 annos
584 5251 747 5308 etiam
794 5266 936 5307 nunc
974 5253 1026 5307 in
1074 5252 1253 5307 missas
1289 5237 1496 5307 canone
1540 5264 1748 5307 memo-

193 5344 376 5398 rantur?
409 5343 728 5412 Marculum,
758 5345 1285 5416 pseudo-martyrem
1332 5344 1748 5413 Donatistarum,

197 5432 380 5501 primus,
409 5436 608 5494 surcido
633 5450 797 5500 nono,
833 5436 1200 5506 imprudenter
1226 5436 1278 5490 in
1299 5450 1453 5491 suum
1485 5445 1751 5506 martyre-

202 5522 360 5595 logium
408 5526 664 5583 Rabanus
706 5527 886 5583 retulit
911 5528 1019 5598 (2);
1061 5527 1185 5583 inde
1231 5528 1283 5582 in
1323 5527 1548 5582 nothum
1594 5526 1752 5582 Beda:

207 5619 598 5690 martyrologium
625 5629 681 5675 et
724 5635 790 5676 ex
829 5634 895 5676 eo
923 5621 976 5675 in
1006 5620 1209 5692 aliquot
1238 5619 1522 5678 Usuardiui
1550 5629 1752 5692 marty-

339 5751 458 5825 Lib.
481 5767 505 5825 _t
526 5752 590 5825 de
614 5749 761 5825 Cieit.
791 5752 909 5820 Dei,
932 5768 1052 5825 cap.
1080 5754 1170 5809 9.6.

260 5751 318 5897 ξι)
339 5751 458 5807 Lib.
487 5752 590 5806 tde
614 5751 761 5833 Civil.
791 5752 909 5820 Dei,
932 5768 1052 5825 cap.
1080 5754 1170 5834 9.6.

277 5821 319 5896 2)
339 5821 498 5895 Apud
527 5821 796 5888 Mabtllon,
825 5833 954 5879 tom.
984 5842 1031 5880 tv
1073 5825 1184 5881 νει.
1215 5826 1440 5882 Analect.

447 5919 724 5984 Parum.
771 5919 911 6004 Ill,

1857 3315 2124 3371 traditioni
2169 3317 2302 3374 ﬁdes
2332 3321 2382 3374 in
2414 3337 2474 3376 re
2504 3331 2609 3377 tam
2640 3327 2788 3395 gravi
2819 3326 3065 3398 abrogari
3103 3343 3209 3384 non
3241 3329 3448 3397 debuit,

1853 3410 1956 3464 nisi
1981 3411 2140 3466 aliam
2169 3414 2478 3482 opinionem
2505 3417 2697 3472 invicta
2724 3422 3112 3491 perspicueque
3135 3434 3451 3492 argumenta

1853 3519 1989 3574 pene
2017 3509 2334 3577 repugnanti
2364 3508 2692 3566 indiderunt.
2729 3513 2810 3568 An
2853 3514 3115 3582 ejusmodi
3153 3515 3283 3582 sint,
3326 3532 3447 3587 quae

1851 3596 2145 3668 Basnagius
2172 3600 2380 3665 attulit,
2423 3604 2770 3673 sequentibus
2800 3604 3062 3676 capitibus
3092 3605 3442 3664 disseremus.

2476 3734 2701 3794 CAPUT
2740 3735 2803 3792 Il.

1846 3878 2080 3923 HAS-NAG"
2111 3883 2372 3925 EXTERNIS
2401 3885 2671 3927 ADVERSUS
2709 3889 2935 3933 SANCTAS
2966 3893 3250 3938 HABTYRES
3277 3896 3446 3939 ARGU-

2357 3977 2551 4019 MENTIS
2571 3979 2929 4022 OCCUBRITUR.

1925 4091 1966 4145 Ι.
2009 4094 2250 4150 Actorum
2302 4095 2574 4166 Perpetua:
2617 4109 2662 4154 et
2711 4099 3001 4160 Felicitatis
3063 4111 3447 4180 compilatorem

1853 4180 2010 4251 fuisse
2040 4184 2472 4241 Montanistarum
2498 4189 2678 4245 hterest'
2706 4193 2966 4262 infectum.

1925 4273 1988 4327 Il.
2014 4274 2275 4329 Ruinartii
2301 4293 2394 4346 pro
2419 4279 2662 4332 Actorum
2689 4285 3023 4351 compilatore
3049 4289 3271 4344 rationes
3294 4295 3448 4362 refel-

1852 4363 2028 4419 luntur
2059 4366 2307 4436 tyriisque
2369 4371 2684 4438 argumentis
2730 4375 2838 4442 ejus
2886 4378 3256 4434 montant'smus
3301 4399 3443 4440 asse-

1850 4455 2000 4509 ritur.

1923 4549 2008 4604 III.
2040 4549 2288 4606 Dodwelli
2327 4568 2420 4622 pro
2445 4553 2672 4624 ejusdem
2699 4558 2962 4629 scriptoris
2992 4562 3293 4618 ortltodoxia
3331 4567 3442 4622 dis-

1852 4643 2069 4713 putatio.

1926 4736 2012 4791 IV.
2067 4735 2199 4804 Eius
2265 4739 2624 4810 disputationis
2681 4742 2905 4812 primum
2962 4745 3198 4815 dejicitur
3250 4751 3441 4820 funda-

1851 4837 2073 4882 mentum
2083 4867 2095 4881 .

1925 4920 1988 4976 V.
2018 4920 2246 4977 Alterum
2273 4923 2500 4992 ejusdem
2521 4923 2879 4995 disputationis
2901 4926 3287 4996 fundamentum
3305 4950 3442 4991 ever-

1852 5013 1995 5066 titur.
2225 5083 2234 5087 _

1925 5102 2014 5159 Vl.
2043 5105 2088 5159 Α
2116 5104 2438 5162 Montanistis
2458 5107 2748 5165 Catholicos
2768 5126 2869 5165 non
2894 5111 3052 5183 fuisse
3081 5132 3175 5184 pro
3191 5119 3443 5175 hwreticis

1852 5197 2182 5252 existimatos.

1924 5287 2035 5343 Ἧι.
2088 5289 2164 5343 Ab
2229 5287 2576 5345 Ecclesiarum
2642 5290 3025 5350 Catholicarum
3090 5301 3440 5358 communione

1857 5381 2196 5438 Montanistas
2222 5399 2323 5437 non
2348 5399 2401 5436 se
2429 5383 2632 5436 omnino
2659 5384 2851 5440 alienos
2878 5389 3211 5444 existimasse.

1926 5474 2060 5530 Vlll.
2089 5473 2168 5527 Ad
2193 5473 2562 5528 catholicorum
2581 5489 2781 5545 quoque
2811 5489 3091 5548 martyrum
3120 5489 3440 5543 communio-

1855 5580 1970 5619 nem
1995 5564 2307 5635 adspirasse.

1927 5654 2018 5711 IX.
2051 5655 2172 5710 Non
2190 5653 2462 5726 Perpetua:
2486 5664 2704 5724 tantum,
2733 5659 2822 5714 sed
2856 5661 3076 5717 aliorum
3105 5680 3299 5736 quoque
3355 5685 3448 5724 ca-

1939 5823 2019 5895 (t)
2045 5819 2196 5893 Apud
2225 5808 2469 5878 Bollandi
2495 5819 2693 5889 socios,
2720 5829 2849 5878 tom.
2870 5838 2960 5890 vn,
2985 5824 3182 5882 mensis
3206 5825 3368 5885 Junii.

2709 5919 2768 5978 3.

3605 463 3652 474 ν

3657 443 3727 462 ι-ν“¹
