3818 6278
400 374 472 439 83
1482 352 1929 424 DlSSEKTATlO
1965 352 2449 415 APOLOGETICA
3593 354 3645 421 gi
3728 352 3729 421 ξ

400 500 580 565 petuae
614 488 926 562 martyrium
956 480 1259 540 Maximilla!
1276 480 1558 536 "interitum
1604 476 1759 533 anuis
1784 474 1851 529 ad
1878 462 1997 529 mi?-
2021 472 2075 533 Α
2099 468 2331 565 scriptor
2345 467 2605 565 adstruat,
2621 461 3114 565 atqueeeniirmetl
3149 459 3325 565 r-Nam
3341 462 3462 535 quia
3475 466 3647 536 spirits.

401 599 508 640 nus
544 582 732 638 decem
771 574 1047 649 praecessit
1076 590 1090 627 :
1119 573 1367 643 adeoque
1414 571 1641 639 scriptor
1666 567 1994 623 montanista

402 678 525 747 ejus
547 672 848 746 propltetias
869 662 1160 740 agnoScere
1181 664 1373 735 potuit,
1398 678 1459 719 ac
1479 662 1746 726 venerari,
1769 671 1998 729 eamque

403 778 463 823 ut
488 761 873 837 prophetissam
911 760 1112 825 colere,
1136 756 1383 828 qnamvis
1424 770 1530 809 non
1561 753 1855 823 ignoraret,
1887 751 1997 803 imo

402 862 458 912 et
484 856 803 909 ineoncusse
855 862 918 905 ac
950 849 1175 904 firmiter
1200 846 1448 902 crederet
1500 838 1700 901 nullam
1733 851 1854 913 post
1883 841 1995 897 Ma-

399 943 661 1003 aimillam
690 943 805 1000 fore
830 942 1246 1014 prophetissam.

474 1034 539 1091 ν.
559 1034 779 1100 Deinde,
805 1035 848 1089 si
873 1034 1196 1089 arbitremur
1220 1036 1346 1086 vers
1362 1042 1484 1085 esse
1503 1042 1622 1097 quas
1638 1026 1705 1082 de
1727 1026 1993 1081 Maximil-

396 1129 466 1184 lae
491 1127 637 1184 obitu
659 1118 967 1183 Dodweiius
990 1126 1190 1189 statuit,
1211 1137 1330 1179 eam
1359 1122 1558 1177 scilicet
1580 1132 1722 1175 atino
1737 1118 1895 1175 iiarci
1924 1117 1999 1174 ul~

402 1223 536 1276 timo
567 1219 887 1285 excessisse,
918 1228 1138 1272 necesse
1159 1215 1404 1285 proiecto
1429 1222 1533 1279 est,
1559 1224 1616 1267 ut
1651 1212 1781 1267 falsa
1811 1212 1987 1267 omnis

402 1326 477 1367 no
505 1312 613 1365 sint
661 1324 779 1382 qua:
818 1306 1055 1364 secundo
1077 1307 1197 1362 loco
1228 1306 1390 1361 tradit
1439 1305 1507 1361 de
1543 1300 1988 1360 Montanistarum

398 1404 459 1458 in
487 1401 627 1457 hanc
651 1400 972 1457 sententiam
999 1397 1374 1463 consensione,
1400 1395 1541 1467 quod
1565 1396 1709 1450 nulla
1732 1404 1853 1465 post
1878 1395 1993 1451 Ma-

401 1494 664 1550 ximillam
698 1491 871 1547 futura
894 1500 1041 1547 esset
1067 1492 1117 1544 in
1138 1482 1378 1543 Ecclesia
1407 1487 1762 1558 prepbetissa.
1780 1487 1991 1542 Etenim

403 1596 515 1642 tam
552 1587 717 1641 ciarc'
746 1595 801 1641 et
829 1580 1012 1655 aperte
1034 1580 1391 1658 demonstrari
1406 1586 1598 1648 potest,
1621 1576 1991 1643 Montanistas,

405 1679 542 1735 alias
564 1686 685 1753 post
703 1674 1048 1730 Maximillam
1084 1673 1102 1742 (
1129 1673 1171 1726 si
1190 1670 1307 1741 ejus
1331 1682 1477 1726 mors
1518 1670 1570 1723 in
1600 1682 1800 1724 annum
1831 1668 1993 1724 Marci

400 1769 647 1825 ultimum
676 1762 1014 1835 conjiciatur)
1046 1760 1409 1832 prophetissas
1449 1759 1754 1829 agnovisse,
1781 1767 1840 1813 ut
1892 1759 1993 1814 mi-

2099 564 2171 619 lia
2218 560 2543 617 charismata
2569 557 2936 630 agnoscimus,
2986 564 3109 626 post
3159 555 3422 619 Joannem
3475 571 3647 631 quoqua

2098 652 2438 724 prophetiam
2453 651 2748 707 meruimus
2783 656 2839 704 et
2866 646 3145 717 consequi.
3192 646 3260 705 Et
3311 646 3471 705 hodie
3506 663 3645 721 soror,

2098 751 2228 809 cte.,
2270 761 2289 794 ι
2336 741 2610 810 relataque
2653 740 2855 799 insana:
2899 737 3036 793 vatis
3062 735 3270 803 visione
3299 776 3317 803 ,
3366 736 3642 809 sumam;

2103 852 2124 886 ι
2154 834 2279 888 llaec
2314 833 2450 887 visio
2475 840 2594 896 est;
2631 830 2774 887 Deus
2796 830 2966 894 testis,
2993 837 3045 884 et
3072 827 3364 900 Apostolus
3392 829 3646 889 clarisona.-

2099 932 2212 980 tutn
2244 925 2297 978 in
2349 922 2590 979 Ecclesia
2617 921 2921 977 futurorum
2963 919 3189 974 idoneus
3215 930 3463 987 sponsor.
3496 939 3516 975 ι
3543 921 3647 989 Μ

2106 1018 2336 1087 denique
2357 1014 2501 1086 quod
2528 1014 2581 1069 in
2610 1013 2753 1069 libro
2777 1013 2848 1068 ds
2867 1011 3097 1082 Jejuniis
3120 1008 3381 1071 adversus
3406 1011 3649 1085 Psychae.

2099 1108 2202 1166 hoc
2228 1124 2323 1165 eos
2353 1107 2571 1167 nomine
2587 1106 2824 1171 vellicat,
2856 1103 3001 1175 quod
3027 1104 3225 1161 divinat
3268 1104 3456 1174 gratiae
3482 1105 3647 1167 charis.

2099 1202 2257 1259 matis
2284 1199 2545 1256 terminos
2569 1198 2953 1264 contitaerent,
2997 1210 3094 1251 seu
3134 1196 3308 1265 pales,
3335 1203 3395 1251 ut
3418 1196 3646 1269 loquitur,

2099 1292 2422 1349 ter-naiasin?
2458 1289 2610 1357 Quod
2644 1290 2827 1360 utique
2859 1288 2914 1343 in
2943 1290 3090 1358 ipsos
3134 1286 3483 1350 “calamitas
3518 1298 3650 1354 retur.

2097 1385 2421 1459 querirnoiie
2450 1384 2663 1453 negotio
2686 1380 2971 1452 potuisset,
2998 1378 3044 1436 si
3075 1377 3284 1459 eisdem
3312 1380 3496 1450 gratia
3527 1380 3649 1447 dapis

2099 1481 2231 1535 lines
2278 1479 2331 1532 in
2372 1475 2665 1533 Maximilla
2693 1474 3005 1546 posuissent
3033 1492 3046 1530 ι
3078 1494 3097 1529 ι
3143 1471 3238 1531 sed
3262 1487 3471 1540 rursus.
3516 1474 3650 1544 inquit

2096 1569 2202 1640 (i),
2256 1570 2407 1640 palos
2455 1566 2763 1624 terminales
2793 1566 2952 1637 ﬂgitis
2980 1565 3114 1631 Deo.
3147 1566 3289 1625 sicut
3308 1565 3576 1635 duritia,
3598 1568 3651 1629 ita

2095 1662 2163 1718 de
2193 1661 2496 1732 disciplina;
2526 1661 2665 1716 sicut
2710 1659 2779 1717 de
2808 1659 3246 1724 eharismatibus.
3278 1658 3357 1724 ita
3408 1666 3464 1719 et
3488 1658 3548 1717 de
3581 1674 3649 1723 ts.

2097 1754 2388 1822 iemnibus,
2419 1762 2476 1809 ut
2502 1753 2733 1824 proinde
2756 1753 2929 1809 cilicia
2956 1752 3308 1819 cessaverint,
3347 1751 3652 1824 quamam

399 1875 518 1917 rum
546 1859 638 1923 sit,
662 1856 764 1912 hoc
788 1857 960 1911 virum
990 1853 1209 1909 doctum
1227 1852 1425 1922 iecisse
1451 1849 1721 1922 opinionis
1742 1863 1855 1905 sum
1876 1849 1995 1905 fun-
2024 1848 2073 1914 Β
2100 1847 2227 1903 dum
2251 1856 2306 1902 et
2343 1845 2601 1903 beneﬁcia
2626 1846 2763 1917 ejus.
2802 1865 2823 1899 ι

400 1952 737 2008 damentum.
765 1948 958 2004 Annon
996 1944 1065 2001 ad
1104 1944 1454 2000 Montanistas
1483 1941 1751 1999 defecerat
1782 1942 1995 1998 Tertul-

399 2048 598 2113 lianus,
623 2058 744 2098 cum
767 2041 958 2096 librum
989 2039 1203 2109 scripsit
1222 2038 1289 2092 de
1314 2037 1739 2092 AnimalAnnon
1762 2036 1828 2092 ab
1850 2036 1995 2091 obitu

400 2136 727 2202 Maximiiite,
761 2135 973 2204 triginta
997 2131 1166 2188 ferme
1191 2130 1361 2195 annis,
1393 2130 1440 2184 si
1466 2128 1556 2184 illa
1582 2128 1784 2184 Aurelii
1809 2129 1994 2184 ultimo

405 2229 657 2294 excessit,
684 2226 826 2281 hunc
851 2206 1045 2281 librum
1070 2221 1406 2279 elucubravit
1428 2219 1453 2275 l
1473 2220 1541 2275 Et
1573 2229 1753 2276 tamen
1774 2220 1905 2275 alias
1934 2232 1994 2276 se

403 2323 502 2389 ibi,
531 2330 651 2392 post
677 2319 916 2374 insanam
944 2317 1087 2372 illam
1132 2314 1446 2383 mulierem,
1480 2313 1991 2386 pseudOprOphetls-

400 2429 491 2471 sas
516 2424 809 2484 agnoscere
836 2409 1114 2481 proﬁtetur
1145 2406 1249 2480 (i).
1291 2425 1310 2458 ι
1346 2407 1443 2463 Est
1470 2406 1629 2463 hodie
1655 2420 1812 2462 soror
1852 2406 1992 2476 apud

399 2524 504 2563 nos
528 2505 913 2562 revelationum
945 2503 1268 2558 charismata
1289 2501 1478 2557 sortita
1505 2542 1518 2568 ,
1550 2515 1684 2571 quas
1711 2501 1766 2554 in
1807 2499 1993 2554 Eccle-

402 2599 481 2654 sia
501 2598 641 2653 intcr
666 2595 932 2651 dominica
962 2593 1222 2650 solenmla
1240 2604 1338 2664 per
1353 2592 1583 2647 ecstasin
1607 2592 1659 2645 in
1690 2591 1879 2660 spiritu
1902 2602 1993 2659 pa-

402 2690 555 2759 titur,
578 2697 924 2745 conversatur
944 2701 1065 2741 cum
1097 2685 1301 2756 angelis
1327 2724 1339 2751 ,
1368 2683 1655 2754 aliquando
1675 2683 1837 2739 etiam
1867 2695 1990 2737 cum

398 2785 648 2849 Domino,
679 2789 734 2838 ct
756 2779 920 2847 videt,
946 2786 997 2835 et
1017 2777 1164 2833 audit
1189 2784 1545 2841 sacramenta,
1569 2772 1991 2853 etquOrumdam

401 2873 563 2933 corda
590 2874 843 2940 dlnoscit,
873 2878 928 2928 et
958 2869 1253 2927 medicinas
1297 2866 1731 2924 desiderantibus
1768 2863 1993 2919 submin-

392 2962 489 3027 'tit.
517 2964 635 3022 iam
674 2978 803 3020 vero
834 2972 991 3035 prout
1017 2963 1306 3031 Scriptura:
1337 2959 1584 3029 leguntur
1613 2997 1630 3024 ,
1664 2964 1755 3010 aut
1800 2954 1993 3025 psalmi

407 3064 694 3125 canuntur,
728 3065 818 3112 attt
846 3052 1197 3111 allocutiones
1229 3052 1605 3123 proferuntur,
1660 3055 1754 3104 aut
1784 3047 1993 3119 petitio-

402 3156 500 3206 nes
528 3146 866 3221 delegantur;
895 3148 966 3203 ita
996 3144 1122 3219 inde
1157 3144 1397 3200 materia:
1419 3141 1713 3197 visionibus
1741 3140 1993 3196 submini-

2171 1937 2300 1992 ilacc
2328 1952 2537 1993 mecum
2563 1937 2814 2009 cogitanti
2843 1938 2896 1993 in
2925 1947 3160 1995 mentem
3188 1938 3339 1995 venit
3389 1952 3455 1995 an
3492 1936 3652 1999 Issit-

2099 2029 2255 2086 nlstis
2309 2031 2363 2086 in
2394 2030 2573 2086 Africa
2603 2040 2882 2103 perspecta
2909 2032 3089 2088 omnia
3134 2031 3278 2088 forte
3305 2045 3424 2086 non
3468 2040 3648 2098 caecat,

2098 2138 2218 2196 quae
2246 2123 2535 2179 Maximilla
2564 2127 2618 2179 in
2647 2124 2771 2180 Asia
2798 2125 3012 2180 oracula
3065 2123 3299 2182 fuderat.
3347 2123 3456 2181 Sed
3481 2123 3540 2181 ab
3581 2123 3652 2183 hat

2097 2232 2186 2274 me
2238 2217 2564 2289 cogitatione
2610 2219 2883 2273 revocavit
2938 2216 3232 2277 Firmiiiaui
3271 2215 3650 2289 adilpr

2096 2311 2319 2379 epistola
2352 2310 2452 2383 (2),
2482 2326 2549 2367 ex
2576 2325 2681 2381 qua
2701 2319 2934 2379 constat,
2968 2309 3129 2366 etiam
3159 2310 3213 2365 in
3238 2309 3396 2374 Asia,
3432 2309 3653 2379 aiiaspstt

2094 2401 2435 2458 Maximillam
2474 2402 2614 2458 inter
2647 2401 2996 2461 Montanistas
3040 2402 3342 2458 surrexisse
3397 2399 3651 2473 prophetis-

2094 2509 2182 2550 sae
2212 2512 2224 2548 :
2264 2512 2283 2545 ι
2321 2496 2456 2551 Ante
2496 2495 2701 2567 viginti,
2733 2496 2923 2567 inquit,
2955 2506 3010 2551 et
3037 2495 3173 2553 duos
3214 2495 3327 2552 fere
3362 2509 3528 2552 annos
3551 2503 3651 2552 tall-

2095 2585 2312 2656 poribus
2357 2598 2478 2658 post
2505 2588 2870 2643 Alexandrum
2918 2589 3320 2660 imperatorem,
3382 2587 3551 2644 multa
3568 2585 3653 2643 iatit

2094 2677 2522 2735 conﬂictationes
2559 2687 2613 2735 et
2654 2694 2918 2750 pressura
2959 2681 3289 2747 acciderunt,
3339 2680 3431 2735 vel
3462 2679 3512 2734 in
3542 2692 3654 2734 eom-

2094 2787 2257 2827 mune
2291 2772 2542 2827 omnibus
2576 2771 2901 2840 hominibus,
2946 2772 3026 2828 vel
3072 2773 3319 2843 privatim
3357 2770 3650 2829 Christianis.

2290 2861 2351 2917 In
2394 2863 2494 2918 hac
2536 2873 2714 2919 autem
2762 2865 3167 2936 perturbatione
3213 2863 3521 2920 constitutis
3556 2861 3654 2918 iide-

2095 2955 2404 3023 libus......,
2450 2956 2673 3012 emersit
2707 2956 2828 3013 istic
2853 2957 3031 3012 subito
3057 2956 3303 3028 quaedam
3335 2956 3537 3024 mulier,
3560 2967 3655 3025 qua.

2095 3048 2150 3101 in
2172 3048 2370 3102 eastasi
2399 3047 2705 3112 constituta,
2730 3047 3029 3119 propheten
3054 3062 3114 3103 se
3142 3047 3439 3117 pratici-ret,
3461 3058 3508 3102 et
3526 3047 3654 3115 quasi

2094 3137 2294 3193 Sancto
2342 3137 2546 3209 Spiritu
2586 3140 2743 3209 plena
2798 3140 2877 3195 sic
2927 3148 3130 3212 ageret.
3158 3139 3236 3194 ita
3264 3149 3443 3195 autem
3486 3138 3655 3209 princi-

407 3250 682 3299 strantur:
716 3239 855 3296 forte
877 3239 1060 3295 nescio
1089 3235 1309 3310 quidue
1333 3235 1508 3290 anima
1540 3233 1993 3302 disserueramus,
2024 3234 2071 3301 C
2107 3230 2306 3299 paiium
2359 3229 2749 3286 dmmoniorum
2775 3231 2977 3301 impetu
3012 3231 3317 3299 ferebatur,
3351 3222 3425 3286 ut
3451 3245 3535 3302 per
3560 3230 3657 3284 ion-

399 3348 520 3389 cum
551 3344 614 3388 ea
644 3340 798 3386 soror
827 3328 880 3385 in
912 3331 1099 3401 spiritu
1126 3337 1289 3385 esset.
1322 3327 1448 3382 Post
1503 3336 1767 3381 transacta
1799 3327 1995 3383 solem-

399 3427 510 3493 nia,
543 3423 762 3480 dimissa
786 3425 975 3497 plebe,
1019 3438 1124 3494 quo
1171 3438 1269 3478 usu
1318 3422 1452 3477 solet
1496 3421 1650 3478 nobis
1681 3423 1993 3479 renuntiare

396 3522 519 3588 quae
567 3516 760 3575 viderit
793 3514 955 3587 (nam
1020 3526 1073 3569 et
1110 3514 1521 3585 diligentissime
1576 3513 1894 3584 digeruntur
1936 3522 1993 3568 ut

396 3612 558 3667 etiam
589 3606 934 3680 pl‘OilélllUl‘),
980 3608 1116 3663 inter
1145 3618 1359 3672 caetera,
1393 3605 1599 3678 inquit.
1655 3610 1868 3662 ostensa
1911 3616 1994 3662 est

398 3696 529 3759 mihi
561 3686 736 3757 anima
766 3700 1115 3782 cerporalitcr
1144 3710 1247 3758 etc.
1280 3722 1299 3756 ι
1328 3701 1407 3758 En
1433 3704 1697 3775 egregiam
1732 3711 1853 3773 post
1883 3699 1992 3758 Ma-

398 3788 655 3858 ximiliam
687 3786 1131 3849 Montanislarum
1188 3793 1620 3864 prophetissam!
1671 3793 1808 3862 Quid
1848 3794 1991 3864 quod

398 3887 453 3941 in
484 3886 672 3941 eodem
703 3879 837 3947 libro
860 3882 938 3957 (2)
967 3885 1245 3955 Perpetuus
1269 3883 1652 3953 revelationes,
1681 3896 1787 3939 non
1815 3886 1991 3938 minus

396 3993 556 4048 quam
591 3976 849 4051 passionis
880 3987 1085 4042 auctor,
1119 3976 1371 4051 agnoscit,
1403 3980 1562 4053 atque
1604 3974 1987 4045 commendat,

398 4066 639 4143 adeoque
668 4064 985 4141 Perpetuam
1013 4084 1117 4124 non
1146 4070 1323 4122 minus
1344 4109 1358 4134 ,
1399 4076 1559 4135 quam
1593 4069 1847 4122 Actorum
1874 4064 1987 4122 col-

389 4160 580 4227 lector,
598 4158 649 4214 in
671 4158 1049 4230 prophetarum
1070 4159 1249 4214 album
1270 4156 1602 4213 referendam
1626 4158 1988 4213 existimavit?

401 4268 421 4303 ‹
453 4251 717 4329 Perpetua
769 4249 1061 4307 fortissima
1109 4259 1314 4320 martyr
1347 4249 1401 4303 in
1450 4248 1774 4304 revelationc
1803 4249 1989 4320 gloriae

386 4344 664 4425 paradisi,
719 4345 864 4401 solos
907 4342 1017 4400 illic
1063 4329 1450 4415 commarlyres
1493 4356 1619 4399 suos
1648 4343 1799 4399 vidit.
1837 4354 1855 4397 ι
1919 4343 1990 4399 Ει

403 4444 579 4497 tamen
608 4434 872 4513 Perpetua
911 4438 998 4499 vix
1023 4445 1146 4492 nata
1173 4440 1322 4503 erat,
1359 4451 1477 4492 cum
1504 4434 1794 4492 Maximilla
1832 4437 1986 4507 obiit,

396 4531 443 4587 si
473 4528 573 4589 sub
601 4530 811 4609 imperii
844 4526 1007 4586 Marci
1035 4529 1193 4585 tinent
1215 4531 1398 4585 vivere
1421 4529 1597 4594 desiit,
1621 4544 1764 4585 anno
1781 4530 1987 4588 scilicet

2099 3334 2224 3391 gum
2255 3326 2466 3391 tempus
2507 3321 2822 3379 sollicitaret
2846 3332 2901 3379 et
2949 3324 3222 3394 deciperet
3247 3323 3650 3385 fraternitatem,

2097 3427 2161 3467 ac
2190 3413 2449 3467 mirabilia
2477 3413 2719 3484 quasdam
2772 3426 2827 3470 et
2867 3424 3173 3486 portentosa
3201 3414 3507 3487 perﬁcient,
3526 3424 3576 3469 et
3598 3413 3655 3468 ia-

2096 3517 2220 3559 cere
2266 3520 2326 3558 se
2370 3514 2565 3560 terram
2613 3508 2815 3562 moveri
2871 3507 3460 3577 polliceretur..........
3486 3504 3656 3575 Quibus

2097 3597 2414 3666 mendaciis,
2446 3611 2501 3653 et
2522 3599 2905 3668 luctationibus
2926 3602 3211 3672 subegerat
3235 3609 3476 3657 mentem
3501 3601 3653 3668 singu-

2098 3688 2294 3754 lorum,
2333 3698 2392 3744 ut
2415 3691 2517 3745 sibi
2547 3690 2828 3746 obedircut
2867 3701 2924 3747 et
2963 3706 3302 3763 quocumque
3346 3692 3653 3769 pruiciperct,

2096 3778 2165 3834 ac
2187 3781 2427 3848 duceret,
2455 3794 2813 3853 sequerentur
2849 3802 2861 3837 ι
2896 3783 3097 3841 faceret
3148 3800 3366 3855 quoque
3409 3785 3655 3840 mulierem

2094 3871 2261 3939 illam,
2284 3872 2448 3928 cruda
2470 3874 2684 3947 hyeme,
2713 3876 2869 3931 nudis
2897 3876 3123 3946 pedibus
3152 3891 3247 3947 per
3275 3884 3495 3947 asperas
3533 3877 3657 3931 nives

2093 3962 2193 4027 ire,
2217 3977 2315 4018 nec
2343 3964 2525 4021 vexari
2563 3966 2614 4020 in
2658 3965 2841 4037 aliquo
2875 3975 2967 4022 aut
3011 3967 3131 4022 itedi
3187 3967 3277 4023 illa
3323 3967 3657 4028 discursione;

2091 4052 2295 4110 diceret
2320 4055 2500 4122 etiam,
2529 4056 2655 4111 scin
2673 4057 2912 4112 Judaeum
2936 4068 2987 4113 et
3016 4057 3441 4129 Hierosolymam
3465 4057 3657 4113 {estina-

2098 4160 2181 4214 re,
2217 4145 2425 4217 [ingens
2445 4155 2694 4220 tanquam
2719 4150 2843 4206 inde
2869 4152 3126 4220 venisset,
3180 4161 3288 4207 etc.
3323 4172 3341 4207 ι
3386 4151 3503 4207 llaec
3553 4149 3663 4204 ideo

2092 4240 2198 4294 lato
2243 4241 2451 4297 calamo
2493 4245 2773 4314 exscripsi,
2816 4252 2871 4299 ut
2908 4243 3149 4315 quisquis
3189 4243 3456 4309 intelligat,
3512 4255 3660 4311 quam

2091 4334 2332 4404 egregias
2357 4334 2714 4405 Montanistaa,
2756 4336 2914 4393 etiam
2940 4337 2994 4393 in
3025 4334 3173 4400 Asia,
3196 4345 3319 4406 post
3342 4332 3660 4390 Maximinum

2094 4426 2379 4484 habuerint
2407 4432 2796 4502 prophetissae.
2818 4431 2959 4488 Sane
2986 4432 3032 4487 si
3051 4441 3292 4502 tempore
3312 4429 3658 4489 convenirent,

2098 4519 2237 4578 hanc
2270 4524 2492 4579 omnino
2524 4525 2692 4594 ipsum
2727 4540 2846 4581 esse
2871 4526 3121 4581 crederes
3149 4524 3515 4589 Maximinum,
3544 4520 3661 4576 adeo

394 4641 588 4681 caxnx
633 4643 647 4679 :
673 4638 815 4678 anno
845 4624 986 4683 enim
1033 4638 1159 4684 ccut
1207 4639 1313 4695 quo
1352 4632 1554 4697 martyr
1580 4625 1825 4682 occubuit
1848 4669 1861 4694 ,
1895 4645 1961 4684 an
2009 4612 2065 4677 D
2094 4616 2144 4670 in
2177 4614 2318 4672 illam
2350 4619 2529 4673 omnia
2559 4619 2862 4685 concinam,
2892 4634 3010 4691 qutc
3026 4621 3092 4676 de
3118 4620 3405 4676 Maximilla
3434 4635 3501 4674 ex
3520 4620 3660 4675 Aste-

393 4732 576 4772 norum
610 4723 749 4781 erat,
783 4723 841 4770 ut
877 4715 928 4769 in
954 4715 1104 4771 Actis
1139 4710 1386 4785 habetur,
1421 4717 1619 4772 circiter
1647 4719 1822 4790 viginti
1856 4720 1987 4775 duo-

396 4822 531 4863 rum.
561 4805 698 4877 Quid
735 4802 895 4865 etiam
928 4805 1067 4878 quod
1115 4804 1167 4862 in
1209 4805 1396 4862 eodem
1448 4808 1645 4878 pariter
1686 4810 1824 4865 libro
1879 4820 1986 4866 tam

394 4900 556 4971 longe
586 4899 756 4965 abest,
788 4905 847 4954 ut
873 4898 1077 4966 credat,
1101 4908 1222 4970 post
1250 4898 1555 4955 Montanum
1588 4944 1600 4971 ,
1634 4912 1688 4958 et
1720 4898 1985 4960 Maxitnil-

392 4994 501 5048 lam
555 4990 850 5061 prophetia:
882 4990 1128 5063 spiritum
1160 4990 1212 5047 in
1258 4988 1493 5048 Ecclesia
1522 4992 1781 5050 deiecisse
1814 5013 1827 5061 ;
1860 4995 1987 5066 quin

395 5079 575 5152 potius
605 5093 700 5133 eos
738 5077 840 5134 sibi
884 5079 1025 5134 viam
1055 5079 1121 5136 ad
1153 5095 1285 5136 nova
1316 5079 1636 5145 charismata
1682 5070 1985 5155 Suscipien-

2091 4708 2173 4763 rio
2203 4708 2415 4766 Urbano
2441 4720 2493 4765 et
2513 4710 2632 4767 aliis
2659 4712 3003 4783 scriptoribus
3036 4713 3301 4769 Eusebius
3326 4714 3505 4770 refert.
3546 4710 3659 4767 Nam

2091 4807 2285 4869 praeter
2310 4798 2416 4869 jam
2449 4801 2609 4867 dicta,
2661 4814 2715 4860 et
2742 4803 3017 4876 utriusque
3042 4805 3288 4877 spiritum
3320 4812 3660 4877 coarguerch

2092 4889 2370 4947 ceni‘utare
2395 4891 2656 4949 Catholici
2683 4894 2921 4967 aggressi
2940 4904 3082 4962 sunt;
3109 4907 3162 4952 et
3182 4900 3321 4953 sicut
3350 4896 3621 4953 Maximilla
3646 4936 3657 4959 ,

2094 4989 2152 5035 ut
2176 4983 2250 5037 ait
2280 4983 2637 5042 Tertullianus
2677 4987 2756 5060 (5)
2780 5007 2797 5038 ι
2834 5003 2937 5042 non
2963 4988 3123 5043 alium
3155 4989 3324 5045 Deum
3356 4980 3659 5061 prmdicabat

2093 5086 2194 5129 nec
2209 5073 2442 5145 aliquam
2468 5093 2487 5129 ι
2523 5078 2762 5149 ejusdem
2786 5078 3331 5151 Tertullianijudicio,
3367 5099 3386 5133 ι
3435 5080 3552 5136 lidci
3580 5084 3660 5133 aut

389 5169 456 5227 da
485 5168 762 5243 aperuisse
789 5170 1073 5243 signiﬁcet,
1115 5173 1204 5245 qui
1248 5175 1434 5233 eadem
1469 5176 1519 5231 in
1551 5176 1985 5248 pseudOpr‘opite-

2097 5166 2200 5233 spei
2226 5166 2461 5235 regulam
2489 5168 2763 5225 evertebat
2796 5188 2815 5221 ι
2853 5187 2864 5222 :
2897 5169 2974 5225 ita
3005 5171 3125 5239 ista,
3148 5191 3168 5223 ι
3197 5174 3413 5239 multos,
3454 5190 3474 5224 ι
3509 5180 3563 5225 ιιι
3590 5177 3659 5224 est

391 5262 460 5318 tis
486 5262 593 5317 illis
624 5258 1180 5342 ueutiquaml‘uerant
1210 5270 1481 5337 aspernati
1515 5285 1526 5319 :
1552 5277 1607 5321 ct
1636 5268 1773 5322 hanc
1793 5285 1982 5340 perpe-

2097 5255 2225 5324 apud
2270 5256 2639 5314 Firmiiiauum
2667 5302 2680 5325 ,
2717 5259 3021 5331 baptiaavit,
3057 5279 3077 5313 ι
3114 5262 3307 5317 usitata
3361 5272 3413 5318 et
3441 5262 3658 5331 legitima

388 5360 738 5423 tuam_atque
795 5352 1191 5413 indeiicieutent
1250 5358 1555 5414 divinorum
1597 5357 1977 5418 charismatum

2097 5347 2246 5402 verba
2283 5348 2715 5421 interrogationis
2754 5366 3036 5422 usurpans,
3067 5363 3123 5409 ut
3153 5353 3227 5408 nil
3255 5354 3559 5424 discrepare
3598 5349 3656 5404 ab

384 5440 817 5514 redundantiam,
850 5460 971 5503 cum
998 5448 1239 5518 Apostoli
1266 5448 1318 5503 in
1348 5448 1536 5503 eode
1566 5448 1701 5514 loco,
1721 5458 1833 5505 tum
1879 5451 1978 5509 ali-

2097 5437 2443 5497 :cclesiaatiea
2466 5441 2650 5512 regula
2679 5442 2967 5500 videretur.
3002 5462 3021 5497 ι
3057 5444 3126 5501 Ει
3151 5445 3310 5517 paulo
3335 5454 3457 5502 ante
3481 5443 3551 5501 de
3575 5455 3655 5500 ca-

385 5532 439 5590 bi
462 5531 542 5605 (5)
563 5528 726 5590 Joclis
772 5537 1126 5606 testimoniis,
1167 5536 1308 5593 haud
1339 5548 1494 5594 secus
1527 5550 1686 5610 quam
1715 5540 1973 5601 Actorum

378 5645 533 5719 Lati)
559 5644 688 5717 Cap.
718 5647 772 5703 9.

378 5714 843 5801 astra-s9;
1054 5790 1151 5801 .-
1255 5792 1266 5801 .
1397 5794 1411 5801 _
1490 5796 1513 5801 _

2149 5661 2234 5801 fi}
2262 5660 2394 5734 Cap.
2423 5660 2727 5749 undecimo.

2174 5732 2211 5787 Ξ
2261 5732 2405 5790 Inter
2432 5732 2727 5801 Cyprianic,

375 5714 427 5786 ῑ
453 5714 531 5809 ςξξ
559 5714 686 5809 9:39-
714 5719 1063 5809 ἔθη-ψη,
1112 5790 1223 5809 μὴ
1337 5807 1347 5809 _
1397 5794 1411 5809 ,
1485 5796 1513 5809 η
2149 5714 2234 5809 (si
2261 5714 2405 5809 ιἠῗιὲι
2429 5714 2736 5809 eam:
2770 5752 2927 5795 mv-

378 5784 411 5858 ί-
454 5784 533 5858 (5)
565 5784 681 5844 Lib.
708 5788 772 5846 de
795 5789 1083 5849 Resurrect.
1109 5790 1310 5850 Carnis.
1332 5794 1450 5855 sub.
1481 5796 1574 5854 lin.
2262 5784 2736 5877 Elii'ai‘laiiii?
2767 5784 2987 5880 iiii].
