3818 6278
236 297 304 366 88
1171 304 1307 362 PRO
1345 306 1441 364 SS.
1470 304 1864 376 PERPETUA,
1899 303 2307 367 FELICITATE
2348 311 2435 368 ET
2456 308 2687 368 SOCilS.

3466 308 3538 369 86

229 424 349 483 dcta
376 422 586 482 femina
620 422 835 479 dixerat
858 463 873 488 ,
895 412 932 475 ἰ
975 411 1137 481 etiam
1187 423 1289 479 hoc
1306 425 1619 507 frequenter
1647 439 1832 480 ausam
1863 423 1918 485 Α
1939 430 2113 486 versis
2138 445 2355 486 omnem
2387 429 2516 485 illud
2544 425 3065 485 verisimilitod'rnem
3095 424 3262 483 ducit.
3292 427 3531 485 Primum

233 532 375 585 esse,
404 527 465 573 ut
488 527 547 572 et
581 516 915 571 invocatione
940 530 1051 571 non
1082 517 1481 588 contemptibili
1506 519 1818 576 sanctiﬁca-

231 622 299 665 re
322 623 387 665 se
418 622 626 678 panem,
654 614 709 662 et
734 605 1129 663 Eucharistiam
1157 607 1336 663 facere
1362 609 1641 666 simularet
1669 620 1721 665 et
1742 625 1830 666 sa-

232 700 499 756 criﬁcium
530 698 750 755 Domitio
764 712 874 753 non
903 697 1022 754 sine
1049 707 1391 755 sacramento
1421 700 1592 755 solitae
1629 701 1827 770 praedi.

232 794 464 849 rationis
497 791 733 849 oﬂerret.
770 810 791 843 ι
819 790 953 859 Quae
996 792 1175 846 omnia
1198 792 1564 847 montanistici
1596 794 1821 863 spiritus

231 885 577 943 characteres
600 892 744 947 sunt,
760 891 815 941 et
837 884 950 940 suis
970 884 1324 954 prophetissis
1340 899 1372 940 a
1390 884 1640 940 Montano
1665 885 1830 941 fuisse

230 977 515 1047 permissa,
554 975 624 1031 ab
655 974 892 1045 antiquis
920 974 1281 1043 scriptoribus
1312 977 1585 1032 memoria:
1634 976 1825 1047 prodi-

228 1078 344 1124 tum
372 1076 476 1124 est.
500 1066 732 1123 Constat
772 1064 933 1135 igitur
958 1074 1243 1137 propterea
1291 1081 1398 1121 non
1425 1081 1547 1123 esse
1593 1067 1825 1138 aliquem

221 1174 257 1216 c
278 1159 732 1215 Μαιώτιδι-ηαδ
780 1157 1023 1228 catalogo
1041 1158 1480 1228 expungendum,
1504 1158 1646 1228 quod
1667 1159 1824 1214 aliam

208 1257 338 1322 post
389 1249 753 1307 lauimiliam
791 1249 1073 1320 agnoverit
1108 1249 1504 1319 prophetissam
1537 1252 1825 1320 ;quamvis

204 1340 356 1397 enim
386 1341 587 1398 insana
628 1340 746 1395 hac
782 1337 932 1395 satas
965 1338 1118 1398 idde
1165 1355 1226 1397 ac
1250 1341 1626 1411 pradicanrlt
1660 1342 1825 1397 :Mn’

200 1437 290 1501 ιμδ
316 1448 567 1505 aperi-tte
592 1438 751 1489 οὓιετι
801 1439 936 1487 ἔσται
961 1470 976 1494 .
1008 1440 1113 1487 εκ.
1142 1472 1159 1498 ,
1198 1439 1438 1487 attamen
1483 1432 1598 1487 ﬁeri
1653 1434 1825 1502 ροιιιίι

200 1525 289 1597 (et
307 1524 368 1581 id
398 1523 839 1596 freqmtissima
857 1523 1100 1579 sectariis
1126 1523 1340 1593 accidit)
1377 1533 1436 1579 ut
1473 1525 1539 1579 ad
1569 1524 1686 1579 hmo
1713 1535 1821 1583 tam

200 1617 508 1675 manifesta
564 1616 843 1674 awdaeia
910 1617 1148 1673 animum
1194 1618 1464 1674 noluerint
1505 1619 1820 1688 advertere,

200 1720 312 1767 aut
335 1709 809 1781 aliampropbetau
829 1707 1216 1777 intellexerint,
1246 1724 1368 1780 qua:
1389 1726 1585 1765 novam
1615 1721 1666 1767 et
1695 1726 1819 1782 pero

1933 522 2063 578 illud
2088 525 2158 579 sit
2181 523 2488 580 Catholicos
2514 537 2620 577 non
2651 520 2814 578 fuisse
2840 536 2869 575 a
2896 521 3227 577 Montanistis
3252 563 3266 587 ,
3294 521 3386 591 qui
3416 537 3521 577 non

1932 618 2151 671 omMno
2175 617 2502 685 desiperent,
2530 626 2590 671 ut
2612 630 2666 672 e.
2690 631 2742 686 g.
2776 631 2811 671 a
2853 615 3198 681 Tertulliauo,
3230 630 3325 686 pro
3356 615 3525 670 lucre-

1934 708 2054 763 ticis
2082 709 2439 765 existimatos.
2466 708 2522 763 id
2564 708 2736 778 primo
2774 717 2988 763 constat
3015 722 3082 762 ex
3112 707 3269 777 hujus
3293 706 3426 765 libro
3452 707 3520 763 de

1931 799 2290 871 Monogamia,
2315 801 2408 856 ubi
2446 802 2625 859 statim
2669 800 2819 856 initio
2845 800 3134 873 Psycititzos
3163 801 3229 856 ab
3255 800 3523 857 ba‘reticis

1929 890 2241 962 distinguit:
2274 911 2293 943 ‹
2328 892 2579 946 Πενθίίοἰ
2623 891 2833 960 nuptias
2857 892 3124 957 auterunt,
3154 891 3395 962 Psychici
3434 892 3517 949 in-

1928 993 2137 1055 gerunt.
2173 1002 2193 1036 ι
2220 981 2277 1041 Si
2312 999 2524 1054 quasras
2555 984 2825 1054 quomodo
2873 984 2922 1041 id
2949 998 3067 1039 esse
3094 986 3359 1054 potuerit,
3388 985 3525 1040 ratio

1928 1075 1982 1130 in
2010 1086 2257 1147 promptu
2284 1085 2389 1139 est,
2416 1090 2578 1145 quam
2608 1077 2770 1146 paulo
2798 1075 3016 1131 inferius
3046 1076 3185 1132 idem
3229 1076 3521 1146 subiungit,

1927 1168 2069 1238 quod
2112 1178 2218 1223 tota
2267 1169 2707 1223 Moutanistarum
2744 1183 2774 1223 a
2815 1167 3110 1225 Catholicis
3172 1166 3468 1222 differentia
3496 1208 3512 1233 ,

1928 1260 2095 1330 ipsius
2129 1260 2333 1331 judicio
2356 1302 2374 1328 ,
2402 1275 2508 1315 non
2544 1260 2704 1326 ﬁdei,
2736 1260 2831 1316 sed
2869 1260 3165 1328 disciplinm
3207 1276 3295 1316 res
3335 1269 3517 1324 esset;
3598 1247 3609 1256 ’

1928 1352 2026 1408 hac
2052 1354 2195 1407 enim
2224 1353 2434 1407 ratione
2465 1352 2799 1411 Paracletum
2826 1366 2981 1406 suum
3008 1351 3075 1408 ab
3105 1352 3375 1409 haereseos
3407 1367 3523 1406 sus-

1926 1447 2139 1517 picione
2168 1446 2392 1501 liberare
2417 1455 2662 1502 conatur.
2702 1464 2721 1498 ι
2754 1445 3107 1505 Adversarius
3128 1446 3269 1501 enim
3298 1444 3518 1515 spiritus

1926 1553 1990 1594 ex
2020 1539 2331 1593 diversitate
2374 1537 2772 1607 praedicationis
2799 1546 3110 1607 appareret,
3143 1532 3314 1606 primo
3362 1553 3520 1607 regu-

1926 1629 2030 1684 iam
2058 1629 2368 1685 adulterans
2394 1629 2517 1684 ﬁdei
2560 1638 2614 1683 et
2654 1629 2724 1684 ita
2753 1631 2999 1684 ordinem
3023 1630 3330 1685 adulterans
3359 1629 3523 1684 disci.

1926 1723 2087 1793 plinas
2112 1739 2126 1775 :
2148 1722 2271 1791 quia
2313 1720 2468 1789 cujus
2496 1719 2696 1789 gradus
2726 1701 2876 1790 prior
2899 1729 2982 1775 est
3007 1762 3022 1784 ,
3054 1721 3171 1789 ejus
3214 1720 3520 1789 corruptela

204 1801 511 1858 tectiorem
559 1801 849 1861 doctrinam
900 1815 966 1856 ac
1001 1800 1336 1872 disciplinam
1363 1802 1677 1871 inveherot;
1710 1819 1803 1876 qut

1923 1813 2225 1880 antecedit,
2258 1811 2310 1867 id
2335 1821 2419 1867 est
2459 1811 2583 1867 ﬁdei
2614 1828 2735 1880 qua:
2762 1812 2908 1881 prior
2938 1821 3019 1867 est
3044 1811 3344 1880 disciplina.
3375 1813 3513 1867 Aulo

197 1908 390 1952 sensu
419 1906 591 1950 tiosos
617 1893 725 1964 ipsi
774 1907 838 1949 se
861 1893 1306 1950 Montanistarum
1340 1896 1660 1966 patriarchae
1689 1912 1818 1968 pro-

186 1983 412 2055 phetas
450 1993 872 2054 nuncuparunt,
915 1999 1074 2055 quam
1126 2000 1322 2042 novam
1361 1986 1566 2057 judicio
1596 2002 1696 2043 suo
1724 1989 1809 2043 in.

174 2076 472 2134 cheat-unt
492 2087 619 2149 post
642 2079 930 2149 Apostolus
955 2079 1307 2150 prophetiam.
1344 2079 1413 2136 Ut
1455 2089 1510 2135 ut
1553 2082 1643 2148 sit,
1676 2090 1820 2151 patet

165 2168 322 2240 ᾖσι,
358 2178 524 2242 βιαιο,
552 2170 892 2228 Dodvreilurn
920 2172 1134 2228 inﬁrmo
1161 2172 1386 2228 obuium
1425 2174 1522 2228 niti
1554 2172 1773 2230 tibicine
1798 2214 1812 2240 ,

164 2276 314 2320 eam
355 2265 629 2322 Actorum
676 2264 1017 2321 eoiiectorem
1057 2264 1497 2322 Montanistarum
1524 2265 1644 2322 ideo
1675 2274 1819 2321 cata-

168 2353 317 2426 logo
356 2355 582 2422 eximit,
610 2354 753 2426 quod
777 2355 1117 2427 Perpetuam,
1152 2367 1270 2427 post
1298 2356 1662 2424 laximiliam,
1689 2372 1812 2428 pro-

176 2447 415 2519 phetes
457 2447 870 2515 existimaverit,
900 2463 1022 2505 cum
1053 2463 1171 2504 eam
1200 2448 1560 2504 Tertullianus
1601 2462 1815 2519 quoque

187 2540 497 2609 potesne
531 2528 868 2596 {montanisa
905 2539 1097 2596 eodem
1135 2540 1255 2596 loco
1323 2555 1387 2596 ac
1439 2555 1664 2596 numero
1711 2541 1803 2596 ha-

176 2630 410 2688 luserit.

272 2724 373 2784 Vl.
420 2724 555 2782 Hinc
588 2734 792 2792 autem,
824 2735 884 2782 ut
907 2727 1155 2797 superius
1189 2726 1296 2782 dixi
1321 2769 1336 2793 ,
1367 2726 1662 2797 Basnaglus
1696 2728 1810 2798 pri-

186 2830 363 2872 mum
404 2831 560 2873 suam
598 2817 861 2874 adversus
898 2825 1114 2873 sanctos
1154 2826 1417 2889 martyres
1453 2817 1603 2873 ducit
1646 2832 1805 2888 argu-

191 2916 475 2964 mentum.
509 2926 531 2961 ι
562 2907 644 2964 Es
684 2908 966 2975 Actorum,
994 2907 1170 2979 inquit
1189 2947 1202 2973 ,
1232 2908 1525 2963 collectore
1554 2922 1689 2962 vero
1731 2907 1799 2961 si-

198 2999 437 3054 millima
460 2999 615 3057 nobis
658 3001 968 3068 conjectura
990 3000 1249 3066 nascitur,
1271 3000 1586 3070 Perpetuam
1607 3012 1807 3068 eosque

201 3098 477 3160 martyres
500 3091 593 3161 qui
610 3104 672 3149 sa
698 3090 888 3146 mortis
917 3090 1098 3145 socios
1140 3089 1245 3160 ipsi
1282 3088 1536 3144 addidere
1555 3087 1623 3144 de
1645 3102 1808 3158 grege

1924 1903 2045 1973 quis
2071 1903 2139 1958 de
2166 1903 2277 1958 Deo
2308 1902 2594 1959 luereticus
2620 1903 2710 1969 sit,
2743 1915 2962 1957 necesse
2986 1910 3071 1956 est
3108 1909 3160 1957 et
3204 1912 3327 1957 tunc
3352 1900 3419 1957 de
3446 1902 3521 1956 in.

1922 1995 2133 2050 stituto.
2158 1992 2464 2048 Paracletus
2488 2002 2668 2047 autem
2698 1992 2863 2047 multa
2892 1990 3094 2047 habens
3121 1990 3370 2054 edocere,
3396 2007 3514 2061 qum

1922 2087 1975 2140 in
2002 2086 2151 2140 illum
2174 2083 2377 2139 distulit
2402 2083 2692 2147 Dominus,
2739 2080 3034 2137 secundum
3064 2080 3473 2150 pnelinitionem
3496 2121 3513 2151 ,

1918 2176 2096 2247 ipsum
2125 2176 2300 2247 primo
2344 2174 2617 2230 Christum
2654 2172 3065 2239 contestabitur,
3094 2174 3306 2243 qualem
3346 2172 3518 2228 credi-

1918 2284 2038 2325 mus
2066 2278 2178 2324 toto
2203 2283 2323 2322 cum
2352 2266 2541 2322 ordine
2572 2266 2666 2320 Dei
2695 2266 2977 2331 creatoris,
3017 2273 3073 2321 et
3100 2265 3271 2334 ipsum
3313 2264 3514 2333 gloriﬁ-

1916 2360 2081 2425 cabit,
2107 2367 2163 2414 et
2186 2358 2254 2413 de
2280 2359 2397 2428 ipso
2424 2355 2869 2415 commemorabit
2898 2373 2911 2409 :
2937 2364 2991 2410 et
3032 2356 3110 2410 sic
3134 2355 3204 2412 de
3234 2354 3513 2425 principali

1917 2450 2102 2520 regula
2130 2450 2342 2519 agnitus
2363 2488 2391 2515 ,,
2413 2448 2499 2502 illa
2528 2449 2691 2505 multa
2715 2491 2729 2513 ,
2762 2462 2881 2516 quae
2911 2457 3035 2506 sunt
3071 2447 3512 2517 disciplinarum,

1915 2543 2210 2609 revelabit,
2260 2541 2422 2597 ﬁdem
2461 2540 2677 2597 dicente
2719 2554 2817 2610 pro
2862 2542 2941 2594 eis
2971 2541 3274 2611 integritate
3318 2539 3518 2610 praedi-

1916 2635 2163 2700 cationis,
2200 2635 2322 2689 licet
2345 2634 2533 2701 novis,
2561 2633 2687 2703 quia
2714 2647 2856 2689 nunc
2891 2633 3218 2689 revelantur.
3257 2653 3276 2686 ι
3311 2632 3513 2688 Eadem

1914 2726 2122 2781 ratione
2146 2725 2276 2779 etin
2306 2724 2396 2779 lib.
2424 2725 2493 2779 de
2522 2724 2751 2793 Jejuniis
2778 2723 2857 2794 (l)
2880 2725 3144 2793 ohjectam
3171 2741 3200 2779 a
3226 2724 3518 2781 Catholicis

1912 2817 2166 2875 Montano
2183 2815 2453 2872 haereseos
2481 2824 2661 2871 notam
2686 2814 2964 2886 depellere
2991 2823 3215 2870 conatus
3240 2827 3342 2880 est,
3366 2832 3515 2872 eam-

1913 2908 2145 2978 demque
2182 2906 2508 2977 dijudicandi
2545 2906 2780 2961 hmreses
2825 2907 3059 2976 regulam
3094 2906 3331 2973 tradidit.
3377 2906 3512 2973 Cum

1913 3001 2055 3061 enim
2085 3001 2312 3057 invectm
2336 3014 2430 3069 per
2454 2998 2760 3063 Montanum
2787 2997 3085 3067 disciplinae
3110 3007 3165 3053 et
3189 2999 3505 3053 institutioni

1912 3108 1942 3147 a
1971 3090 2260 3149 Catholicis
2285 3098 2667 3159 opponeretur,
2697 3088 2836 3158 quod
2878 3107 2896 3140 ι
2929 3097 3020 3143 aut
3045 3087 3508 3159 pseudo-prophe-

206 3180 645 3238 Montanistarum
667 3182 854 3238 fuisse.
884 3181 1052 3239 Nemo
1077 3196 1207 3238 sane
1255 3181 1469 3237 familiai
1507 3181 1666 3252 hujus
1707 3196 1807 3237 ca-
1831 3184 1877 3248 C
1911 3181 1985 3239 tia
2008 3189 2171 3246 esset,
2193 3180 2239 3237 si
2266 3179 2520 3249 spiritalis
2544 3180 2643 3233 vei
2675 3179 2935 3233 solemnia
2962 3178 3051 3233 illa
3078 3179 3387 3247 constituit,
3416 3188 3513 3234 aut’

214 3271 530 3329 tholiocrum
568 3276 700 3330 Acta
754 3282 1046 3345 martyrum
1098 3274 1205 3331 luci
1241 3273 1507 3340 dedisset,
1546 3289 1681 3343 quos
1724 3283 1805 3328 ut-

216 3373 347 3433 pote
374 3363 654 3435 Psycitieos
676 3365 1005 3436 contemptui
1034 3363 1327 3421 habebant.
1356 3364 1582 3419 Constat
1609 3364 1797 3431 etiam,

219 3454 527 3527 Perpetuam
550 3497 567 3524 ,
618 3455 950 3517 Felicitatem
972 3498 991 3525 ,
1038 3456 1291 3520 Saturum
1316 3498 1333 3525 ,
1382 3456 1626 3511 eamdem
1679 3470 1801 3511 cum

225 3544 470 3603 Actorum
494 3556 712 3604 auctore
737 3547 898 3609 ﬁdem
938 3546 1215 3618 proﬁteri,
1248 3555 1308 3602 ut
1331 3563 1404 3602 ex
1431 3545 1614 3602 verbis
1640 3547 1806 3616 ipsius

226 3635 544 3707 exploratum
568 3647 689 3695 est:
721 3657 741 3690 ι
778 3638 847 3694 Et
887 3654 985 3695 nos
1012 3639 1193 3710 itaque
1232 3639 1375 3709 quod
1413 3639 1713 3694 audivimus
1751 3646 1807 3694 et

230 3735 658 3790 concoquimus
681 3776 697 3803 ,
725 3736 1104 3807 οηιηιηῑὶοωιιει
1124 3742 1182 3789 et
1219 3734 1392 3799 vobis,
1425 3731 1619 3787 fratres
1659 3739 1716 3786 et
1745 3730 1806 3785 li-

228 3823 357 3894 iioii,
383 3836 439 3882 ut
461 3837 515 3884 et
550 3843 646 3883 vos
684 3828 775 3898 qui
801 3826 1139 3893 interfuistis,
1163 3826 1596 3882 rememoremini
1618 3823 1803 3895 gloria

239 3914 437 3972 Domini
458 3936 471 3972 :
492 3928 547 3973 et
573 3918 663 3988 qui
686 3933 831 3972 nunc
858 3918 1181 3989 cognoscitis
1219 3931 1317 3985 per
1345 3915 1584 3971 auditum
1603 3957 1617 3982 ,
1647 3929 1801 3969 com-

230 4009 515 4064 munionem
538 4008 787 4064 habeatis
805 4023 927 4064 cum
974 4007 1176 4063 sanctis
1202 4007 1549 4078 martyribus.
1587 4026 1606 4059 ι
1640 4009 1801 4078 Atqui

231 4100 471 4157 militetur
489 4103 740 4158 Actorum
768 4115 870 4155 suo
891 4115 953 4156 se
976 4099 1173 4154 iudicio
1195 4100 1573 4154 montanistam
1599 4102 1796 4170 prodit.

236 4192 424 4249 Deinde
445 4196 802 4251 Tertullianus
830 4192 1123 4249 Catholicis
1152 4192 1565 4256 inl‘ensissimus,
1596 4191 1803 4248 Monta-

240 4284 385 4353 nique
401 4287 640 4342 defensor
651 4285 968 4350 acerrimus,
991 4283 1199 4355 magnis
1219 4284 1535 4353 Perpetuam
1559 4283 1823 4351 laudibus,

248 4372 412 4441 allicit,
434 4378 641 4447 ejusque
661 4376 962 4430 visionibus
988 4376 1153 4431 utitur
1173 4373 1240 4428 ad
1273 4371 1625 4443 probandum,
1655 4374 1801 4428 solos

249 4472 362 4519 ante
385 4467 500 4522 diem
539 4466 1033 4539 judicii.solemnis
1077 4473 1341 4536 martyres
1380 4464 1433 4517 in
1474 4463 1673 4519 coelum
1712 4478 1801 4520 rea

1908 3274 2151 3340 heresis,
2166 3274 2208 3327 si
2226 3271 2451 3327 humana
2471 3271 2815 3341 praesumptio
2836 3270 3107 3325 adinvenit
3121 3310 3138 3336 ,
3162 3290 3180 3322 ι
3204 3270 3274 3325 ita
3288 3285 3481 3341 respcn
3497 3300 3514 3312 -

1908 3365 1987 3423 dit
2012 3384 2025 3420 :
2070 3383 2090 3415 ι
2110 3362 2408 3421 indubitate
2436 3372 2491 3417 et
2518 3362 2738 3418 lucresis
2763 3370 2815 3417 et
2844 3361 3508 3432 pseudo-pmphetiadiii-

1910 3457 2099 3513 uitatis
2126 3455 2434 3513 diversitate
2471 3454 2851 3525 judicabuntur
2878 3453 3022 3524 apud
3069 3470 3200 3521 nos,
3234 3456 3376 3510 unici
3411 3454 3503 3510 Dei

1910 3546 2165 3605 creatoris
2216 3555 2271 3602 et
2326 3545 2525 3603 Christi
2563 3546 2681 3616 ejus
2718 3544 3008 3601 antistites.
3049 3565 3069 3599 ι
3106 3546 3312 3603 Similia
3345 3546 3509 3602 habet

1908 3645 2047 3703 libro
2071 3645 2138 3699 de
2156 3643 2462 3715 Virginibus
2494 3643 2754 3710 velandis,
2788 3644 2988 3713 pariter
3013 3643 3114 3700 sub
3139 3644 3346 3701 initium
3369 3685 3382 3709 ,
3413 3643 3507 3701 ubi

1908 3736 2233 3809 lucolentius
2281 3737 2500 3805 exponit
2532 3735 2821 3805 prtemissis
2850 3734 2983 3801 locis
3022 3745 3371 3803 memoratam
3416 3749 3505 3790 rc-

1909 3826 2089 3897 gulam
2118 3825 2281 3894 ﬁdei,
2316 3842 2475 3897 quam
2501 3827 2591 3898 qui
2625 3826 2923 3894 adulterat,
2955 3827 3239 3882 haereticus
3265 3836 3350 3881 est
3374 3844 3388 3880 :
3412 3826 3506 3895 qui

1907 3929 2105 3986 servat,
2129 3920 2373 3989 quamvis
2396 3920 2641 3975 ordinem
2664 3920 2934 3976 adulteret
2962 3930 3054 3975 aut
3098 3921 3314 3975 innovet
3342 3918 3503 3974 disci-

1907 4010 2088 4082 plinae,
2114 4009 2399 4065 haereticus
2421 4010 2588 4081 ipsius
2602 4011 2804 4081 judicio
2818 4010 3025 4068 censeri
3048 4024 3155 4065 non
3176 4010 3366 4066 debet:
3383 4023 3503 4063 esse

1904 4110 2086 4158 autem
2116 4102 2456 4174 hujusmcdi,
2487 4119 2606 4174 qum
2648 4103 2929 4158 Montanus
2956 4102 3330 4172 Apostolorum
3363 4115 3500 4169 prac-

1905 4193 2157 4251 dicationi
2201 4204 2360 4265 atque
2399 4194 2653 4249 institutis
2682 4188 2907 4263 adjecit;
2940 4190 3181 4248 ordinata
3209 4208 3269 4246 ea
3299 4192 3516 4246 scilicet

1906 4298 2026 4341 esse
2045 4284 2110 4339 ad
2140 4284 2537 4354 perﬁciendam,
2561 4295 2812 4350 manente
2844 4294 3021 4351 tamen
3047 4282 3235 4336 eadem
3264 4280 3385 4336 ﬁdei
3414 4296 3505 4336 rc-

1905 4376 2062 4447 gula,
2090 4375 2432 4444 disciplinam
2461 4394 2472 4430 :
2500 4390 2605 4430 non
2650 4389 2773 4431 esse
2808 4382 3092 4445 propterea
3135 4373 3386 4429 Montano
3430 4374 3500 4433 de

1907 4476 2177 4532 vetustate
2207 4467 2697 4537 praescribendum;
2741 4476 2827 4522 aut
2876 4466 3222 4520 Montanistas
3247 4467 3317 4520 ob
3354 4481 3495 4521 nova

245 4556 338 4627 cipi
362 4576 374 4611 ι
398 4578 416 4612 ς
441 4559 746 4628 Quomodo,
779 4560 984 4629 inquit,
1016 4559 1280 4628 Perpetua
1321 4556 1610 4612 fortissima
1657 4563 1877 4624 mar-1)
1906 4557 2305 4629 btecginstituta
2355 4557 2494 4613 inter
2533 4556 2815 4613 haereticos
2857 4555 3255 4621 numerandos;
3307 4563 3398 4609 aut
3442 4563 3502 4609 ut

245 4655 337 4718 lyr,
366 4662 460 4707 etc.
495 4672 513 4706 ι
545 4653 621 4708 Eo
644 4652 866 4724 gravius
892 4651 945 4706 id
986 4648 1317 4721 argumenti,
1347 4649 1488 4718 quod
1515 4647 1803 4704 Tertullia-

240 4754 328 4793 nns
365 4752 415 4797 et
452 4744 728 4814 Panicum
770 4752 1075 4801 comtaneus
1116 4751 1171 4796 ct
1220 4740 1393 4794 incola
1432 4740 1799 4810 Carthaginis,

241 4835 316 4889 ubi
345 4835 588 4908 Perpetua
611 4839 774 4892 vitam
801 4852 924 4892 cum
958 4847 1133 4891 morte
1154 4835 1523 4902 commutavit,
1556 4836 1803 4902 ignorare

241 4940 333 4982 non
360 4932 572 4999 potuerit
597 4931 876 5000 cujusnam
898 4930 1070 4984 secta:
1116 4936 1291 4993 esset,
1319 4927 1434 4982 sive
1463 4928 1658 4981 mulier
1680 4928 1800 4994 illa,

245 5019 339 5075 sive
357 5026 603 5091 passionis
622 5009 740 5095 ejus
765 5023 1041 5079 collector.
1069 5021 1168 5076 Est
1186 5033 1363 5077 autem
1393 5030 1541 5076 certo
1567 5020 1792 5087 certius,

245 5106 592 5169 Tertulliauu'm
619 5129 793 5185 neque
824 5113 1206 5185 Psychicorum
1236 5112 1396 5167 alicui
1440 5123 1518 5167 tot
1550 5122 1803 5182 tantaque

249 5205 479 5268 armenia
500 5206 736 5261 voluisse
765 5205 959 5269 tribui,
992 5204 1162 5260 multo
1194 5212 1375 5259 autem
1416 5204 1596 5259 minus
1638 5203 1802 5259 verba

251 5291 403 5363 ipsius,
425 5299 897 5367 auctoritatemque
917 5295 1160 5351 adhiberi
1180 5295 1246 5350 ad
1269 5295 1620 5366 probandam,
1644 5311 1802 5367 quam

252 5385 542 5456 adstruebat,
575 5388 917 5445 sententiam.
959 5408 978 5442 i

308 5474 363 5531 Ut
384 5476 479 5533 hoc
497 5486 893 5548 argumentum,
916 5475 1057 5547 quod
1080 5476 1333 5547 aliquam,
1358 5477 1630 5548 praecipue
1649 5478 1798 5549 mihi,

261 5567 395 5635 primo
422 5570 693 5642 adspectu,
727 5567 1029 5625 molestiam
1046 5582 1235 5625 creare
1266 5582 1424 5640 posse
1452 5568 1683 5637 videtur,
1711 5586 1803 5639 pe-

259 5656 373 5714 nitus
407 5659 687 5732 dissipetur
730 5667 894 5731 atque
933 5668 1243 5731 evertatur,
1282 5658 1462 5732 aliqua
1511 5669 1639 5716 sunt
1675 5661 1808 5718 mihi

267 5749 372 5809 circa
392 5752 731 5814 Montanistas
751 5753 1108 5841 observanda,
1134 5768 1202 5812 ex
1221 5754 1412 5827 quibus
1439 5770 1549 5817 non
1569 5755 1809 5821 animad-

1904 4636 2160 4718 deincc’ps
2203 4648 2502 4705 videbimus
2528 4690 2542 4717 ,
2584 4648 2652 4704 ab
2694 4649 3110 4718 apostolicarum
3152 4646 3502 4701 ecclesiarum

1905 4740 2280 4796 communione
2293 4739 2494 4794 alienos
2522 4754 2643 4795 esse
2657 4738 2955 4795 censendos
2979 4755 2992 4791 :
3014 4756 3033 4789 ι
3059 4738 3261 4806 Regula
3290 4733 3499 4803 ‘juidem

1905 4831 2028 4886 ﬁdei
2064 4845 2166 4884 una
2198 4829 2415 4885 omnino
2454 4838 2556 4898 est,
2584 4829 2697 4884 sola
2721 4828 3029 4892 immobilis,
3062 4836 3113 4882 et
3144 4823 3503 4881 conformabl-

1908 4920 1995 4988 lis,
2025 4920 2275 4976 credendi
2319 4920 2521 4976 scilicet
2550 4922 2599 4974 in
2635 4935 2795 4975 unum
2837 4919 3006 4972 Deum
3053 4917 3503 4986 omnipotentem,

1906 5011 2090 5067 mundi
2133 5010 2488 5077 conditorem,
2521 5020 2572 5065 et
2603 5010 2794 5064 Filium
2827 5006 2944 5076 ejus
2970 5005 3153 5061 Jesum
3182 5005 3453 5061 Christum
3485 5045 3502 5073 ,

1909 5110 2091 5156 natum
2112 5116 2176 5155 ex
2198 5101 2402 5171 virgine
2424 5100 2607 5165 Maria,
2631 5097 2943 5154 cruciﬁxum
2966 5096 3065 5151 sub
3086 5095 3276 5151 Pontio
3306 5095 3497 5162 Pilato,

1909 5191 2065 5246 tertia
2095 5190 2182 5247 die
2207 5193 2578 5246 resuscitatum
2601 5203 2628 5241 a
2660 5189 2906 5253 mortuis,
2941 5182 3214 5256 rcCeptum
3244 5187 3295 5240 in
3323 5186 3496 5253 cmlis,

1908 5282 2185 5339 sedentem
2216 5297 2357 5337 nunc
2394 5282 2460 5336 ad
2501 5281 2776 5335 dexteram
2807 5278 3011 5355 Patris,
3045 5286 3329 5333 venturum
3354 5275 3500 5347 judi-

1909 5388 2034 5429 care
2061 5375 2212 5428 vivos
2241 5383 2294 5429 et
2324 5381 2586 5437 mortuos,
2618 5385 2712 5447 per
2737 5371 2915 5425 carnis
2943 5370 3101 5425 etiam
3144 5369 3498 5423 resurreCtic-

1911 5481 2054 5524 nem.
2085 5466 2210 5521 Haec
2233 5466 2348 5533 lege
2373 5462 2494 5517 ﬁdei
2523 5471 2795 5528 manente,
2826 5469 3017 5516 caetera
3063 5449 3171 5531 jam
3203 5459 3499 5530 disciplinzc

1910 5568 1965 5617 et
1989 5554 2435 5622 conversationis,
2453 5553 2745 5609 admittunt
2759 5553 3050 5611 novitatem
3069 5554 3494 5610 correctionis...

1983 5755 2065 5830 (l)
2093 5754 2278 5828 Capite
2305 5752 2609 5813 undecimo.
