3816 6276
369 341 436 398 ετ
1419 341 1436 355 -
1513 311 1958 380 DlSSER’l‘ATlO
1979 304 2459 369 Aeoweerrca
3588 310 3650 376 εδ

370 457 502 526 Quae
527 459 761 523 estergo
792 445 1049 505 Paracleti
1077 441 1491 506 administratio,
1525 438 1624 493 nisi
1655 438 1790 502 haec,
1821 431 1964 504 quod
1990 427 2044 487 A
2069 441 2293 526 arguere
2321 446 2391 526 τ’(
2573 427 2738 526 alius,
2769 427 2938 526 inquit
2967 425 3044 526 (ξ)
3068 467 3082 493 ,
3119 425 3332 526 libellus
3374 424 3510 526 hunc
3535 442 3645 498 gra-

371 544 653 616 disciplina
675 540 942 610 dirigitur,
969 546 1074 591 etc.
1109 555 1128 588 ι
1154 535 1343 590 Postea
1372 533 1610 603 sequitur
1628 530 1695 586 de
1725 543 1964 583 commu-

371 637 640 694 nicatione
687 648 846 704 quam
873 646 931 685 se
961 629 1294 684 Montanista:
1322 643 1441 682 cum
1467 625 1722 681 Eeclesiis
1750 632 1962 694 aposto-

373 730 496 786 licis
527 710 724 784 habere
761 724 1036 796 jactabant
1066 721 1134 776 ob
1172 720 1583 776 consensionem
1625 718 1676 771 in
1721 714 1963 771 eamdem

375 824 560 889 iidem,
593 821 888 889 eademque
916 817 1037 872 ﬁdei
1076 823 1408 871 sacramenta
1435 853 1452 879 ,
1481 811 1549 867 de
1576 825 1677 881 qua
1713 809 1966 877 deinceps

373 912 697 968 videbimus.
730 909 950 964 Interim
976 907 1116 962 idem
1138 903 1367 960 conﬁcio
1393 910 1763 973 argumentum
1790 913 1856 954 ex
1881 897 1967 952 his

375 1020 494 1076 qua:
539 1003 698 1058 docet
741 1002 793 1056 in
841 998 1099 1070 principio
1139 996 1259 1051 libri
1303 1001 1491 1050 contra
1537 993 1827 1056 Praxeam,
1877 989 1966 1044 ubi

371 1097 616 1168 quamvis
647 1103 835 1162 aperte
864 1092 1092 1148 fateatur
1117 1104 1193 1155 se,
1238 1088 1307 1142 ob
1336 1086 1595 1142 Paracleti
1641 1084 1966 1154 agnitionem

369 1197 531 1257 atque
559 1186 925 1241 defensionem
956 1199 982 1234 a
1012 1179 1283 1252 Psychicis
1304 1192 1424 1234 esse
1445 1177 1768 1246 disjunctum
1792 1217 1806 1241 ,
1835 1184 1967 1230 atta-

372 1296 496 1336 men
523 1278 766 1335 eamdem
799 1273 1123 1346 dijudicandi
1154 1274 1386 1327 haereses
1419 1269 1656 1340 regulam
1693 1269 1872 1338 tradit,
1901 1284 1970 1324 ex

373 1388 477 1443 qua
511 1373 667 1441 plane
697 1382 1036 1438 consequens
1065 1375 1169 1432 est,
1199 1363 1336 1418 hanc
1372 1362 1721 1417 Montanistas
1751 1362 1890 1416 inter
1919 1370 1973 1416 et

375 1464 670 1535 Psyehicos
719 1462 1137 1526 dissensionem,
1185 1472 1291 1512 non
1323 1457 1386 1512 iis
1431 1456 1484 1510 in
1534 1455 1695 1510 rebus
1745 1453 1972 1524 positam

372 1555 562 1620 fuisse,
586 1570 705 1624 quae
733 1553 890 1607 fidem
918 1553 1085 1622 ipsius
1104 1549 1306 1619 judicio
1326 1547 1612 1613 laederent,
1644 1555 1736 1600 aut
1759 1560 1827 1601 ex
1853 1545 1972 1614 qui-

374 1648 477 1703 bus
505 1653 725 1717 possent
752 1644 987 1699 haereses
1015 1641 1277 1714 pullulare
1302 1657 1314 1693 :
1352 1659 1368 1689 ‹
1412 1639 1520 1694 Nos
1551 1653 1679 1694 vero
1699 1679 1714 1705 ,
1741 1645 1794 1693 et
1822 1651 1968 1692 sem-

377 1755 474 1809 per
517 1749 572 1794 et
609 1753 749 1794 nunc
779 1737 968 1807 magis,
1003 1746 1061 1789 ut
1098 1734 1470 1790 instructiores
1514 1746 1608 1802 per
1636 1730 1974 1785 Paracletum

2069 518 2195 572 dum
2225 511 2796 574 sustinebit'adversus
2822 518 3104 574 haereticos
3127 559 3144 586 ,
3175 518 3334 573 etiam
3369 518 3482 574 sine
3505 526 3652 574 retra-

2069 619 2212 666 ctatu
2257 610 2618 665 doctrinarum
2665 610 3056 676 revincendos,
3107 609 3248 680 quod
3297 608 3401 664 hoc
3445 609 3550 663 sint
3593 608 3650 664 de

2074 704 2477 774 praescriptione
2519 704 2789 759 novitatis.
2827 721 2845 755 ι
2880 703 2976 759 Est
3014 713 3190 760 autem
3212 745 3227 768 ,
3258 713 3318 758 ut
3353 703 3468 773 ipse
3509 703 3651 758 etiam

2071 796 2366 866 Basnagius
2390 795 2549 851 docet
2570 794 2674 866 (‘2),
2699 795 2943 850 laudatus
2969 794 3105 850 liber
3133 810 3162 848 a
3190 793 3521 850 Tertulliano
3540 808 3652 848 eou-

2071 889 2302 958 scriptns
2322 930 2336 955 ,
2366 897 2648 958 postquam
2681 887 2747 942 ad
2788 887 3135 943 Montanistas
3162 886 3454 943 defecerat.
3481 887 3551 940 Et
3583 897 3654 941 est

2071 977 2301 1048 scriptus
2326 978 2583 1034 adversus
2608 994 2795 1034 omnes
2822 979 3090 1046 luercses,
3123 989 3179 1035 ut
3226 979 3364 1034 idem
3399 980 3514 1048 ipse
3541 979 3657 1034 'l‘er«

2073 1068 2322 1124 tullianus
2380 1070 2505 1126 alibi
2545 1066 2764 1126 'diserte
2815 1080 3038 1126 testatur
3084 1069 3161 1142 (5)
3204 1089 3215 1123 :
3263 1088 3280 1121 ι
3319 1069 3426 1126 Sed
3469 1071 3660 1140 plenius

2074 1162 2334 1231 ejusmodi
2367 1164 2863 1234 praescriptionibus
2901 1165 3159 1222 adversus
3200 1181 3389 1220 omnes
3431 1165 3654 1219 haereses

2074 1260 2197 1316 alibi
2217 1261 2327 1330 jam
2361 1261 2441 1315 usi
2471 1277 2676 1318 sumus.
2706 1281 2725 1314 ›
2753 1261 2886 1317 Cum
2915 1263 3072 1333 igitur
3102 1262 3234 1317 nihil
3263 1269 3513 1316 occurrat
3537 1260 3585 1314 in
3609 1273 3667 1314 eo

2076 1353 2235 1421 libro,
2261 1354 2404 1423 quod
2425 1354 2730 1411 Catholicos
2752 1355 2921 1426 possit
2944 1353 3240 1420 oﬁ‘endere,
3265 1354 3372 1408 imo
3396 1352 3540 1424 quod
3565 1367 3660 1406 non

2076 1458 2141 1498 ex
2172 1459 2357 1500 eorum
2392 1447 2661 1501 sententia
2691 1446 2956 1516 prolatum
2988 1447 3091 1512 sit,
3130 1444 3266 1500 adeo
3292 1454 3352 1500 ut
3381 1447 3661 1499 multorum

2077 1535 2259 1604 Opinio
2287 1534 2446 1590 fuerit
2475 1534 2578 1608 (4),
2609 1551 2733 1591 eum
2758 1535 2922 1592 luisse
2951 1552 2980 1591 a
3009 1536 3362 1604 Tertulliano,
3393 1545 3669 1606 antequam

2079 1625 2317 1680 Montani
2341 1625 2590 1696 dogmata
2633 1628 3071 1698 amplecteretur,
3101 1622 3481 1684 elucubratum
3505 1646 3520 1693 ;
3547 1643 3666 1683 coa-

2080 1734 2310 1789 sequens
2356 1729 2438 1773 est
2475 1719 2766 1791 Psycbicos
2811 1736 2908 1776 seu
2950 1719 3260 1776 Catholicos
3301 1735 3408 1776 non
3447 1719 3614 1778 fuisse
3648 1734 3672 1774 a

374 1830 726 1886 deductorem
759 1829 965 1885 scilicet
990 1828 1166 1882 omnis
1208 1825 1480 1890 veritatis,
1511 1823 1726 1878 unicum
1758 1820 1974 1891 quidem
2006 1810 2054 1872 B
2084 1813 2412 1868 Terlulliano
2440 1813 2579 1867 inter
2607 1815 2889 1871 haereticos
2914 1825 3289 1886 computalos..

377 1923 547 1976 Deum
580 1921 872 1984 credimus,
906 1918 1005 1972 sub
1033 1917 1136 1972 hac
1163 1925 1338 1970 tamen
1365 1913 1787 1984 dispensatione,
1817 1925 1976 1979 quam

382 2018 652 2078 οἰκονομίαν
681 2010 942 2074 dicimus,
977 2017 1033 2061 ut
1079 2007 1217 2060 unici
1249 2006 1340 2060 Dei
1371 2004 1474 2070 sit,
1508 2013 1563 2058 et
1590 2002 1756 2056 Filius
1797 2016 1975 2058 sermo

379 2105 570 2174 ipsius,
597 2103 686 2174 Qui
715 2118 778 2157 ex
813 2103 928 2170 ipso
958 2099 1299 2170 processerit,
1330 2113 1424 2168 per
1444 2112 1604 2167 quem
1632 2096 1812 2150 omnia
1839 2095 1980 2150 facta

382 2203 508 2248 sunt
544 2203 599 2248 et
649 2194 766 2248 sine
795 2207 900 2262 quo
943 2191 1141 2246 factum
1170 2198 1252 2247 cst
1294 2189 1450 2244 nihil.
1504 2189 1654 2243 llunc
1695 2188 1917 2243 missum
1948 2203 1980 2242 a

382 2285 540 2340 Patre
566 2285 617 2338 in
639 2283 934 2354 Virginem,
963 2291 1018 2336 et
1046 2297 1109 2336 ex
1132 2296 1195 2337 ea
1222 2291 1402 2335 natum
1432 2278 1706 2334 hominem
1734 2288 1787 2334 et
1814 2279 1978 2334 Deum

379 2374 550 2429 ﬁlium
599 2374 830 2430 hominis
873 2383 928 2430 et
965 2372 1130 2427 ﬁlium
1163 2372 1294 2438 Dei,
1325 2380 1380 2427 et
1420 2371 1853 2442 cognominatum
1891 2371 1982 2429 Je-

384 2480 505 2519 sum
537 2465 831 2520 Christum.
869 2467 1020 2524 Hune
1047 2481 1282 2539 passum,
1319 2467 1462 2522 hunc
1489 2476 1779 2533 mortuum,
1806 2476 1861 2523 et
1889 2482 1979 2524 se.

379 2558 588 2626 pullum
612 2560 903 2615 secundum
928 2562 1251 2631 Scripturas,
1276 2568 1327 2614 et
1352 2561 1725 2615 resuscitatum
1749 2574 1778 2614 a
1803 2560 1980 2629 Palre,

377 2656 436 2701 et
464 2649 515 2702 in
546 2650 714 2706 caelos
744 2665 1106 2724 resumptum,
1139 2650 1327 2706 sedere
1369 2650 1437 2704 ad
1480 2649 1753 2707 dexteram
1787 2651 1979 2719 Patris,

384 2751 671 2798 venturum
698 2745 941 2814 judicare
968 2749 1116 2802 vivos
1146 2755 1201 2801 et
1227 2752 1489 2800 mortuos.
1521 2745 1620 2812 Qui
1658 2745 1852 2800 exinde
1880 2747 1983 2800 mi-

381 2836 516 2891 serit
544 2838 838 2892 sccundum
864 2841 1278 2910 promissionem
1306 2857 1458 2896 suam
1486 2856 1515 2893 a
1543 2841 1701 2896 Patre
1725 2839 1983 2908 Spiritum

381 2930 638 2986 Sanctum
685 2932 1054 2998 Paraeletum,
1101 2933 1547 2986 sanetiﬁcatorem
1591 2931 1714 2983 ﬁdei
1755 2945 1978 2998 eorum,

383 3026 476 3090 qui
508 3023 731 3076 credunt
776 3024 824 3075 in
877 3023 1087 3076 Patrem
1128 3030 1181 3075 et
1232 3021 1427 3074 Filium
1467 3029 1522 3073 et
1565 3019 1819 3087 Spiritum
1849 3021 1982 3075 San-

389 3123 560 3166 ctum.
595 3113 742 3168 lianc
773 3114 1008 3184 regulam
1036 3113 1104 3166 ab
1129 3112 1280 3166 initio
1316 3109 1588 3177 Evangelii
1611 3109 1982 3166 decucurrisse

2158 1904 2271 1958 VII.
2331 1901 2577 1957 Secundo
2631 1906 2920 1962 notandum
2972 1916 3057 1963 est
3099 1906 3238 1977 quod
3276 1915 3328 1960 et
3372 1920 3438 1961 ex
3485 1921 3674 1975 praece-

2082 1994 2332 2052 dentibus
2382 2007 2576 2068 sponte
2617 1998 2750 2064 ﬁuit,
2780 2005 2836 2052 et
2863 2014 2979 2065 qua:
3018 1957 3129 2068 jani
3173 1997 3314 2052 dicta
3363 1957 3513 2052 suntr
3543 1998 3674 2052 lucu-

2084 2088 2283 2145 lentius
2311 2090 2490 2148 adhuc
2520 2092 2806 2148 conﬁrmat
2830 2108 2844 2144 :
2878 2090 3248 2155 Montanistas,
3277 2091 3530 2161 quamvis
3557 2104 3673 2144 con-

2092 2182 2402 2237 versatione
2442 2194 2496 2239 et
2525 2183 2808 2254 disciplina
2863 2182 2931 2237 ab
2957 2181 3373 2253 apostolicarum
3421 2181 3681 2238 Ecclesia-

2089 2288 2208 2328 rnm
2238 2274 2666 2331 institutionibus
2718 2274 3062 2344 moribusque
3090 2272 3389 2338 diﬁ'errent,
3423 2287 3485 2328 se
3514 2285 3677 2328 tamen

2086 2381 2192 2420 non
2223 2380 2343 2421 esse
2368 2348 2652 2422 arbi'tratos
2676 2367 2728 2422 in
2755 2367 2820 2421 iis
2841 2366 2894 2421 in
2923 2365 3116 2437 quibus
3137 2364 3260 2420 ﬁdei
3288 2372 3343 2418 et
3371 2364 3672 2420 christianze

2087 2459 2360 2530 religionis
2407 2475 2615 2516 summa
2657 2461 2920 2528 vertitur,
2976 2459 3042 2516 ab
3085 2473 3266 2514 earum
3309 2459 3680 2514 communione
3778 2511 3779 2514 η

2087 2553 2309 2608 alienos.
2347 2553 2401 2609 ld
2455 2570 2518 2610 ex
2560 2554 2752 2610 eodem
2799 2552 3154 2616 Tertulliano,
3187 2558 3242 2605 et
3285 2549 3476 2606 iisdem
3518 2549 3680 2606 ferme

2089 2643 2221 2698 locis
2271 2655 2605 2714 compertum
2662 2653 2762 2716 est.
2843 2641 3006 2696 Libro
3062 2641 3207 2696 enim
3263 2639 3330 2694 de
3381 2640 3682 2712 Virginibus

2087 2736 2345 2803 velandis,
2401 2745 2678 2806 postquam
2739 2733 2916 2789 docuit
2976 2731 3280 2787 Catholicos
3340 2738 3396 2786 et
3465 2731 3675 2787 Monta~

2091 2830 2257 2883 nistas
2289 2830 2342 2881 in
2376 2843 2536 2882 unam
2583 2827 2707 2882 ﬁdei
2736 2827 2976 2896 regulam
3006 2825 3336 2894 conspirare,
3357 2833 3412 2879 et
3438 2823 3687 2879 Paraclc-

2091 2927 2199 2971 tum
2251 2932 2358 2970 non
2391 2917 2548 2970 fidem
2594 2915 2952 2982 adulterasse,
3002 2916 3096 2971 sed
3142 2916 3442 2986 disciplina:
3495 2932 3690 2987 supre-

2089 3023 2227 3062 mam
2271 3007 2577 3062 admovisse
2630 3022 2845 3062 manum
2877 3049 2892 3073 ,
2942 3008 3120 3060 statim
3171 3007 3443 3076 subjungit
3480 3022 3492 3056 :
3527 3028 3547 3058 ι
3589 3010 3694 3065 Per

2087 3097 2345 3153 Graeciam
2377 3106 2430 3152 et
2459 3097 2715 3167 quasdam
2744 3098 3017 3154 barbarias
3059 3098 3176 3168 ejus
3207 3097 3388 3167 plures
3415 3097 3696 3157 Ecclesiae

385 3205 548 3258 etiam
592 3213 716 3259 ante
757 3181 964 3273 priores
1005 3217 1244 3273 quosque
1283 3199 1594 3265 haereticos,
1629 3199 1821 3255 nedum
1851 3209 1976 3259 ante
2003 3181 2049 3244 C
2084 3189 2315 3258 virgines
2331 3187 2823 3244 suasabscondnnt.
2853 3190 2949 3245 Est
2972 3197 3027 3244 et
3048 3191 3148 3244 sub
3173 3189 3275 3244 hoc
3294 3191 3432 3245 coelo
3463 3190 3689 3246 institu-
3778 3185 3779 3258 Ξ

380 3295 642 3351 Praxcam
695 3284 1048 3360 hesternum,
1103 3293 1350 3363 probabit
1394 3301 1501 3346 tam
1552 3291 1649 3346 ista
1695 3293 1978 3361 posteritas

380 3371 620 3444 omnium
664 3389 1070 3454 haereticorum,
1101 3402 1259 3458 quam
1292 3387 1404 3456 ipsa
1441 3385 1719 3442 novellitas
1758 3386 1978 3444 Praxeze

383 3479 642 3534 hesterni.
674 3479 790 3547 Quo
835 3495 1082 3549 per-mque
1121 3479 1379 3534 adversus
1425 3480 1702 3534 universas
1745 3479 1978 3536 haereses

378 3570 490 3640 jam
519 3570 642 3625 hinc
672 3571 1074 3640 praejudicatum
1107 3570 1198 3638 sit,
1229 3570 1282 3625 id
1307 3586 1427 3626 esse
1450 3586 1634 3626 verum
1681 3572 1978 3642 quodcum-

382 3680 488 3733 que
519 3664 747 3732 primum
775 3683 789 3718 :
815 3665 864 3718 id
890 3677 1011 3720 esse
1034 3665 1332 3720 adulterum
1371 3665 1747 3736 quodcumque
1793 3677 1976 3736 poste-

381 3755 515 3809 rius.
554 3776 572 3808 ›
618 3755 864 3812 Profecto
895 3773 1001 3814 non
1048 3759 1324 3828 ignorabat
1353 3757 1732 3824 Tertullianus,
1778 3760 1887 3814 imo
1910 3759 1979 3829 iid

381 3856 566 3918 aperte
608 3848 890 3914 fatebatur,
923 3866 1118 3905 novam
1153 3865 1274 3906 esse
1318 3850 1554 3904 Montani
1600 3849 1974 3920 prophetiam,

381 3955 578 3995 novam
613 3943 778 4009 ipsius
809 3942 1241 4014 praedicationem
1267 3985 1282 4009 ,
1312 3943 1429 4012 ejus
1468 3942 1706 3998 instituta
1733 3944 1799 3997 ab
1828 3945 1980 3999 initio

380 4032 659 4102 Evangelii
689 4035 907 4090 minimc
932 4036 1323 4102 decucurrisse,
1348 4034 1444 4090 sed
1467 4036 1516 4089 in
1542 4037 1833 4104 posteriora
1864 4037 1982 4094 hzec

383 4132 644 4192 tempora,
679 4127 752 4179 uti
779 4127 1112 4181 Montanistze
1140 4127 1454 4182 effutiebant
1477 4167 1492 4192 ,
1527 4126 1691 4182 fuisse
1711 4143 1737 4182 a
1764 4127 1981 4183 Christo

363 4211 566 4268 'dilata.
603 4213 754 4271 Unde
793 4233 902 4272 non
941 4218 1042 4272 alia
1084 4219 1293 4274 ratione
1323 4218 1493 4287 potuit
1527 4233 1558 4272 a
1599 4216 1851 4272 Montano
1882 4232 1980 4273 suo

383 4306 651 4363 ha‘rescos
694 4311 806 4365 sive
853 4312 1102 4366 adulterii
1145 4311 1378 4367 haeretici
1431 4311 1641 4382 culpam
1682 4311 1981 4366 infamiam-

381 4415 488 4468 que
515 4416 786 4467 amovere,
817 4419 974 4471 quam
999 4404 1246 4471 dicendo,
1274 4405 1517 4458 inductas
1540 4403 1608 4458 ab
1637 4418 1703 4458 eo
1723 4404 1980 4459 hesterna

382 4489 471 4544 die
522 4491 864 4556 traditioaes,
909 4509 1012 4546 non
1068 4494 1188 4547 ﬁdei
1242 4495 1478 4562 regulam
1521 4493 1979 4556 adulterare,sed

2084 3293 2193 3338 tum
2218 3283 2355 3337 istud
2378 3281 2590 3348 alicubi,
2608 3298 2674 3336 ne
2696 3283 2783 3350 qui
2805 3281 3082 3353 gentilitati
3108 3281 3418 3353 graecanica:
3449 3291 3544 3336 aut
3568 3283 3689 3338 bar-

2082 3373 2279 3429 baricae
2323 3372 2762 3428 consuetudinem
2800 3374 2958 3426 illam
2986 3371 3275 3427 adscr-ibat.
3307 3370 3416 3426 Sed
3457 3386 3554 3426 eas
3584 3389 3684 3444 ego

2082 3463 2336 3520 ecclesias
2359 3465 2629 3534 proposui,
2645 3479 2777 3535 quas
2800 3475 2853 3520 et
2879 3464 2976 3534 ipsi
2995 3463 3260 3534 Apostoli,
3281 3463 3363 3519 vel
3389 3465 3678 3534 apostolici

2081 3554 2179 3610 viri
2202 3555 2576 3621 condiderunt,
2600 3564 2653 3610 et
2684 3564 2808 3624 puto
2833 3564 2956 3609 ante
2981 3553 3258 3625 quosdam.
3287 3553 3495 3609 Habent
3511 3555 3670 3626 igitur

2083 3657 2136 3704 et
2167 3649 2269 3702 illae
2293 3648 2536 3703 eamdem
2565 3648 2972 3703 consuetudinis
2997 3648 3393 3713 auctoritatem,
3434 3658 3675 3719 tempora

2083 3747 2134 3793 et
2157 3748 2525 3794 antecessores
2555 3748 2849 3809 opponunt,
2887 3739 3057 3808 magis
3091 3754 3249 3809 quam
3283 3749 3511 3808 postem
3540 3741 3669 3796 isne.

2083 3828 2221 3896 Quid
2249 3829 2674 3893 observabimus,
2703 3830 2829 3898 quid
2890 3829 3214 3899 diligemus?
3249 3829 3362 3885 Non
3398 3845 3669 3902 possumus

2086 3934 2343 3988 respuere
2397 3919 2862 3986 consuetudinem,
2889 3912 3053 3991 quam
3071 3919 3328 3977 damnare
3355 3937 3462 3977 non
3492 3936 3662 3992 possu-

2085 4024 2226 4076 mus,
2253 4020 2438 4081 utpote
2470 4026 2578 4067 non
2609 4022 2944 4079 extraneum,
2976 4012 3100 4082 quia
3143 4027 3248 4068 non
3276 4022 3666 4080 extraneorum,

2084 4118 2202 4158 cum
2229 4105 2425 4174 quibus
2463 4105 2672 4160 scilicet
2698 4105 3158 4160 connnunicamus
3183 4105 3272 4174 jus
3301 4107 3468 4176 pacis,
3501 4115 3555 4162 et
3577 4119 3668 4159 no-

2085 4209 2209 4250 men
2235 4195 2608 4250 fraternitatis.
2633 4195 2753 4251 Una
2782 4197 2956 4259 nobis,
2974 4204 3024 4249 et
3049 4195 3151 4250 illis
3175 4196 3327 4261 ﬁdes,
3353 4210 3488 4251 unus
3517 4196 3668 4260 Deus,

2085 4288 2228 4344 idem
2267 4289 2540 4353 Christus,
2596 4288 2783 4344 eadem
2840 4288 3037 4342 lavacri
3089 4300 3444 4344 sacramenta.
3491 4286 3665 4346 Semel

2085 4381 2336 4445 dixerim,
2367 4397 2466 4434 una
2497 4379 2737 4434 Ecclesia
2767 4395 2975 4434 sumus.
3002 4380 3076 4434 lta
3101 4393 3342 4437 nostrum
3365 4374 3478 4450 est,
3502 4380 3667 4454 quod-

2085 4485 2312 4540 cumque
2341 4481 2647 4525 nostrornm
2677 4479 2775 4524 est.
2815 4490 2834 4522 ›
2865 4471 2972 4526 Sed
3018 4471 3144 4540 nith
3179 4472 3500 4528 luculentins
3530 4473 3593 4526 ad
3622 4470 3666 4526 id

385 4582 648 4649 Perﬁcere
676 4583 1012 4651 disciplinam
1039 4598 1053 4646 ;
1087 4584 1328 4652 adeoqne
1371 4584 1436 4638 ad
1467 4584 1836 4652 disciplinam,
1870 4600 1978 4640 non
2004 4564 2060 4625 Β
2087 4564 2418 4634 pmbm'dum
2448 4563 2622 4618 “uerri
2655 4571 2832 4632 Ρθίθδι
2890 4563 2976 4630 iis,
3009 4581 3126 4633 (1⁸⁸³ῐέ
3177 4565 3228 4619 ίη
3276 4564 3520 4619 eamdem
3551 4579 3666 4618 sen’

382 4672 449 4727 ad
474 4671 632 4726 ﬁdem
664 4671 982 4738 pertinuisse
1018 4675 1416 4727 controversias
1448 4674 1795 4729 Montanistas
1839 4676 1979 4731 inter

381 4776 437 4821 et
464 4765 770 4821 Catholicos
797 4765 1089 4830 excitatas;
1129 4774 1185 4819 et
1210 4779 1383 4835 neque
1425 4766 1544 4832 hos,
1576 4781 1750 4836 neque
1780 4768 1898 4822 illos
1927 4769 1977 4823 in

380 4856 760 4911 haereticorum
787 4870 1010 4911 censum
1052 4855 1217 4910 fuisse
1259 4855 1596 4922 referendos,
1629 4858 1796 4926 quod,
1829 4861 1976 4915 salva

379 4945 504 5000 ﬁdei
546 4947 748 5014 regula,
778 4949 828 5001 in
879 4947 945 5001 iis
981 4962 1103 5016 qua:
1140 4947 1562 5002 conversationis
1603 4957 1657 5001 et
1683 4947 1976 5018 disciplina:

382 5046 529 5101 sunt,
563 5037 789 5092 invicem
818 5037 1160 5093 dissiderent.
1186 5036 1331 5092 [dem
1353 5040 1510 5093 etiam
1534 5049 1763 5103 constat,
1794 5049 1852 5094 ut
1873 5039 1976 5095 alia

384 5129 612 5198 plurima
644 5129 918 5194 omittam,
953 5144 1018 5184 ex
1060 5139 1170 5184 toto
1201 5128 1339 5184 libro
1369 5129 1437 5184 de
1477 5130 1976 5201 Prmscriptionibns

383 5223 642 5278 adversus
661 5221 961 5290 haereticos,
993 5237 1096 5292 quo
1123 5233 1268 5280 certe
1293 5222 1444 5279 titulo
1471 5237 1806 5294 nequaquam
1839 5225 1973 5295 Psy-

381 5317 584 5382 eliicos,
614 5319 729 5372 sive
753 5315 1061 5373 Catholicos
1090 5318 1517 5390 comprehendit,
1546 5334 1665 5375 eum
1696 5321 1823 5374 nihil
1856 5335 1972 5375 ma-

377 5409 460 5479 gis
487 5410 750 5467 adversus
775 5411 1058 5467 haereticos
1083 5424 1289 5483 urgeat,
1334 5430 1492 5486 quam
1525 5422 1735 5468 veteres
1760 5423 1812 5468 et
1845 5427 1974 5482 apo—

377 5502 595 5556 stolieas
643 5505 995 5573 traditiones,
1044 5515 1098 5562 et
1145 5509 1560 5577 apostolicarum
1612 5507 1970 5563 Eeclesiarum

375 5594 784 5663 auctoritatem;
818 5599 950 5654 nihil
984 5601 1152 5672 magis
1197 5601 1464 5656 haereticis
1493 5601 1781 5671 exprobret
1808 5617 1967 5672 quam

374 5686 708 5753 novitatem;
738 5689 848 5744 imo
879 5690 983 5745 hoc
1008 5692 1057 5746 ei
1091 5691 1427 5762 propositum
1459 5693 1638 5758 fuerit,
1671 5701 1729 5748 ut
1753 5709 1819 5750 ex
1849 5693 1967 5764 ipso

372 5773 646 5847 discisnuS,
675 5793 864 5838 omnes
895 5780 1268 5838 haereticorum
1299 5791 1474 5840 sectas
1521 5782 1623 5841 hoc
1665 5784 1782 5842 solo
1809 5783 1964 5844 titulo

2085 4657 2304 4711 tentiam
2335 4655 2683 4710 subtilissime
2714 4655 2950 4725 disputat
2973 4656 3026 4710 in
3055 4657 3190 4711 libro
3217 4657 3284 4712 de
3306 4656 3668 4727 Prteseriptio-

2081 4747 2240 4802 nibus
2266 4747 2522 4802 adversus
2551 4749 2802 4811 luereses,
2819 4763 3000 4818 quem,
3026 4748 3252 4816 utidixi,
3270 4748 3382 4818 jam
3405 4747 3664 4804 montani-

2081 4848 2162 4894 sta
2201 4837 2522 4906 composuit.
2547 4837 2736 4908 Aliqua
2764 4855 2830 4893 ex
2857 4853 2922 4893 eo
2951 4839 3087 4893 libro
3119 4839 3250 4903 loca,
3284 4839 3529 4909 quamvis
3555 4851 3666 4908 pro-

2079 4929 2290 4993 lixiora,
2317 4927 2491 4983 adhuc
2515 4927 2706 4984 aﬁerre
2739 4945 2916 4999 operie
2947 4931 3170 4999 pretium
3201 4931 3522 4998 existimavi,
3553 4927 3664 5001 quia

2083 5036 2196 5076 rem
2225 5021 2381 5090 plane
2401 5022 2709 5086 conﬁciunt,
2743 5030 2797 5076 et
2823 5022 3025 5090 optimo
3061 5023 3112 5076 in
3145 5023 3346 5079 lumine
3376 5024 3655 5080 collocant.

2081 5115 2171 5169 Ait
2193 5115 2350 5183 igitur
2377 5113 2445 5168 ad
2473 5115 2869 5170 eonvincendos
2894 5117 3178 5171 haereticos
3205 5116 3307 5171 hoc
3349 5118 3521 5172 solum
3551 5131 3662 5172 esse

2081 5205 2458 5277 disputandum
2487 5206 2604 5278 (5):
2641 5225 2661 5258 ι
2703 5207 2906 5276 Quibus
2935 5218 3205 5279 competat
3255 5208 3389 5264 ﬁdes
3421 5211 3556 5282 ipsa,
3576 5222 3660 5264 cu—

2152 5364 2228 5446 (1
2258 5365 2374 5446 Lib.
2406 5382 2421 5420 ι
2449 5365 2694 5446 “Adsere.
2730 5367 3243 5446 Marcion.,_cap._1.

2075 5523 2108 5562 ῃ
2151 5435 2229 5561 ἐξ)
2264 5440 2418 5491 Anno
2447 5437 2507 5490 D.
2536 5436 2644 5492 200
2674 5454 2820 5494 num.
2852 5439 3048 5494 ιιΝἰά.
3076 5435 3130 5495 et
3160 5439 3517 5510 Pagiutn.An.
3543 5435 3654 5494 195.

2116 5524 2144 5562 u
2209 5549 2221 5560 .
2253 5524 2326 5562 IV.

2170 5576 2222 5650 5)
2249 5578 2367 5632 Lib.
2399 5578 2462 5633 de
2488 5579 2655 5634 Carne
2681 5581 2889 5647 Christi,
2923 5595 3043 5649 cap.
3075 5580 3132 5635 2.

2169 5651 2222 5714 4)
2259 5647 2372 5702 \‘id.
2395 5649 2596 5704 Pamel.
2644 5652 2693 5706 in
2739 5651 2852 5714 Vita
2899 5651 3112 5704 Tertull.
3143 5650 3209 5704 ad
3229 5651 3332 5706 An.
3360 5651 3504 5712 203;
3551 5658 3585 5703 t.
3620 5662 3653 5701 ι.

2070 5712 2174 5777 col‘.
2191 5712 2286 5792 65ὲ
2303 5719 2598 5792 οοιιῑηΛυε.
2623 5712 2886 5780 Noesselt.
2909 5720 3142 5786 οἰκίη-ιη
3164 5729 3202 5776 ι.
3222 5736 3258 5789 I,
3275 5721 3378 5778 col.
3401 5715 3650 5777 171-177.

2141 5789 2219 5863 (5)
2247 5788 2375 5861 Cap.
2407 5789 2496 5846 19.
2551 5788 2576 5816 ἠ
