3818 6278
166 390 247 448 89
1114 394 1248 450 pno
1285 394 1380 452 ss.
1417 397 2267 467 PERPETUALFELICITATE.
2305 399 2397 459 ET
2421 375 2668 460 secus.
3402 402 3477 459 oo

165 507 261 578 jus
290 508 405 563 sint
427 505 906 578 Seripturas,aquo
927 515 978 563 et
1003 523 1096 579 per
1115 523 1249 579 quos
1275 518 1330 564 et
1357 511 1569 580 quando
1599 512 1777 581 etqui-
1802 513 1855 573 A
1880 513 1951 568 ita
2004 528 2099 584 per
2144 517 2516 572 successiones
2544 518 2612 572 ab
2649 515 2802 572 initio
2852 515 3248 582 decurrentem,
3283 525 3339 572 ut
3360 518 3470 588 pri-

174 601 283 656 bus
308 602 383 657 sit
437 601 620 656 tradita
659 599 1096 671 disciplina,‘qua
1145 602 1277 656 ﬁunt
1305 602 1612 658 Christiani.
1674 603 1774 660 Ubi
1879 619 1998 658 mus
2025 605 2116 660 ille
2167 609 2454 678 episcopus
2509 608 2742 677 aliquem
2801 622 2864 662 ex
2896 607 3187 677 Apostolis,
3220 607 3305 664 vel
3334 623 3465 679 apo-

183 694 334 747 enim
383 692 686 764 apparuerit
729 706 852 747 esse
903 691 1181 748 veritatem
1220 693 1539 765 disciplinae,
1571 705 1626 749 et
1654 694 1775 751 ﬁdei

184 784 520 852 Christianae,
551 783 656 838 illic
682 785 781 837 erit
811 785 1010 838 veritas
1035 785 1451 855 Scripturarum,
1482 793 1538 840 et
1565 786 1777 854 exposi-

184 878 391 933 tionum
421 922 433 943 ,
478 886 532 932 et
581 877 819 931 omnium
877 877 1219 932 traditionum
1271 879 1708 934 Christianarum.
1749 897 1770 930 ι

187 967 399 1024 Deinde
459 969 732 1038 subjungit
790 969 933 1044 quod
983 969 1246 1039 Apostoli,
1296 985 1325 1022 a
1374 969 1588 1025 Christo
1641 970 1772 1025 edo-

186 1061 256 1114 cti
289 1059 391 1128 (-l),
428 1079 446 1111 ι
473 1068 530 1122 et
550 1059 831 1115 consecuti
862 1061 1180 1130 promissam
1223 1061 1326 1116 vim
1371 1061 1604 1131 Spiritus
1645 1077 1772 1118 san-

183 1151 252 1204 cti
279 1149 346 1205 ad
370 1151 616 1218 virtutes,
647 1159 704 1206 et
727 1151 1019 1222 eloquium,
1049 1152 1223 1222 primo
1250 1167 1343 1223 per
1373 1153 1612 1208 ειυάιιξίιιιι
1640 1168 1772 1209 con-

179 1251 363 1296 testata
396 1241 506 1298 ﬁde
539 1243 594 1298 in
620 1242 804 1299 Jesum
831 1244 1124 1312 Christum,
1154 1254 1208 1301 et
1231 1247 1471 1302 ecclesiis
1497 1249 1771 1317 institutis,

159 1330 367 1388 dehinc
402 1336 459 1388 in
508 1335 695 1390 orbem
739 1336 984 1405 profecti,
1017 1337 1263 1393 eamdem
1293 1336 1588 1394 doctrinam
1621 1340 1770 1410 ejus-

1879 695 2081 750 stolicis
2108 698 2255 765 viris,
2286 701 2376 770 qui
2406 712 2584 756 tamen
2612 713 2734 754 cum
2766 699 3041 768 Apostolis
3082 713 3465 768 perseverave-

1879 788 1968 851 rit,
2003 787 2249 845 habuerit
2294 803 2569 848 auctorem
2628 799 2684 846 et
2713 800 3132 846 antecessorem.
3181 791 3294 846 Hoc
3323 792 3466 847 enim

1877 879 2038 934 modo
2093 881 2348 937 ECClesiie
2394 883 2700 954 apostolica:
2747 897 2942 938 census
2992 899 3117 938 suos
3166 883 3464 940 deferunt:

1877 970 2014 1025 sicut
2041 968 2438 1041 Smyrnzeorum
2478 974 2706 1028 ecclesia
2753 972 2958 1029 habens
2987 974 3340 1046 Polyearpum
3401 975 3468 1031 ab

1875 1061 2121 1119 Johanne
2149 1065 2463 1118 collocatum
2511 1063 2677 1121 refert
2708 1082 2722 1130 ;
2777 1065 2918 1120 sicut
2954 1065 3319 1122 Romanorum
3349 1066 3468 1122 Cle-

1877 1163 2110 1209 mentem
2159 1169 2190 1208 a
2216 1155 2377 1211 Petro
2421 1155 2728 1210 ordinatum
2756 1155 2871 1212 edit
2901 1173 2916 1222 ;
2951 1157 3175 1226 proinde
3205 1161 3386 1228 utique
3413 1167 3468 1214 et

1875 1252 2086 1301 caeteras
2116 1245 2370 1300 exhibent
2417 1262 2553 1315 quos
2580 1248 2648 1302 ab
2695 1246 2966 1318 Apostolis
3014 1249 3065 1301 in
3098 1249 3466 1318 episc0patum

1873 1336 2233 1404 constitutos,
2303 1337 2580 1407 apostolici
2632 1337 2853 1394 seminis
2917 1339 3162 1394 traduces
3215 1338 3465 1395 habeant.

153 1423 287 1480 dem
321 1425 456 1481 ﬁdei
488 1429 794 1486 nationibus
818 1429 1312 1500 promulgaverunt,
1347 1425 1401 1486 ἐι
1431 1431 1657 1502 proinde
1684 1448 1770 1488 ec-

153 1520 396 1576 clesiam
439 1521 584 1590 apud
627 1536 1059 1593 unamquamque
1095 1523 1362 1579 civitatem
1391 1517 1768 1593 condiderunt,

156 1626 188 1665 a
219 1612 432 1683 quibus
471 1613 743 1671 traducem
799 1615 920 1672 ﬁdei
949 1626 1005 1671 et
1044 1621 1248 1672 semina
1273 1617 1531 1673 doctrinae
1561 1627 1773 1675 caetera:

1873 1427 2192 1498 Contingunt
2219 1429 2323 1484 tale
2349 1428 2550 1499 aliquid
2591 1428 2849 1485 hmrctici.
2880 1429 3018 1497 Quid
3049 1431 3190 1486 enim
3214 1430 3318 1486 illis
3348 1441 3469 1502 post

1873 1523 2258 1594 blasphemiam
2307 1523 2552 1579 illicitum
2610 1524 2743 1579 est?
2800 1522 2906 1580 Sed
2944 1525 3047 1579 etsi
3084 1523 3464 1594 conﬁnxerint,

1875 1617 2009 1674 nihil
2052 1617 2462 1687 promovebunt.
2496 1615 2613 1687 Ipsa
2655 1617 2798 1671 enim
2827 1615 3072 1672 doctrina
3107 1631 3295 1672 eorum
3341 1631 3464 1672 cum

167 1706 380 1764 exinde
405 1707 648 1764 ecclesia:
694 1719 947 1763 mutuatas
999 1719 1122 1764 sunt
1169 1719 1224 1764 et
1249 1710 1487 1781 quotidie
1525 1722 1772 1766 mutuan-

172 1807 293 1865 tur,
329 1811 388 1854 ut
413 1801 647 1856 ecclesia:
667 1801 818 1856 ﬁant.
845 1803 920 1856 Ac
951 1815 1046 1871 per
1069 1801 1192 1866 hoc,
1227 1813 1280 1859 et
1310 1803 1440 1873 ipsae
1462 1805 1771 1874 apostolicae

1875 1708 2168 1778 apostolica
2193 1716 2502 1778 comparata
2547 1723 2612 1761 ex
2649 1707 2965 1762 diversitate
2994 1715 3051 1762 et
3087 1708 3466 1764 contrarietate

1874 1814 1969 1854 sua
2009 1798 2394 1869 pronuntiabit,
2443 1811 2616 1867 neque
2663 1796 2907 1866 Apostoli
2953 1797 3179 1867 alicujus
3230 1798 3465 1854 auctoris

177 1889 523 1960 deputantur,
572 1901 626 1948 ut
662 1893 881 1949 soboles
928 1894 1345 1965 apostolicarum
1396 1895 1762 1950 ecclesiarum.
1798 1898 1846 1957 Β
1875 1906 2020 1958 esse,
2054 1906 2230 1961 neque
2255 1890 2556 1960 apostolici.
2587 1889 2723 1957 Quia
2758 1891 2895 1945 sicut
2935 1890 3178 1960 Apostoli
3226 1903 3332 1944 non
3380 1889 3459 1944 di~

181 1983 361 2038 Omne
405 1999 568 2052 genus
597 1983 660 2038 ad
711 1984 971 2055 originem
1020 1999 1170 2042 suam
1217 1995 1499 2041 censeatur
1550 2001 1771 2044 necesse

176 2083 282 2129 est.
312 2074 492 2144 Itaque
521 2083 599 2130 tot
629 2090 692 2130 ac
714 2083 874 2131 tautae
896 2075 1152 2132 Ecclesia:
1175 2091 1280 2132 una
1305 2088 1386 2133 est
1412 2077 1500 2133 illa
1532 2079 1600 2133 ab
1625 2078 1773 2148 Apo-

178 2167 336 2222 stolis
387 2167 574 2236 prima,
605 2183 672 2223 ex
709 2184 812 2237 qua
865 2183 1088 2224 omnes:
1129 2171 1209 2225 sic
1257 2185 1447 2228 omnes
1501 2172 1684 2241 primae
1718 2181 1773 2228 et

180 2273 370 2313 omnes
393 2259 738 2330 apostolicae,
779 2260 904 2315 dum
936 2275 1040 2316 una
1085 2276 1276 2318 omnes
1322 2261 1551 2333 probant
1596 2263 1771 2318 unita-

183 2359 292 2406 tem
324 2393 342 2419 ,
373 2350 494 2406 dum
532 2361 618 2406 est
645 2353 750 2408 illis
793 2355 1211 2409 communicatio
1243 2355 1406 2423 pacis,
1439 2363 1494 2410 et
1536 2355 1771 2426 appella-

185 2445 260 2499 tio
315 2444 674 2511 fraternitatis,
697 2455 752 2500 et
778 2448 1164 2503 contesseratio
1197 2447 1572 2517 hospitalitatis
1607 2466 1622 2514 ;
1651 2466 1770 2520 qua:

185 2541 301 2607 jura
346 2551 446 2593 non
486 2538 585 2593 alia
623 2539 764 2593 ratio
789 2541 952 2610 regit,
990 2555 1149 2610 quam
1181 2541 1422 2610 ejusdem
1449 2543 1769 2600 sacramenti

196 2646 301 2684 una
317 2629 530 2686 traditio.
544 2630 697 2686 Hanc
717 2631 878 2702 igitur
895 2631 1173 2704 dirigimus
1193 2633 1646 2702 praescriptionem
1665 2634 1766 2705 (2):

199 2724 248 2777 si
276 2721 508 2777 Dominus
542 2722 702 2778 Jesus
731 2723 974 2778 Christus
1020 2725 1306 2793 Apostolos
1357 2725 1502 2779 misit
1531 2725 1596 2779 ad
1630 2740 1769 2795 prae-

194 2814 485 2880 dicandum,
514 2815 646 2871 alios
692 2830 800 2870 non
853 2831 972 2871 esse
1010 2816 1345 2886 recipiendos
1393 2817 1770 2887 praedicatores

200 2919 362 2972 quam
389 2921 505 2976 quos
542 2906 789 2963 Christus
821 2909 1159 2964 instituit.....
1183 2909 1321 2976 Quid
1364 2921 1540 2967 autem
1578 2913 1768 2981 praedi-

199 3000 445 3066 caverint,
468 3000 513 3056 id
539 3010 624 3057 est
661 3003 786 3073 qttid
815 3003 915 3058 illis
948 3001 1194 3059 Christus
1223 3005 1562 3072 revelaverit,
1606 3013 1661 3061 et
1683 3006 1769 3061 hic

195 3092 504 3162 prescribam
552 3109 660 3149 non
690 3094 847 3149 aliter
873 3087 1088 3164 probari
1125 3095 1347 3161 debere,
1381 3097 1481 3150 nisi
1530 3111 1627 3166 per
1652 3111 1769 3152 eas.

191 3185 312 3240 dem
356 3187 616 3253 ecclesias,
652 3201 787 3257 quas
826 3187 926 3256 ipsi
979 3187 1221 3256 Apostoli
1269 3187 1768 3257 condiderttnt,ipsi

1873 1998 2026 2039 versa
2054 1982 2193 2037 inter
2222 1996 2280 2036 se
2322 1980 2662 2047 docuissent,
2715 1980 2786 2035 ita
2811 1991 2866 2035 et
2885 1981 3163 2052 apostolici
3193 1997 3299 2036 non
3326 1996 3457 2036 con-

1874 2074 2035 2130 traria
2063 2073 2336 2144 Apostolis
2363 2071 2692 2138 edidissent,
2724 2072 2827 2126 nisi
2858 2071 2933 2126 illi
2976 2072 3066 2143 qui
3098 2073 3166 2127 ab
3186 2074 3456 2143 Apostolis

1873 2165 2236 2231 desciverunt,
2265 2173 2320 2219 et
2340 2163 2495 2218 aliter
2525 2162 2973 2233 prtcdicaverunt.
3005 2163 3087 2218 Ad
3117 2164 3254 2218 hanc
3285 2166 3464 2234 itaque

1874 2257 2099 2313 formam
2156 2256 2590 2328 provocabuntur
2641 2256 2709 2310 ab
2758 2255 2861 2310 illis
2889 2254 3159 2323 ecclesiis,
3189 2271 3308 2326 quae
3339 2257 3466 2313 licet

1874 2349 2078 2404 nnllum
2117 2363 2184 2402 ex
2211 2347 2504 2417 Apostolis,
2535 2347 2616 2401 vel
2647 2345 2963 2416 apostolicis"
2989 2355 3266 2401 auctorem
3307 2361 3461 2404 suum

1872 2441 2169 2513 proferant,
2198 2448 2258 2495 ut
2305 2440 2476 2494 multo
2534 2439 2882 2509 posteriores,
2905 2454 3025 2510 qua:
3071 2438 3305 2510 denique
3331 2455 3464 2510 quo-

1875 2533 2003 2589 tidie
2045 2533 2412 2596 instituuntur,
2463 2541 2638 2586 tamen
2688 2532 2742 2585 in
2788 2529 2978 2585 eadem
3013 2530 3117 2585 ﬁde
3142 2532 3462 2600 conspiran-

1875 2634 1977 2691 tes,
2008 2640 2114 2680 non
2167 2624 2344 2678 minus
2389 2622 2697 2692 apostolica:
2753 2621 3077 2691 deputantur
3108 2637 3205 2692 pro
3235 2638 3464 2679 consan—

1872 2716 2128 2788 guinitate
2167 2713 2446 2769 doctrinae.
2479 2711 2554 2766 lta
2585 2727 2772 2766 onmes
2819 2712 3054 2767 haereses
3091 2711 3157 2766 ad
3182 2721 3464 2784 utramque

1872 2810 2098 2866 formam
2126 2824 2155 2863 a
2183 2809 2381 2864 nostris
2411 2807 2652 2862 ecclesiis
2678 2814 2977 2876 provocatae
3004 2807 3233 2875 probent
3259 2823 3317 2863 se
3335 2817 3464 2874 qua-

1873 2921 1976 2974 qua
2011 2911 2198 2973 putant
2225 2901 2566 2972 apostolicas.
2594 2899 2700 2957 Sed
2729 2899 2864 2954 adeo
2892 2913 2992 2954 nec
3032 2906 3176 2958 sunt.
3211 2914 3310 2955 nec
3341 2914 3463 2970 pos—

1873 3005 1999 3052 sunt
2030 2994 2260 3064 probare
2280 2993 2422 3064 quod
2447 3007 2551 3047 non
2583 3000 2744 3056 sunt;
2777 3004 2877 3045 nec
2900 2989 3238 3060 recipiuntur
3278 2991 3329 3044 in
3369 3006 3465 3061 pa-

1872 3103 1989 3144 cem
2016 3127 2031 3154 ,
2065 3096 2119 3141 et
2172 3086 2224 3140 in
2266 3083 2806 3140 communicationem
2851 3082 2920 3137 ab
2960 3081 3206 3136 ecclesiis
3251 3096 3464 3152 quoquo

1874 3181 2035 3237 modo
2059 3179 2408 3250 apostolicis;
2439 3178 2647 3233 scilicet
2663 3177 2732 3230 ob
2757 3175 3121 3231 diversitatem
3143 3175 3464 3230 sacramenti

189 3277 271 3331 eis
318 3276 668 3344 pradicando,
722 3285 829 3331 tam
862 3279 977 3332 viva
1011 3278 1174 3350 (quod
1223 3279 1394 3349 aiunt)
1425 3294 1577 3344 voce,
1610 3295 1768 3349 quam
1795 3275 1840 3339 C
1875 3276 2025 3331 nullo
2055 3274 2216 3329 modo
2243 3273 2573 3344 apostolicae.
2613 3292 2632 3324 ι
2666 3269 2773 3327 Sed
2818 3270 2947 3324 nihil
3005 3269 3326 3324 lucttlentius
3373 3269 3460 3336 iis,

190 3380 286 3435 per
309 3367 553 3437 epistolas
583 3375 790 3437 postea.
821 3366 876 3422 Si
906 3367 1019 3422 hzec
1041 3368 1111 3422 ita
1138 3377 1282 3434 sunt,
1312 3377 1521 3423 constat
1548 3369 1769 3439 proinde

188 3471 397 3512 onmem
426 3458 878 3530 doctrinam,qutc
910 3474 1029 3514 cum
1058 3460 1164 3514 illis
1195 3460 1438 3515 ecclesiis
1463 3462 1768 3530 apostolicis

186 3549 488 3604 matricibus
539 3559 591 3604 et
632 3550 984 3621 originalibus
1032 3549 1153 3604 ﬁdei
1209 3552 1480 3619 c0n3piret
1509 3593 1524 3616 ,
1557 3552 1768 3608 veritati

190 3640 557 3710 deputandam,
584 3641 636 3696 id
678 3642 794 3697 sine
820 3641 1000 3706 dubio,
1033 3651 1303 3699 tenentem
1335 3641 1478 3711 quod
1513 3641 1770 3696 Ecclesiae

194 3732 258 3786 ab
285 3733 565 3802 Apostolis,
591 3733 835 3803 Apostoli
866 3749 895 3787 a
920 3732 1158 3799 Christo,
1187 3733 1432 3788 Christus
1463 3749 1489 3786 a
1516 3733 1628 3788 Deo
1653 3749 1770 3789 sus-

197 3826 329 3894 cepit
361 3844 374 3882 :
403 3828 656 3897 reliquam
687 3842 814 3880 vero
857 3840 1072 3882 omnem
1111 3825 1409 3882 doctrinam
1438 3825 1505 3881 de
1551 3826 1769 3881 menda-

196 3919 275 3970 cio
300 3918 758 3988 pmjudicattdam,
790 3935 908 3988 qua:
947 3920 1118 3988 sapiat
1151 3926 1337 3974 contra
1360 3919 1640 3974 veritatem
1680 3934 1768 3974 ec-

199 4007 460 4064 clesiarum
490 4053 504 4076 ,
560 4019 615 4064 et
660 4011 1084 4079 Apostolorum,
1135 4020 1188 4065 et
1247 4009 1492 4076 Christi,
1542 4019 1598 4066 et
1651 4010 1764 4066 Dei.

202 4093 437 4168 Superest
483 4117 608 4174 ergo
674 4103 751 4157 uti
804 4102 1253 4171 demonstremus,
1300 4119 1366 4158 an
1417 4105 1559 4168 hinc
1588 4116 1768 4160 nostra

208 4188 445 4258 doctrina,
467 4194 615 4263 cujus
656 4195 896 4265 regulam
928 4210 1086 4264 supra
1132 4195 1418 4260 edidimus,
1449 4195 1517 4252 de
1540 4197 1770 4266 Aposto-

210 4281 365 4339 lorum
391 4288 661 4342 traditione
686 4297 990 4354 censeatur,
1024 4297 1076 4342 et
1108 4303 1169 4343 ex
1200 4287 1304 4342 hoc
1324 4289 1442 4358 ipso
1471 4303 1537 4344 an
1560 4297 1768 4345 czcterre

218 4370 282 4426 de
307 4378 549 4436 mendacio
578 4379 817 4445 veniant.
847 4380 1314 4434 Communicamus
1352 4393 1474 4433 eum
1523 4379 1768 4436 ecclesiis

223 4465 505 4536 apostolicis,
551 4469 695 4540 quod
726 4469 870 4523 nulla
903 4467 1144 4523 doctrina
1173 4467 1384 4524 diversa
1414 4485 1427 4522 :
1460 4469 1559 4523 hoc
1584 4477 1666 4524 est
1687 4479 1767 4524 le-

219 4553 486 4612 stimonium
534 4559 796 4615 veritatis.
849 4580 868 4612 ι
917 4560 980 4614 Et
1028 4557 1182 4624 infra,
1237 4559 1492 4614 adversus
1535 4561 1766 4614 haereses

1874 3384 1993 3438 qua:
2031 3381 2136 3422 non
2187 3365 2354 3419 multo
2394 3364 2613 3420 inlerius
2643 3363 2710 3418 de
2738 3361 3021 3432 praecipuis
3052 3360 3309 3415 Ecclesiis
3335 3375 3463 3429 apo-

1872 3458 2074 3513 stolicis
2133 3465 2187 3511 et
2230 3456 2527 3525 praesertim
2585 3454 2868 3514 Romana,
2951 3451 3167 3506 disserit
3233 3451 3284 3504 in
3350 3449 3465 3506 lucc

1872 3549 2034 3603 verba
2056 3547 2136 3619 (l)
2169 3565 2182 3602 :
2211 3566 2230 3599 ι
2266 3549 2376 3614 Age
2399 3548 2530 3616 jam,
2561 3547 2651 3616 qui
2678 3547 2830 3601 voles
2878 3542 3243 3598 curiositatem
3274 3541 3464 3597 melius

1871 3655 2126 3696 exercere
2158 3641 2209 3693 in
2255 3640 2472 3708 negotio
2523 3638 2710 3693 salutis
2741 3647 2877 3701 tute,
2916 3649 3169 3705 percurre
3195 3634 3464 3690 Ecclesias

1872 3731 2215 3801 apostolicas,
2261 3730 2398 3800 apud
2449 3744 2581 3801 quas
2632 3729 2762 3798 ipsas
2805 3727 2982 3784 adhuc
3025 3726 3297 3782 cathedrzc
3328 3729 3465 3797 Apo-

1873 3821 2131 3876 stolorum
2163 3822 2276 3876 suis
2304 3821 2434 3875 locis
2455 3820 2832 3890 prtesidentur,
2865 3819 3004 3890 apud
3045 3833 3178 3887 quas
3203 3819 3334 3887 ipsa:
3363 3832 3462 3872 au-

1875 3914 2124 3968 thentica:
2147 3913 2336 3968 littera:
2383 3927 2570 3967 eorum
2623 3911 2937 3974 recitantur,
2970 3918 3226 3964 sonantes
3253 3923 3460 3975 vocem,

1872 4014 1925 4058 et
1947 4011 2394 4072 reprzesentantes
2421 4002 2608 4058 faciem
2644 4002 3078 4071 uniuscujusque.
3112 4001 3361 4056 Proxime
3382 4011 3466 4056 est

1873 4095 1967 4150 tibi
2009 4095 2242 4160 Achaia,
2287 4095 2451 4150 habes
2499 4095 2840 4150 Corinthum.
2901 4092 2959 4148 Si
3012 4107 3119 4147 non
3161 4093 3317 4162 longe
3346 4107 3406 4147 es
3432 4107 3463 4146 a

1872 4188 2178 4244 Macedonia
2208 4187 2420 4254 ,habes
2466 4187 2760 4256 Philippos,
2808 4186 2975 4240 habes
3023 4185 3466 4240 Thessalonicen-

1871 4294 1978 4335 ses.
2012 4281 2069 4336 Si
2114 4286 2265 4349 potes
2292 4279 2345 4332 in
2401 4280 2584 4333 Asiam
2614 4277 2853 4340 tendere,
2883 4275 3347 4345 haberEphesum
3378 4291 3392 4340 ;
3419 4277 3463 4330 si

1871 4382 2048 4428 autem
2094 4370 2260 4425 Italiae
2312 4369 2560 4438 adjaces,
2620 4367 2784 4421 habes
2822 4365 3070 4427 Romam.
3105 4365 3252 4419 unde
3311 4365 3464 4421 nobis

1871 4478 2086 4535 quoque
2132 4462 2421 4516 auctoritas
2449 4469 2645 4530 praesto
2670 4466 2753 4513 est
2803 4474 2816 4510 :
2848 4463 2992 4512 statu
3039 4457 3162 4511 felix
3193 4456 3460 4521 Ecclesia,

1872 4559 1955 4612 cui
1989 4563 2154 4610 totam
2176 4554 2421 4624 Aposmli
2447 4553 2742 4608 doctrinam
2767 4568 2890 4608 cum
2922 4553 3183 4623 sanguine
3217 4565 3316 4605 suo
3341 4566 3464 4621 pro-

223 4658 324 4712 qnac
363 4662 414 4704 se
453 4651 514 4707 tle
543 4662 812 4708 vetustate
851 4652 1157 4722 jactabant,
1207 4667 1432 4721 seseque
1481 4648 2153 4721 imperitis,1)fuderunt,
2210 4647 2296 4701 tibi
2351 4647 2540 4702 Petrus
2593 4645 2827 4716 passioni
2879 4645 3163 4700 dominica:
3217 4646 3464 4714 adequa-

223 4737 341 4803 quod
362 4740 448 4795 sub
495 4743 760 4812 Apostolis
801 4743 1049 4809 fuissent,
1077 4758 1173 4812 pro
1195 4743 1501 4812 apostolicis
1529 4743 1768 4797 vendita-

226 4825 358 4883 bant:
385 4832 449 4896 id,
477 4836 566 4901 ait,
595 4835 704 4889 illis
733 4834 1060 4899 incumbere,
1107 4842 1163 4888 ut
1207 4834 1492 4889 ostendant
1538 4833 1767 4902 aliquem

226 4933 288 4987 Sc,
316 4923 388 4977 vel
414 4941 472 4979 ex
506 4927 797 4996 Apostolis,
825 4927 910 4980 vel
941 4941 1004 4980 ex
1043 4925 1349 4994 apostolicis
1383 4925 1530 4990 viris,
1575 4924 1663 4993 qui
1695 4933 1773 4978 ta-

228 5025 324 5066 men
345 5031 452 5069 cum
482 5018 749 5087 Apostolis
805 5018 1264 5086 perseveraverit,
1315 5030 1426 5070 suae
1459 5015 1658 5070 habere
1692 5016 1772 5070 in-

228 5105 474 5163 stitutionis
522 5122 820 5174 auctorem,
851 5120 943 5164 aut
989 5110 1176 5164 saltem
1225 5108 1638 5179 apostolicarum
1689 5123 1775 5163 ec-

227 5195 464 5256 clesiarum
490 5202 870 5257 communione
897 5202 1054 5270 potiri
1084 5199 1162 5272 (3)
1203 5217 1215 5254 :
1247 5199 1544 5256 «Caeterum
1574 5199 1619 5255 si
1649 5215 1769 5270 qua:

226 5289 382 5346 audent
408 5293 641 5350 inserere
665 5308 726 5349 se
746 5293 893 5348 aetati
918 5293 1249 5363 apostolicae,
1272 5302 1328 5347 ιιι
1355 5292 1474 5346 ideo
1491 5291 1770 5346 videantur

221 5385 274 5440 ab
311 5388 563 5457 Apostolis
616 5387 867 5455 traditae,
912 5388 1033 5457 quia
1073 5387 1172 5442 sub
1216 5385 1487 5456 Apostolis
1540 5384 1769 5449 fuerunt,

221 5488 460 5543 possumus
507 5480 691 5535 dicere
726 5495 739 5530 :
774 5478 936 5532 edant
973 5492 1099 5548 ergo
1142 5478 1376 5548 origines
1423 5479 1772 5532 ecclesiarum

223 5581 412 5638 suarum,
469 5573 731 5627 evolvant
780 5568 1021 5625 ordinem
1085 5570 1458 5640 episcoporum
1529 5582 1769 5636 suorum,

289 5706 332 5778 l)
351 5709 474 5780 Cap.
505 5710 605 5765 ‘20.

285 5780 315 5832 2
351 5781 478 5850 Cap.
506 5780 604 5834 2|.

288 5786 332 5921 ’ἕοέ
358 5849 488 5922 Cap.
517 5850 608 5905 '52.

289 5885 314 5905 υ

270 5707 285 5918 l

1872 4751 1998 4806 tur;
2031 4738 2117 4794 ubi
2145 4738 2339 4794 Paulus
2381 4738 2639 4793 Johannis
2683 4738 2832 4792 exitu
2861 4747 3188 4801 coronatur,
3227 4735 3467 4804 nbiapo-

1872 4832 2044 4886 stnlus
2095 4831 2389 4896 Johannes,
2426 4839 2770 4900 posteaquam
2824 4830 2874 4884 in
2911 4829 3085 4883 oleum
3119 4831 3327 4896 igneum
3368 4826 3466 4881 dc-

1874 4939 2119 4991 mersus,
2155 4923 2283 4978 nihil
2331 4938 2520 4994 passus
2547 4932 2629 4980 est
2653 4963 2668 4988 ,
2707 4922 2758 4976 in
2791 4921 3017 4975 insulam
3062 4909 3345 4990 relegatur.
3371 4919 3467 4974 Vi-

1873 5018 2094 5073 deamus
2123 5017 2250 5089 quid
2293 5016 2511 5084 dixerit,
2535 5015 2660 5087 quid
2692 5014 2959 5079 docuerit,
2993 5013 3118 5083 quid
3167 5029 3288 5067 cum
3320 5011 3464 5066 Al‘ri~

1877 5112 2026 5166 canis
2062 5125 2276 5181 quoque
2319 5111 2561 5165 ecclesiis
2612 5108 3028 5162 contesserarit:
3090 5121 3252 5158 tmmn
3301 5105 3466 5158 Deum

1874 5203 2023 5256 novit
2063 5210 2366 5257 creatorem
2407 5198 2789 5263 universitatis,
2818 5206 2872 5251 et
2890 5195 3159 5252 Christum
3192 5196 3374 5251 Jesum
3399 5209 3462 5247 ex

1873 5294 2091 5364 Virgine
2117 5293 2278 5348 Maria
2318 5293 2508 5347 Filium
2548 5290 2640 5344 Dei
2670 5289 2952 5356 creatoris,
2977 5299 3030 5344 et
3058 5286 3241 5342 carnis
3277 5299 3461 5339 resur—

1875 5386 2167 5440 rectionem
2217 5401 2230 5438 :
2276 5385 2446 5452 legem
2474 5389 2525 5434 et
2575 5379 2863 5448 prepltetas
2890 5394 3013 5434 cum
3064 5374 3389 5446 evangelicis
3413 5379 3468 5428 et

1877 5477 2187 5547 apostolicis
2216 5473 2411 5530 litteris
2460 5470 2672 5538 miscet,
2699 5479 2757 5525 et
2786 5469 2909 5524 inde
2941 5475 3089 5538 potat
3119 5465 3277 5520 Iidem
3298 5480 3418 5519 eam
3451 5505 3464 5524 ,

1879 5583 2014 5639 aqua
2043 5567 2255 5636 signat,
2305 5563 2502 5619 Sancto
2547 5560 2747 5631 Spiritu
2772 5561 2971 5626 vestit,
3016 5556 3346 5613 Eucharistia
3378 5570 3471 5625 pa-

1881 5669 2002 5736 scit,
2035 5665 2294 5736 martyrio
2324 5665 2679 5728 cxhortatur;
2721 5669 2776 5717 et
2818 5662 2889 5716 ita
2940 5657 3200 5713 adversus
3225 5655 3362 5710 hanc
3389 5652 3473 5707 in-

1935 5819 2030 5915 ’(1)
2055 5841 2185 5915 Cap.
2213 5842 2304 5902 '56.
