3818 6278
376 349 450 409 95
1493 307 1943 430 DISSERTATIU
1998 345 2478 409 APOLOGETICA
3574 366 3626 424 96

378 466 809 541 chumepiritum
826 466 1356 531 Sanctum,corottam
1377 463 1686 520 aeternitatis
1708 462 1968 528 bravium,
1999 460 2051 520 Α
2078 475 2324 532 magnum
2357 465 2610 523 Basilium
2637 509 2651 533 ,
2692 467 3008 541 Gregorium
3039 471 3368 550 Theologum
3391 518 3405 544 ,
3431 476 3628 552 aliosque

379 563 637 633 angelicae
663 557 971 615 substantiae
1001 555 1240 625 politiam
1266 556 1318 610 in
1347 557 1518 621 caelis,
1543 554 1765 626 gloriam
1789 553 1841 607 in
1863 568 1969 608 sce-

381 657 498 709 cula
527 649 880 709 saeculorum?
912 668 930 700 ι
965 647 1096 715 Quis
1123 647 1352 717 denique
1390 647 1612 701 miretur
1633 688 1647 712 ,
1691 645 1972 714 Perpetua:

381 741 674 798 visionibus
720 740 792 793 ttti
846 753 968 794 eum
1010 738 1245 794 voluisse
1285 737 1350 791 ad
1400 736 1731 806 probandum
1759 775 1774 800 ,
1827 736 1972 791 solos

380 843 503 889 ante
543 831 681 888 diem
713 830 903 901 judicii
948 829 1206 885 solemnis
1249 839 1512 902 martyres
1553 831 1603 884 in
1647 830 1842 884 coelum
1889 845 1975 884 re-

379 925 521 997 cipi?
569 924 682 980 Non
716 935 799 981 est
839 923 1078 994 profecto
1118 923 1171 979 id
1220 924 1388 994 magis
1425 923 1725 977 mirandum
1752 964 1764 984 ,
1813 937 1973 992 quam

383 1017 524 1090 quod
562 1017 746 1073 Rutilii
786 1018 1035 1088 martyris
1079 1019 1130 1071 itt
1189 1017 1326 1071 libro
1377 1015 1633 1072 adversus
1681 1015 1974 1069 Ecclesiatn

381 1109 721 1181 promulgato
775 1124 897 1163 eum
943 1108 1108 1163 multa
1154 1107 1312 1163 laude
1357 1107 1704 1172 meminerit,
1754 1108 1977 1175 ejusque

383 1191 632 1270 exemplo
671 1215 799 1255 usus
837 1199 996 1255 fuerit
1023 1198 1088 1254 ad
1122 1197 1494 1269 probandum,
1535 1195 1838 1267 fugiendam
1872 1212 1975 1251 non

386 1309 509 1350 esse
540 1295 967 1364 persecutionem
995 1334 1008 1358 ,
1047 1292 1172 1363 quia
1205 1291 1334 1345 nihil
1363 1291 1482 1360 fuga
1513 1291 1716 1360 prosit,
1753 1290 1795 1342 si
1839 1289 1979 1343 Deus

389 1388 544 1443 nolit.
593 1406 610 1439 ‹
652 1387 882 1442 Rutilius
926 1386 1292 1440 sanctissimus
1333 1393 1554 1455 martyr,
1596 1398 1717 1438 cum
1759 1382 1978 1446 totiens,

390 1477 562 1548 inquit
585 1475 667 1549 (l)
693 1519 709 1544 ,
742 1476 965 1547 fugisset
990 1476 1416 1546 persecutionem
1447 1472 1513 1528 de
1544 1473 1663 1528 loco
1698 1473 1752 1526 in
1780 1471 1979 1537 locum,

389 1569 550 1626 etiam
589 1569 884 1640 periculum
948 1567 1028 1640 (ut
1069 1565 1306 1635 putabat)
1353 1567 1585 1621 nummis
1641 1565 1978 1632 redemisset,

394 1677 514 1740 post
562 1675 726 1721 totam
773 1666 1148 1730 securitatem,
1175 1679 1332 1734 quam
1374 1661 1473 1717 sibi
1507 1667 1886 1731 prospexerat,
1917 1673 1981 1711 ex

395 1761 670 1831 inopinato
696 1760 1082 1831 apprehensus,
1116 1768 1167 1812 et
1193 1756 1405 1828 praesidi
1437 1755 1668 1819 oblatus,
1702 1751 1985 1807 tormentis

2076 557 2126 612 id
2154 559 2366 628 generis
2412 560 2662 618 doctores
2710 564 3006 620 catholicos
3048 581 3154 622 non
3200 568 3469 624 afficiunt?
3495 573 3628 640 Quam

2075 650 2235 705 iidem
2279 665 2382 705 non
2424 651 2662 709 tribuunt
2699 654 2932 713 Nicaeuis
2969 657 3216 714 Patribus
3258 663 3633 724 auctoritatem?

2075 740 2243 807 Qttam
2277 759 2482 814 magna:
2517 745 2640 800 huic
2661 747 2868 817 synodo
2893 751 3271 818 reverentiam,
3305 752 3632 828 honoremque

2077 846 2182 886 non
2205 832 2488 889 deferunt?
2517 838 2759 907 quamvis
2778 839 3038 895 Catharos
3060 855 3156 896 seu
3175 841 3500 901 Novatianos
3526 847 3634 906 inter

2079 924 2358 980 haereticos
2411 929 2722 984 nutnerarit.
2793 930 2930 995 Quid
2970 947 3134 1002 porro
3175 933 3348 990 dicam
3374 937 3442 992 de
3480 939 3538 995 iis
3561 946 3628 1012 qui

2079 1017 2178 1071 sub
2193 1015 2404 1072 Juliano
2431 1019 2708 1099 Apostata,
2735 1021 2836 1076 sub
2858 1021 3085 1079 Valente
3107 1025 3434 1095 imperatore
3459 1030 3628 1100 ariano,

2079 1116 2132 1162 et
2162 1109 2212 1161 in
2242 1107 2462 1163 Perside
2497 1110 2596 1164 sub
2625 1110 2858 1180 Sapore,
2902 1115 3226 1185 martyribus
3249 1159 3263 1184 ,
3314 1119 3456 1186 passi
3498 1125 3633 1178 sunt?

2080 1201 2292 1270 quantis
2318 1214 2347 1253 a
2369 1199 2589 1257 Socrate
2614 1201 3004 1271 etSozomeno,
3033 1206 3278 1262 laudibus
3294 1209 3636 1270 celebrantur?

2083 1307 2260 1348 annon
2292 1307 2385 1347 eos
2427 1307 2582 1348 veros
2621 1294 2780 1358 inter,
2810 1311 2870 1350 ac
2899 1299 3160 1367 genuinos
3187 1298 3392 1356 Christi
3420 1313 3639 1375 martyres

2084 1387 2402 1441 numerant?
2449 1402 2627 1442 annon
2669 1403 2853 1444 eorum
2907 1393 3075 1456 Acta,
3125 1402 3390 1462 quantum
3443 1395 3636 1466 ipsorum

2086 1476 2138 1530 itt
2160 1477 2457 1532 scribendis
2480 1477 2721 1534 historiis
2748 1480 3049 1536 institutunt
3071 1483 3396 1552 patiebatur,
3429 1486 3478 1540 in
3501 1487 3635 1545 lucem

2087 1566 2398 1637 proferunt?
2443 1584 2620 1641 annon
2651 1571 2894 1627 eamdem
2945 1573 3069 1639 illis,
3098 1590 3258 1644 quam
3279 1576 3514 1647 antiquis
3536 1594 3640 1634 mar-

2089 1660 2294 1731 tyribus
2340 1661 2580 1716 tribuunt
2607 1665 3012 1733 auctoritatem,
3050 1668 3298 1734 quamvis
3323 1684 3430 1724 non
3466 1672 3640 1742 ignora-

2096 1761 2216 1806 rent
2267 1768 2372 1808 non
2402 1768 2499 1808 eos
2519 1757 2816 1810 novatiana:
2845 1756 3010 1814 fuisse
3035 1800 3048 1824 ,
3090 1762 3184 1815 sed
3236 1762 3512 1818 catholica:
3531 1779 3641 1822 com-

391 1852 680 1923 dissipatus
709 1895 725 1920 ,
769 1851 928 1908 credo
957 1894 970 1918 ,
1022 1866 1118 1923 pro
1163 1850 1299 1921 fugze
1359 1849 1742 1919 castigatione,
1795 1846 1991 1902 dehinc
2020 1839 2069 1900 B
2099 1844 2405 1900 munionis?
2438 1846 2499 1900 Et
2525 1862 2684 1917 porro
2710 1849 3044 1916 mirabimur,
3075 1851 3120 1906 si
3148 1862 3340 1908 auctor
3366 1858 3641 1912 montanista

393 1943 604 2013 ignibus
625 1943 800 2008 datus,
827 1944 1154 2014 passionem,
1182 1958 1340 2012 quam
1363 1943 1572 2004 vitarat,
1600 1940 1980 1994 misericordiae

397 2038 493 2092 Dei
525 2037 727 2092 retulit.
759 2037 893 2105 Quid
921 2036 1063 2091 aliud
1089 2037 1258 2090 voluit
1288 2036 1546 2091 Dominus
1577 2035 1729 2089 nobis
1753 2033 1976 2090 demon-

396 2113 571 2184 strare
621 2129 723 2184 hoc
752 2128 1077 2183 documento
1101 2169 1114 2190 ,
1145 2143 1303 2198 quam
1350 2127 1652 2198 fugiendum
1692 2141 1796 2180 non
1839 2140 1983 2192 esse,

397 2220 519 2291 quia
561 2219 690 2274 nihil
734 2218 854 2290 fuga
899 2220 1104 2289 prosit,
1143 2220 1188 2274 si
1227 2220 1366 2275 Deus
1402 2218 1578 2273 nolit?
1614 2238 1631 2271 ι
1667 2216 1782 2272 Νοη
1825 2216 1984 2281 hunc,

397 2320 548 2382 puto,
584 2312 875 2382 Basnagius
900 2310 1138 2367 dicturus
1164 2319 1244 2366 est
1269 2321 1556 2382 martyrem
1581 2310 1984 2373 montanistam,

399 2417 523 2458 cum
571 2403 672 2458 sibi
705 2403 910 2460 licitum
937 2418 1058 2458 esse
1087 2401 1372 2458 crediderit
1398 2402 1551 2456 saluti
1585 2416 1693 2456 suae
1726 2400 1843 2472 fuga
1871 2415 1991 2454 con-

401 2495 576 2550 sulere
618 2504 671 2550 et
728 2496 1019 2565 periculum
1079 2495 1248 2564 pretio
1298 2492 1594 2558 redimere;
1644 2507 1762 2563 qum
1810 2491 1990 2546 illicita

404 2603 472 2645 ex
500 2588 735 2644 Montani
763 2589 1036 2661 disciplina
1065 2589 1429 2655 habebantur;
1477 2597 1531 2644 et
1558 2597 1734 2642 tamen
1765 2597 1840 2643 tot
1871 2597 1990 2642 tan-

405 2688 565 2750 taque
588 2681 638 2734 in
661 2696 782 2736 eum
808 2683 1050 2752 congerit
1081 2681 1343 2751 praeconia
1371 2723 1384 2743 ,
1413 2681 1636 2752 ejusque
1665 2681 1990 2750 exemplum,

401 2779 461 2825 ut
525 2773 840 2828 sanctissimi
893 2774 1180 2844 martyris,
1240 2772 1459 2828 adhibet
1528 2773 1595 2828 ad
1665 2774 1990 2844 probandam

400 2879 559 2935 quant
608 2864 919 2921 adstruebat
947 2869 1290 2922 sententiam.
1334 2867 1506 2921 Mavili
1552 2867 1711 2923 etiam
1745 2867 1995 2938 martyris

401 2956 737 3012 Adrumctini
767 2975 888 3014 cum
916 2960 1072 3015 laude
1099 2962 1342 3016 meminit
1372 2962 1423 3015 in
1448 2961 1584 3016 libro
1601 2962 1665 3014 ad
1689 2961 1990 3032 Scapulam,

403 3049 625 3119 ejusque
695 3053 940 3122 exemplo
988 3055 1151 3109 utitur
1193 3055 1260 3110 ad
1308 3058 1636 3125 probandam
1697 3075 1852 3129 quam
1903 3060 1997 3114 ad-

2089 1938 2470 1994 catholicorum
2499 1942 2848 2010 quorumdam
2883 1944 3012 1998 Acta
3044 1955 3342 2016 martyrum
3393 1948 3640 2020 collegerit,

2088 2044 2150 2084 ac.
2179 2029 2371 2084 litteris
2391 2033 2718 2101 consignarit
2733 2036 2757 2086 ξ’
2778 2034 2834 2088 Si
2857 2034 3217 2091 'l‘crtullianus
3238 2036 3552 2095 fortissimos
3573 2057 3639 2096 eos

2090 2132 2356 2192 martyres
2384 2125 2721 2194 nuncuparit,
2753 2136 2806 2182 et
2841 2143 3026 2182 eorunt
3057 2130 3478 2186 revelationibus
3497 2144 3639 2189 aucto-

2091 2216 2301 2270 ritatem
2357 2218 2586 2288 aliquam
2629 2219 2994 2290 honoremque
3036 2221 3339 2276 detulerit?
3391 2222 3543 2295 quue
3573 2227 3642 2281 ad-

2093 2322 2278 2362 versus
2304 2324 2488 2364 eorum
2535 2310 2905 2366 orthodoxiatn
2931 2313 3306 2382 gravissimum
3341 2332 3461 2372 esse
3493 2320 3642 2388 prazju-

2093 2398 2312 2465 diciuut,
2329 2410 2381 2454 et
2397 2415 2492 2455 eos
2509 2400 2730 2470 proinde
2750 2401 3131 2458 catholicorum
3154 2419 3384 2462 numero
3398 2417 3641 2478 martyrum

2094 2494 2431 2558 eximendos,
2455 2504 2508 2548 et
2522 2493 2854 2549 .‘lfontanistis
2871 2495 3268 2566 relinquendos,
3288 2498 3643 2554 arbitrabimur?

2097 2583 2152 2638 Id
2171 2585 2215 2640 si
2249 2586 2318 2639 ita
2339 2595 2419 2640 cst
2439 2625 2453 2649 ,
2481 2594 2855 2656 expungantur
2889 2587 3048 2641 etiam
3079 2597 3291 2658 Oportet
3331 2605 3366 2645 e
3390 2589 3644 2646 Catholico-

2099 2692 2216 2732 rum
2248 2677 2514 2750 diptychis
2545 2687 2622 2732 tot
2661 2680 2984 2734 sanctissimi
3014 2680 3266 2737 doctores
3289 2724 3305 2749 ,
3361 2683 3466 2737 imo
3490 2691 3538 2737 et
3569 2683 3644 2753 ipsi

2097 2773 2296 2830 Niceeni
2329 2774 2510 2829 Patres
2531 2815 2546 2839 ,
2573 2783 2648 2828 tot
2675 2773 2952 2829 fortissimi
2994 2785 3277 2847 martyres,
3312 2786 3392 2832 tot
3417 2779 3560 2832 etiam
3580 2792 3642 2832 re-

2099 2865 2423 2934 ligiosissimi
2454 2865 2739 2928 monachi,
2779 2881 3005 2935 quorum
3044 2867 3229 2922 Iaudes
3267 2883 3370 2924 nec
3420 2869 3645 2934 Socrates,

2101 2972 2200 3013 nec
2227 2957 2560 3013 Sozomenus
2587 2967 2901 3023 tacuerunt;
2939 2969 3349 3030 expungantnr,
3389 2961 3601 3032 inquam,
3627 2975 3647 3014 e

2100 3048 2478 3105 catholicarum
2510 3052 2858 3107 ecclesiarum
2877 3049 3165 3122 diptychis,
3187 3063 3242 3106 et
3262 3051 3542 3106 Novatianis
3569 3065 3648 3105 ac-

403 3144 646 3198 struehat
696 3147 1013 3201 sententiam
1058 3163 1074 3200 :
1118 3147 1259 3217 quod
1319 3149 1457 3202 nulla
1503 3149 1751 3204 videlicet
1781 3151 1990 3216 civitas,
2100 3153 2443 3206 censeantur.
2477 3155 2757 3215 propterea
2786 3145 2926 3217 quod
2958 3149 3008 3200 in
3040 3161 3134 3202 eos
3151 3145 3648 3215 Novatianiscripto-

404 3237 582 3292 nullus
615 3247 922 3304 persecutor
947 3239 1162 3307 impune
1188 3239 1346 3294 laturi
1373 3249 1554 3296 essent
1584 3241 1858 3298 christiani
1883 3260 1997 3298 san-
2022 3217 2068 3281 (ἶ
2103 3249 2186 3290 I‘eS
2219 3245 2294 3289 ιοι
2323 3245 2574 3306 tantaque
2605 3239 2868 3305 ttrmconia
2909 3239 3256 3293 contulerint.

404 3327 578 3397 guinis
595 3327 909 3383 effusionem
938 3329 1014 3399 (Ξ)
1042 3348 1054 3382 :
1080 3349 1098 3380 ι
1126 3330 1242 3386 Tibi
1265 3347 1477 3402 quoque
1489 3342 1733 3404 optamus
1749 3336 1992 3391 admoni—
2171 3329 2264 3384 XI.
2296 3336 2362 3383 At
2383 3345 2483 3400 ego
2506 3347 2610 3385 non
2633 3331 2808 3385 solum
2825 3347 2888 3385 ex
2908 3342 3126 3387 auctore
3150 3333 3475 3388 montanista
3490 3331 3655 3386 nullunt

406 3419 602 3474 tionem
633 3421 799 3473 solam
841 3421 1033 3483 fuisse,
1073 3423 1212 3491 quod
1240 3440 1361 3480 cum
1404 3425 1807 3484 Adrumeticum
1835 3431 1998 3486 Mavi-
2100 3422 2268 3474 ετοίπί
2296 3435 2450 3489 Posse
2465 3422 2715 3476 θκίείίιηο
2735 3421 2934 3476 saliuis
2956 3424 3282 3494 martyribus
3305 3423 3654 3495 Ιιτὶἓίυάίεῖυιηι

406 3510 514 3564 lum
559 3509 622 3564 ad
669 3510 866 3566 bestias
915 3513 1265 3581 damnasses,
1312 3525 1366 3571 ct
1417 3518 1596 3572 statim
1647 3522 1759 3575 haec
1791 3523 1976 3578 vexatit

2100 3512 2226 3580 quin
2258 3522 2312 3566 et
2339 3515 2712 3582 gravissimum
2749 3514 2873 3570 inde
2901 3529 2998 3585 pro
3023 3515 3130 3572 illis
3155 3518 3429 3572 conficere
3457 3517 3573 3571 mihi
3595 3515 3655 3569 vi.

405 3600 688 3656 subsecuta
721 3614 834 3669 est,
867 3613 920 3658 et
960 3621 1099 3658 nunc.
1129 3623 1193 3660 ex
1221 3608 1405 3664 eadem
1453 3626 1611 3666 causa
1643 3613 1976 3683 interpellatit

2101 3601 2232 3657 deor
2259 3616 2654 3670 argumentum.
2678 3604 2794 3659 Non
2819 3606 2960 3660 enim
2980 3608 3211 3677 scriptor
3235 3609 3550 3663 montanista
3572 3604 3659 3660 dis-

409 3693 702 3760 sanguiuis.
741 3713 757 3746 ι
811 3696 878 3750 Ει
911 3697 1051 3752 hunc
1104 3701 1262 3769 igitur
1299 3701 1588 3773 Basnagius
1624 3705 1843 3760 audebit
1895 3719 1999 3762 iam
2103 3694 2426 3759 simulasset,
2459 3703 2551 3749 aut
2577 3696 2754 3750 verbis
2781 3697 2950 3750 solum
2978 3697 3242 3767 ambiguis
3270 3708 3323 3753 et
3351 3698 3582 3754 obscuris
3600 3698 3660 3751 iu-

410 3782 512 3838 levi
540 3785 846 3854 conjectura
867 3831 880 3851 ,
906 3789 1044 3855 quod
1074 3805 1103 3843 a
1134 3790 1466 3846 ’l‘ertulliano
1492 3793 1734 3848 laudatus
1763 3795 1941 3864 fuerit,
1972 3813 2003 3853 e
2103 3783 2354 3848 (“035501.
2380 3784 2696 3861 fol'liSSimOS
2719 3786 2946 3841 athletas
2967 3800 3128 3843 secta!
3153 3802 3262 3844 sua!
3300 3801 3556 3863 martyres
3592 3804 3659 3842 el-

411 3874 851 3932 Muntanistarum
880 3891 1022 3934 secta
1051 3893 1340 3952 martyrem
1375 3885 1758 3951 pronuntiare?
1787 3886 1976 3957 Psychi

2105 3877 2328 3943 stitisse,
2361 3877 2458 3931 hos
2486 3891 2673 3932 novam
2696 3878 3022 3948 pr0phetiam
3041 3882 3242 3934 fructus
3264 3885 3598 3951 gertninassc,
3612 3878 3660 3932 ad

412 3982 504 4021 cos
537 3984 641 4022 non
665 3970 828 4034 adeo,
863 3981 917 4024 nt
943 3972 1181 4038 ostendi,
1206 3973 1533 4042 contemptui
1563 3974 1832 4029 habebant
1856 3975 2005 4030 Mon-
2107 3967 2370 4037 eil|8m0di
2413 3969 2705 4023 Gerlalltilla
2736 3970 2956 4025 duriore
3001 3986 3157 4041 quam
3190 3972 3494 4040 invexerat.
3534 3970 3665 4025 diSCi'

414 4064 620 4117 lanistae
643 4106 657 4128 ,
689 4073 744 4118 ut
768 4081 860 4119 cos
886 4066 952 4120 ab
975 4066 1238 4121 ltmrelicis
1266 4083 1369 4119 non
1406 4066 1793 4136 distinguerent
1819 4111 1832 4134 ,
1869 4079 1926 4123 ut
1953 4069 2004 4124 iu
2109 4061 2254 4131 plina
2284 4061 2591 4116 Montanum
2621 4062 2868 4118 imbelles
2886 4080 3100 4134 quoque
3129 4065 3358 4120 feminas
3383 4065 3663 4121 instituisse.

413 4153 479 4209 iis
515 4171 632 4223 quae
671 4165 796 4211 sunt
822 4157 964 4223 fidei,
997 4159 1183 4212 alienae
1204 4175 1298 4213 eos
1324 4161 1712 4214 communionis
1738 4175 1856 4214 esse
1876 4176 2005 4215 ceu-
2109 4154 2357 4221 Quiuimo
2404 4155 2517 4210 lucc
2561 4157 2768 4224 aliaque
2807 4155 3111 4224 hujusutodi
3161 4158 3336 4226 palam
3394 4157 3668 4227 apet'tiS‘l“c

414 4257 629 4314 sercnt,
675 4257 732 4302 ut
761 4263 947 4304 eorum
991 4250 1220 4318 denique
1255 4263 1518 4322 martyres
1551 4251 1780 4306 ludibrio
1811 4254 2008 4321 pariter
2110 4247 2289 4301 Verbis
2335 4247 2711 4314 praedicasset,
2754 4258 2808 4301 et
2865 4259 3164 4317 opportune
3211 4250 3503 4320 importune
3541 4243 3671 4299 nulla

415 4338 674 4393 haberent
707 4360 719 4394 :
749 4357 919 4412 neque
949 4341 1328 4409 Tertullianus,
1362 4358 1682 4414 quamquam
1720 4343 2008 4400 Catholicis
2112 4352 2217 4392 "0"
2244 4339 2408 4392 ferme
2433 4339 2619 4408 ρηεὶιιίι
2641 4340 2928 4394 “moribus
2963 4340 3300 4408 ίηειιιοθεεοι-
3325 4341 3406 4394 Ᾱη
3438 4323 3671 4394 "ese-mm

423 4431 814 4488 infensissimus
841 4444 896 4488 et
923 4434 1154 4488 Montani
1183 4437 1435 4491 defenstir
1462 4439 1778 4500 acerrimus,
1809 4454 1874 4493 eo
1905 4454 1974 4492 ttn

2111 4445 2230 4499 qua:
2260 4431 2326 4483 sit
2368 4429 2451 4483 his
2490 4431 2557 4484 dc
2600 4433 2759 4486 rebus
2803 4431 3172 4486 haereticorum
3203 4430 3499 4501 jactantia?
3538 4439 3669 4497 quam

415 4540 574 4594 quam
599 4528 825 4580 vesania-
845 4529 1125 4596 processit,
1155 4539 1209 4582 ut
1234 4529 1298 4584 iis
1323 4531 1410 4600 qui
1441 4531 1491 4582 iu
1514 4529 1806 4583 Catholicae
1823 4531 2006 4585 Eccle—
2027 4593 2072 4600 _
2114 4524 2237 4577 inde
2262 4525 2469 4578 soleant
2511 4525 2738 4580 inaniter
2777 4525 3072 4593 superbire,
3107 4526 3336 4580 similive
3371 4528 3570 4592 arrepta
3598 4531 3672 4571 oc-

416 4615 509 4668 sim
535 4615 652 4668 sinu
673 4628 933 4686 martyres
960 4619 1460 4687 occubuissent,aut
1486 4621 1722 4691 martyrii
1750 4593 2325 4677 corottachasioue
2376 4619 2426 4671 in
2475 4614 2775 4671 Catholicos
2830 4617 3291 4684 impudentissime
3353 4608 3671 4673 debacchari?

416 4706 744 4774 detraheret,
764 4708 1088 4762 antmeritas
1110 4710 1291 4765 laudes
1321 4713 1690 4782 praeconiaque
1720 4713 2000 4768 invideret.
2113 4710 2370 4779 Exemplo
2398 4726 2517 4765 esse
2547 4721 2719 4780 potest
2739 4723 2926 4766 anetor
2953 4712 3248 4777 Donatista,
3279 4713 3368 4781 qui
3401 4716 3670 4766 sanctorum

489 4796 556 4851 Χ.
590 4799 708 4866 Quo
751 4798 801 4852 id
845 4798 1018 4852 minus
1060 4801 1316 4856 mirentur
1359 4804 1411 4857 in
1456 4803 1823 4869 Muntanistis,
1854 4807 2007 4861 simi-
2112 4803 2405 4867 Saturnini,
2428 4802 2660 4856 Dativiet
2682 4803 2946 4856 sociorum
2963 4802 3673 4873 martyrumActalitterarnm

420 4888 542 4942 liter
565 4889 940 4945 haereticorum
964 4893 1206 4962 exempla
1241 4911 1343 4947 non
1367 4893 1579 4949 desunt.
1619 4897 1839 4964 Quantis
1861 4899 2005 4952 enim
2112 4893 2470 4949 monumentis
2497 4894 2848 4964 consignavit.
2870 4891 3121 4961 Quamvis
3138 4893 3278 4948 enim
3297 4892 3488 4948 laudati
3506 4897 3672 4956 marty-

421 4977 665 5034 laudibus
695 4980 940 5038 Socrates
967 4992 1021 5038 et
1057 4984 1388 5039 Sozmnenus
1412 5028 1426 5053 ,
1457 4985 1579 5040 licet
1615 4986 1895 5042 Novatiani
1921 5005 2009 5042 ca-
2112 5003 2200 5043 res
2225 5003 2255 5042 e
2284 4986 2670 5042 Donatistarum
2703 4998 2845 5041 secta
2869 5004 2972 5042 non
3001 4987 3219 5050 fuerint,
3248 5001 3369 5040 cum
3403 4985 3496 5038 nisi
3524 4980 3674 5037 sedata

421 5070 646 5125 tholicos
697 5089 800 5126 non
861 5075 1030 5142 solum
1085 5086 1374 5146 martyres.
1427 5077 1519 5131 sed
1572 5079 1733 5132 etiam
1762 5079 2012 5134 doctores
2119 5081 2489 5149 persecutione
2526 5089 2782 5148 praetextu
2821 5078 3119 5131 traditionis
3166 5078 3450 5132 conflatum
3477 5073 3673 5130 schisma

420 5178 526 5217 non
555 5165 853 5218 exornant?
879 5165 1060 5234 Neque
1088 5182 1180 5222 eos
1200 5167 1319 5222 dico
1347 5178 1611 5240 martyres
1647 5178 1736 5224 aut
1764 5170 2015 5227 doctores
2069 5187 2078 5195 ·
2119 5187 2223 5227 non
2251 5170 2320 5226 sit
2344 5184 2358 5233 ;
2390 5179 2623 5225 attamen
2651 5171 2771 5239 quia
2797 5169 2935 5235 passi
2953 5177 3076 5222 sunt
3094 5183 3161 5222 ne
3186 5166 3392 5223 divinas
3410 5165 3676 5242 Scripturas

419 5259 540 5326 qui,
574 5266 856 5327 antequam
893 5257 1216 5315 Novatiauus
1246 5262 1479 5316 schisma
1507 5261 1798 5329 conflaret,
1833 5264 1883 5318 in
1914 5263 2015 5318 Ec-
2120 5261 2554 5334 persecutoribus
2599 5260 2913 5328 traderent,
2953 5268 3006 5313 et
3064 5258 3346 5314 traditores
3399 5253 3676 5311 videbantur

419 5348 579 5403 clesia
599 5349 856 5404 catholica
874 5349 1194 5407 floruerunt:
1214 5353 1307 5408 sed
1329 5369 1442 5410 eos.
1467 5353 1556 5423 qui
1575 5353 1828 5424 deinceps
1843 5358 2014 5412 exorti
2120 5355 2368 5424 exemplo
2397 5369 2494 5408 suo
2534 5352 2945 5422 praedamnasse,
2977 5365 3178 5420 suaque
3204 5348 3569 5404 communione
3589 5343 3674 5409 eje-

421 5449 566 5504 sunt,
597 5448 652 5495 et
675 5455 704 5493 a
743 5441 935 5510 quibus
960 5442 1156 5496 laudati
1180 5443 1470 5512 scriptorcs
1493 5443 1694 5513 optime
1726 5455 2009 5515 noverant,
2120 5449 2294 5504 cisse:
2330 5447 2520 5501 mirum
2551 5459 2706 5515 quam
2734 5443 2856 5498 inde
2881 5458 2940 5498 se
2957 5443 3142 5511 jactet,
3181 5457 3352 5512 quave
3380 5431 3672 5509 impudentia

419 5529 744 5586 Novatianos
775 5532 916 5588 inter
956 5534 1236 5588 haereticos
1275 5536 1594 5604 computari.
1628 5535 1831 5604 Quibus
1868 5539 2012 5593 enim
2119 5541 2172 5595 iu
2238 5539 2541 5594 Catholicos
2612 5536 2850 5604 insurgat
2925 5533 3384 5605 petulantissimus
3438 5519 3671 5594 scriptor!

420 5623 707 5694 praeconiis
734 5623 978 5689 Hosium,
1011 5624 1404 5691 Athanasium,
1438 5627 1802 5686 Alexandrum
1830 5631 1890 5687 C.
1922 5633 2010 5700 P.,
2126 5651 2145 5685 ‹
2170 5631 2420 5698 Devicta,
2459 5649 2477 5682 ι
2518 5629 2687 5700 inquit
2725 5626 2827 5700 (l),
2884 5646 2903 5679 ι
2947 5639 3106 5696 atque
3145 5633 3410 5696 prostrato
3457 5615 3673 5677 diabOIO:

493 5735 573 5810 (f_)
598 5735 718 5810 Lib.
747 5737 811 5810 de
837 5735 987 5807 Fuga
1008 5738 1061 5792 in
1095 5736 1354 5792 Persecut.
1382 5752 1500 5810 cap.
1528 5741 1582 5796 5.

498 5805 577 5875 (‘2)
607 5806 737 5875 Cap.
772 5807 826 5860 5.
925 5805 936 5807 ⁷
1450 5805 1464 5810 ’

2193 5808 2272 5880 (l)
2299 5808 2353 5864 ln
2381 5808 2588 5880 praefat.
