3818 6278
130 312 199 368 97
979 316 1115 376 PRO
1150 320 1246 378 SS.
1291 317 1680 395 PERPETUA,
1713 325 2121 392 FELICITATE
2161 332 2250 393 ET
2288 337 2524 399 SOCIIS.
3355 353 3427 413 98

137 431 402 488 victricem
456 433 690 502 palmam
757 434 809 488 in
871 438 1119 506 passione
1166 450 1459 510 gestantes,
1518 449 1958 520 senten—Acnm
2017 453 2348 523 adjutoribus
2413 457 2524 512 suis
2568 469 2895 529 pugnatarus
2935 476 3166 519 mecum.
3197 463 3428 523 Veniunt

142 531 272 584 tiam
331 529 385 584 in
440 529 741 596 traditores,
796 541 953 604 alque
1003 536 1054 589 in
1086 550 1270 592 eorum
1302 551 1599 609 consortes,
1629 559 1732 612 qua

147 621 268 676 illos
296 621 361 674 ab
384 620 627 677 Ecclesiae
640 626 1019 681 communione
1042 626 1360 698 rejecerant,
1386 635 1561 687 cuncti
1592 649 1751 709 marg

153 724 297 786 tyres
317 716 516 785 proprio
555 716 815 786 sanguine
852 708 1258 790 consignabant.
1302 722 1405 778 Fas
1435 726 1576 780 enim
1625 740 1729 781 non

157 807 360 872 fuerat,
405 815 457 860 ut
484 807 535 862 in
574 807 820 864 Ecclesia
853 810 944 866 Dei
974 813 1132 866 simul
1160 823 1342 869 essent
1369 826 1634 887 martyres
1675 827 1730 872 et

162 900 446 956 traditores.
485 918 504 952 ι
540 900 827 972 Aliquidne
857 903 908 958 in
941 915 1158 962 auctore
1210 907 1527 963 Montanista
1557 910 1732 966 simile

162 992 409 1048 occurrit?
433 990 621 1047 Mirum
651 1008 811 1062 quam
852 996 1092 1051 modeste
1115 1038 1130 1064 ,
1159 1013 1318 1068 quam
1353 1000 1649 1056 verecunde
1672 1015 1730 1056 se

163 1087 330 1156 gerat!
359 1085 437 1139 Ait
477 1084 696 1154 quidem
741 1101 801 1142 se
850 1102 1016 1143 novas
1063 1090 1300 1146 visiones
1338 1101 1392 1146 et
1423 1092 1730 1162 prophetias

163 1190 423 1245 agnoscere
441 1216 457 1239 ,
484 1186 650 1246 atque
676 1175 944 1235 honorare
969 1198 981 1233 :
1022 1180 1115 1235 sed
1146 1180 1425 1252 Perpetua:
1448 1183 1732 1254 Saturique

158 1267 366 1321 visiones
389 1280 454 1320 ac
481 1267 744 1324 caelestes
770 1269 1125 1327 revelationes
1148 1271 1337 1329 litteris
1361 1274 1727 1343 mandaturus,

149 1371 245 1411 non
274 1356 392 1412 ideo
418 1355 714 1413 Catholicis
737 1359 977 1428 insultat,
1009 1363 1098 1432 qui
1126 1377 1292 1419 novos
1328 1365 1618 1435 prophetas
1646 1381 1731 1422 re-

148 1447 314 1518 cipere
341 1449 690 1504 recusabant.
728 1449 869 1506 Suos
907 1451 1121 1521 quidem
1159 1455 1225 1509 ad
1271 1455 1567 1511 habendam
1608 1471 1729 1512 cum

148 1540 458 1610 martyribus
483 1543 918 1598 communionem
955 1543 1304 1601 adhortatur:
1349 1546 1445 1603 sed
1484 1564 1587 1602 non
1612 1548 1730 1604 ideo

152 1630 264 1686 illos
299 1646 328 1684 a
365 1631 761 1688 Catholicorum
787 1637 1166 1692 communione
1187 1678 1201 1704 ,
1237 1651 1405 1692 novos
1442 1639 1730 1709 prophetas

159 1723 542 1792 reprobandum
574 1724 747 1794 (quod
786 1735 974 1782 auctor
1003 1728 1276 1784 Donatista
1303 1728 1447 1797 facit)
1470 1731 1724 1788 deterret.

163 1813 492 1870 Undeautem
511 1815 754 1871 haeretica
778 1817 979 1873 homini
1005 1827 1149 1875 tanta
1179 1820 1464 1876 modestia?
1485 1822 1584 1876 nisi
1608 1822 1728 1892 quia
1762 1831 1810 1892 B
1840 1832 2016 1889 [ianus
2046 1838 2235 1906 probat
2276 1841 2505 1896 animam
2555 1858 2674 1901 esse
2707 1865 2726 1898 (
2761 1849 2891 1904 aerii
2925 1813 3142 1921 colopis:

165 1908 356 1977 optime
379 1917 627 1975 noverat,
659 1925 719 1966 se
743 1926 848 1966 non
879 1914 1318 1968 montanistarnm
1337 1957 1354 1982 ,
1387 1914 1482 1970 sed
1511 1915 1738 1972 catholi-

164 2012 502 2072 corum-gesta
534 2010 828 2074 martyrum
854 2003 1046 2059 litteris
1065 2005 1464 2063 commendare.

787 2117 1011 2175 CAPUT
1059 2120 1145 2175 111.

153 2238 380 2282 lNTERNIS
407 2229 651 2285 BASNAGll
681 2245 945 2286 Αιινειιειιε
987 2247 1222 2289 NOSTROS
1264 2249 1550 2290 HARTYRES
1581 2251 1744 2292 ARGU'

336 2335 536 2375 MENTIS
564 2336 839 2376 GENERALE
868 2338 1170 2380 ΒεεΡοΝευιι
1200 2341 1518 2382 ADHIBETUR.

221 2430 256 2485 1.
298 2430 513 2487 Interna
551 2432 800 2506 Basnagii
827 2436 1068 2494 adversus
1094 2451 1293 2496 sanctos
1319 2453 1562 2513 martyres
1596 2460 1748 2515 argu-

159 2533 330 2577 menta.

228 2613 286 2667 11.
317 2615 559 2669 Actorum
587 2617 756 2686 potius
780 2620 1099 2690 compilatori
1127 2622 1255 2690 ﬁdes
1279 2624 1572 2695 deroganda
1600 2636 1744 2694 esset,

171 2721 306 2772 quam
337 2717 631 2763 sanctorum
655 2719 938 2781 martyrum
961 2713 1265 2769 ortltodoxia
1288 2716 1339 2770 in
1364 2717 1572 2772 dubiant
1602 2735 1746 2774 revo-

167 2797 332 2852 cauda.

234 2893 313 2946 llI.
345 2893 586 2950 Rationes
615 2897 940 2954 adducuntur
967 2941 981 2966 ,
1010 2902 1196 2971 quibus
1225 2903 1468 2958 Actorum
1503 2913 1749 2976 γνησιότης

175 2986 222 3039 in
245 2991 626 3044 controuersiam
664 2993 834 3046 vorari
862 3005 1050 3064 posset.
1085 2993 1265 3050 Prima
1304 2999 1434 3052 ratio
1461 3015 1522 3053 ex
1545 3000 1750 3068 quibus-

173 3075 277 3130 dam
314 3079 472 3133 verbis
516 3082 726 3136 exoticis
744 3099 858 3152 qtae
880 3085 935 3138 in
966 3083 1294 3155 Perpetuam,
1327 3105 1358 3141 a
1389 3105 1491 3158 qua
1526 3092 1751 3145 mamima

167 3186 322 3225 eorum
349 3190 475 3241 pars
501 3176 690 3246 scripta
715 3177 1025 3247 perhibetur,
1053 3181 1256 3234 minime
1280 3182 1554 3250 quadrant.

229 3264 312 3318 IV.
339 3265 580 3322 Secunda
608 3269 740 3323 ratio
763 3286 828 3324 ea:
851 3269 972 3341 styli
992 3272 1344 3341 similitudine,
1375 3290 1489 3344 qua:
1514 3291 1674 3329 unum
1701 3285 1749 3330 et

165 3362 384 3416 eumdem
405 3364 702 3432 scriptorem
729 3368 914 3436 refert,
950 3383 1066 3422 cum
1092 3378 1261 3422 tamen
1293 3386 1323 3422 a
1353 3371 1512 3426 tribus
1541 3371 1750 3426 diversis

165 3455 340 3523 scripta
364 3457 523 3526 fuisse
545 3457 800 3511 dicantur.

231 3546 286 3600 γ.
325 3546 506 3619 Neque
524 3547 844 3616 Tertulliani,
876 3566 1034 3621 neque
1047 3552 1324 3622 synchroni
1342 3552 1601 3623 scriptoris
1624 3551 1749 3608 auc-

167 3639 333 3693 toritas
374 3640 674 3711 impediret,
733 3658 829 3712 quo
866 3643 1036 3697 minus
1061 3646 1123 3697 de
1149 3645 1388 3700 Actorum
1415 3645 1516 3714 ﬁde
1545 3646 1750 3700 dubita-

168 3749 352 3800 remus,
397 3735 437 3788 si
473 3735 670 3805 aliquid
709 3752 885 3807 reapse
926 3739 1234 3793 continerent
1283 3738 1417 3809 quod
1475 3739 1753 3795 catholicos

170 3837 407 3898 martyres
435 3828 715 3885 dedeceret.

236 3949 272 4004 l.
318 3950 536 4008 Externa
561 3996 576 4021 ,
608 3963 666 4008 ut
690 3962 914 4033 vocant,
949 3965 1261 4026 argumenta
1301 3955 1507 4011 duobus
1553 3970 1757 4025 prtece-

175 4041 411 4101 dentibus
438 4046 688 4116 capitulis
718 4047 986 4116 prosecuti
1019 4063 1234 4114 sumus,
1280 4048 1489 4104 interna
1520 4062 1753 4117 sequen-

180 4134 316 4189 tibus
336 4139 586 4208 capitibus
610 4138 1056 4194 examinabimus.
1084 4139 1161 4195 De
1186 4138 1270 4194 his
1298 4140 1349 4194 in
1374 4139 1516 4193 hunc
1538 4138 1754 4195 modum

181 4225 379 4283 disserit
401 4229 634 4286 eruditus
659 4230 951 4302 Basnagius
981 4249 994 4285 :
1031 4249 1050 4282 ι
1080 4231 1173 4286 llis
1201 4231 1550 4302 argumentis,
1596 4251 1614 4283 ι
1658 4246 1755 4286 ex-

188 4321 341 4378 ternis
364 4307 595 4391 scilicet,
639 4343 657 4376 ι
696 4324 853 4379 insita
885 4333 1156 4394 praestant.
1195 4324 1401 4395 Quippe
1429 4339 1494 4380 eo
1523 4338 1580 4378 se
1598 4323 1757 4378 modo

198 4407 430 4482 Perpetua
457 4417 626 4487 gerit,
657 4416 810 4488 quasi
839 4415 1094 4486 Spiritum
1123 4416 1379 4472 Sanctum
1407 4457 1422 4482 ,
1451 4417 1610 4471 veluti
1642 4430 1757 4472 mo-

205 4503 308 4559 nile
329 4507 556 4575 quoddam
580 4509 636 4564 in
661 4524 784 4564 arca
807 4509 1071 4564 inclusum
1091 4524 1186 4564 sua
1214 4507 1436 4564 haberet
1459 4507 1526 4562 ad
1545 4517 1754 4572 nutum,

1835 551 1888 596 et
1931 542 1997 598 ad
2027 560 2112 598 me
2143 546 2512 604 adolescentes
2559 550 2739 607 decori
2779 554 3050 625 adjutores
3089 568 3143 613 et
3174 558 3426 616 favitores

1834 633 1936 686 mei
1956 649 1967 686 :
1986 642 2040 688 et
2065 637 2329 706 expoliata
2357 653 2472 694 sum
2492 681 2506 706 ,
2532 649 2585 696 et
2614 641 2747 698 facta
2779 659 2895 699 sum
2930 649 3215 704 masculus.
3249 670 3268 703 ι
3296 651 3429 708 Pro-

1833 724 1976 778 cedit
2008 726 2164 794 igitur
2201 745 2322 785 cum
2351 730 2603 804 Egyptio
2642 735 2706 789 ad
2737 750 2966 807 pugnam
2998 739 3257 810 Perpetua
3293 759 3428 802 sexu

1832 825 2057 884 mutato,
2091 820 2326 877 victoria:
2350 826 2574 893 pretium
2595 838 2876 898 acceptura
2899 849 2918 882 r
2947 847 3153 888 ramum
3180 835 3426 908 viridem,

1834 909 1886 963 in
1914 925 2020 980 quo
2046 921 2200 968 erant
2231 916 2368 970 mala
2391 933 2569 973 aurea.
2601 919 2668 975 Et
2689 921 2839 991 petiit
2859 925 3152 994 silentium,
3181 937 3236 983 et
3276 928 3428 985 dixit:

1834 1001 1930 1056 llic
1960 1002 2246 1077 Egyptius
2296 1009 2339 1064 si
2373 1009 2510 1066 hanc
2549 1013 2770 1082 vicerit,
2803 1015 3012 1072 occidet
3040 1019 3187 1074 illam
3217 1021 3429 1092 gladio;

1834 1105 1887 1150 et
1908 1097 1950 1150 si
1985 1096 2127 1154 hunc
2152 1099 2360 1166 vicerit,
2386 1104 2613 1175 accipiet
2642 1121 2844 1164 ranmm
2877 1111 3058 1171 istum.
3094 1112 3160 1167 Et
3189 1117 3429 1172 recessit.

1833 1187 1899 1243 Et
1919 1190 2244 1247 accessimus
2266 1193 2331 1248 ad
2351 1196 2596 1262 invicem,
2621 1208 2677 1253 ct
2695 1200 2955 1272 cmpimus
2971 1203 3183 1260 mittere
3204 1221 3432 1278 pugnos.

1835 1279 1928 1334 llle
1962 1281 2092 1335 mihi
2143 1284 2306 1353 pedes
2334 1288 2740 1356 apprehendere
2765 1295 3071 1362 quaerebat:
3113 1312 3213 1367 ego
3252 1309 3433 1356 autem

1834 1370 1910 1425 illi
1932 1373 2173 1428 calcibus
2203 1375 2390 1430 faciem
2417 1377 2710 1437 credebam.
2746 1402 2765 1434 ι
2796 1383 3044 1441 Ηςιεοείιιε
3080 1398 3205 1442 sttnt
3230 1387 3432 1461 Spiritu

1836 1464 2031 1520 Sancto
2079 1467 2282 1538 digna?
2326 1470 2589 1528 similiane
2619 1475 2892 1546 prophetis
2932 1481 3120 1536 obtulit
3158 1485 3436 1552 unquam?

1836 1557 2044 1613 Scilicet
2067 1576 2126 1615 ea
2148 1562 2260 1617 visa
2273 1572 2418 1629 sunt,
2434 1567 2624 1636 quibus
2651 1585 2860 1626 sacrum
2882 1573 3046 1631 .loelis
3063 1577 3437 1634 accommode-

1837 1656 1922 1703 tur
1972 1653 2272 1708 oraculum.
2330 1655 2564 1712 Montani
2621 1675 2840 1730 prorsus
2894 1666 3138 1723 redolent
3166 1669 3436 1728 oflicinam

1839 1742 2046 1796 somnia
2073 1743 2356 1813 ejusmodi,
2385 1750 2606 1805 ecstasis
2635 1751 2749 1821 ejus
2775 1754 3065 1826 simillima,
3100 1776 3199 1830 qua
3229 1762 3441 1819 Tertul-

3172 1864 3226 1909 et
3253 1854 3440 1912 formae

1846 1941 1942 1996 per
1970 1930 2152 1984 omnia
2180 1931 2429 1988 humanae
2462 1933 2540 2006 (1)
2576 1954 2616 1991 ι.

1930 2017 1992 2072 ll.
2037 2019 2132 2075 His
2177 2022 2428 2079 omnibus
2467 2024 2872 2085 difficultatibus
2924 2031 3026 2105 hoc
3069 2035 3302 2105 primum
3347 2038 3445 2094 ad-

1845 2111 2005 2167 hibeo
2042 2115 2292 2183 generale
2323 2131 2639 2188 responsum
2670 2163 2685 2188 ,
2719 2122 2861 2192 quod
2903 2126 2946 2180 si
2977 2126 3193 2196 quidem
3231 2129 3442 2200 objecta

1846 2203 2125 2275 Perpetua:
2171 2208 2284 2263 visa
2337 2209 2536 2280 aliquid
2594 2227 2784 2284 reapse
2821 2227 2911 2272 aut
2950 2218 3149 2288 Spiritu
3203 2221 3441 2292 Sancto,

1847 2306 1938 2351 aut
1986 2306 2222 2370 martyre
2250 2299 2526 2371 indignum
2572 2307 2930 2378 continerent,
2979 2311 3237 2369 Actorum
3268 2316 3444 2384 potius

1848 2392 2151 2460 sinceritas,
2202 2411 2360 2464 quam
2418 2406 2712 2470 martyrum
2763 2403 3080 2461 orthodoxia
3123 2407 3176 2461 in
3225 2408 3445 2465 dubium

1850 2493 1992 2539 esset
2021 2487 2340 2542 revocanda.
2371 2488 2479 2546 Hac
2507 2493 2736 2560 primum
2763 2497 3110 2566 responsione
3137 2514 3264 2555 usus
3285 2510 3366 2556 est
3390 2510 3447 2558 et

1850 2586 2067 2633 sanctus
2109 2579 2460 2649 Augustinus.
2515 2582 2648 2638 Cum
2678 2585 2821 2639 enim
2868 2586 2969 2642 sibi
3002 2588 3280 2660 Perpetua:
3307 2593 3445 2650 visio

1852 2667 2076 2748 inferius
2097 2671 2481 2736 examinanda,
2510 2689 2614 2743 qua
2648 2672 2866 2731 fratrem
2903 2693 3056 2734 suum
3107 2679 3445 2741 Dinocratem

1853 2759 1905 2814 in
1940 2761 2131 2830 pcenis,
2163 2762 2358 2818 deinde
2381 2765 2433 2818 in
2464 2764 2742 2836 refrigerio
2768 2771 2920 2837 vidit,
2949 2773 3272 2842 objiceretur
3295 2820 3310 2844 ,
3343 2778 3446 2835 hoc

1852 2851 2082 2921 primum
2097 2853 2367 2922 respondit
2385 2854 2464 2927 (2)
2477 2857 2618 2927 quod
2639 2878 2656 2909 ‹
2681 2874 2776 2915 nec
2792 2861 3060 2933 Scriptura
3076 2867 3185 2936 ipsa
3199 2872 3454 2928 canonica

1853 2955 1955 3012 est,
1985 2960 2084 3000 nec
2109 2946 2192 3001 illa
2219 2948 2295 3002 sic
2318 2949 2531 3018 scripsit
2561 2951 2641 3006 vel
2670 2955 2992 3025 quicumque
3020 2957 3147 3013 illud
3171 2960 3403 3030 scripsit,
3429 2983 3448 3016 ι

1853 3046 1960 3092 etc.
2003 3057 2020 3090 ι
2051 3037 2255 3106 Quibus
2285 3040 2462 3096 verbis
2487 3041 2734 3099 dubitare
2758 3044 2986 3114 videtur,
3018 3063 3083 3102 an
3117 3065 3306 3122 reapse
3332 3052 3458 3109 Per-

1856 3140 2013 3201 petua
2058 3132 2416 3189 revelationes
2463 3149 2588 3190 suas
2614 3137 2666 3192 in
2694 3137 2899 3194 litteras
2929 3141 3134 3197 miserit
3165 3160 3177 3197 :
3210 3144 3456 3216 adeoque

1777 3219 1822 3282 C
1856 3236 1964 3276 non
1995 3237 2206 3278 omnem
2236 3223 2369 3280 actis
2417 3233 2471 3280 et
2508 3240 2692 3281 eorum
2740 3229 2931 3284 editori
2977 3231 3136 3288 fidem
3172 3234 3454 3294 adhibere.

1855 3313 1951 3369 Hic
2002 3315 2146 3370 enim
2189 3317 2468 3386 perspicue
2511 3318 2670 3374 docet
2721 3319 3039 3392 Perpetuam
3081 3334 3136 3381 et
3161 3325 3453 3397 Saturum,

1862 3422 1984 3476 quae
2011 3407 2078 3462 ad
2117 3408 2349 3464 visiones
2385 3418 2440 3465 et
2462 3411 2822 3470 revelationes
2854 3417 3141 3486 pertinent,
3175 3421 3287 3476 suis
3310 3421 3456 3492 ipsos

1861 3500 2108 3554 manibus
2146 3502 2571 3572 conscripsisse:
2607 3522 2627 3558 ι
2654 3505 2800 3573 Haec,
2848 3508 3040 3581 inquit,
3092 3512 3193 3583 sub
3220 3515 3452 3582 initium,

1854 3591 2095 3648 ordinem
2123 3601 2294 3648 totum
2331 3596 2572 3668 martyrii
2602 3599 2680 3652 sui
2705 3599 2818 3669 jam
2877 3601 3000 3657 hinc
3045 3604 3158 3674 ipsa
3192 3608 3453 3678 narrabit,

1856 3685 1996 3740 sicut
2026 3687 2389 3756 conscriptum
2427 3703 2586 3743 manu
2615 3704 2733 3759 sua,
2785 3701 2840 3747 et
2885 3707 2984 3748 suo
3027 3710 3190 3752 sensu
3215 3699 3454 3769 reliquit.

1857 3775 1992 3830 Cum
2040 3775 2234 3843 adhuc,
2281 3778 2472 3848 inquit,
2523 3795 2644 3835 cum
2693 3785 3124 3852 persecutoribus
3169 3803 3448 3858 essemus,

1857 3876 2005 3924 etme
2021 3879 2169 3938 pater
2193 3879 2453 3936 avertere,
2472 3879 2575 3926 etc.
2612 3891 2629 3924 ι
2653 3872 2718 3927 Et
2749 3873 2882 3929 infra
2909 3893 2923 3930 :
2955 3895 2973 3928 ‹
2996 3876 3130 3932 Τιιιιι
3157 3878 3298 3934 dixit
3323 3880 3458 3938 mihi

1857 3961 2022 4017 frater
2045 3976 2219 4030 meus,
2248 3971 2353 4019 etc.
2395 3983 2414 4015 ι
2461 3965 2635 4035 Atque
2666 3965 2735 4021 ita
2762 3981 2978 4039 semper
3016 3985 3137 4025 cum
3179 3971 3292 4040 ipsa
3344 3982 3457 4031 tum

1856 4052 2078 4108 Saturus
2118 4055 2169 4108 in
2200 4055 2414 4124 propria
2441 4069 2671 4125 persona
2723 4056 3032 4127 loquuntur.
3091 4061 3160 4116 Et
3198 4078 3315 4134 cap.
3375 4081 3456 4133 ιιι,

1857 4142 1892 4196 2
1933 4160 1947 4197 :
2002 4162 2021 4196 ι
2068 4143 2181 4198 Hoc
2226 4159 2392 4214 usque
2419 4146 2472 4200 in
2511 4146 2684 4215 pridie
2727 4150 2968 4205 muneris
3015 4151 3136 4222 egi:
3169 4152 3337 4223 ipsius
3361 4171 3459 4212 au-

1861 4242 1967 4290 tem
2013 4237 2250 4290 mttneris
2278 4249 2478 4303 aetum,
2526 4236 2572 4290 si
2603 4238 2724 4306 quis
2765 4239 3011 4306 voluerit,
3065 4244 3286 4298 scribat.
3313 4265 3332 4297 ›
3390 4248 3459 4303 Ει

1861 4340 1985 4379 mox
2013 4339 2130 4394 cap.
2151 4341 2222 4390 tv,
2257 4326 2282 4379 1
2311 4344 2322 4378 :
2351 4345 2369 4377 ‹
2401 4323 2508 4380 Sed
2537 4334 2592 4380 et
2617 4325 2840 4381 Saturus
2864 4328 3180 4386 benedictus
3208 4332 3344 4391 hanc
3373 4338 3457 4392 vi-

1860 4415 2067 4472 sionem
2099 4431 2250 4471 suam
2276 4415 2464 4484 edidit,
2499 4430 2658 4486 quam
2689 4419 2804 4488 ipse
2842 4422 3181 4493 conscripsit.
3215 4446 3234 4478 ι
3286 4428 3355 4485 Et
3376 4431 3459 4486 in-

1861 4505 1961 4574 fra,
1986 4521 2102 4577 cap.
2126 4523 2180 4575 ν,
2201 4508 2225 4563 1
2249 4526 2260 4561 :
2285 4525 2304 4559 ι
2327 4507 2419 4562 Ha:
2437 4507 2671 4564 visiones
2699 4510 3015 4582 insigniores
3047 4514 3282 4586 ipsorum
3311 4537 3458 4578 mar-

202 4595 310 4666 ejus
325 4597 746 4658 illustrationibus
766 4600 980 4669 quando
1001 4601 1340 4656 velletusura
1361 4597 1430 4654 ad
1452 4599 1754 4654 arbitrium.
1781 4612 1834 4672 D
1863 4610 2038 4671 tyrum
2093 4599 2561 4665 beatissimorum,
2595 4615 2727 4670 quas
2778 4604 2880 4674 ipsi
2929 4608 3391 4680 conscripserunt.
3430 4633 3450 4668 ι

199 4687 460 4748 Audiantur
505 4693 667 4750 verba
711 4691 827 4762 ejus
867 4706 986 4762 cap.
1015 4708 1052 4757 ι,
1082 4692 1148 4746 3:
1182 4711 1200 4743 r
1233 4691 1377 4746 Dixit
1420 4688 1549 4745 mihi
1593 4690 1761 4746 frater

199 4791 364 4836 meus:
399 4783 614 4839 Domina
643 4797 818 4847 soror,
843 4781 953 4852 jam
982 4783 1034 4835 in
1068 4797 1255 4853 magna
1287 4782 1542 4852 dignitate
1571 4796 1664 4847 es;
1707 4791 1762 4837 et

203 4878 326 4925 tanta
351 4915 366 4939 ,
391 4886 444 4929 ut
487 4875 724 4946 postules
762 4874 1024 4930 visionem
1048 4913 1062 4938 ,
1110 4882 1164 4928 et
1214 4873 1526 4928 ostendatur
1553 4872 1645 4928 tibi
1693 4888 1760 4928 an

200 4963 359 5030 passio
394 4967 499 5034 sit,
530 4982 596 5022 an
628 4975 985 5022 commeatus.
1032 4965 1097 5020 Et
1134 4979 1232 5035 ego
1261 4980 1381 5035 qua:
1409 4980 1495 5019 me
1523 4963 1761 5020 sciebam

200 5052 398 5112 fabulari
436 5075 551 5116 cum
606 5058 836 5115 Domino
879 5057 1031 5128 cujus
1061 5056 1320 5113 beneficia
1354 5065 1497 5112 tanta
1541 5065 1761 5126 experta

206 5162 351 5218 cram,
389 5151 605 5210 fidenter
627 5151 914 5224 repromisi
945 5153 994 5206 ei
1030 5149 1257 5206 dicens:
1282 5148 1528 5204 Crastina
1560 5148 1648 5204 die
1673 5147 1768 5204 tibi

207 5245 506 5302 renuntiabo.
529 5265 548 5298 ι
575 5246 761 5305 Mirum
789 5258 916 5300 sane
939 5241 1185 5298 fiduciam
1216 5250 1271 5296 et
1297 5242 1410 5297 sola
1435 5241 1671 5296 Montani
1693 5240 1770 5296 fa-

211 5334 331 5390 milia
367 5337 602 5409 dignam!
652 5337 834 5409 Neque
869 5339 998 5392 satis
1025 5351 1144 5391 cum
1195 5336 1454 5406 gravitate
1493 5334 1770 5390 decentia.

209 5438 296 5495 que
318 5429 482 5486 oblata
507 5431 786 5500 Perpetua:
809 5429 920 5483 visa
951 5427 1358 5498 conjunguntur.
1396 5425 1568 5481 Homo
1594 5426 1646 5480 in
1672 5425 1768 5480 ha-

212 5516 306 5577 bitu
323 5526 558 5596 pastoris,
584 5545 604 5579 ι
623 5524 693 5581 de
705 5538 863 5580 caseo
875 5523 1016 5595 quod
1031 5523 1320 5593 mulgebat,
1337 5521 1478 5578 dedit
1495 5522 1772 5593 Perpetuze

217 5614 344 5680 quasi
358 5615 662 5672 buccellam.
681 5637 698 5664 ι
716 5615 855 5670 Hinc
875 5614 1074 5685 colligit
1096 5614 1195 5669 sibi
1214 5622 1440 5669 mortem
1466 5614 1769 5669 imminere.

216 5699 481 5763 Notabilius
533 5707 682 5773 illud,
729 5704 871 5777 quod
913 5719 1029 5776 cap.
1059 5721 1138 5772 ιιι,
1169 5704 1223 5773 2,
1258 5704 1522 5774 Perpetua
1549 5712 1766 5759 narrat:

217 5810 241 5845 4
269 5794 427 5854 Exivit
453 5799 662 5870 quidam
683 5807 870 5856 contra
900 5811 988 5855 me
1009 5796 1290 5869 Egyptius
1332 5796 1508 5856 foedus
1544 5797 1724 5869 specie
1750 5838 1767 5868 ,

1865 4692 1930 4746 Et
1959 4692 2175 4746 tandem
2205 4706 2326 4762 cap.
2361 4707 2418 4757 ν,
2447 4693 2502 4758 5,
2537 4706 2596 4748 se
2622 4696 2697 4748 ait
2725 4693 3003 4766 Perpetua-
3033 4702 3341 4758 mandatum
3367 4720 3461 4761 ex-

1863 4784 2036 4855 sequi,
2070 4793 2124 4838 et
2150 4800 2269 4855 qua:
2314 4793 2521 4856 postea,
2569 4785 2686 4858 ipso
2731 4791 3025 4856 praesertim
3081 4794 3169 4850 die
3220 4797 3460 4856 muneris

1865 4877 2001 4932 facta
2031 4889 2176 4946 sunt,
2219 4879 2359 4934 sicut
2384 4879 2499 4950 ipsa
2523 4878 2950 4950 desideraverat,
2985 4898 3323 4954 posterorum
3349 4907 3462 4948 me-

1868 4970 2053 5024 moriae
2103 4969 2510 5026 commendere.
2556 4989 2575 5023 ‹
2604 4973 2868 5039 Quoniam
2915 4988 3047 5046 ergo
3095 4982 3360 5051 permisit,
3409 4993 3464 5040 et

1871 5059 2232 5129 permittendo
2264 5060 2434 5116 voluit
2477 5061 2710 5132 Spiritus
2747 5061 2978 5121 Sanctus
3016 5067 3263 5126 ordinem
3295 5074 3463 5142 ipsius

1873 5153 2113 5208 muneris
2161 5151 2462 5221 conscribi,
2508 5154 2607 5208 etsi
2655 5153 2862 5226 indigni
2907 5158 2977 5213 ad
3031 5161 3464 5232 supplementum

1874 5253 2034 5300 tanta:
2063 5245 2243 5316 gloriae
2269 5245 2718 5312 describendum;
2763 5257 2944 5308 tamen
2969 5256 3122 5323 quasi
3151 5255 3464 5316 mandatum

1877 5338 2225 5393 sanctissimae
2267 5338 2565 5408 Perpetua),
2618 5339 2728 5395 imo
2770 5343 2904 5399 tides
2951 5347 3296 5403 commissum
3339 5349 3458 5422 ejus

1875 5433 2254 5502 exsequimur,
2285 5442 2386 5486 etc.
2429 5449 2448 5481 ι
2501 5430 2601 5497 Qui
2632 5445 2762 5503 ergo
2805 5449 2919 5490 rem
2948 5439 3103 5492 toties
3136 5439 3205 5496 ab
3246 5451 3468 5501 auctore

1876 5532 2251 5592 contestatam,
2293 5530 2452 5592 atque
2494 5521 2818 5582 inculcatam
2848 5526 2904 5583 in
2947 5528 3169 5588 dubium
3211 5543 3464 5610 revocat,

1945 5724 1991 5791 (1
2061 5721 2178 5778 Lib.
2207 5722 2270 5777 de
2297 5722 2498 5787 Anima,
2529 5736 2647 5792 cap.
2677 5721 2731 5780 9.

1947 5721 2024 5864 (9.;
2053 5792 2172 5854 Lib.
2204 5810 2220 5852 ι
2247 5795 2308 5850 de
2325 5794 2528 5863 Anima,
2555 5804 2601 5852 et
2627 5796 2731 5864 eiut

1947 5792 2024 5865 (9.)
2053 5792 2172 5854 Lib.
2204 5810 2220 5852 ι
2247 5795 2308 5850 de
2325 5794 2528 5863 Anima,
2555 5804 2601 5852 et
2627 5796 2738 5864 eius
2763 5797 2920 5871 orig.,
2947 5809 3064 5872 cap.
3098 5801 3186 5860 10.
