3818 6278
402 299 508 356 105

1615 283 2067 348 DISSERTATIO
2105 281 2581 344 APOLOGETICA
3084 237 3092 244 ”
3551 227 3628 354 tu

403 414 658 468 Actorum
701 418 964 468 vetustate
990 409 1056 466 ab
1083 409 1335 478 incoepto,
1381 407 1426 463 si
1455 421 1588 477 opus
1615 414 1778 472 esset,
1809 417 1996 474 prosc-
2024 401 2074 462 Α
2101 399 2272 456 editas
2315 399 2498 464 fuisse,
2546 412 2650 452 non
2696 380 3002 462 admittunt,
3037 395 3180 466 quod
3227 395 3389 452 multa
3437 387 3628 470 ipsorum

405 507 720 578 quendaque
761 507 858 560 hac
888 504 968 558 via
995 503 1319 558 deterrerer.
1352 501 1468 556 Non
1500 499 1746 570 equidem
1778 496 1994 552 Tertul-

407 599 612 655 tulliani
640 596 986 653 auctoritate:
1022 593 1264 664 quamvis
1294 593 1438 648 enim
1466 608 1527 647 ea
1557 591 1623 645 ad
1666 603 1858 644 manus
1895 587 1994 642 ba-

407 691 588 748 buisse
614 689 878 756 credatur,
908 697 961 744 et
991 701 1088 758 pro
1133 686 1380 758 genuinis
1417 693 1578 755 atque
1607 681 1836 737 indubia:
1873 678 1996 734 fidei

407 782 768 839 monumentis
812 779 1060 836 laudasse
1094 822 1109 847 ,
1139 779 1205 834 de
1236 780 1337 834 hoc
1377 787 1576 841 tamen,
1616 783 1675 828 ut
1709 773 1840 838 dixi,
1892 786 1996 824 non

406 882 644 937 constat,
691 888 813 928 cum
858 867 960 941 ipsi
999 879 1476 926 commemoratam
1525 868 1802 936 Perpetua:
1831 863 1996 918 visio-

405 983 526 1024 nem
554 966 767 1022 aliunde
795 966 1029 1036 potuerit
1069 965 1333 1034 accipere.
1369 961 1592 1027 Deinde,
1625 975 1730 1015 non
1773 959 1996 1013 multum

407 1060 459 1115 in
518 1060 682 1115 hacce
733 1059 1100 1115 controversia
1152 1056 1430 1126 scriptoris
1481 1054 1640 1124 hujus
1681 1053 1999 1109 auctoritate

405 1153 752 1210 deferendum
783 1162 865 1209 est
890 1196 905 1222 ,
934 1168 1054 1208 cunt
1101 1150 1301 1207 nullius
1341 1150 1487 1206 hisce
1517 1149 1571 1204 in
1599 1149 1762 1204 rebus
1795 1148 1998 1204 criterii

405 1255 460 1302 et
484 1246 671 1317 judicii
702 1245 882 1310 fuerit,
930 1245 1103 1315 utqui
1151 1243 1252 1298 sibi
1292 1241 1361 1297 ab
1389 1243 1610 1306 insanis,
1654 1241 2000 1309 fanaticisque

406 1337 741 1395 mulierculis
785 1337 1091 1407 turpissime
1126 1336 1326 1405 imponi
1359 1348 1547 1405 passus
1578 1333 1758 1399 fuerit,
1804 1342 1857 1387 et
1886 1332 2001 1386 aui-

409 1445 550 1485 tuam
573 1430 706 1485 aerei
743 1430 927 1485 coloris
956 1444 1078 1485 esse
1107 1426 1412 1488 crediderit,
1437 1435 1482 1480 et
1513 1427 1690 1496 forma?
1716 1441 1805 1494 per
1831 1424 2002 1478 omnia

408 1523 664 1590 humanm,
704 1522 847 1594 quod
885 1536 1002 1577 eam
1050 1519 1148 1576 sibi
1195 1518 1438 1589 quaedam
1483 1532 1514 1572 e
1557 1516 1998 1572 Memanistarum

405 1625 551 1670 secta
579 1613 1120 1684 pseudo-prOphetes,
1151 1596 1412 1680 ejuSmodi
1438 1608 1731 1672 coloribus,
1761 1616 1814 1662 et
1835 1607 1999 1662 linea-

407 1709 603 1763 mentis
643 1707 917 1776 przeditam
951 1701 1357 1759 renuntiaverit.
1720 1709 1728 1716 '

2093 493 2296 564 judicio
2321 493 2656 559 contineant,
2687 505 2807 561 quae
2835 489 2954 545 fieri
2999 505 3105 543 non
3149 499 3322 560 potest
3358 502 3415 546 ut
3439 495 3629 563 epistola:

2098 601 2224 640 vere
2254 585 2322 640 ab
2353 584 2553 656 lgnatio
2581 585 2796 650 scriptae
2844 582 3150 638 habuerint.
3182 582 3292 640 Hae
3330 590 3627 655 responsione

2101 679 2329 734 Dallaeus
2361 678 2435 750 (1)
2482 675 2851 746 Polycarpiani
2881 676 3174 730 testimonii
3205 676 3307 730 vim
3349 676 3543 735 elevare
3564 697 3631 739 co-

2101 780 2276 834 natur,
2326 770 2414 841 qui
2463 771 2623 824 etiam
2677 768 2747 822 ab
2792 769 3085 837 intpostore
3137 769 3408 834 confictas,
3439 773 3632 839 genuinis

2101 860 2292 933 lgnatii
2331 870 2385 917 et
2410 876 2438 914 a
2472 861 2764 930 Polyearpo
2821 859 3048 914 laudatis
3093 859 3333 928 epistolis
3362 861 3546 917 similes
3564 865 3633 921 ali-

2100 971 2204 1025 qua
2233 971 2290 1010 re
2322 954 2486 1010 fuisse
2513 955 2754 1024 largitur.
2789 953 3101 1021 Basnagius,
3129 953 3221 1022 qui
3249 963 3433 1009 sancto
3457 953 3633 1026 lgnatio,

2102 1062 2222 1116 qua:
2253 1045 2410 1100 modo
2442 1046 2539 1101 sub
2566 1047 2682 1115 ejus
2713 1045 2929 1101 nomine
2969 1044 3436 1112 circumferuntur,
3462 1063 3554 1103 non
3577 1066 3635 1106 se.

2102 1152 2197 1193 cus
2234 1154 2297 1193 ac
2343 1137 2595 1204 Dallmus,
2637 1139 2930 1207 abjudicat,
2997 1137 3138 1207 quod
3181 1138 3347 1192 multa
3390 1142 3639 1199 contineant

2104 1248 2221 1301 quae
2265 1233 2376 1286 fieri
2435 1247 2540 1286 non
2585 1240 2780 1302 potest,
2829 1241 2886 1285 ut
2927 1229 3168 1300 epistola:
3213 1245 3340 1286 vere
3387 1232 3451 1286 ab
3486 1232 3637 1303 lgnatio

2105 1326 2317 1394 scripta:
2347 1325 2630 1380 habuerint
2659 1345 2671 1379 :
2704 1340 2799 1379 cur
2830 1338 2934 1378 non
2961 1322 3157 1389 eidem,
3193 1323 3281 1378 ubi
3310 1323 3378 1378 de
3417 1324 3638 1394 Perpetua.

2103 1419 2522 1474 revelationibus
2546 1418 2823 1489 agebatur,
2857 1417 3045 1473 orbita:
3077 1417 3312 1472 institit?
3357 1421 3434 1472 An
3463 1434 3550 1474 non
3573 1421 3641 1476 mi-

2105 1512 2250 1565 noris
2301 1513 2618 1566 temeritatis
2673 1511 2882 1577 fuisset,
2933 1511 3215 1566 admittere
3267 1511 3478 1578 quidem
3524 1513 3642 1571 fuisse

2105 1602 2420 1672 Perpetuam
2463 1603 2774 1659 emiestibus
2822 1603 2875 1658 in
2913 1618 3130 1659 carcere
3157 1603 3452 1660 visionibus
3483 1622 3641 1664 recrea-

2107 1700 2237 1760 tam,
2280 1694 2372 1748 sed
2412 1694 2627 1750 easdem
2667 1708 2789 1750 esse
2829 1709 3143 1764 pernegare,
3173 1709 3306 1764 quas
3337 1695 3502 1750 editor
3531 1713 3641 1753 mon-

482 1800 706 1855 Fuerint
730 1800 892 1854 etiam
920 1797 989 1852 ab
1016 1803 1236 1852 auctore
1261 1809 1468 1862 coaevo,
1503 1803 1562 1848 ut
1589 1792 1778 1860 fertur,
1809 1802 1860 1847 ct
1892 1791 2006 1859 ipse
2035 1788 2084 1848 B
2115 1787 2308 1842 lanista
2331 1787 2584 1857 vulgavit,
2614 1787 2756 1857 quod
2779 1788 2942 1842 multa
2971 1787 3282 1842 contineant
3309 1803 3428 1857 quae
3448 1788 3546 1844 fieri
3570 1805 3642 1847 non

403 1894 456 1949 in
486 1890 800 1963 praefatione
828 1898 1078 1956 testatur,
1108 1895 1418 1942 sanctorum
1459 1893 1754 1955 martyrum
1784 1887 1916 1938 Acta
1942 1883 1996 1938 in

404 1986 610 2042 litteras
635 1985 820 2052 missa,
850 1992 904 2038 et
935 1997 1070 2037 sene
1100 1979 1397 2052 posteritati
1431 1977 1800 2034 commendata
1833 1994 1846 2029 :
1891 1992 1994 2032 non

405 2079 533 2135 inde
572 2087 751 2133 tamen
804 2087 1142 2145 consequens
1183 2081 1346 2137 esset,
1395 2086 1618 2142 eaquae
1665 2070 1731 2125 ad
1763 2068 1996 2133 visiones

405 2173 694 2243 pertinent,
726 2168 902 2224 omnia
943 2181 1064 2224 esse
1091 2166 1261 2221 avidis
1287 2165 1523 2228 auribus,
1558 2164 1810 2234 uulloqtte
1839 2162 1994 2217 adhi-

403 2265 516 2320 bito
539 2263 758 2320 criterio
778 2259 1112 2331 excipienda.
1130 2258 1301 2324 Quam
1320 2256 1477 2312 facile
1501 2265 1583 2311 est
1599 2256 1741 2310 enim
1769 2265 1824 2309 ut
1851 2254 1996 2309 hisce

405 2356 459 2411 in
490 2354 651 2412 rebus
693 2361 749 2409 et
771 2353 897 2408 boui
928 2352 1025 2406 viri
1057 2351 1325 2415 fallantur,
1361 2357 1414 2403 et
1446 2348 1586 2402 male
1616 2347 1786 2401 feriati
1818 2346 1992 2400 homi-

405 2463 503 2504 nes
531 2462 652 2503 cum
682 2447 792 2501 otio
822 2460 942 2511 suo,
993 2453 1103 2499 tum
1143 2443 1369 2498 aliorum
1414 2438 1731 2496 credulitate
1767 2439 1994 2492 abutan~

406 2540 521 2595 tur!
555 2541 776 2604 Auctor,
808 2545 866 2592 ut
894 2535 1143 2600 vidimus,
1173 2532 1515 2597 montanista,
1557 2548 1676 2601 qua:
1700 2530 1766 2585 de
1795 2531 1993 2601 Perpe-

405 2640 512 2687 tua:
549 2639 604 2687 et
629 2629 807 2686 Saturi
835 2627 1129 2683 visionibus
1167 2625 1348 2690 habet,
1393 2623 1571 2680 omnia
1603 2624 1668 2678 ad
1713 2623 1993 2678 arbitrium

403 2720 713 2792 confingere
756 2719 1040 2791 potuisset.
1073 2717 1181 2773 Res
1223 2717 1276 2771 in
1327 2714 1447 2770 imis
1476 2715 1708 2772 carceris
1753 2715 1990 2781 latebris,

405 2823 460 2871 ct
487 2813 789 2870 recessibus
815 2820 979 2883 gesta:
1006 2818 1309 2866 narrantur.
1335 2807 1473 2877 Quid
1506 2808 1614 2864 Deo
1641 2823 1763 2864 eum
1790 2817 1993 2878 marty-

402 2909 552 2966 ribus
579 2917 755 2963 actum
786 2906 966 2973 fuerit,
991 2905 1108 2975 ipse
1136 2904 1402 2974 duntaxat
1429 2902 1568 2958 Deus
1597 2903 1744 2956 novit
1764 2912 1816 2955 et
1852 2915 1996 2955 mar-

405 3013 572 3073 tyres,
604 3001 692 3071 qui
717 3001 826 3070 jam
855 3007 1214 3056 excesserant.
1263 2995 1394 3062 Quis
1438 3010 1568 3064 ergo
1599 3001 1897 3064 prmstaret,
1931 3007 1992 3048 ea

404 3110 524 3166 quae
567 3093 830 3161 Basnagio
878 3089 1323 3146 Montanistarum
1387 3086 1633 3142 redolent
1685 3086 1989 3148 officinam,

2111 1889 2286 1949 potest
2313 1889 2369 1934 ut
2400 1881 2652 1936 immissae
2674 1880 2954 1946 catholicis
2985 1880 3310 1952 martyribus
3340 1882 3640 1940 revelationes

2101 1970 2426 2027 habuerint?
2460 1971 2537 2038 ld,
2589 1973 2826 2042 inquam,
2878 1988 3056 2028 annon
3107 1973 3333 2028 minoris
3386 1974 3642 2031 temeritatis

2105 2064 2310 2126 fuisset,
2345 2079 2502 2134 quam
2550 2065 2892 2121 montanismi
2940 2064 3234 2120 catholicos
3269 2075 3525 2137 martyres
3557 2083 3642 2124 reos

2103 2156 2299 2226 agere?
2329 2155 2533 2228 Largiri
2574 2157 2734 2212 etiam
2763 2156 2916 2212 facile
2944 2157 3222 2226 potuisset,
3265 2173 3405 2228 quas
3429 2159 3492 2214 ab
3517 2160 3640 2231 impo-

2099 2256 2246 2304 store
2277 2249 2537 2304 confictas
2568 2249 2902 2304 existimaret
2931 2248 3208 2319 Perpetua:
3235 2259 3289 2305 et
3318 2248 3491 2305 Saturi
3519 2251 3639 2305 visio-

2100 2356 2217 2408 nes,
2265 2342 2435 2410 iisque
2479 2341 2531 2395 in
2561 2356 2656 2398 ore
2703 2341 2861 2398 fama:
2915 2351 3042 2398 tunc
3075 2343 3449 2412 versabantur,
3491 2345 3642 2400 similes

2115 2433 2290 2501 aliqua
2332 2425 2606 2500 re'fuisse,
2651 2433 2748 2489 sed
2777 2448 2883 2489 non
2909 2433 3125 2490 easdem
3155 2435 3383 2490 omnino
3405 2435 3532 2505 quod
3553 2435 3636 2505 ejus

2101 2525 2522 2581 emunctissimis
2565 2526 2786 2582 naribus
2813 2542 2932 2597 qua:
2961 2527 3123 2583 modo
3151 2536 3409 2596 exstant,
3439 2527 3642 2582 Montani-

2099 2624 2300 2671 starum
2324 2616 2603 2672 redoleant
2623 2617 2913 2672 officinam.

2171 2705 2411 2776 Denique
2450 2707 2601 2777 juxta
2645 2707 3002 2778 hypothesim,
3055 2725 3213 2781 quam
3263 2709 3316 2765 in
3375 2709 3471 2766 hoc
3507 2709 3638 2780 capite

2101 2814 2414 2871 persequor,
2443 2801 2585 2873 quod
2625 2803 3040 2873 montanismum
3082 2819 3272 2873 reapse
3311 2793 3570 2876 Perpetua:
3599 2813 3637 2858 ct

2100 2890 2395 2947 Felicitatis
2449 2893 2582 2948 Acta
2630 2893 2930 2960 redoleant,
2966 2894 3093 2950 illud
3136 2896 3296 2950 etiam
3345 2896 3514 2966 largiri
3554 2895 3644 2966 quis

2098 2980 2259 3037 facile
2283 2992 2485 3051 posset,
2518 2983 2834 3054 Perpetuam
2865 2973 2931 3041 et'
2953 2984 3202 3041 Saturum
3235 3001 3368 3042 suas
3391 2987 3439 3043 in
3462 3000 3644 3043 carcere

2041 3077 2044 3081 '
2098 3073 2377 3142 scripsisse
2405 3074 2793 3142 revelationes;
2839 3078 2934 3132 sed
2977 3093 3098 3133 cum
3141 3093 3271 3134 casu
3303 3079 3531 3149 quodam,
3565 3093 3648 3132 an-

403 3203 545 3251 esse,
578 3183 902 3257 martyribus
925 3197 1115 3252 reapse
1146 3179 1447 3245 tribuenda,
1478 3189 1531 3234 et
1563 3193 1666 3234 non
1700 3184 1868 3250 magis
1899 3194 1991 3234 ex.
2019 3176 2065 3240 ρ
2101 3173 2312 3236 tequam
2342 3167 2704 3239 vulgarentur,
2745 3170 2798 3225 iu
2840 3185 3029 3226 manus
3058 3171 3293 3227 hominis
3336 3170 3545 3227 Montani
3569 3185 3648 3224 su-

404 3277 670 3350 plodenda
721 3285 780 3331 ut
818 3275 976 3332 otiosi
1004 3273 1255 3339 hominis,
1285 3271 1692 3342 vanissimazque
1717 3280 1874 3327 secta:
1901 3270 1994 3325 ad-

404 3367 954 3426 dicti’deliramenta?
979 3368 1096 3436 Quo
1117 3366 1168 3422 id
1195 3366 1484 3438 proclivius
1511 3364 1580 3420 de
1600 3364 1816 3420 homine
1843 3380 1987 3420 mon-

402 3464 600 3519 tauista
641 3463 694 3517 in
730 3461 968 3516 animum
1013 3458 1406 3524 induceremus,
1455 3457 1655 3513 faceret
1687 3457 1992 3527 exemplum

404 3557 639 3613 auctoris
685 3554 968 3611 donatistae
1024 3552 1113 3623 qui
1184 3549 1404 3606 Marculi
1461 3549 1681 3620 perdita:
1728 3548 1888 3619 hujus
1939 3557 1994 3605 et

405 3649 760 3708 schismatica:
783 3645 1028 3702 factionis
1059 3641 1514 3715 pseudomartyris
1541 3643 1672 3697 Acta
1697 3641 1992 3698 litterarum

405 3744 770 3804 monumentis
789 3739 1202 3797 commendavit.
1230 3737 1485 3804 Quamvis
1505 3735 1649 3791 enim
1687 3736 1918 3804 scriptor
1939 3745 1996 3793 et

406 3838 526 3910 ipse
551 3848 766 3892 coaevus
805 3833 987 3901 fuerit,
1019 3839 1213 3902 quanta
1257 3837 1380 3884 sunt
1409 3837 1584 3884 tamen
1609 3843 1730 3899 quae
1766 3828 1900 3884 mira
1931 3829 1996 3886 li-

405 3928 580 3985 centia
611 3934 948 3983 commentus
977 3932 1080 3988 est,
1124 3931 1180 3979 et
1224 3920 1389 3976 multo
1422 3920 1627 3990 majore
1667 3919 1993 3990 impudentia

406 4018 696 4078 lectoribus
732 4019 784 4073 in
814 4017 919 4072 illis
966 4015 1114 4071 Actis
1148 4013 1426 4090 _obtrudit!
1456 4012 1600 4080 Quas
1646 4012 1788 4068 enim
1833 4012 1996 4068 refert

405 4114 565 4184 hujus
581 4112 875 4186 hypocrita:
901 4111 1278 4176 revelationes,
1308 4106 1574 4175 catholico
1597 4115 1832 4178 martyre
1856 4106 1995 4162 haud

407 4222 626 4280 prorsus
679 4205 950 4276 indignas,
997 4205 1117 4276 quis
1173 4217 1280 4258 non
1323 4211 1381 4256 ut
1423 4200 1764 4256 audacissimi
1805 4201 1996 4272 capitis

401 4309 704 4358 commenta
736 4297 1024 4369 repudiet?
1066 4297 1180 4364 Qua
1209 4310 1337 4366 ergo
1380 4295 1628 4351 libertate
1654 4297 1855 4350 auctori
1902 4294 1997 4350 do-

406 4394 616 4450 natista:
644 4393 696 4446 in
731 4391 812 4453 his
861 4405 979 4460 quae
1004 4387 1073 4444 de
1102 4386 1324 4443 Marculi
1361 4384 1658 4440 visionibus
1684 4394 1888 4451 narrat,
1927 4385 1992 4438 li-

403 4486 526 4543 dem
556 4485 896 4554 abrogamus,
927 4479 1069 4552 quod
1107 4478 1364 4534 hmretico
1401 4476 1608 4532 homini
1652 4493 1757 4532 non
1795 4491 1994 4532 conve-

2099 3257 2498 3326 perstitionibus
2529 3259 2783 3331 implicati
2816 3262 3104 3328 venissent,
3134 3279 3227 3318 eas
3257 3264 3409 3320 illum
3450 3263 3509 3318 ad
3532 3262 3648 3317 arbi-

2098 3348 2258 3403 trium
2287 3350 2659 3420 interpolasse,
2708 3361 2763 3408 et
2793 3354 3109 3422 quibusdam
3139 3356 3192 3410 in
3228 3355 3387 3421 locis,
3436 3364 3490 3410 ut
3517 3354 3650 3425 magis

2041 3486 2049 3490 .
2095 3439 2266 3506 libuit,
2294 3441 2561 3513 figmentis
2588 3443 2856 3501 haereticis
2885 3447 3217 3518 inquinasse.
3243 3449 3300 3501 In
3335 3448 3646 3518 interpolato-

2095 3546 2206 3586 rem
2237 3534 2478 3603 proinde,
2523 3549 2629 3590 non
2672 3545 2850 3591 autem
2897 3537 2950 3592 in
2989 3547 3204 3594 sanctos
3239 3549 3520 3611 martyres,
3559 3551 3651 3593 esse

2099 3624 2432 3682 refundenda
2472 3642 2593 3698 qua:
2629 3629 3046 3686 montanismum
3087 3629 3290 3687 criticis
3349 3629 3652 3703 peritioribus

2096 3727 2363 3788 saperent.

2717 3852 2946 3911 CAPUT
2983 3852 3072 3910 IV.

2097 4003 2176 4060 De
2193 4005 2442 4060 visionum
2474 4006 2788 4079 aliorumque
2813 4009 3092 4066 antestium
3119 4012 3370 4068 donorum
3392 4030 3478 4085 per
3505 4013 3654 4084 priora

2173 4096 2418 4153 Ecclesia:
2461 4102 2668 4170 stucula,
2701 4103 2851 4173 copia
2891 4113 2940 4159 et
2965 4105 3193 4161 ubertate
3221 4107 3498 4162 disseritur.
3531 4107 3656 4162 Vete-

2167 4207 2247 4246 res
2274 4191 2610 4260 Christianos,
2641 4204 2688 4248 et
2718 4195 2947 4249 omnium
2984 4197 3244 4268 Opinione,
3271 4201 3504 4268 genuinos
3523 4197 3659 4254 Citri-

2168 4284 2233 4337 sti
2263 4294 2515 4355 martyres
2558 4301 2659 4339 non
2695 4287 2899 4352 minori,
2944 4304 3096 4356 quant
3142 4288 3463 4360 Perpetuam,
3491 4289 3662 4359 ﬁducia

2170 4378 2353 4433 diuinis
2405 4379 2543 4434 hisce
2591 4379 2816 4451 Spiritus
2868 4381 3050 4437 Sancti
3089 4383 3506 4453 charismatibus,
3558 4398 3662 4437 usos

2170 4469 2196 4538 Ῑ
2198 4471 2331 4524 uisse
2355 4469 2749 4526 demonstratur.

405 4580 593 4644 niant;
621 4575 809 4633 eadem
837 4588 962 4644 erga
992 4571 1312 4642 scriptorem
1333 4567 1736 4631 montanistam,
1770 4569 1843 4623 uti
1869 4583 1996 4638 pos-
2019 4567 2074 4628 D
2171 4563 2210 4616 Ῑ-
2255 4563 2408 4618 Nihil
2431 4564 2484 4618 in
2513 4575 2804 4621 nostrorum
2829 4578 3113 4639 martyrum
3138 4570 3276 4626 Actis
3303 4587 3480 4642 reapse
3506 4585 3660 4626 occur-

403 4685 608 4737 semus,
637 4670 682 4726 si
709 4681 842 4739 quas
868 4665 1032 4720 refert
1062 4662 1346 4733 Perpetua:
1393 4668 1446 4716 et
1473 4658 1650 4716 Saturi
1678 4660 1910 4716 visiones
1939 4663 1992 4718 in

401 4763 698 4820 catholicos
726 4768 987 4829 martyres
1013 4770 1117 4810 non
1147 4753 1485 4825 quadrarent.

473 4854 679 4910 Nollem
718 4849 966 4923 equidem
1017 4860 1239 4919 negare,
1291 4845 1541 4901 Saturum
1581 4854 1634 4902 et
1673 4845 2024 4917 Perpetuam.

402 4943 713 5002 caelestibus
757 4939 1071 4996 inclaruisse
1118 4937 1534 4994 revelationibus
1566 4954 1579 4991 :
1608 4937 1704 4994 sed
1755 4953 1822 4994 an
1885 4938 1991 4993 illa:

402 5038 534 5110 ipsae
555 5037 682 5102 sint,
701 5050 834 5106 quas
855 5033 1087 5104 scriptor
1102 5031 1428 5088 montanista
1455 5032 1654 5102 publici
1679 5032 1818 5103 juris
1840 5030 1988 5100 fecit,

401 5131 596 5188 merito
625 5128 913 5201 quispiam,
937 5126 981 5182 si
1005 5139 1141 5196 opus
1165 5134 1328 5192 esset,
1359 5125 1412 5180 in
1442 5125 1864 5180 controversiam
1894 5139 1991 5179 vo-

403 5232 571 5280 caret.
600 5221 828 5291 Quidam
857 5233 1044 5276 eorum
1063 5219 1156 5290 qui
1173 5217 1434 5274 adversus
1461 5217 1760 5288 lgnatianas
1792 5218 1990 5286 episto—

399 5317 480 5374 las
521 5315 784 5373 calamum
832 5319 1174 5379 exeruerunt,
1203 5310 1410 5382 aliquas
1450 5325 1480 5364 a
1525 5318 1712 5364 sancto
1754 5318 1990 5378 martyre

398 5408 728 5480 conscriptas
747 5407 915 5463 fuisse
931 5407 1139 5463 litteras
1170 5419 1277 5461 non
1305 5402 1628 5459 inficiantur.
1657 5400 1794 5466 Quin
1827 5409 1880 5456 et
1906 5399 1989 5457 ul-

394 5509 480 5557 tro
519 5500 836 5565 admittunt,
882 5512 975 5555 eas
1003 5513 1034 5552 a
1079 5496 1374 5566 Polyearpo
1400 5490 1567 5547 fuisse
1591 5492 1866 5557 collectas,
1896 5507 1988 5548 ea-

392 5609 621 5664 rumque
659 5605 926 5661 συναγωγὴν
967 5603 1080 5645 sua:
1116 5595 1360 5642 sanctum
1388 5582 1698 5655 episcopum
1743 5583 1812 5640 ad
1858 5583 1987 5639 Phi-

395 5689 667 5760 lippenses
693 5685 938 5758 epistolae
981 5678 1324 5751 subjunxisse
1351 5695 1362 5731 :
1393 5677 1489 5734 sed
1530 5693 1664 5749 quas
1696 5678 1856 5736 modo
1884 5677 1984 5734 ha-

394 5780 585 5842 bemus
637 5781 722 5838 vel
768 5778 836 5835 ab
890 5773 1096 5847 lgnatio
1144 5770 1407 5841 scriptas,
1462 5772 1551 5827 vel
1607 5788 1634 5828 a
1683 5773 1984 5845 Polyearpo
2035 5820 2038 5822 ν

2103 4673 2213 4710 rere
2239 4656 2374 4728 quod
2405 4656 2638 4712 Montani
2674 4659 2898 4716 redoleat
2929 4663 3202 4732 oﬂicinam.

2171 4749 2237 4805 Il.
2278 4749 2507 4805 Sanctus
2526 4749 2763 4807 Justinus
2795 4753 2872 4808 Μ.
2901 4757 2981 4809 sui
3011 4760 3250 4829 temporis
3277 4761 3546 4833 praphetas
3567 4773 3661 4814 cum

2097 4843 2341 4898 veteribus
2367 4855 2647 4913 comparat.
2683 4845 2830 4902 Unde
2868 4851 3135 4919 conﬁcitur
3168 4869 3271 4929 non
3301 4855 3483 4910 minori
3531 4867 3660 4925 quam

2094 4933 2215 4990 illos
2243 4935 2434 5003 ﬁducia
2461 4937 2808 5007 propheticum
2847 4941 3084 5012 spiritum
3111 4961 3406 5016 usurpasse.

2166 5027 2253 5083 Ill.
2295 5025 2376 5082 De
2413 5027 2845 5087 Montanistarum
2867 5033 3054 5090 initiis.
3098 5034 3293 5093 Nullus
3318 5039 3658 5096 vetustissimo-

2091 5138 2207 5176 rum
2246 5122 2550 5192 scriptorum
2587 5126 2920 5182 montanistas
2959 5129 3072 5184 ideo
3104 5147 3196 5202 pro
3229 5131 3376 5202 falsis
3423 5129 3662 5203 prapltetis

2096 5213 2295 5280 habuit,
2331 5217 2466 5283 quod
2491 5217 2645 5272 veluti
2685 5219 2752 5273 ad
2777 5220 3041 5276 arbitrium
3084 5221 3313 5293 Spiritus
3341 5224 3518 5282 Sancti
3541 5237 3662 5279 reve-

2093 5303 2364 5360 lationibus
2383 5315 2662 5364 uterentur.

2163 5396 2253 5452 IV.
2296 5396 2374 5453 De
2409 5399 2777 5457 charismatum
2825 5420 2914 5474 per
2953 5405 3060 5460 haec
3102 5383 3331 5478 tempora
3357 5408 3592 5463 varietate
3623 5414 3660 5460 et

2062 5490 2240 5577 icopia
2275 5491 2474 5562 insigne
2501 5494 2665 5547 sancti
2693 5494 2882 5551 frenari
2925 5500 3287 5556 testimonium.

2164 5581 2229 5637 V.
2275 5584 2441 5650 Quam
2491 5595 2674 5656 priuato
2724 5591 2875 5660 fuerit
2929 5593 3179 5650 ueteribus
3228 5594 3558 5662 Christianis,
3583 5592 3659 5646 ad

2157 5776 2235 5852 (rt)
2264 5779 2418 5854 Apud
2438 5781 2694 5844 Pearsou.
2739 5785 3017 5846 Vindiciar.
3045 5807 3098 5866 p.
3130 5793 3182 5862 i,
3208 5807 3326 5869 cap.
3358 5796 3418 5854 5.
