3818 6278
213 327 331 391 105

1167 325 1302 384 PRO
1339 327 1438 388 SS.
1467 325 1860 396 PERPETUA,
1901 323 2313 387 FELICITATE
2339 328 2429 388 ET
2453 328 2681 389 SOCIIS.

3435 337 3543 396 I06

215 446 534 504 coercendos
597 445 980 518 abigendosque
1040 445 1324 514 dwmones,
1393 448 1552 504 virtus
1605 449 1833 520 Spiritus
1861 450 1912 509 Α
1943 448 2164 504 Domina
2197 465 2373 515 soror,
2427 449 2540 520 jam
2582 449 2636 506 in
2665 463 2859 522 magna
2883 449 3144 522 dignitate
3171 466 3252 522 es,
3303 460 3360 509 et
3391 461 3539 510 tanta

219 541 394 597 sancti
405 585 418 596 .

305 633 397 688 VI.
442 632 790 700 Potamiwnw,
814 648 917 688 non
944 632 1113 687 minus
1139 648 1294 704 quam
1327 631 1616 704 Perpetua,
1647 649 1837 688 memo-

238 723 405 779 rabile
431 725 734 794 exemptum.

307 817 416 873 VII.
461 820 716 884 Quantum
754 816 1004 889 Cypriani
1032 819 1134 872 vita
1164 818 1440 874 visionibus
1468 835 1529 874 ac
1557 819 1828 875 revelatio-

235 911 381 966 m'bus
404 909 756 978 abundaverit,
808 926 872 964 ea:
897 912 1006 982 ejus
1033 911 1278 982 epistolis,
1324 921 1374 966 et
1395 909 1586 966 Pontio
1616 911 1831 967 diatono

232 1007 526 1062 ostmditur.

303 1120 436 1177 VIII.
479 1119 714 1174 Aliorum
741 1128 1024 1192 martyrum
1049 1119 1177 1173 Acta
1200 1118 1379 1174 iisdem
1406 1118 1632 1190 Spiritus
1665 1121 1830 1175 sancti

229 1213 370 1267 donis
395 1215 608 1285 referta.

284 1324 378 1380 IX.
428 1325 712 1396 Perpetua:
735 1336 782 1381 et
807 1325 1055 1382 sociorum
1080 1336 1362 1396 martyrum
1400 1341 1505 1380 (evo
1542 1326 1827 1379 charisma-

215 1429 321 1472 tum
366 1423 591 1490 fontem,
638 1419 806 1490 magis
840 1435 993 1491 quam
1034 1416 1280 1490 Cypriani
1316 1418 1624 1490 temporibus
1665 1434 1828 1474 exun-

211 1511 382 1566 desse.

297 1665 346 1722 I.
387 1666 586 1736 Quum,
616 1675 677 1722 ut
698 1667 895 1737 saepius
921 1665 1053 1734 dixi,
1086 1666 1406 1737 quae'capite
1435 1668 1750 1738 praecedenti
1773 1669 1826 1723 in

234 1761 480 1816 medium
511 1760 744 1830 produxi,
777 1776 882 1816 non
914 1760 967 1816 in
995 1776 1112 1816 eam
1159 1775 1396 1817 mentem
1439 1762 1607 1832 accipi
1638 1763 1821 1828 velim,

1949 547 2008 596 ut
2034 542 2273 611 postules
2299 542 2584 608 visionem,
2619 553 2672 598 et
2687 544 3004 600 ostendatur
3024 546 3118 602 tibi
3143 562 3211 602 an
3242 547 3420 617 passio
3448 548 3541 613 sit,

1943 647 2010 687 an
2041 643 2397 690 commeatus.
2430 635 2499 690 Et
2524 650 2622 705 ego
2647 651 2766 706 quae
2789 652 2876 693 me
2900 638 3131 693 sciebam
3165 639 3386 694 fabulari
3417 653 3540 693 cum

1941 726 2198 795 Domino,
2227 730 2380 800 cujus
2411 729 2670 784 beneﬁcia
2703 738 2844 784 tanta
2869 741 3091 800 experta
3117 747 3285 798 eram,
3315 732 3542 786 ﬁdenter

1936 821 2218 889 repromisi
2264 823 2310 874 ei
2343 820 2530 876 dicens
2559 838 2571 874 :
2614 819 2858 877 Crastina
2898 822 2986 877 die
3016 823 3108 878 tibi
3140 823 3479 879 renuntiabo.
3515 841 3535 874 ι

1935 910 2036 977 Eo,
2072 913 2243 983 inquit
2272 913 2589 984 Basnagius,
2630 927 2690 968 se
2715 913 2876 968 modo
2904 913 3168 985 Perpetua
3198 918 3364 986 gerit;
3389 915 3542 985 quasi

1935 1005 2195 1074 Spiritum
2237 1016 2479 1061 sanctum
2530 1007 2693 1062 veluti
2745 1007 2946 1064 monile
3003 1010 3270 1080 quoddam
3316 1013 3370 1064 in
3415 1026 3540 1066 arca

1933 1101 2198 1156 inclusum
2222 1116 2320 1156 sua
2347 1102 2573 1158 haberet
2601 1102 2666 1156 ad
2693 1112 2904 1168 nutum,
2931 1105 3049 1175 ejus
3071 1106 3536 1178 illustrationibus,

1933 1195 2147 1266 quando
2166 1196 2344 1263 vellet,
2375 1211 2533 1253 usura
2560 1197 2627 1252 ad
2658 1197 2972 1265 arbitrium;
3003 1200 3348 1273 recitatisque
3373 1217 3538 1271 supe-

1933 1296 2164 1352 rioribus
2206 1295 2404 1360 verbis,
2437 1295 2652 1362 miram,
2697 1296 2994 1367 subiungit,
3043 1297 3291 1354 ﬁduciam
3332 1309 3386 1366 et
3422 1299 3538 1355 sola

1932 1387 2372 1445 Montanistarum
2403 1388 2600 1445 familia
2633 1389 2883 1460 dignam!

2006 1483 2120 1539 Hoc
2149 1492 2468 1555 argumento
2503 1483 2656 1540 facile
2684 1499 2770 1538 me
2799 1485 3145 1555 expedirem;
3179 1487 3224 1542 si
3257 1487 3536 1543 innumera

1932 1577 2038 1632 huc
2078 1576 2326 1633 afferrem
2365 1577 2573 1644 similis,
2621 1577 2665 1632 si
2713 1593 2816 1632 non
2862 1579 3020 1633 etiam
3075 1580 3290 1647 majoris
3326 1580 3535 1634 ﬁducia:

1933 1672 2206 1741 exempla,
2237 1686 2347 1727 non
2375 1671 2535 1726 modo
2558 1687 2624 1727 ex
2646 1673 3006 1727 recentiorum
3032 1683 3336 1728 sanctorum
3366 1675 3536 1730 histo-

1930 1765 2055 1830 riis;
2103 1764 2198 1820 sed
2237 1781 2269 1819 e
2310 1764 2620 1821 Theodoriti
2659 1781 2872 1835 quoque
2919 1766 3140 1821 historia
3186 1768 3455 1837 religiosa,
3504 1784 3536 1826 c

229 1853 386 1924 quasi
428 1855 665 1907 Actorum
709 1855 1001 1924 νησιὸτηται
1037 1855 1090 1906 in
1138 1853 1559 1908 controversiam
1599 1868 1827 1921 vocare,
1861 1851 1908 1910 B
1937 1857 2180 1928 Gregorii
2208 1858 2460 1927 Dialogis,
2492 1875 2558 1913 ex
2582 1858 2803 1914 Joannis
2829 1860 3025 1914 Moschi
3053 1860 3215 1914 Prato
3243 1861 3530 1929 spirituali,

229 1958 326 2003 aut
351 1948 651 2003 earumdem
677 1949 962 2015 editorem,
994 1958 1091 2002 etSt
1116 1949 1516 2013 montanistam,
1545 1947 1599 2001 in
1623 1947 1822 2003 fraudis

218 2041 582 2111 su5picionem
627 2040 917 2108 adducere,
955 2041 1008 2095 in
1045 2042 1224 2096 animo
1252 2041 1473 2095 habeam
1502 2059 1515 2096 :
1544 2042 1648 2096 alia
1679 2057 1822 2097 nunc

207 2132 368 2187 vobis
397 2132 507 2198 via,
534 2133 834 2202 Augustino
860 2134 1020 2188 etiam
1047 2132 1203 2198 duce,
1257 2133 1585 2202 capessenda
1621 2134 1820 2188 danda-

194 2240 303 2297 que
350 2241 520 2297 opera
588 2236 672 2281 est
727 2235 785 2281 ut
832 2241 1046 2282 omnem
1100 2241 1130 2278 a
1188 2225 1468 2296 Perpetua:
1494 2227 1817 2294 visionibus,

201 2321 372 2375 etiam
407 2329 573 2390 prout
605 2321 657 2374 in
706 2321 854 2376 Actis
893 2320 1220 2387 referuntur,
1256 2321 1600 2374 montanismi
1641 2322 1816 2390 suspi-

193 2411 415 2466 cionem
450 2411 796 2466 amoliamur.
822 2410 893 2467 Ut
919 2413 1062 2468 enim
1113 2414 1244 2467 Aeta
1273 2412 1432 2467 nullis
1466 2413 1816 2468 Montanista-

199 2520 324 2560 rum
355 2505 691 2560 commentis
725 2507 989 2574 inquinata
1011 2520 1131 2561 esse
1154 2520 1431 2575 negemus,
1462 2515 1510 2560 et
1537 2505 1817 2575 Perpetua:

196 2597 586 2654 revelationes
614 2596 815 2666 aliquid
864 2599 1080 2663 habere,
1119 2597 1260 2668 quod
1299 2597 1536 2652 Montani
1573 2598 1816 2653 scholam

203 2687 604 2760 ofﬁcinamque
632 2689 894 2754 redoleat,
924 2689 1178 2744 Ecclesiae
1204 2688 1496 2744 auctoritas
1525 2687 1672 2756 facit,
1697 2705 1819 2760 qua:

202 2795 324 2836 non
358 2781 495 2848 beri,
539 2790 635 2835 aut
660 2781 1067 2844 nudiustertius.
1101 2781 1194 2836 sed
1224 2783 1294 2838 ab
1334 2783 1573 2852 antiquis
1606 2793 1816 2853 tempo-

197 2872 390 2938 ribus,
423 2882 484 2928 ut
509 2888 575 2929 ex
603 2873 902 2944 Augustino
935 2883 1146 2928 constat
1167 2872 1270 2946 (I),
1318 2874 1587 2944 publicam
1624 2891 1813 2931 eorum

215 2962 513 3020 lectionem
532 2965 871 3036 approbavit.
895 2965 1046 3019 Facit
1065 2966 1226 3020 etiam
1255 2968 1545 3022 auctoritas
1575 2967 1813 3033 Patrum,

212 3059 316 3131 qui
343 3061 474 3115 nihil
497 3077 525 3116 a
545 3060 651 3116 ﬁde
678 3061 934 3126 alienum,
968 3059 1100 3116 nihil
1130 3059 1466 3126 indecorum,
1498 3061 1630 3116 nihil
1659 3062 1814 3117 deni-

202 3167 337 3222 que,
380 3153 521 3222 quod
561 3153 1002 3208 Montanistarnm
1051 3153 1292 3230 redoleat
1341 3154 1630 3222 ofﬁcinam,
1664 3157 1716 3211 in
1747 3158 1812 3212 iis

1927 1961 1980 2006 et
2007 1951 2124 2005 aliis
2153 1949 2458 2020 hujusmodi
2511 1952 2705 2020 quinti,
2739 1955 2872 2006 sexti
2903 1967 2965 2006 ac
2992 1953 3328 2023 sequentium
3360 1968 3533 2008 saecu-

1932 2043 2104 2098 lorum
2126 2043 2487 2098 voluminibus
2515 2052 2848 2099 coacervata.
2883 2049 2949 2098 At
2971 2043 3222 2114 quoniam
3251 2043 3377 2098 mihi
3407 2061 3531 2100 cum

1928 2137 2197 2206 ejusmodi
2241 2137 2548 2192 hominibus
2577 2140 2799 2206 qurestio
2840 2147 2944 2203 est,
2977 2139 3062 2207 qui
3097 2137 3148 2192 id
3177 2140 3387 2208 generis
3416 2156 3536 2195 mo-

1926 2233 2194 2285 numentis
2233 2246 2447 2286 omnem
2501 2239 2703 2286 temere
2750 2231 2906 2285 ﬁdem
2964 2231 3261 2301 abrogant,
3309 2231 3423 2286 haec
3476 2233 3528 2288 in

1925 2324 2328 2394 praesentiarum
2377 2325 2538 2378 missa
2572 2322 2785 2390 faciam,
2816 2333 2868 2378 et
2897 2322 2962 2376 ad
3007 2323 3111 2377 alia
3157 2339 3242 2378 me
3281 2325 3529 2388 exempla

1926 2418 2342 2488 testimoniaque
2373 2426 2707 2484 convertam,
2740 2417 2934 2486 quibus
2964 2417 2996 2470 ii
3035 2425 3237 2470 tantum
3271 2417 3529 2484 refragari

1924 2510 2189 2577 audeant,
2242 2512 2331 2581 qui
2391 2519 2484 2565 aut
2537 2509 2884 2564 christianam
2934 2509 3245 2578 religionem
3296 2509 3527 2567 ludibrio

1923 2604 2142 2668 habent,
2184 2612 2277 2658 aut
2323 2604 2520 2659 nullam
2553 2604 2763 2672 penitus
2801 2603 3112 2673 religionem
3157 2603 3360 2658 colunt.
3408 2603 3528 2660 Non

1923 2708 2006 2752 est
2031 2705 2206 2752 tamen
2235 2711 2334 2751 cur
2366 2711 2395 2750 a
2439 2712 2525 2750 me
2567 2695 2757 2765 aliquis
2802 2703 3078 2764 exspectet
3115 2702 3171 2748 ut
3214 2694 3389 2747 omnia
3423 2695 3530 2750 huc
3607 2715 3610 2723 ·

1924 2787 2192 2842 conferam
2243 2787 2541 2842 cmlestium
2595 2786 2900 2849 visionum,
2954 2784 3384 2852 propheticarum
3434 2799 3524 2839 re-

1923 2879 2296 2944 velationum,
2367 2877 2700 2946 aliorumque
2763 2875 3068 2929 divinorum
3142 2874 3528 2929 charismatum

1924 2971 2166 3042 exempla
2197 2969 2391 3040 quibus
2421 2968 2659 3023 Ecclesia
2693 2968 2979 3038 plurimum
3010 2966 3104 3020 fuit
3134 2966 3301 3020 tribus
3327 2966 3524 3034 priori-

1923 3064 2022 3120 bus
2049 3065 2259 3122 sseCulis
2291 3063 2569 3118 illustrata.
2587 3061 2920 3131 Quamquam
2947 3059 3088 3114 enim
3113 3059 3164 3114 id
3191 3060 3411 3113 multum
3433 3061 3526 3127 ju-

1925 3167 2072 3215 varet
2097 3167 2156 3213 ut
2177 3156 2619 3227 intelligeremus,
2643 3155 2786 3210 unde
2807 3155 3088 3223 Perpetua:
3117 3153 3350 3206 animum
3380 3161 3525 3206 tanta

213 3244 360 3314 ipsis
381 3245 664 3309 Perpetua:
694 3246 1108 3302 revelationibus
1133 3247 1444 3302 subodorati
1475 3257 1599 3302 sunt
1622 3249 1816 3319 quibus
1842 3243 1887 3306 C
1924 3250 2115 3305 ﬁducia
2158 3249 2438 3305 incesserit
2479 3247 2569 3320 (ex
2613 3262 2820 3302 summa
2866 3244 3114 3299 videlicet
3145 3260 3239 3313 per
3275 3259 3336 3298 ea
3387 3254 3523 3299 tem-

211 3339 377 3393 modo
403 3341 634 3408 suspicio
654 3339 1148 3409 imprudentissime
1173 3343 1496 3413 aspergitur.
1524 3342 1639 3397 Non
1663 3355 1817 3400 erant

221 3430 408 3487 Patres
440 3433 490 3486 in
528 3433 689 3488 rebus
727 3431 846 3488 ﬁdei
885 3433 1250 3488 suhodorandi
1297 3435 1433 3488 adeo
1459 3435 1638 3492 obesis
1667 3439 1814 3492 nari—

227 3523 349 3591 bus,
377 3534 434 3580 ut
459 3541 564 3580 non
594 3525 775 3581 statim
807 3525 1008 3580 bonum
1044 3526 1242 3584 Christi
1273 3525 1517 3594 odorem,
1567 3538 1620 3583 et
1655 3529 1819 3585 coele-

236 3617 387 3672 stium
407 3618 784 3674 charismatum
809 3618 1151 3690 fragrantiam
1175 3620 1245 3675 ab
1272 3621 1641 3677 hmreticarum
1665 3621 1815 3678 fabu—

237 3707 420 3774 larum,
443 3711 867 3781 ineptiarumque
890 3709 1084 3767 foetore
1104 3711 1494 3768 discernerent.
1521 3713 1638 3769 Non
1657 3715 1818 3772 modo

239 3802 405 3857 nullus
447 3803 651 3860 ostendi
695 3811 872 3873 potest
914 3803 1200 3861 haereticus
1242 3814 1469 3878 martyr,
1509 3823 1668 3877 quem
1721 3823 1818 3878 pro

245 3897 492 3954 catholico
516 3900 703 3954 Patres
729 3899 1035 3966 coluerint,
1077 3900 1170 3956 sed
1199 3915 1375 3972 neque
1399 3901 1560 3956 etiam
1595 3901 1698 3956 ulla
1727 3919 1819 3958 ca-

247 3987 546 4048 tholicorum
593 4007 902 4067 martyrum.
936 4004 1055 4052 acta
1107 3995 1373 4050 haereticis
1402 3993 1597 4050 fabulis
1641 3996 1819 4067 inqui-

248 4095 359 4138 nata
383 4127 396 4150 ,
418 4102 638 4159 quorum
661 4088 730 4144 ad
761 4089 994 4145 ﬁdelium
1017 4087 1424 4144 aediﬁcationem
1453 4088 1722 4158 publicam
1758 4089 1810 4144 in

245 4173 458 4233 Ecclesia
499 4179 786 4237 lectionem
819 4196 938 4237 esse
962 4180 1248 4235 voluerint.
1301 4178 1372 4235 Ut
1412 4179 1535 4234 boni
1573 4191 1816 4249 pastores

245 4267 430 4325 solliciti
454 4272 739 4328 admodum
772 4284 952 4339 erant,
988 4282 1102 4327 uta
1140 4270 1313 4326 noxiis
1345 4280 1506 4341 atque
1536 4271 1815 4329 inutilibus

250 4353 412 4416 herbis
445 4379 564 4420 oves
603 4374 917 4420 averterent
958 4379 1084 4421 suas
1116 4380 1130 4416 :
1164 4378 1337 4434 neque
1368 4362 1641 4419 credimus
1673 4365 1815 4418 frau-

266 4446 375 4504 dem
405 4457 510 4512 nulli
538 4469 634 4527 per
659 4467 741 4512 tot
778 4457 975 4514 saecula
1021 4456 1475 4523 animadversam,
1527 4472 1668 4512 nunc
1697 4465 1816 4512 tan-

265 4538 374 4595 dem
408 4545 636 4620 Basttagio
667 4550 991 4606 suboluisse.
1044 4548 1372 4605 Enitendum
1419 4557 1504 4604 est
1547 4549 1728 4621 igitur,
1757 4557 1816 4605 ut

1923 3358 2052 3414 pora
2097 3341 2398 3397 caelestium
2445 3339 2709 3396 donorum
2758 3338 3019 3401 ubertate,
3071 3345 3124 3392 et
3169 3352 3305 3406 pene
3347 3337 3523 3406 quoti-

1920 3434 2082 3490 diano
2111 3442 2163 3488 et
2201 3435 2494 3498 communi,
2543 3447 2604 3486 ac
2633 3431 2908 3502 quibusvis
2929 3430 3090 3500 justis
3117 3427 3361 3498 exposito
3387 3427 3522 3482 divi-

1923 3540 2115 3580 norum
2146 3524 2526 3578 charismatum
2557 3522 2700 3594 usu),
2733 3531 2967 3576 attamen
2992 3521 3112 3591 quia
3143 3520 3280 3574 bene
3309 3520 3521 3589 longam

1920 3618 2292 3688 eruditumque
2330 3616 2394 3671 de
2422 3615 2710 3670 Visionibus
2741 3615 2806 3668 ad
2832 3615 3121 3683 Epistulam
3151 3629 3240 3668 \‘III
3269 3613 3524 3684 Cypriani

1920 3711 2351 3767 dissertationem
2394 3709 2560 3766 texuit
2590 3709 2854 3764 Henricus
2887 3708 3192 3762 Dodwellus
3224 3708 3363 3762 inter
3393 3708 3523 3763 Pro-

1921 3812 2178 3860 testantes
2206 3820 2309 3858 non
2362 3803 2527 3858 inﬁmi
2559 3801 2796 3857 subsellii
2827 3801 3124 3872 theologus,
3157 3802 3206 3855 in
3239 3816 3341 3871 qua
3375 3811 3523 3856 vetc-

1920 3913 2038 3952 rum
2092 3897 2339 3960 Patrum,
2382 3896 2534 3951 initio
2585 3907 2800 3964 sumpto
2839 3894 2907 3949 ab
2959 3895 3266 3965 apostolicis
3307 3895 3372 3948 ad
3418 3895 3520 3966 Cy-

1922 3990 2165 4059 prianum
2215 4003 2384 4060 usque
2415 3988 2531 4043 loca
2579 3989 2757 4043 omnia
2805 3988 2856 4041 in
2887 3987 3078 4057 quibus
3121 3987 3190 4042 de
3228 3987 3521 4042 visionibus

1920 4091 2102 4153 agunt,
2133 4081 2395 4137 adversus
2423 4096 2514 4136 eos
2537 4082 2847 4138 asseruitac
2871 4079 3156 4134 vindicavit
3178 4097 3196 4151 r
3222 4082 3330 4149 qui,
3349 4088 3406 4133 ut
3425 4080 3522 4146 ait,

1919 4192 2040 4246 qum
2091 4176 2274 4246 legunt
2325 4175 2376 4228 in
2425 4175 2564 4228 illius
2616 4173 2798 4226 smculi
2841 4170 3149 4226 auctoribus
3193 4170 3259 4224 de
3302 4170 3521 4225 visioni-

1920 4269 2038 4334 bus,
2067 4283 2129 4322 ea
2169 4267 2234 4320 ad
2266 4267 2574 4321 Montanum
2619 4263 2839 4317 trahunt
2880 4272 3040 4330 atque
3077 4261 3454 4328 Montanislas;
3495 4281 3514 4314 ι

1919 4359 2043 4418 ideo
2067 4358 2169 4413 hoc
2193 4372 2293 4429 ego
2316 4358 2500 4412 labore
2522 4355 2574 4408 in
2600 4354 2883 4422 praesentia
2912 4350 3296 4419 snpersedeho,
3329 4352 3423 4406 sed
3454 4367 3518 4409 ea

1921 4454 2197 4510 dumtaxat
2215 4467 2338 4508 cum
2367 4465 2432 4506 ex
2461 4449 2798 4519 antiquorum
2822 4446 3036 4501 Patrum
3064 4445 3276 4515 scriptis
3297 4445 3519 4517 seligam

1923 4547 2248 4608 testimonia,
2283 4554 2394 4598 tum
2439 4559 2506 4598 ex
2543 4550 2839 4612 martyrum
2889 4539 3115 4594 sinceris
3141 4539 3290 4594 Actis
3327 4539 3524 4605 proba-

253 4629 448 4703 l'njectas
470 4643 696 4713 antiquis
747 4642 896 4698 hisce
951 4652 1005 4698 et
1043 4641 1286 4712 probatis
1316 4649 1558 4697 veterum
1590 4642 1807 4699 Patrum
1838 4646 1893 4707 D
1923 4642 2094 4712 tisqne
2140 4638 2378 4694 historiis
2425 4635 2666 4706 exempla
2709 4651 2828 4704 qua:
2872 4632 2939 4687 ad
2988 4647 3164 4686 meum
3215 4631 3516 4686 institutum

247 4724 429 4783 calculo
453 4735 810 4790 monumentis
845 4734 1110 4790 haeretica:
1141 4735 1415 4804 pravitatis
1445 4737 1682 4791 maculas
1709 4737 1806 4792 de-

243 4821 503 4891 lergamus,
526 4839 575 4881 et
599 4825 725 4881 inde
751 4826 914 4882 etiam
941 4826 1226 4882 conﬂatam
1255 4827 1454 4880 sanctis
1478 4829 1805 4896 martyribus

238 4913 438 4970 sceleris
479 4917 634 4988 hujus
677 4918 934 4974 invidiam
993 4918 1348 4990 depellamus.
1397 4918 1553 4986 Quod
1603 4935 1688 4974 me
1733 4920 1812 4974 fa-

236 5001 334 5059 cile
355 5019 756 5065 consecuturum
797 5025 920 5066 esse
964 5011 1199 5073 conﬁdo,
1247 5011 1452 5081 singula
1485 5028 1712 5083 quaeque
1743 5013 1812 5068 ad

235 5107 442 5154 examen
469 5102 786 5170 revocando,
832 5112 886 5158 et
919 5102 986 5158 ad
1013 5103 1320 5159 severiores
1351 5104 1566 5160 critices
1596 5106 1813 5177 regulas

236 5190 586 5258 expendendo,
641 5209 762 5264 quae
818 5193 1140 5266 Basnagium
1192 5195 1245 5249 in
1289 5210 1508 5266 pravam
1559 5197 1697 5252 hanc
1747 5196 1817 5252 de

240 5286 421 5338 sanctis
463 5287 784 5358 martyribus
810 5287 1116 5358 opinionem
1164 5287 1521 5344 adduxerunt.
1557 5289 1814 5357 Primum,

241 5381 294 5426 ut
325 5377 557 5445 vidimus,
591 5381 731 5436 inter
760 5382 916 5438 insita
944 5391 1000 5437 et
1043 5397 1108 5437 ex
1137 5382 1270 5453 ipsis
1324 5383 1470 5437 Actis
1509 5390 1564 5438 et
1613 5383 1816 5454 Perpe-

243 5472 335 5520 tua:
360 5470 528 5526 verbis
571 5472 820 5537 collecta,
859 5473 1114 5530 adversus
1153 5474 1415 5546 Martyres
1445 5482 1816 5546 argumentum

245 5562 419 5638 repetit
465 5579 532 5618 ex
584 5579 650 5619 eo
697 5566 837 5634 quod
892 5568 1042 5623 initio
1082 5567 1274 5638 capitis
1329 5569 1502 5638 quarti
1557 5567 1820 5639 Perpetua

249 5663 410 5711 narrat
436 5658 486 5712 in
518 5656 632 5714 hrec
656 5660 812 5714 verba
845 5678 859 5714 :
888 5679 907 5712 ι
940 5659 1090 5716 Tunc
1113 5661 1248 5720 dixit
1276 5659 1408 5717 mihi
1439 5660 1606 5718 frater
1635 5676 1817 5720 meus:

342 5847 414 5920 (l)
443 5848 632 5907 Enarr.
663 5854 714 5906 in
738 5852 828 5910 Ps.
854 5873 1015 5914 xum.

502 5941 772 6005 Puncta
816 5947 923 6010 III.

1919 4733 2136 4805 propius
2162 4730 2419 4788 accedere
2447 4728 2787 4796 videbuntur,
2815 4735 2868 4782 et
2897 4740 2960 4781 ex
2993 4725 3185 4794 quibus
3214 4722 3366 4804 facile
3389 4737 3522 4793 pos-

1918 4829 1989 4884 sit
2037 4829 2284 4899 intelligi,
2335 4825 2779 4881 Montanistarum
2825 4821 3041 4876 fatniliac
3087 4820 3355 4891 propriam
3407 4833 3519 4874 non

1917 4922 2082 4978 fuisse
2129 4922 2318 4976 miram
2363 4919 2506 4973 illam
2557 4919 2835 4986 Perpetua:
2888 4914 3159 4981 ﬁduciam,
3195 4929 3298 4984 qua
3347 4910 3513 4968 futuri

1919 5023 2142 5072 eventus
2169 5012 2558 5069 revelationem
2589 5010 2737 5066 fratri
2774 5005 3082 5078 spopondit.

1991 5109 2056 5164 II.
2097 5106 2337 5163 Notanda
2368 5115 2493 5161 sunt
2527 5113 2704 5158 autem
2750 5099 3014 5170 imprimis
3043 5098 3288 5169 quaedam
3324 5097 3524 5153 Jusﬁni

1920 5203 2172 5275 martyris
2205 5202 2320 5256 loca
2347 5214 2417 5255 ex
2451 5199 2671 5266 Dialogo
2700 5210 2824 5249 cum
2859 5193 3184 5264 Tryphone,
3215 5192 3267 5246 in
3299 5203 3427 5260 quo,
3464 5197 3525 5244 ut

1921 5295 2185 5352 Eusebius
2223 5287 2549 5362 advertit(I)
2581 5306 2593 5342 :
2631 5307 2650 5340 ί
2699 5285 3000 5355 Prophetiac
3038 5286 3174 5339 dona
3207 5283 3383 5338 adhuc
3425 5295 3525 5338 sua

1923 5401 2079 5447 tetate
2122 5391 2178 5445 in
2208 5389 2448 5445 Ecclesia
2494 5385 2761 5456 viguisse,
2805 5384 3009 5438 scribit.
3047 5400 3066 5434 ι
3100 5380 3206 5436 Sed
3251 5373 3524 5448 quomodo

1922 5484 2186 5557 viguerint
2208 5524 2224 5549 ,
2252 5479 2524 5552 productis
2547 5477 2718 5532 Sancti
2750 5476 2999 5547 martyris
3025 5471 3348 5529 testimoniis
3375 5483 3529 5527 com-

1928 5586 2136 5648 pertum
2193 5570 2365 5642 magis
2438 5568 2755 5624 habebimus
2820 5576 2981 5636 atque
3029 5565 3390 5635 exploratum.
3447 5559 3528 5616 Ita

2005 5706 2082 5781 (l)
2121 5712 2294 5781 PM?!
2343 5707 2392 5758 δὲ
2436 5708 2518 5759 xei
2564 5712 2622 5768 ὡς
2663 5710 2737 5759 ὅτι
2777 5710 2924 5781 ⁴μέχρι
2951 5711 3038 5755 uati.
3074 5705 3220 5781 ςεῆςοῦ
3235 5704 3532 5781 -ζᾳρίςξεειτα

1933 5767 2496 5852 πρδᾳῆτιέάἶιέλαμπεν
2534 5767 2612 5832 ἐπὶ
2653 5789 2735 5838 τῆς
2772 5767 3046 5839 ἓκέλησίας.
3078 5772 3196 5829 Lib.
3363 5767 3526 5844 IIist.,

1938 5851 2058 5924 cap.
2090 5851 2176 5907 18.

3047 5935 3106 5997 ἶι.
