3818 6278
346 326 448 389 107

1506 310 1959 375 DISSERTATIO
1996 312 2475 375 APOLOGE'I‘ICA

3535 318 3623 392 liis

351 448 496 508 enim
518 441 688 519 ait(l)
721 459 735 499 :
770 458 791 495 ι
825 434 981 512 Apud
1013 450 1114 496 nos
1140 435 1285 495 cnim
1306 436 1600 510 hucusque
1621 436 1782 494 etiam
1815 450 1943 506 pro-
1971 432 2027 497 Α
2052 434 2479 506 philadelphensi
2520 438 2575 491 et
2607 409 2804 493 deinde
2833 434 3117 507 Perpetua:
3145 430 3279 497 adeo
3332 439 3623 507 familiarem

349 542 563 615 phetica
593 546 802 596 exstant
826 532 985 601 dona,
1019 532 1163 588 unde
1188 540 1244 589 et
1268 548 1364 588 vos
1391 532 1689 604 intelligere
1722 528 1936 585 debetis

354 651 471 708 qua:
486 633 613 690 olim
640 633 690 687 in
715 641 909 703 genere
921 634 1100 684 vestro
1117 624 1287 692 fuere,
1315 638 1376 679 ea
1398 638 1520 680 esse
1535 625 1587 678 in
1609 636 1708 677 nos
1728 619 1948 675 transla-

354 740 428 787 ta.
466 748 485 784 ι
530 728 593 785 Ει
621 723 791 788 infra,
835 738 993 795 quam
1041 719 1381 793 perspicuum
1412 730 1533 772 esse
1572 715 1765 779 docet,
1798 723 1853 769 et
1892 712 1946 769 in

351 821 591 880 omnium
617 819 787 874 oculis
812 815 1069 888 positum,
1098 812 1302 869 nullum
1334 820 1444 866 tum
1477 807 1707 879 amplius
1732 814 1946 861 exstare

349 921 405 977 in
453 915 761 975 Iudaeorum
806 919 963 984 gente
1015 906 1385 979 prophetam:
1439 913 1547 957 tam
1601 900 1776 972 palam
1823 910 1946 954 esse

348 1009 599 1067 omnibus
618 1050 634 1073 ,
663 1020 728 1062 ac
752 1002 1113 1066 manifestum,
1142 1012 1265 1054 esse
1290 1010 1476 1052 revera
1502 993 1641 1049 inter
1666 990 1946 1048 Christia-

345 1119 445 1162 nos
475 1118 583 1158 non
607 1098 756 1155 viros
803 1104 1011 1153 tantum
1031 1135 1045 1158 ,
1083 1090 1179 1148 sed
1217 1090 1377 1146 etiam
1411 1088 1674 1152 feminas,
1705 1083 1945 1156 prophe-

348 1198 436 1257 tiae
461 1198 690 1270 spiritu,
729 1188 1022 1250 secundum
1057 1186 1225 1244 Joelis
1246 1184 1558 1241 vaticinium
1583 1182 1792 1237 amatos
1813 1177 1897 1253 (2)
1923 1195 1940 1234 :

350 1310 372 1348 ι
416 1291 496 1348 Ita
525 1299 586 1346 ut
620 1291 673 1344 in
701 1300 900 1359 genere
937 1290 1122 1338 vestro
1170 1294 1277 1334 non
1319 1277 1551 1347 amplius
1594 1289 1747 1331 more
1772 1272 1943 1329 veteri

344 1383 622 1458 prophetae
653 1378 816 1435 futuri
856 1383 1041 1433 essent
1074 1395 1088 1431 :
1129 1369 1273 1443 quod
1307 1379 1363 1426 et
1404 1369 1576 1425 oculis
1605 1367 1705 1438 ipsi
1744 1364 1945 1422 vestris

342 1493 571 1538 cernere
598 1475 845 1548 potestis.
891 1471 1023 1528 Post
1062 1470 1213 1525 illum
1246 1480 1477 1537 namque
1516 1464 1694 1520 nullus
1720 1460 1942 1519 omnino

342 1573 484 1647 apud
511 1586 606 1626 vos
655 1576 810 1623 natus
855 1574 939 1621 est
991 1562 1270 1635 propheta.
1303 1580 1322 1613 ι
1364 1558 1433 1614 Et
1462 1557 1621 1629 paulo
1649 1565 1771 1628 post
1807 1553 1891 1628 (5)
1924 1575 1939 1612 :

348 1685 369 1722 ι
404 1668 500 1725 Est
521 1662 661 1736 apud
689 1676 788 1717 nos
820 1658 1005 1715 videre
1048 1664 1102 1712 et
1146 1654 1378 1712 feminas
1403 1662 1459 1709 et
1501 1652 1773 1708 masculos
1797 1650 1939 1705 dona

340 1774 370 1817 a
396 1757 601 1829 Spiritu
633 1755 727 1811 Dei
757 1752 1037 1807 habentes.
1075 1767 1096 1803 ι
1132 1747 1246 1803 Hoc
1274 1744 1471 1802 Justini
1497 1744 1747 1817 martyris
1785 1740 1937 1797 testi-

2051 530 2216 585 fuisse
2243 529 2514 598 dicamus,
2555 538 2616 585 ut
2654 544 2683 584 a
2712 528 3031 588 Christianis
3071 533 3418 606 interrogati,
3448 537 3553 594 haec
3574 542 3624 596 ﬁ-

2048 619 2201 676 ducia
2223 620 2628 692 responderint:
2650 638 2670 673 ι
2689 620 2822 677 Cras
2841 623 2995 677 vobis
3011 626 3435 683 renuutiabimus
3457 648 3473 681 ι
3496 647 3624 700 :pro-

2048 714 2226 784 pheta:
2251 713 2472 780 scilicet,
2503 713 2947 784 autprophctidis
2970 715 3406 787 appellationem,
3441 735 3537 776 ιιοτι
3563 722 3624 780 illi

2048 806 2199 872 olim,
2232 814 2322 861 aut
2349 806 2457 861 illae
2483 807 2671 862 tulisse
2699 806 2977 875 videntur,
3011 810 3098 880 qui
3137 812 3305 867 semel
3336 823 3535 870 tantum
3556 829 3625 876 aut

2048 899 2242 955 iterum
2288 898 2601 969 prophetica
2644 899 2905 955 fudissent
2947 903 3195 968 oracula,
3246 904 3344 960 sed
3393 907 3481 977 qui
3522 924 3627 978 pro.

2046 993 2262 1064 phetico
2288 992 2478 1065 spiritu
2505 991 2856 1059 familiariter,
2887 1002 2941 1049 et
2969 1011 3105 1064 pene
3137 995 3373 1052 dixerim
3412 999 3477 1054 ad
3503 1003 3628 1058 arbi-

2047 1085 2212 1141 trium
2239 1093 2541 1140 uterentur.
2566 1084 2818 1154 Alioquin
2846 1100 2969 1142 cum
2998 1086 3313 1158 prophetica
3343 1089 3483 1146 dona
3510 1099 3628 1152 tanta

2047 1176 2179 1231 olim
2210 1176 2264 1231 in
2296 1176 2540 1231 Ecclesia
2570 1177 2724 1247 copia
2775 1178 3151 1246 exundarent,
3198 1196 3297 1236 cur
3335 1182 3494 1254 aliqui
3538 1195 3629 1242 tau-

2044 1280 2157 1327 tutn
2208 1285 2308 1325 nec
2354 1285 2550 1342 magno
2598 1286 2729 1328 sane
2762 1286 2990 1327 numero
3041 1275 3320 1344 pmphctzn
3351 1277 3630 1351 xar‘e‘gozs.

2044 1364 2172 1421 dicti
2199 1364 2450 1432 fuissent,
2481 1373 2537 1421 ut
2565 1380 2699 1436 quos
2725 1365 2972 1423 Asterius
3011 1367 3154 1438 apud
3197 1368 3497 1426 Eusebium
3530 1373 3630 1432 loco

2044 1458 2241 1530 smpius
2269 1457 2486 1513 laudato
2513 1467 2793 1524 recenset,
2822 1469 2875 1513 et
2910 1459 3241 1532 Polycarpus
3264 1460 3444 1518 dictus
3465 1461 3627 1523 Eccle-

2043 1551 2139 1607 SiEB
2154 1551 2469 1623 Smyrnensi
2493 1556 2776 1615 διδέσκα).ος
2800 1559 3133 1619 ἀποπολικὸς,
3148 1565 3232 1609 καὶ
3249 1562 3534 1627 προφητιιός
3546 1558 3627 1631 (ί),

2056 1647 2257 1703 Doctor
2269 1646 2598 1716 apostolicus
2625 1657 2678 1703 et
2707 1661 2805 1719 pro
2813 1646 3055 1718 pheticus
3070 1647 3096 1702 ἲ

2112 1736 2200 1793 lli.
2242 1736 2359 1793 Non
2406 1737 2566 1809 longe
2604 1746 2727 1808 post
2769 1738 2967 1794 Justini
2999 1740 3322 1812 martyrium
3359 1742 3629 1799 montanis-

337 1823 521 1910 monio
560 1848 678 1906 falsi
725 1844 995 1919 imprimis
1038 1842 1377 1899 convincitur
1424 1838 1718 1908 Basnagius
1741 1879 1756 1906 ,
1801 1835 1928 1892 dum
1957 1823 2009 1886 Β
2038 1830 2155 1885 ticae
2188 1829 2434 1885 factionis
2482 1830 2631 1885 initia
2672 1829 2924 1885 videntur
2963 1846 3088 1886 esse
3112 1833 3464 1899 collocanda,
3491 1835 3548 1899 si,
3577 1845 3622 1893 ut

334 1947 410 2004 ait
433 1942 512 2019 (4)
536 1987 551 2013 ,
581 1943 634 1997 in
658 1939 809 1996 Novo
842 1937 1194 1993 Testamento
1222 1932 1291 1989 de
1330 1931 1460 1988 solis
1496 1927 1729 1999 Philippi
1764 1942 1935 1983 evan-

336 2039 545 2112 gelistae
584 2033 798 2091 ﬁliabus
838 2030 1027 2087 referri
1066 2027 1209 2101 quod
1237 2041 1267 2082 a
1294 2026 1515 2081 numine
1543 2031 1678 2079 actm
1716 2022 1932 2078 oracula

335 2131 645 2189 funderent.
687 2126 819 2182 Nam
873 2130 1090 2180 sanctus
1143 2120 1387 2177 Justinus
1429 2117 1830 2189 promiscuum,
1875 2125 1932 2171 et

332 2240 623 2286 commune
653 2220 821 2278 fuisse
850 2217 1015 2274 tradit
1070 2214 1328 2272 masculis
1357 2224 1413 2269 et
1446 2212 1659 2268 feminis
1701 2209 1933 2281 prophe-

330 2321 423 2377 tiae
448 2318 685 2376 domum.
712 2316 1045 2382 Quamquam
1069 2318 1124 2365 et
1158 2307 1289 2363 illud
1317 2322 1424 2362 non
1454 2303 1741 2361 admodum
1770 2318 1930 2358 vero-

329 2414 506 2472 simile
550 2411 830 2475 videatur,
877 2404 1108 2475 Philippi
1140 2403 1305 2471 filias,
1333 2401 1612 2473 quamvis,
1646 2409 1707 2455 ut
1744 2400 1933 2456 scribit

329 2507 399 2565 ad
442 2505 711 2562 Victorem
748 2500 1057 2573 Polycrates
1095 2496 1215 2569 (5),
1256 2497 1309 2550 in
1348 2496 1471 2550 Asia
1514 2493 1928 2561 consenuerint,

330 2600 399 2656 ad
431 2599 483 2655 id
514 2612 687 2670 usque
735 2593 995 2664 temporis
1045 2589 1376 2663 pervenisse.
1429 2586 1673 2644 Asterius
1716 2600 1932 2658 quoque

330 2690 583 2751 Urbanus
609 2691 750 2745 inter
772 2687 895 2742 novi
925 2682 1253 2741 Testamenti
1280 2679 1578 2737 catholicos
1599 2679 1890 2751 prophetas
1912 2717 1927 2742 ,

329 2793 389 2841 ut
416 2798 549 2856 quos
579 2781 721 2837 dicat
749 2778 880 2835 nihil
910 2776 978 2833 ad
1010 2774 1361 2831 Montanistas
1406 2772 1752 2843 pertinuisse,
1785 2774 1931 2840 μηδὲν

328 2881 489 2940 αὖτοις
540 2889 889 2948 προσψιοντας,
933 2879 1131 2943 ιιιτειει·
1156 2867 1384 2936 Philippi
1436 2865 1607 2931 filias,
1663 2863 1930 2920 Ammiam

327 2967 615 3042 quamdam
666 2963 1164 3039 philadelphensem
1235 2970 1515 3027 recenset,
1572 2957 1812 3027 spiritu,
1875 2966 1932 3012 ιιι

331 3061 667 3121 Montanistze
690 3063 985 3133 jactarent,
1017 3055 1159 3129 quod
1194 3054 1272 3127 (6)
1310 3074 1328 3108 ι
1361 3063 1483 3126 post
1512 3051 1844 3123 Quadratum
1877 3059 1931 3107 et

332 3154 601 3210 Ammiam
645 3150 1139 3224 philadelphensem
1170 3146 1429 3203 mulieros
1477 3146 1583 3202 illa:
1609 3145 1843 3201 Montani
1875 3145 1928 3199 in

2037 1921 2348 1978 Ruinartius
2378 1920 2458 1994 (2)
2487 1931 2542 1977 et
2570 1921 2661 1976 alii
2702 1923 2921 1984 volunt.
2970 1937 3111 1979 anno
3149 1938 3332 1980 cum
3381 1933 3469 1979 aut
3496 1929 3629 1984 etiam

2036 2017 2210 2073 serius
2224 2024 2442 2071 sanctus
2455 2025 2661 2087 martyr
2681 2016 2949 2071 occubuit.
2969 2017 3124 2071 Anno
3142 2017 3285 2072 enim
3301 2031 3533 2086 curru,
3544 2035 3627 2091 quo

2037 2108 2328 2180 Lngdunen
2338 2122 2430 2163 ses
2450 2118 2716 2181 martyres
2734 2109 2875 2179 passi
2893 2118 3037 2172 sunt,
3058 2108 3279 2165 nefariae
3289 2122 3460 2165 sectas
3473 2111 3628 2168 fundae

2035 2210 2247 2266 menta,
2279 2210 2337 2255 ut
2363 2200 2627 2255 Eusebius
2671 2200 2841 2255 rcfcrt
2863 2243 2879 2269 ,
2906 2201 3048 2271 jacta
3073 2201 3182 2271 jam
3227 2200 3472 2259 fuerant.
3504 2203 3626 2261 Prin-

2034 2294 2195 2362 cipio,
2228 2300 2285 2346 nt
2309 2308 2374 2347 ex
2402 2293 2592 2348 eodem
2622 2292 2857 2349 Eusebio
2885 2301 3131 2361 constat,
3156 2294 3301 2349 varia
3343 2293 3440 2350 fuit
3463 2311 3621 2351 eorum

2036 2386 2288 2441 fortuna:
2331 2386 2420 2440 alii
2468 2400 2565 2441 eos
2608 2395 2666 2440 ut
2701 2400 2862 2440 veros
2911 2385 3204 2456 prophetas
3248 2387 3616 2457 celebrabant,

2034 2479 2122 2533 alii
2149 2477 2277 2549 quid
2304 2478 2371 2533 de
2407 2478 2514 2533 illis
2541 2487 2843 2535 statuerent
2883 2479 3144 2549 ancipites
3167 2478 3481 2550 haerebant,
3508 2481 3623 2537 adeo

2036 2580 2094 2625 ut
2128 2571 2355 2624 aliarum
2381 2585 2597 2642 quoque
2633 2571 3013 2637 ecclesiarum,
3047 2580 3102 2626 et
3135 2574 3442 2642 praesertim
3487 2574 3626 2631 Galli-

2033 2676 2184 2718 cana:
2202 2704 2218 2729 ,
2246 2661 2316 2717 de
2341 2662 2445 2719 hac
2473 2677 2612 2718 nova
2641 2665 2920 2734 prophetia
2948 2665 3274 2724 sententiam
3308 2681 3415 2737 per
3440 2667 3621 2724 litteras

2035 2756 2218 2810 Asiani
2264 2757 2523 2827 rogarint.
2579 2755 2808 2812 Causam
2855 2773 2985 2813 vero
3049 2775 3145 2815 cur
3192 2775 3300 2814 non
3361 2760 3531 2815 statim
3574 2759 3629 2816 ab

2033 2847 2288 2904 omnibus
2318 2847 2762 2917 repudiarentnr,
2792 2851 2931 2905 hanc
2962 2850 3127 2907 fuisse
3157 2851 3322 2906 tradit
3355 2849 3624 2919 Eusebia,

2033 2939 2177 3011 quod
2204 2953 2327 2994 cum
2358 2939 2536 2995 adhuc
2580 2940 2632 2994 in
2686 2941 2924 2997 Ecclesia
2963 2942 3159 2997 divinae
3203 2943 3404 3014 gratiae
3438 2942 3624 2998 charis-

2034 3042 2176 3088 mata
2197 3030 2505 3098 al'lluerent,
2533 3030 2672 3087 haud
2697 3032 2937 3089 insolens
2961 3035 3262 3100 videbatur,
3288 3051 3393 3091 eos
3413 3038 3622 3107 quoque,

2035 3132 2125 3198 qui
2166 3136 2441 3183 austerum
2489 3126 2703 3183 vivendi
2749 3142 2920 3199 genus
2973 3132 3310 3186 extrinsecus
3371 3140 3620 3187 consecta-

327 3220 660 3321 prophetiae'
689 3246 916 3318 gratiam
967 3251 1361 3298 successerant.
1418 3260 1436 3293 ι
1491 3240 1548 3296 lu
1601 3239 1698 3295 bos
1750 3228 1968 3308 itaquel

2064 3231 2249 3287 tantur,
2277 3220 2588 3277 coelestibus
2601 3220 2940 3278 charismatis
2967 3223 3243 3280 abundare
3269 3241 3283 3279 :
3307 3242 3330 3276 ι
3352 3222 3480 3280 Cum
3497 3222 3629 3279 Hosto

345 3341 472 3397 novi
515 3338 847 3395 Testamenti
902 3350 1010 3391 non
1055 3334 1343 3405 prophetas
1390 3331 1589 3399 modo,
1633 3332 1730 3388 sed
1776 3330 1938 3387 etiam

331 3430 701 3504 prophetissas
752 3426 1012 3485 translata
1062 3425 1227 3482 fuisse
1264 3424 1422 3480 docet
1473 3423 1752 3490 Justinus,
1811 3436 1942 3493 pro-

335 3525 545 3598 phetica
574 3525 715 3581 dona
750 3522 943 3594 quibus
973 3520 1099 3576 olim
1144 3532 1414 3592 synagoga
1455 3517 1811 3584 iuclaruerat;
1856 3516 1942 3572 id-

335 3634 439 3689 que
483 3627 630 3673 tanta
662 3613 1040 3687 perspicuitate
1078 3620 1239 3681 atque
1266 3609 1535 3665 evidentia
1558 3650 1572 3675 ,
1616 3618 1673 3663 ut
1716 3607 1937 3663 Judteos

338 3710 485 3783 ipsos
515 3709 740 3781 hujusce
765 3706 845 3763 rei
881 3714 1042 3761 testes
1072 3703 1321 3776 appellet.
1366 3701 1518 3771 Quod
1563 3702 1745 3771 utique
1788 3716 1945 3771 argu-

339 3813 524 3859 mento
546 3808 648 3867 est,
668 3814 777 3854 non
795 3796 990 3853 minori
1004 3795 1177 3866 c0pia,
1198 3804 1355 3866 atque
1385 3796 1628 3851 ubertate
1653 3809 1774 3850 sese
1792 3796 1947 3850 novis

343 3897 493 3953 hisce
513 3892 825 3967 prophetis,
874 3905 1032 3962 quam
1070 3890 1336 3960 antiquis,
1376 3889 1672 3960 prophetia:
1698 3889 1946 3958 Spiritum

346 3987 629 4046 infudisse.
661 3986 781 4043 Jam
807 3998 936 4040 vero
981 3998 1046 4037 an
1078 3998 1182 4038 non
1214 3998 1280 4039 eo
1310 3996 1368 4039 se
1395 3981 1555 4038 modo
1583 3982 1782 4038 veteris
1808 3979 1948 4036 Tes-

347 4080 574 4139 tamenti
602 4077 877 4151 propheta:
905 4076 1190 4148 gerebant,
1219 4076 1369 4147 quasi
1402 4076 1663 4146 Spiritum
1693 4072 1948 4129 Sanctum

353 4175 519 4232 veluti
550 4173 748 4229 monile
780 4171 1049 4244 quoddam
1075 4170 1126 4225 in
1155 4179 1373 4242 pectore
1404 4184 1524 4232 suo,
1566 4175 1625 4223 ut
1648 4167 1702 4221 in
1726 4182 1849 4221 arca
1878 4168 1952 4223 in-

354 4266 585 4333 clusum,
614 4278 706 4319 sua
732 4262 992 4319 haberent
1016 4260 1082 4318 ad
1119 4271 1327 4328 nutum,
1358 4260 1475 4331 ejus
1503 4257 1953 4315 illustrationibus

359 4358 506 4415 usuri
534 4358 600 4412 ad
627 4357 906 4413 arbitrium
927 4357 954 4411 ἲ
980 4354 1171 4413 Annon
1199 4354 1268 4412 de
1291 4353 1478 4409 futuris
1506 4352 1788 4409 eventibus
1816 4368 1845 4408 a
1867 4367 1956 4424 po-

357 4451 487 4523 pulo
510 4449 787 4521 requisiti,
831 4447 1017 4505 eadem
1060 4448 1219 4520 plane
1263 4446 1480 4514 fiducia,
1521 4462 1627 4518 qua
1657 4446 1951 4516 Perpetua,

361 4559 421 4602 se
451 4543 563 4612 illi,
597 4544 826 4600 crastina
859 4543 977 4612 die,
1019 4552 1111 4598 aut
1140 4548 1261 4613 post
1298 4538 1461 4596 breve
1502 4550 1714 4611 tempus
1757 4555 1957 4595 renun-

2044 3322 2243 3381 Ianus,
2273 3313 2445 3384 inquit
2485 3312 2749 3370 Eusebius
2789 3312 2900 3387 (3),
2948 3322 3006 3370 et
3054 3314 3369 3373 Alcibiades
3396 3330 3457 3372 ac
3480 3315 3631 3370 Theo-

2043 3404 2204 3461 dotus
2231 3414 2357 3460 tunc
2398 3405 2633 3475 primum
2670 3406 2724 3461 in
2754 3406 2982 3478 Phrygia
3001 3449 3015 3474 ,
3046 3407 3306 3477 opinione
3336 3408 3628 3473 hominum,

2045 3509 2315 3570 tamqqam
2355 3498 2635 3571 prophetae
2693 3498 2955 3555 celebrari
3029 3500 3379 3571 cmpisseut;
3445 3499 3633 3575 (multa

2046 3593 2244 3664 quippe
2284 3592 2481 3647 divina:
2508 3592 2693 3663 gratia:
2732 3593 2990 3648 miracula
3037 3593 3089 3648 in
3122 3592 3376 3664 pluribus
3419 3591 3634 3651 ecclesiis

2047 3685 2208 3741 etiam
2237 3695 2348 3739 tum
2382 3683 2495 3740 fieri
2530 3683 2691 3739 solita
2723 3683 2885 3740 lhlem
2924 3684 3174 3755 plurimis
3215 3684 3515 3750 faciebant,
3554 3697 3635 3741 eos

2049 3791 2262 3848 quoque
2326 3775 2757 3847 prophetare),
2814 3787 3045 3847 cumque
3098 3776 3316 3832 illorum
3385 3777 3634 3833 hominum

2050 3886 2210 3926 causa
2251 3870 2521 3926 dissensio
2562 3879 2680 3927 orta
2724 3879 2903 3936 esset,
2930 3869 3106 3941 quiin
3154 3870 3327 3928 Gallia
3373 3879 3525 3927 erant
3550 3870 3638 3924 fra-

2053 3972 2198 4029 tres,
2238 3963 2504 4034 privatum
2541 3964 2611 4021 de
2652 3964 2741 4019 his
2785 3963 3047 4035 judicium
3102 3979 3294 4031 suum,
3342 3963 3633 4035 religiosum

2054 4056 2314 4126 imprimis
2348 4064 2403 4113 et
2439 4071 2561 4112 cum
2591 4068 2735 4113 recta
2776 4056 2885 4112 fide
2923 4058 3302 4123 consentiens,
3366 4070 3548 4112 rursus
3570 4052 3639 4110 ei-

2054 4149 2176 4205 dem
2219 4150 2462 4219 epistolte
2506 4150 2935 4221 subjunxerunt,
2982 4148 3205 4218 prolatis
3258 4148 3638 4205 interfectorum

2054 4241 2195 4311 apud
2222 4255 2281 4298 se
2305 4254 2597 4315 martyrum
2640 4243 2803 4298 rariis
2847 4241 3092 4311 epistolis
3120 4254 3257 4312 quas
3301 4241 3377 4296 illi
3422 4239 3543 4294 dum
3584 4236 3638 4291 iu

2056 4335 2287 4391 vinculis
2308 4335 2487 4391 adhuc
2514 4345 2719 4404 essent,
2777 4335 2971 4407 partim
3016 4333 3085 4390 ad
3128 4333 3323 4391 fratres
3350 4334 3404 4391 in
3430 4331 3551 4391 Asia
3590 4337 3641 4386 et

2056 4432 2286 4507 Phrygia
2312 4432 2570 4503 degentes
2594 4474 2609 4497 ,
2661 4430 2855 4501 partim
2899 4429 2967 4485 ad
3018 4429 3372 4486 Eleutherum
3403 4429 3640 4485 Ruinam

2060 4530 2208 4586 urbis
2233 4529 2546 4600 episcopum
2582 4527 2942 4598 scripserant,
2978 4540 3077 4597 pro
3121 4542 3253 4598 pace
3295 4526 3639 4584 Ecclesium

357 4641 585 4696 tiaturos
611 4639 986 4710 Spondebant‘!
1014 4637 1151 4707 Quid
1188 4650 1314 4707 ergo
1340 4633 1556 4703 mirum,
1583 4636 1628 4691 si
1668 4637 1791 4693 novi
1818 4634 1952 4694 Tes-
1976 4623 2031 4684 Ι)

371 4734 599 4791 tamenti
629 4733 937 4806 prophetis,
966 4740 1024 4788 ut
1047 4731 1250 4802 Agabo,
1285 4728 1409 4786 Sila:
1428 4770 1442 4795 ,
1472 4729 1772 4798 Quadrato,
1800 4729 1963 4803 Poly-

367 4843 533 4901 carpo
578 4839 633 4886 et
671 4826 1043 4901 prophetissis,
1103 4832 1162 4878 ut
1206 4821 1419 4878 filiabus
1442 4821 1708 4896 Philippi,
1737 4825 1963 4881 Ammite

444 5007 524 5083 (ι)
564 5015 704 5081 Παρὰ
724 5017 814 5080 γὰρ
844 5010 959 5074 ἡμῖν
994 5003 1076 5054 καὶ
1098 5006 1251 5083 μέχρι
1279 5007 1356 5083 νῆν
1392 5012 1657 5075 προφητικᾶ
1687 5020 1968 5080 χαρίσματα

366 5076 529 5137 feris"
554 5085 605 5147 ἐξ
629 5076 685 5135 si}
712 5076 795 5135 sisti
818 5083 954 5133 ὠτοί
983 5082 1189 5127 simtu:
1211 5076 1432 5143 ὀφείλετε,
1459 5084 1537 5133 ὅτι
1568 5084 1632 5136 τὰ.
1657 5076 1814 5135 τάλαι
1830 5076 1881 5136 νὺ
1902 5093 1968 5151 τῷ

366 5162 489 5224 γένῃ
515 5158 640 5222 ὓμῶν
670 5158 785 5205 ὄντι
813 5154 878 5210 εἰς
908 5154 1034 5212 ἡμᾶς
1063 5155 1301 5224 (aerariae.

445 5222 524 5295 (‘2)
564 5229 758 5286 Μηκέτι
789 5227 833 5274 ἐν
857 5231 923 5287 τῷ
951 5224 1067 5282 γένει
1099 5223 1375 5295 ὺμῶνγκατὰ
1403 5228 1457 5274 τὸ
1487 5226 1693 5277 tralati?»
1727 5230 1824 5295 ἕθθς
1854 5245 1970 5294 πρυ-

370 5293 519 5368 palea},-
545 5298 836 5368 γςντβξσηαι,
863 5296 971 5355 ὅπερ
993 5299 1073 5341 καὶ
1100 5294 1199 5368 Wst
1224 5294 1334 5359 ὑμῖν
1355 5295 1471 5347 ιόιῖν
1500 5300 1597 5350 ἔστι
1622 5307 1638 5325 ’
1665 5293 1770 5361 μετ’
1800 5300 1969 5350 (minus

365 5362 460 5438 ἧὰρ
484 5372 630 5426 abaci;
654 5366 770 5421 ὅλως
799 5382 1038 5438 βρψκτης
1069 5362 1183 5433 ’παρ’
1211 5368 1322 5429 ὑμῖν
1343 5372 1609 5435 γεγένηται.

441 5441 521 5511 (ὅ)
562 5433 812 5511 Καὶ-παρ’
839 5440 950 5499 ἡμῖν
992 5439 1115 5488 εστιν
1158 5438 1270 5489 ἰδεῖν
1309 5433 1614 5496 sileain...
1658 5440 1741 5491 uti
1771 5444 1969 5509 ἅρπνοις

368 5506 647 5581 χιρίςιματει
671 5506 768 5581 ἀζῈὸ
797 5510 1168 5581 pingam,
1197 5518 1278 5563 τοῦ
1301 5514 1421 5561 Θεοῦ
1453 5515 1665 5575 ἔχοντας.

442 5574 519 5649 (4)
541 5574 772 5649 Attnol)_.
805 5576 930 5642 205,
959 5576 1022 5632 Ν.
1062 5578 1119 5632 ι’.

553 5647 702 5711 Apud
733 5646 924 5703 Euseb.
956 5649 1047 5705 lib.
1072 5665 1101 5724 ν
1125 5647 1259 5702 Hist.
1294 5645 1514 5712 Ecrles.,
1542 5652 1780 5724 capuli.

439 5712 517 5792 (‘63
558 5724 700 5774 Μετὰ
727 5725 978 5792 Κέδρατον
1005 5723 1087 5773 καὶ
1113 5733 1197 5780 τήν
1241 5726 1285 5773 ἓν
1320 5712 1633 5793 Φιλαδελφεᾷ
1669 5712 1878 5794 Agyieu,
1911 5734 1965 5783 αι

363 5796 469 5871 rupi
498 5798 740 5871 Marruvia
766 5797 1028 5871 διΩτ-ἢέξανῖο
1052 5795 1262 5871 γιινειῑιιές
1294 5799 1354 5845 τῦ
1377 5806 1678 5871 Empta-ruta?
1720 5803 1955 5871 χάρισμα.

356 5862 518 5940 Apud
551 5864 754 5924 Euseb.
792 5863 930 5921 Hist.
964 5862 1185 5933 Eccles,
1218 5877 1336 5934 cap.
1372 5863 1456 5921 l7.

2136 4727 2214 4801 (l)
2234 4727 2417 4801 Epist.
2444 4727 2511 4782 de
2548 4727 2692 4801 illius
2713 4726 2989 4800 martyrio,
3038 4726 3177 4798 apud
3200 4726 3424 4799 Euseb.,
3455 4726 3542 4783 lib.
3576 4734 3638 4790 tv,

2066 4798 2201 4856 Hist.
2232 4800 2460 4864 Eccles.,
2489 4814 2606 4869 cap.
2642 4798 2728 4855 l5.

2139 4871 2220 4935 (2)
2252 4870 2525 4926 Admonit.
2559 4868 2609 4924 in
2629 4881 2745 4926 acta
2773 4870 2942 4925 sancti
2967 4869 3289 4938 JustittiM.,
3322 4886 3377 4925 ιι.
3417 4868 3501 4924 l2.

2140 4940 2222 5013 (5)
2262 4949 2366 4997 Τῶν
2388 4944 2427 4995 δ’
2448 4945 2571 5012 ἀμφὶ
2596 4952 2678 4998 τὸν
2701 4949 2944 5000 Μοντανὸν
2967 4946 3050 4997 καὶ
3074 4937 3366 5004 Ᾱλκιὸιίδην
3387 4948 3467 4997 καὶ
3495 4943 3647 4995 Θεόδω-

2070 5038 2168 5079 τον,
2200 5023 2304 5083 περὶ
2334 5027 2420 5075 τήν
2448 5022 2647 5084 Φρυγίαν
2685 5021 2798 5085 ἄρτι
2826 5016 2930 5070 τότε
2961 5031 3141 5085 πρῶτον
3180 5023 3265 5072 eis
3295 5016 3401 5082 περὶ
3426 5017 3509 5070 τοῦ
3539 5033 3643 5081 προ·

2070 5091 2290 5157 φηττὺςιν
2318 5090 2546 5155 ὑπόληψιν
2567 5093 2705 5157 πει.ρά
2744 5095 2930 5148 mihi;
2955 5092 3262 5157 ὰφερομὲνων
3286 5101 3302 5116 ·
3324 5090 3548 5139 sris?“
3568 5088 3648 5150 γὰρ

2071 5156 2146 5211 ιρῦν
2187 5168 2269 5212 καὶ
2306 5159 2452 5211 ἄλλαι
2484 5156 2881 5230 παραδὸευποιιάι
2906 5169 2990 5211 ut?
3012 5156 3146 5211 Briau
3178 5167 3495 5228 χαρίσματοι
3516 5159 3646 5230 sicis:

2070 5231 2170 5285 τότε
2220 5236 2344 5283 κατὰ
2384 5228 2630 5301 διαρόριιυς
2672 5235 2921 5291 ἐκκλησίας
2946 5234 3305 5295 arenosum,
3335 5240 3497 5284 πίστιν
3529 5228 3647 5301 περὶ

2068 5305 2259 5362 πολλαῖς
2298 5310 2380 5356 ταῦ
2420 5299 2655 5365 κάκείνους
2700 5304 3002 5372 προφητεύειν
3045 5314 3273 5371 παρεῖχον
3302 5312 3425 5372 ’ᾼκοιί
3455 5302 3515 5356 δὴ
3549 5299 3646 5372 Bue

2069 5386 2236 5443 φοινίας
2284 5379 2583 5443 ὑπαρχούσης
2628 5369 2743 5443 περὶ·
2772 5369 2863 5428 ἑῶν
2913 5369 3255 5440 διόηὶωμξνων,
3286 5370 3418 5432 αὖθις
3450 5376 3493 5422 οἱ

2066 5440 2158 5504 ἢν
2185 5440 2391 5499 mam
2416 5440 2628 5513 ἀδελφοὶ,
2656 5440 2742 5501 riis
2770 5448 2897 5499 ἰδίαν
2926 5454 3080 5514 κρίσιν
3118 5448 3203 5497 καὶ
3228 5449 3540 5514 περὶτούτων
3578 5440 3647 5491 si}.

2072 5525 2194 5575 nes
2219 5526 2301 5571 ui
2340 5520 2707 5586 ὁρθοδοξοτέτην
2749 5522 3092 5572 {actoris-roth
3119 5533 3133 5546 '
3157 5522 3390 5584 ἐλθέμεναι
3437 5522 3519 5567 καὶ
3566 5524 3649 5564 ad»

2070 5588 2182 5659 παρ’
2222 5592 2383 5648 etin-07;
2420 5588 2754 5644 τελειωῧέντων
2794 5592 3045 5658 μαρτύρων
3093 5590 3338 5659 διαφόρους
3370 5586 3610 5643 (mnsit:
3633 5594 3644 5609 '

2068 5651 2205 5719 5'9"!)
2236 5665 2422 5725 δεσμοῖς
2457 5667 2531 5713 ἔτι
2576 5651 2881 5728 ὑπάρχονᾶτᾷ
2920 5651 3021 5719 «Li;
3051 5655 3127 5728 lt!"
3152 5651 3301 5717 Ᾰσέας
3343 5665 3427 5709 καὶ
3457 5660 3644 5728 Opta!“

2064 5716 2281 5803 ἀῖεὶφοῆ
2304 5716 2609 5801 διεχᾶραξαν.
2638 5716 2688 5786 οδ
2707 5716 2802 5798 Liv
2825 5716 2948 5783 uina
2972 5716 3051 5782 κιιὶ
3076 5716 3314 5799 έὶευθξρῲ
3339 5740 3403 5795 τῷ
3422 5716 3526 5781 m'.
3550 5716 3642 5803 ξδω-

2061 5798 2214 5875 μαιόἰιι
2242 5798 2503 5875 ἱπιᾳξιόττῲ,
2532 5819 2617 5862 τῆς
2639 5821 2729 5860 τῶν
2753 5808 3003 5863 ἐκκλησιῶν
3028 5804 3213 5875 εἰρήνης
3234 5798 3366 5859 ivssu
3389 5798 3642 5871 πριύεῦννς

2063 5898 2156 5939 τες.
2184 5874 2299 5933 Lib.
2329 5873 2385 5943 5,
2414 5889 2532 5949 cap.
2563 5876 2618 5934 ὅ.
