3818 6278
317 275 422 332 111

1471 260 1925 320 DISSERTATIO
1961 259 2230 317 APOLOG
2240 257 2440 316 ETICA
3495 262 3588 323 112

309 385 595 440 metientes
614 423 628 447 ,
661 391 939 452 tantopere
965 382 1228 437 mirantur
1252 423 1267 448 ,
1300 378 1438 450 quod
1469 388 1652 433 sancta
1701 379 1898 434 femina
1926 375 1976 436 Α
2005 384 2146 431 stum
2176 377 2457 443 timentes,
2488 394 2505 424 »
2526 373 2797 446 subiungit
2824 373 3070 431 laudatus
3098 382 3302 442 auctor,
3324 395 3344 430 (
3364 385 3419 432 et
3439 378 3589 438 Deum

308 479 492 537 ἀληθῶς
521 478 667 531 abi-oi?
695 483 975 546 μαθήτρια,
1007 475 1248 545 adeoque
1274 473 1466 526 divinis
1495 471 1643 528 hisce
1694 471 1903 528 charis-

305 568 469 625 matis
493 577 709 622 assueta
730 607 745 632 ,
776 576 838 622 ut
859 584 979 638 quae
1007 583 1066 623 se
1095 586 1113 620 ‹
1151 565 1353 621 sciebat
1381 563 1608 619 fabulari
1648 580 1768 620 cum
1803 565 1904 619 Do-

305 659 455 715 mino
475 701 488 724 ,
527 677 547 710 ι
580 657 796 714 cunctis
835 660 944 730 jam
976 658 1204 714 terrenis
1241 655 1521 712 affectibus
1545 658 1787 712 exsoluta
1808 698 1822 723 ,
1849 667 1904 712 et

301 750 359 806 in
388 752 500 822 ipsa
524 752 772 825 martyrii
799 751 1172 822 expeditione,
1211 766 1328 805 eam
1373 751 1474 806 sibi
1519 751 1810 820 sumpserit
1835 751 1903 806 de

301 841 484 899 divina
526 843 838 916 dignatione
883 843 1130 900 ﬁduciam
1161 885 1176 912 ,
1213 862 1234 896 ι
1270 842 1422 912 cujus
1469 843 1725 899 beneﬁcia
1753 851 1901 900 tanta

302 946 525 1006 experta
561 946 710 1002 erat,
763 955 782 988 ι
817 945 876 991 ut
919 935 1151 991 ﬁdenter
1179 950 1238 991 se
1283 935 1432 991 fratri
1473 936 1898 992 renuntiaturam

298 1032 674 1101 spoponderit,
703 1046 769 1086 an
798 1031 976 1100 passio
1022 1030 1199 1086 futura
1225 1043 1371 1088 esset
1418 1047 1484 1087 an
1526 1034 1901 1090 commeatus?

300 1123 358 1180 ld
403 1125 650 1196 Basnagii
689 1123 887 1195 judicio
919 1124 1078 1195 longe
1105 1133 1188 1181 est
1228 1125 1298 1181 ab
1342 1127 1566 1182 istorum
1599 1138 1900 1198 temporum

297 1219 586 1274 moribus:
638 1216 731 1273 sed
762 1232 942 1272 annon
969 1217 1180 1288 longius
1208 1227 1292 1274 est
1339 1219 1499 1274 etiam
1529 1219 1596 1274 ab
1644 1219 1902 1276 hodierna

295 1310 716 1377 consuetudine,
748 1310 888 1380 quod
917 1320 1040 1366 tunc
1079 1317 1332 1378 πολλάκις,
1369 1331 1388 1364 ι
1423 1327 1792 1382 smpenumero
1821 1314 1900 1367 in-

300 1410 385 1459 ter
413 1400 608 1457 fratres
630 1419 651 1454 ι
683 1400 880 1457 factum
903 1416 1023 1457 esse
1055 1411 1276 1458 testatur
1301 1401 1557 1471 lrenaaus,
1576 1404 1716 1474 quod
1750 1423 1768 1456 σ
1795 1413 1903 1460 tota

292 1495 454 1553 simul
497 1496 654 1551 unius
707 1495 811 1550 loci
859 1495 1097 1551 Ecclesia
1141 1496 1210 1553 oh
1241 1497 1476 1568 aliquant
1525 1499 1899 1555 necessitatem

289 1591 346 1647 id
395 1591 666 1661 flagitante
715 1605 838 1645 cum
885 1590 1103 1661 jejuniis
1168 1593 1353 1648 multis
1403 1602 1459 1648 et
1525 1593 1899 1661 orationibus,

300 1697 517 1739 reversa
541 1684 608 1738 sit
633 1682 685 1737 in
718 1697 915 1752 corpus
944 1684 1120 1738 anima
1159 1683 1429 1748 defuncti,
1477 1696 1532 1740 et
1583 1695 1900 1741 sanctorum

295 1777 550 1846 precibus
578 1775 820 1832 hominis
840 1777 945 1829 vita
969 1775 1165 1831 donata
1193 1776 1309 1831 sit?
1343 1795 1364 1828 ι

365 1869 431 1925 ν.
463 1869 570 1926 Sed
611 1881 669 1925 ut
694 1869 955 1938 intelligat
984 1867 1301 1939 Basnagius,
1336 1884 1440 1938 qua
1469 1867 1658 1924 ﬁducia
1685 1878 1894 1924 veteres

289 1967 580 2024 Christiani
623 1967 801 2021 divina
841 1966 954 2020 haec
997 1965 1325 2021 charismata
1365 1974 1420 2021 et
1456 1965 1681 2020 virtutes
1718 1964 1892 2020 admi—

287 2061 598 2126 nistrarent,
625 2059 808 2114 audiat
845 2075 963 2130 quae
993 2058 1350 2114 Tertullianus
1383 2057 1550 2127 jactet
1577 2056 1646 2112 de
1683 2057 1894 2111 illorum

289 2156 344 2211 in
375 2155 653 2209 daemones
685 2154 910 2224 imperio
952 2151 1073 2226 (1):
1109 2170 1128 2204 ι
1181 2151 1383 2207 Edatur
1425 2151 1514 2206 hic
1556 2150 1752 2222 aliquis
1796 2151 1896 2206 sub

288 2249 646 2305 tribunalibus
686 2249 899 2313 vestris,
952 2262 1112 2316 quem
1171 2247 1420 2303 daemone
1483 2248 1566 2316 agi
1634 2255 1892 2301 constet:

282 2343 466 2414 jussus
494 2359 520 2394 a
555 2341 796 2409 quolibet
820 2341 1119 2396 christiano
1145 2339 1293 2410 loqui
1315 2339 1537 2408 spiritus
1565 2338 1679 2403 ille,
1705 2348 1814 2394 tam
1837 2354 1897 2396 se

293 2437 599 2492 datmonem
632 2434 979 2491 conﬁtebitur
1004 2435 1071 2488 de
1094 2450 1245 2500 vero,
1276 2448 1436 2504 quam
1475 2433 1601 2487 alibi
1642 2432 1802 2489 deum
1830 2433 1898 2489 de

287 2531 446 2585 falso.
490 2529 668 2601 )Eque
723 2528 1052 2599 producatur
1089 2528 1285 2598 aliquis
1329 2543 1401 2582 ex
1450 2528 1514 2582 iis
1541 2528 1632 2598 qui
1677 2527 1745 2583 de
1787 2528 1898 2582 Deo

291 2625 403 2694 pati
431 2623 834 2689 existimantur,
870 2623 958 2694 qui
991 2622 1099 2677 aris
1143 2621 1445 2677 inhalantes
1474 2636 1671 2676 numen
1707 2619 1778 2675 de
1814 2619 1897 2675 ni-

285 2722 418 2780 dore
443 2721 774 2792 concipiunt,
824 2721 914 2791 qui
960 2719 1221 2776 ructando
1261 2729 1548 2784 conantur,
1591 2719 1682 2789 qui
1730 2717 1900 2773 anhe-

285 2815 450 2871 lando
481 2814 780 2886 profantur.
826 2813 932 2870 Ista
963 2815 1076 2883 ipsa
1122 2815 1275 2885 virgo
1309 2813 1548 2870 etelestis
1600 2812 1898 2881 pluviarum

289 2910 661 2980 pollicitatrix,
711 2909 812 2964 iste
854 2909 968 2978 ipse
997 2905 1336 2975 IEsculapius
1372 2904 1759 2960 medicinarum
1809 2903 1902 2959 de-

291 3013 647 3065 monstrator,
705 3001 840 3056 alias
879 2999 1226 3054 demorituris
1270 2997 1551 3063 Socordio,
1592 3006 1647 3052 et
1674 2997 1900 3052 Denatio

287 3108 344 3152 et
390 3094 770 3166 Asclepiodoto
819 3093 1281 3160 subministrator,
1334 3092 1435 3146 nisi
1505 3106 1566 3146 se
1624 3089 1902 3146 dtemones

2011 468 2064 523 in
2094 467 2331 535 Christo,
2362 467 2716 536 subjiciuntur
2751 468 2921 523 servis
2957 466 3050 523 Dei
3081 476 3136 522 et
3173 467 3391 524 Christi.
3432 467 3503 526 lla
3535 473 3591 530 de

2008 569 2282 627 contactu,
2308 560 2482 630 deque
2509 559 2695 614 afflatu
2733 570 3066 616 nostro......
3099 560 3262 614 etiam
3309 562 3377 617 de
3415 576 3591 633 corpo-

2007 653 2159 710 ribus
2214 665 2401 708 nostro
2454 653 2682 724 imperio
2735 653 3003 709 excedunt
3054 653 3205 708 inviti
3243 662 3296 710 et
3333 655 3592 724 dolentes,

2006 754 2063 802 et
2086 745 2238 801 vobis
2264 745 2622 817 praesentibus
2649 745 3054 802 erubescentes.
3095 764 3115 798 »
3152 745 3316 802 Libro
3343 757 3516 803 autem
3537 749 3596 808 de

2004 835 2225 894 Corona
2257 837 2414 893 milit.
2449 837 2552 894 hoc
2598 839 2808 908 spiritu,
2855 838 2956 894 hac
2994 839 3192 896 virtute
3236 854 3344 895 non
3387 842 3596 900 εἰει-ἱοω

2006 930 2170 987 modo
2187 940 2280 986 aut
2308 930 2625 1002 insigniores
2643 929 2999 998 Christianos,
3024 931 3118 988 sed
3142 934 3359 1004 quosvis
3389 937 3598 1004 promis-

2005 1037 2126 1090 cue,
2157 1023 2317 1079 etiam
2336 1022 2522 1089 laicos,
2540 1021 2792 1094 praeditos
2809 1022 2994 1088 fuisse,
3018 1025 3162 1080 clare
3173 1035 3224 1080 et
3239 1034 3425 1094 aperte
3448 1027 3596 1098 signi-

2009 1115 2151 1182 ﬁcat,
2185 1115 2310 1170 dum
2338 1115 2694 1181 Christianos,
2730 1115 2850 1170 illos
2876 1116 3064 1186 utique
3088 1115 3286 1186 quibus
3325 1132 3394 1172 ex
3425 1117 3599 1174 Eccle-

2006 1207 2100 1261 siae
2130 1207 2410 1262 catholica:
2461 1205 2748 1277 disciplina
2803 1207 3037 1263 militare
3093 1207 3311 1274 licebat,
3364 1224 3396 1263 a
3447 1211 3599 1266 susci-

2007 1299 2200 1370 pienda
2234 1300 2315 1355 vel
2347 1300 2653 1356 exercenda
2682 1301 2871 1356 militia
2913 1300 3015 1357 hoc
3056 1301 3194 1357 inter
3223 1311 3425 1358 caetera
3459 1318 3596 1373 argu-

2007 1403 2190 1447 mento
2208 1392 2483 1459 deterret,
2511 1391 2657 1463 quod
2693 1393 2952 1449 militibus
2982 1404 3144 1449 noctu
3176 1397 3288 1466 ‘pro
3313 1394 3601 1453 daemonum

2007 1485 2222 1555 templis
2273 1485 2649 1541 excubandum
2679 1495 2841 1552 esset,
2876 1485 2928 1541 in
2988 1501 3124 1558 quos
3155 1486 3495 1542 Christianus
3530 1487 3601 1544 iu-

2008 1579 2184 1634 terdiu
2261 1579 2543 1649 imperium
2611 1579 2919 1644 exercebat,
2993 1596 3236 1651 quosque
3307 1581 3605 1640 exorcismis

2007 1671 2361 1743 fugabat(l):
2409 1692 2427 1722 ‹
2465 1673 2530 1727 Ει
2559 1689 2695 1743 quos
2732 1674 2965 1730 interdiu
3020 1676 3347 1730 exorcismis
3400 1675 3602 1746 fugavit,

1935 1780 1984 1841 Β
2012 1765 2261 1820 noctibus
2291 1765 2616 1833 defensabit,
2647 1767 2965 1823 incumbens
2993 1778 3048 1825 et
3079 1770 3438 1839 requiescens
3465 1785 3607 1841 super

2000 1858 2198 1914 luncho
2242 1874 2349 1929 quo
2382 1856 2691 1928 perfossum
2749 1868 2833 1916 est
2878 1861 3016 1917 latus
3062 1861 3284 1918 Christi.
3323 1881 3342 1914 ι
3397 1860 3515 1929 Cui,
3558 1872 3608 1921 ut

2002 1951 2261 2018 vidimus,
2294 1952 2540 2008 concinit
2565 1951 2805 2008 lrenaeus
2855 1953 2949 2024 qui
2980 1969 3138 2010 veros
3163 1953 3363 2010 Christi
3393 1954 3609 2026 discipu-

2000 2043 2104 2111 los,
2139 2043 2282 2098 nulla
2306 2044 2654 2099 distinctione
2676 2043 2948 2109 adhibita,
2978 2046 3100 2114 hac,
3133 2045 3230 2110 ait,
3264 2047 3413 2102 inter
3435 2055 3601 2104 cetera

2000 2136 2140 2193 dona
2173 2137 2429 2207 praeditos
2488 2139 2656 2194 fuisse
2698 2147 2984 2209 potestate,
3017 2149 3074 2195 ut
3117 2140 3404 2197 daemones
3443 2143 3604 2212 expel-

2001 2231 2513 2302 Ιενθιιιβιειίωςκαὶ
2540 2237 2742 2296 ἀληθῶς.
2800 2231 2869 2288 Ει
2918 2240 3146 2304 utroque
3191 2234 3472 2304 antiquior
3497 2233 3605 2292 Jus-

2002 2323 2146 2379 tinus
2175 2326 2318 2396 ipsos
2339 2325 2590 2380 ethnicos
2619 2325 2810 2380 harum
2865 2326 3120 2381 virtutum
3163 2335 3331 2383 testes
3348 2328 3604 2398 appellat,

2002 2428 2057 2470 ut
2090 2433 2209 2486 quae
2247 2416 2348 2470 sub
2379 2417 2618 2486 ip80rum
2645 2411 2817 2472 oculis
2853 2426 2908 2472 et
2953 2417 3129 2488 palam
3169 2418 3469 2475 ederentur
3492 2419 3562 2492 (2)
3591 2437 3604 2474 :

2009 2526 2028 2559 ‹
2073 2508 2189 2564 Hoc
2231 2509 2406 2578 ipsum
2449 2525 2514 2563 ex
2544 2508 2650 2571 his.
2694 2525 2813 2580 quae
2840 2509 2940 2565 sub
2971 2520 3192 2581 aspectu
3227 2520 3418 2567 vestro
3467 2521 3605 2582 sunt,

2003 2600 2303 2670 intelligere
2342 2601 2588 2672 potestis.
2639 2598 2958 2672 Complures
3001 2603 3264 2671 siquidem
3307 2602 3604 2661 daemonum

2004 2695 2342 2764 intemperiis
2367 2706 2650 2766 correptos
2674 2695 2924 2752 homines
2949 2711 3045 2767 per
3091 2697 3278 2754 orbem
3324 2714 3541 2756 omnem
3562 2713 3606 2758 et

2004 2791 2147 2846 hanc
2174 2801 2411 2847 vestram
2443 2791 2652 2857 urbem,
2685 2808 2821 2862 quos
2846 2792 2938 2846 alii
2963 2793 3304 2863 adjuratores
3332 2803 3391 2850 et
3438 2797 3605 2850 incan—

2006 2895 2207 2942 latores
2233 2897 2289 2942 et
2315 2885 2542 2942 venefici
2570 2888 2734 2942 vestri
2782 2902 2974 2942 curare
3006 2902 3114 2942 non
3150 2895 3466 2957 potuerunt,
3497 2905 3605 2960 per-

2006 2981 2159 3036 multi
2192 2980 2470 3035 hominum
2501 2988 2833 3046 nostrorum,
2874 2979 3330 3048 Chrisdanorum,
3381 2982 3602 3051 inquam,

2006 3086 2101 3142 per
2131 3087 2331 3126 nomen
2373 3071 2501 3128 Jesu
2550 3071 2751 3128 Christi
2778 3072 2880 3127 sub
2928 3071 3122 3127 Pontio
3150 3071 3328 3127 Pilato
3374 3071 3597 3126 cruciﬁxi

291 3188 523 3244 confessi
581 3187 804 3251 fuerint,
855 3186 1150 3241 christiano
1189 3183 1406 3240 mentiri
1463 3199 1570 3237 non
1619 3181 1894 3250 audentes,

2047 3167 2318 3235 djurantes
2340 3174 2622 3229 sanarunt,
2650 3175 2814 3236 atque
2845 3166 3010 3220 etiam
3048 3180 3192 3220 nunc
3234 3175 3427 3220 sanant
3459 3179 3604 3220 exar-

288 3278 490 3335 ibideni
542 3277 684 3332 illius
709 3275 989 3332 christiani
1021 3274 1386 3344 procacissimi
1424 3274 1738 3344 sanguinem
1784 3273 1904 3328 fun-

293 3375 423 3430 dite.
457 3371 598 3440 Quid
628 3372 731 3426 isto
760 3385 927 3440 Opere
976 3368 1352 3424 manifestius?
1398 3367 1537 3435 Quid
1583 3368 1682 3424 hac
1708 3366 1902 3438 proba-

295 3467 441 3522 tione
493 3462 736 3519 ﬁdelius?
785 3461 1113 3531 Simplicitas
1172 3460 1414 3516 veritatis
1461 3460 1514 3515 in
1565 3459 1744 3515 medio
1795 3467 1898 3514 est.

302 3557 486 3612 Virtus
532 3555 606 3609 illi
637 3569 733 3608 sua
759 3553 960 3608 assistit
987 3569 1002 3608 ε
1035 3552 1166 3607 nihil
1195 3551 1454 3622 suspicari
1483 3550 1682 3618 licebit,
1729 3550 1902 3622 magia

295 3657 390 3704 aut
411 3645 588 3716 aliqua
609 3643 872 3714 ejusmodi
904 3643 1114 3699 fallacia
1140 3642 1258 3698 ﬁeri
1279 3642 1495 3709 dicetis,
1540 3643 1587 3698 si
1615 3642 1755 3699 oculi
1785 3657 1904 3698 ves-

299 3741 371 3799 tri
418 3750 474 3796 et
497 3754 655 3795 aures
709 3738 1053 3809 permiserint
1104 3737 1276 3794 vobis.
1326 3737 1466 3804 Quid
1534 3747 1710 3792 autem
1757 3737 1903 3809 injici

300 3844 480 3906 potest
531 3833 792 3888 adversus
860 3831 912 3886 id
955 3831 1094 3901 quod
1152 3830 1452 3886 ostenditur
1500 3829 1642 3885 nuda
1681 3831 1900 3887 sinceri-

304 3929 454 3984 tate?
491 3948 510 3980 ι
545 3931 732 3983 Annon
759 3927 872 3981 haec
895 3941 1086 3997 magna
1111 3924 1333 3988 fiducia;
1389 3923 1455 3979 de
1491 3924 1727 3994 cujusvis
1761 3924 1905 3981 chri-

298 4021 459 4077 stiani
486 4020 743 4090 sanguine
769 4034 890 4074 cum
915 4017 1154 4090 tyrannis
1181 4018 1494 4089 transigere,
1518 4017 1563 4072 si
1587 4033 1691 4074 non
1721 4018 1788 4073 ad
1811 4035 1901 4074 ar-

301 4113 519 4170 bitrium
542 4123 596 4168 et
620 4127 778 4182 quam
799 4111 1044 4166 maluerit
1075 4111 1126 4165 in
1157 4110 1432 4166 daemonas
1447 4120 1697 4167 exerceat
1725 4121 1905 4181 potes-

305 4205 504 4261 tatem?
531 4205 613 4259 An
643 4203 796 4258 istam
815 4218 1027 4274 quoque
1051 4202 1298 4258 fiduciam
1317 4202 1429 4258 sola
1445 4201 1678 4258 Montani
1702 4203 1903 4259 familia

306 4297 543 4367 dignam,
595 4296 888 4367 Basnagius
912 4294 1096 4350 dicere
1131 4294 1369 4361 audebit,
1401 4294 1544 4363 quod
1590 4295 1715 4351 huic
1743 4305 1905 4352 secta:

305 4387 674 4445 Tertullianus
705 4387 864 4442 fuerit
902 4386 1190 4442 addictus?
1217 4388 1285 4441 At
1313 4386 1488 4442 nullus
1513 4386 1600 4444 hic
1639 4389 1900 4459 ejusmodi

305 4481 734 4538 cavillationibus
760 4480 908 4536 locus
932 4497 948 4544 ;
973 4495 1080 4535 non
1105 4479 1192 4535 hic
1211 4479 1278 4536 de
1307 4482 1534 4538 occultis
1575 4483 1903 4555 privatisque

305 4574 603 4630 visionibus
631 4583 723 4627 aut
769 4571 1182 4627 revelationibus
1209 4575 1404 4644 agitur,
1438 4574 1534 4630 sed
1572 4573 1640 4630 de
1667 4589 1727 4630 re
1757 4574 1909 4645 cujus
1933 4576 1986 4638 D

307 4668 601 4737 publicum,
621 4675 676 4721 et
695 4666 795 4720 sub
816 4665 944 4736 ipsis
965 4665 1300 4722 ethnicorum
1316 4667 1722 4738 magistratuum
1746 4667 1912 4723 tribu-

306 4759 542 4824 nalibus,
577 4757 862 4812 exhibetur
888 4758 1344 4826 experimentum;
1374 4769 1427 4814 et
1451 4759 1758 4814 christiana:
1779 4762 1910 4816 reli-

308 4852 481 4922 gionis
531 4849 702 4905 decus
752 4859 804 4903 et
845 4848 1120 4904 christiani
1171 4849 1404 4905 hominis
1450 4852 1667 4920 sanguis
1716 4854 1768 4906 in
1802 4852 1910 4908 dis-

309 4944 512 4998 crimen
542 4951 785 5006 vocatur,
834 4942 932 4996 nisi
979 4943 1189 5013 signum
1241 4944 1477 4997 oblatum
1526 4959 1592 4998 ex
1643 4948 1906 5002 sententia

308 5035 653 5106 processerit.
705 5035 894 5089 Annon
939 5052 1068 5092 vero
1126 5037 1198 5090 ita
1251 5051 1310 5089 se
1357 5036 1512 5104 gerit,
1558 5037 1628 5092 ita
1676 5038 1911 5110 loquitur

2009 3265 2222 3311 mantes
2247 3267 2408 3327 atque
2430 3257 2707 3328 exigentes
2734 3257 2804 3311 ab
2834 3257 3164 3324 hominibus,
3197 3259 3287 3328 qui
3318 3257 3443 3313 illos
3467 3258 3609 3313 obse-

2005 3349 2204 3407 derunt
2227 3349 2521 3405 daemones.
2554 3369 2573 3402 ›
2601 3349 2670 3404 Et
2695 3351 2748 3405 in
2770 3349 2988 3422 dialogo
3013 3365 3134 3406 cum
3157 3349 3488 3422 Thryphone
3511 3351 3607 3424 (5):

2012 3461 2032 3496 ι
2066 3443 2457 3514 Opitulatorem
2495 3460 2730 3516 namque
2769 3446 2946 3517 ipsum
2991 3458 3044 3502 et
3080 3446 3484 3518 redemptorem
3524 3461 3613 3503 uo-

2008 3538 2298 3606 minamus,
2325 3538 2480 3609 cujus
2527 3540 2692 3595 etiam
2724 3540 2960 3595 nominis
3001 3541 3296 3610 pmentiam
3343 3540 3612 3597 daemones

2008 3641 2248 3689 tremunt
2289 3645 2345 3690 et
2393 3634 2768 3701 reformidant,
2819 3646 2872 3691 et
2917 3635 3078 3692 hodie
3117 3650 3336 3707 anque
3398 3636 3479 3692 illi
3525 3651 3612 3708 per

2009 3741 2205 3782 nomen
2231 3725 2360 3782 Jesu
2389 3726 2592 3783 Christi
2631 3730 2878 3786 crucifixi
2928 3729 3032 3786 sub
3064 3731 3256 3786 Pontio
3308 3731 3485 3788 Pilato
3531 3733 3613 3802 qui

2010 3821 2198 3878 Judea:
2229 3835 2634 3893 procuratorem
2661 3823 2789 3894 egit,
2820 3825 3047 3895 adjurati
3075 3824 3231 3880 nobis
3258 3834 3471 3895 parent.
3506 3844 3525 3877 ι
3553 3825 3611 3880 Et

2007 3934 2222 3974 rursum
2260 3936 2272 3972 :
2303 3937 2322 3970 ‹
2361 3919 2426 3974 Ει
2459 3935 2604 3975 nunc
2633 3935 2754 3988 nos,
2782 3920 2876 3991 qui
2900 3921 2954 3975 in
2983 3919 3298 3975 cruciﬁxum
3343 3920 3448 3975 sub
3481 3920 3610 3976 Pon-

2010 4015 2083 4067 tio
2113 4012 2289 4068 Pilato
2317 4013 2502 4070 Jesum
2542 4013 2828 4070 Dominum
2871 4024 3118 4070 nostrum
3165 4014 3461 4082 credimus,
3506 4015 3611 4070 dte—

2008 4109 2188 4161 monia
2210 4114 2422 4175 cuncta,
2467 4107 2796 4177 spiritusque
2827 4107 3092 4178 malignos
3128 4106 3464 4177 adjurantes.
3509 4104 3605 4161 sub

2009 4206 2277 4267 potestate
2307 4213 2401 4254 eos
2428 4207 2613 4254 nostra
2641 4198 2886 4254 subditos
2913 4198 3198 4255 habemus.
3235 4218 3258 4253 ι
3291 4199 3402 4256 Non
3419 4197 3604 4253 minori

2006 4307 2168 4363 quam
2197 4291 2562 4348 Tertullianus
2587 4291 2779 4348 ﬁducia
2803 4308 3030 4365 magnus
3058 4293 3158 4349 hac
3194 4292 3262 4349 de
3300 4309 3361 4349 re
3386 4292 3608 4362 loquitur

2008 4384 2355 4453 Athanasius,
2385 4386 2638 4457 quamvis
2665 4397 2859 4457 quarto
2888 4386 3114 4456 saeculo,
3146 4402 3256 4442 non
3289 4387 3478 4444 eadem
3504 4399 3605 4458 qua

2087 4608 2165 4680 (1)
2188 4607 2317 4679 Cap.
2347 4610 2434 4665 11.

2087 4681 2166 4753 (2)
2209 4688 2311 4735 Καὶ
2351 4689 2427 4738 νῦν
2471 4690 2522 4740 εκ
2560 4701 2651 4743 τῶν
2695 4687 2883 4757 ὑπ’ὃψιν
2918 4698 3163 4757 γινομένω-δ
3199 4701 3369 4760 μαθεῖν
3407 4702 3604 4754 δῦνσισθι*

2016 4755 2439 4844 δοξξμονιοξτὲπ-ςους
2463 4765 2553 4829 γὰρ
2583 4766 2778 4822 πολλοὺς
2808 4755 2943 4818 adt-3t
2960 4755 3039 4816 16s
3061 4755 3232 4832 κόσμδν
3261 4775 3307 4822 ιν
3333 4786 3395 4844 τῇ
3417 4777 3612 4842 ὖμετέρᾳ

2017 4827 2150 4910 7:61;}
2189 4828 2354 4879 πολλοὶ
2397 4839 2489 4910 ςτῶν
2525 4826 2760 4910 dipteri”?
2786 4837 3054 4910 οξνθρώπων,
3079 4826 3166 4902 καὶ
3189 4826 3505 4910 Χριστιίνέιν,
3534 4826 3612 4907 ἐξί-

2015 4905 2273 4984 ορκίςονςτὲ
2293 4906 2418 4955 κατὰ
2441 4912 2526 4954 τοῦ
2551 4899 2778 4970 ὁνὸμὲιτος
2805 4899 2945 4965 Ῐηιλ-οῦ
2971 4899 3193 4975 Χριστοῦ
3217 4899 3308 4968 μίοῧ
3335 4899 3614 4984 σταυρῷθὲἶο·

2013 4989 2092 5055 τοις
2129 4972 2208 5022 ἐπὶ
2233 4977 2430 5026 Ποντίου
2457 4979 2687 5036 Πιλάτου,
2721 4980 2814 5028 ὑπὸ
2836 4994 2925 5031 τῶν
2945 4972 3097 5032 illius
3128 4987 3315 5037 πάντων
3334 4972 3613 5055 inmaturae

2012 5044 2093 5123 x3.)
2115 5046 2345 5123 ξπᾳστδν,
2371 5046 2455 5095 καὶ
2484 5059 2906 5115 φιρμεικευτῶνμνὶτ
2935 5054 3168 5115 ὶαθένταις,
3201 5044 3522 5123 ῖάσαπυίκαὶ
3540 5067 3612 5113 ἔτι

306 5127 352 5183 Τ
357 5128 693 5191 ertullianus,
714 5130 860 5199 quasi
877 5127 1130 5198 Spiritum
1165 5138 1407 5182 sanctum
1422 5128 1488 5183 ad
1505 5132 1832 5189 coercendos
1857 5151 1888 5191 e

2047 5117 2085 5199 7v
2110 5115 2297 5199 ῖῶτξτῖιι,
2340 5124 2675 5199 καταρὲιοῢντες
2714 5130 2806 5199 καὶ¹
2849 5123 3139 5199 ἕκιδιώκοντες
3178 5133 3284 5189 τοὺς
3335 5115 3611 5197 καὶ-ἔχοντας

303 5221 670 5291 subjiciendus
690 5223 788 5278 sibi
817 5225 1112 5288 daemones,
1173 5221 1338 5276 veluti
1395 5224 1594 5281 monile
1636 5227 1906 5298 quoddam

303 5316 361 5374 in
387 5332 511 5372 arca
543 5316 802 5373 inclusum
833 5333 926 5372 sua
966 5315 1255 5370 Christiani
1298 5316 1556 5373 haberent
1594 5320 1661 5376 ad
1694 5333 1902 5392 nutum,

301 5411 422 5480 eius
453 5412 646 5468 virtute
686 5427 750 5468 ac
796 5418 1078 5481 potestate,
1119 5409 1332 5479 quando
1380 5413 1598 5478 vellent.
1645 5417 1791 5471 usuri
1837 5418 1904 5474 ad

297 5505 580 5563 arbitrium
604 5507 627 5560 ?
650 5505 805 5562 Unde
832 5503 1360 5561 autein‘Christianis
1391 5518 1532 5562 tanta
1560 5508 1776 5578 fiducia,
1800 5511 1902 5568 nisi

296 5619 366 5660 ex
389 5603 699 5673 quotidiano
730 5600 780 5656 id
795 5614 964 5669 genus
994 5599 1246 5657 virtutum
1265 5603 1668 5672 experimento?
1687 5625 1707 5660 ‹
1741 5605 1901 5664 Chri-

369 5740 448 5813 (ll
479 5741 718 5810 Apolog.,
750 5752 868 5808 cap.
897 5739 988 5796 ‘25.

2010 5185 2434 5262 τοὺλεὶάνορὼπους
2468 5185 2727 5256 δαίμονας.
2773 5191 2988 5262 Apolog.
3027 5194 3062 5246 2
3088 5185 3156 5247 ad
3181 5185 3361 5254 Sciat.

2083 5253 2163 5323 (5)
2181 5265 2379 5338 ᾕροηθδν
2405 5263 2497 5338 γὰρ
2530 5253 2698 5316 Iasium
2735 5253 2829 5318 καί
2855 5253 3095 5334 λυτὲωτνλν
3133 5253 3403 5338 uanam,
3445 5276 3494 5326 οὗ
3527 5274 3612 5325 καὶ

2008 5335 2096 5414 fit»
2121 5331 2452 5414 “saepe”,
2475 5335 2606 5400 ἰσχὺν
2633 5346 2716 5388 καί
2739 5341 2797 5390 τὰ
2827 5331 3052 5412 Beryae-ua.
3078 5349 3260 5410 τρέμει,
3284 5331 3608 5414 ’καίίνῆμεροη

2005 5400 2359 5487 ἐξορκιςόμεὶναι-
2371 5407 2496 5487 κατὰ
2519 5411 2602 5487 rei
2628 5409 2850 5487 ᾇνόματος
2889 5400 3026 5467 imos
3050 5400 3264 5479 onteroﬁ
3291 5419 3378 5469 τοῦ
3395 5400 3611 5487 Jama;

2005 5474 2171 5556 ξένιεοςΔ
2207 5475 2284 5556 Ern-5‘
2325 5479 2520 5556 Ila‘frfou
2563 5483 2777 5556 Πιλὰτῳ
2822 5485 2904 5534 rei}
2938 5474 3181 5548 γενομένου
3222 5490 3471 5556 ἐπιτρόπου
3513 5474 3610 5550 ’τῆς

2007 5543 2246 5632 laudatur},
2269 5547 2608 5632 bnwéeurrar.
2643 5553 2745 5603 Καὶ
2773 5557 2849 5606 νῦν
2880 5543 3014 5632 ἡμεῖς
3039 5543 3086 5608 ὀἱ
3111 5543 3404 5620 «turbante;
3440 5563 3502 5620 εἰς
3528 5543 3610 5611 rd;

2002 5620 2330 5699 ςταυρωθὲντςι
2359 5619 2438 5669 ἰπὶ
2465 5624 2662 5699 [levi-(ou
2701 5625 2914 5679 Πιλᾶτον
2953 5619 3115 5684 inani?»
3149 5632 3328 5699 Κύρων
3366 5619 3513 5697 ﬁgor,
3545 5636 3606 5684 τὰ

2003 5685 2400 5768 διιιμόγιοξπᾷντα
2423 5692 2508 5742 καὶ
2524 5698 2768 5760 πνεύματα
2788 5701 2969 5767 πονηρὰ
2990 5685 3298 5768 ἰξορκίζονίτες
3344 5685 3607 5764 interadd:

1999 5778 2123 5823 μενοι
2144 5760 2258 5824 ἡμῖν
2282 5764 2469 5826 ἔχομεν.
