3818 6278
212 379 307 436 113

1057 376 1194 435 PRO
1232 377 1329 437 SS.
1373 378 1763 448 PEBPETUA,
1804 379 2216 439 FELICITATE
2256 382 2344 440 ET
2382 380 2615 441 SOCllS.

3402 383 3504 441 1M

217 496 375 553 tertio
398 482 640 565 ineunte,
686 494 932 552 ubertate
976 495 1096 552 haec
1139 496 1363 567 spiritus
1391 496 1578 553 Sancti
1611 497 1813 553 charis-
1843 497 1988 558 Atia
2023 498 2353 562 damnatam,
2400 497 2664 556 Basilides
2696 513 2834 555 unus
2883 513 2950 556 ex
2995 498 3391 572 apparitoribus
3441 496 3508 553 ad

218 599 355 646 mata
397 588 757 646 redundarent
797 588 921 660 (l):
957 607 977 640 ι
1014 587 1139 644 11ωο
1169 597 1349 644 autem
1396 605 1515 660 quae
1554 589 1806 658 dicimus,

223 698 327 740 non
352 683 402 740 in
421 684 555 741 solis
588 682 768 740 verbis
792 684 1114 751 consistunt,
1155 683 1250 739 sed
1298 684 1411 756 ipsa
1433 685 1592 740 etiam
1642 699 1807 756 expe-

222 779 400 835 rientia
430 779 742 848 praclarum
783 779 992 834 veritati
1021 777 1112 833 dat
1153 779 1551 834 testimonium.
1574 779 1810 836 Accedat

224 873 388 944 itaque
405 872 643 944 quisquis
666 870 915 933 voluerit,
953 885 1015 925 ac
1035 871 1251 926 virtutis
1275 872 1505 941 insignia
1530 872 1583 926 in
1605 869 1807 927 Christi

221 964 513 1036 virginibus,
560 978 662 1019 nec
690 978 798 1018 non
842 963 895 1017 in
937 962 1393 1030 adolescentibus,
1428 964 1517 1033 qui
1551 965 1808 1019 castimo-

221 1058 350 1114 niam
396 1055 718 1126 profitentur
760 1056 1294 1126 immortalitatisque
1337 1055 1496 1111 ﬁdem
1552 1055 1606 1110 in
1660 1065 1807 1111 tanto

218 1148 396 1206 Christi
437 1160 747 1222 martyrum
794 1148 965 1205 choro
1016 1149 1441 1218 contempletur.
1510 1147 1721 1214 Veniat,
1752 1154 1807 1202 et

208 1240 432 1311 quisquis
453 1255 521 1296 ea
553 1256 678 1312 quae
703 1239 942 1297 diximus
971 1241 1212 1311 experiri
1243 1240 1411 1310 cupit,
1438 1238 1665 1310 atquein
1694 1252 1807 1293 me-

200 1330 296 1388 diis
318 1333 448 1401 ipsis
464 1331 780 1388 daemonum
810 1332 1116 1403 praestigiis,
1138 1341 1193 1387 et
1216 1333 1555 1388 oraculorum
1585 1329 1806 1386 fallaciis

201 1439 261 1481 ac
285 1427 473 1497 magia:
501 1424 785 1498 prodigiis,
813 1412 975 1496 signo
996 1424 1174 1481 crucis
1223 1439 1345 1494 qua:
1385 1424 1527 1495 apud
1550 1424 1696 1494 ipsos
1724 1422 1807 1478 lu-

204 1518 372 1575 dibrio
423 1528 545 1585 est,
618 1527 803 1574 utatur
848 1518 1128 1590 solumque
1182 1517 1455 1574 Christum
1520 1519 1802 1577 nominet:

207 1628 328 1669 mox
348 1612 557 1669 videbit
582 1628 743 1684 quam
772 1612 881 1667 cito
909 1627 1004 1683 per
1034 1614 1207 1683 ipsum
1232 1612 1482 1683 fugentur
1506 1612 1802 1681 darmones,

219 1716 427 1765 cessent
451 1708 793 1766 oracula.ars
820 1707 998 1762 omnis
1030 1707 1236 1777 magica
1274 1704 1637 1775 veneficiaque
1675 1720 1804 1759 eva-

221 1811 459 1859 nescant.
497 1819 518 1853 ι
552 1801 727 1856 Sinon
761 1808 847 1855 est
872 1798 1189 1856 incredibile
1220 1806 1437 1854 veteres
1462 1795 1804 1852 Christianos

1913 589 2238 660 supplicium
2271 590 2508 646 adducit.
2540 590 2779 661 Cumque
2809 591 2998 662 vulgus
3036 607 3156 648 eam
3208 604 3422 659 vexare,
3460 596 3517 645 ct

1912 680 2184 739 obscaenis
2211 683 2395 739 verbis
2419 681 2643 738 illudere
2683 681 2734 737 ei
2771 696 3076 750 conaretur,
3100 682 3359 740 Basilides
3404 681 3523 754 qni-

1911 771 2034 828 dem
2069 787 2164 829 eos
2207 775 2298 845 qui
2328 774 2708 830 contumeliam
2762 774 2952 846 virgini
3002 775 3268 831 faciebant
3309 776 3518 831 abster—

1911 878 2040 922 rens
2064 853 2418 937 propellebat,
2444 868 2720 938 multaque
2743 867 3129 922 misericordia:
3164 877 3219 923 et
3262 866 3516 923 humani-

1913 958 2036 1012 tatis
2061 972 2188 1028 erga
2217 958 2364 1013 illam
2407 958 2687 1029 praebebat
2729 958 2945 1013 indicia.
2979 957 3078 1014 Illa
3112 974 3242 1015 vero
3270 959 3515 1031 benigni-

1911 1056 2075 1104 tatem
2133 1050 2365 1105 hominis
2409 1064 2534 1121 erga
2584 1064 2645 1106 se
2685 1049 2915 1107 libenter
2965 1052 3318 1122 amplectens,
3370 1052 3513 1108 bono

1909 1143 2091 1198 animo
2117 1158 2238 1199 eum
2277 1158 2399 1199 esse
2429 1143 2589 1214 jussit
2629 1164 2643 1200 :
2674 1158 2734 1200 se
2764 1159 2995 1216 namque
3022 1152 3144 1216 post
3178 1145 3379 1201 obitum
3430 1159 3517 1198 sa-

1909 1234 2074 1290 lutem
2097 1235 2265 1305 ipsius
2292 1252 2323 1291 a
2349 1236 2576 1291 Domino
2594 1237 3022 1307 impetraturam,
3060 1248 3113 1294 et
3144 1238 3336 1294 collata
3358 1238 3410 1292 iri
3456 1253 3517 1294 se

1910 1326 2172 1384 beneficia
2202 1328 2352 1383 brevi
2401 1338 2868 1385 remuneraturum
2898 1345 3187 1386 esse.......
3224 1331 3291 1386 Et
3331 1329 3519 1401 hujus-

1911 1422 2055 1478 modi
2087 1422 2304 1494 quidem
2334 1431 2608 1479 certamen
2648 1422 2977 1480 nobilissima
3005 1425 3157 1495 virgo
3196 1425 3515 1483 decertavit.

1911 1516 2071 1572 Brevi
2124 1529 2304 1572 autem
2352 1528 2538 1588 postea
2583 1517 2989 1575 Basilides......
3022 1518 3383 1576 Christianum
3453 1536 3514 1579 se

1909 1625 2055 1677 esse,
2088 1610 2250 1683 idque
2280 1610 2456 1681 palam
2490 1610 2875 1682 profiteri......
2908 1610 3154 1685 Cumque
3192 1613 3410 1685 quidam
3459 1615 3515 1670 in

1910 1704 2137 1760 Domino
2164 1707 2357 1762 fratres
2387 1722 2508 1761 eum
2526 1706 2806 1773 adiissent,
2831 1716 2887 1763 et
2906 1723 3122 1764 causam
3151 1710 3340 1767 subitae
3367 1708 3511 1767 illius

1910 1807 2071 1868 atque
2122 1799 2408 1866 inSperatm
2450 1799 2823 1855 conversionis
2852 1801 3268 1873 interrogarent,
3311 1800 3516 1858 dixisse

218 1902 413 1950 tantam
436 1892 737 1948 exercuisse
781 1890 1041 1947 adversus
1071 1891 1344 1946 daemones
1374 1897 1718 1959 potestatem,
1751 1899 1804 1943 et
1833 1897 1882 1960 Β
1910 1888 2103 1956 fertur,
2131 1889 2516 1945 Potamitenam
2548 1891 2706 1945 tertio
2722 1901 2844 1962 post
2864 1892 3179 1964 martyrium
3218 1892 3326 1961 die,
3355 1903 3516 1951 noctu

205 1986 275 2042 ad
296 1986 553 2055 malignos
572 1986 797 2055 spiritus
834 1983 1184 2051 coercendos,
1218 1982 1451 2053 Spiritus
1478 1981 1659 2037 Sancti
1693 1981 1802 2036 vir-

192 2085 376 2144 tutem,
408 2074 578 2130 veluti
604 2073 844 2145 gladium
866 2090 895 2129 a
937 2073 1143 2131 femore
1179 2074 1504 2144 pendentem
1547 2071 1800 2128 habuisse

182 2167 248 2224 ad
273 2177 492 2235 nutum,
529 2183 656 2223 eum
705 2167 919 2239 quando
965 2168 1186 2233 vellent,
1229 2177 1512 2221 exerturos
1550 2165 1618 2220 ad
1655 2165 1800 2220 arbi-

179 2263 343 2318 trium
375 2279 391 2316 :
422 2276 525 2317 cur
574 2260 889 2317 incredibile
926 2260 1139 2316 videtur
1185 2259 1437 2315 feminam
1475 2258 1659 2313 divino
1692 2258 1801 2329 spi-

173 2355 550 2428 ritu'plenam
597 2355 673 2411 ita
725 2370 784 2411 se
804 2355 1062 2426 gessisse,
1089 2355 1239 2425 quasi
1269 2354 1443 2425 ipsum
1493 2353 1656 2408 veluti
1686 2366 1800 2406 mo-

182 2449 295 2505 nile
344 2447 626 2520 quoddam
659 2447 712 2502 in
765 2457 983 2518 pectore
1038 2461 1136 2503 suo
1176 2456 1233 2501 ut
1284 2446 1337 2500 in
1366 2460 1487 2500 arca
1535 2445 1797 2500 inclusum

178 2540 465 2598 habuisset
509 2540 580 2597 ad
625 2550 836 2607 nutum,
907 2542 1026 2610 ejus
1069 2538 1518 2596 illustrationibus
1583 2537 1798 2609 quando

178 2636 347 2692 vellet
370 2652 533 2691 usura
560 2634 631 2691 ad
659 2634 982 2690 arbitrium?
1021 2632 1139 2689 Non
1167 2633 1323 2689 video
1353 2633 1481 2705 quid
1532 2631 1655 2687 huic
1710 2647 1799 2687 ar-

176 2739 441 2799 gumento
464 2727 659 2797 reponi
690 2728 879 2797 possit.
916 2725 1034 2781 Non
1078 2724 1266 2780 nititur
1296 2726 1542 2796 incertis.
1564 2732 1656 2778 aut
1703 2722 1797 2778 ob-

175 2818 365 2874 scuris
391 2818 680 2890 exemplis,
710 2832 819 2873 non
868 2817 1048 2873 dubiis
1076 2827 1169 2872 aut
1195 2816 1331 2871 forte
1358 2815 1606 2872 confictis
1645 2830 1799 2871 reve-

180 2909 505 2979 lationibus,
562 2926 671 2966 non
741 2910 889 2981 vagis
935 2909 1081 2981 vulgi
1123 2908 1448 2975 rumoribus,
1496 2915 1591 2963 aut
1628 2907 1791 2963 tradi.

183 3004 455 3070 tionibus,
524 3005 615 3060 sed
687 3004 862 3074 palam
917 3011 972 3059 et
1006 3003 1058 3059 in
1102 3002 1341 3058 omnium
1394 3001 1565 3057 oculis
1616 3016 1796 3057 rerum

174 3107 459 3169 gestarum
508 3096 632 3164 fide,
699 3096 1018 3153 clariSsimis
1061 3096 1421 3152 monumentis
1498 3102 1795 3150 contestata

174 3193 631 3264 consignataque.
663 3192 897 3261 Spiritus
920 3189 1103 3246 Sancti
1130 3190 1327 3245 virtute
1347 3189 1414 3244 ad
1441 3188 1797 3259 comprimen-

1907 1980 2012 2035 sibi
2081 1982 2441 2037 assistentem.
2486 1998 2741 2039 coronam
2798 1985 2960 2055 capiti
3012 2000 3112 2041 suo
3158 1988 3505 2058 imposuisse,

1904 2070 2211 2144 dixisseque
2233 2089 2291 2129 se
2317 2074 2485 2144 ipsius
2514 2090 2676 2131 causa
2707 2075 2991 2132 Dominum
3017 2092 3227 2147 orasse,
3260 2091 3421 2151 atque
3454 2080 3506 2137 id

1902 2166 2045 2237 quod
2086 2169 2313 2238 petierat
2348 2168 2665 2239 impetrasse
2696 2187 2709 2223 :
2735 2185 2836 2227 nec
2876 2170 2967 2227 diu
3000 2183 3187 2243 postea
3242 2174 3414 2246 ipsum
3443 2173 3513 2230 ad

1906 2272 2135 2328 superos
2191 2262 2565 2331 migraturum.
2614 2261 2863 2319 Posthaec
2911 2263 3188 2337 signaculo
3234 2265 3441 2322 Domini
3484 2281 3514 2323 a

1904 2351 2164 2408 fratribus
2209 2362 2454 2425 accepto,
2505 2354 2767 2426 postridie
2795 2357 3066 2413 Christum
3110 2358 3345 2430 gloriose
3388 2374 3520 2414 con—

1903 2443 2098 2515 fessus,
2154 2447 2333 2517 capite
2384 2455 2662 2502 truncatus
2711 2458 2814 2504 est.
2850 2470 2869 2502 ι
2916 2448 2999 2505 Αη
3053 2450 3247 2506 minori
3320 2452 3513 2508 fiducia

1902 2536 2119 2592 Basilidi
2151 2538 2401 2604 salutem,
2430 2548 2483 2594 et
2536 2538 2924 2596 beneficiorum
2951 2551 3153 2596 certam
3201 2558 3517 2597 remunera-

1903 2628 2104 2684 tionem
2130 2628 2459 2684 Potamiaena
2482 2630 2791 2700 spopondit,
2824 2648 2983 2703 quam
3014 2632 3278 2704 Perpetua
3320 2634 3517 2692 Saturo

1900 2718 2067 2777 futuri
2095 2732 2322 2778 eventus
2354 2721 2759 2789 praedictionem
2788 2723 2811 2778 ?
2840 2725 3033 2779 Annon
3064 2726 3135 2783 ita
3166 2742 3380 2797 quoque
3409 2728 3513 2782 Po—

1903 2813 2152 2869 tamiaena
2182 2830 2241 2870 se
2266 2816 2426 2886 gerit,
2447 2817 2598 2886 quasi
2628 2815 2824 2871 divina:
2842 2816 3329 2888 praedestinationis
3369 2820 3515 2875 ordi-

1901 2907 2149 2963 nationes
2172 2908 2224 2962 in
2248 2918 2527 2963 numerato
2566 2907 2811 2976 haberet,
2844 2919 2935 2965 aut
2961 2919 3081 2981 post
3119 2922 3347 2967 mortem
3376 2912 3518 2968 divi-

1901 3016 2093 3058 norum
2117 3003 2468 3059 consiliorum
2498 3005 2696 3060 arbitra
2748 3003 2928 3061 futura
2976 3016 3143 3072 esset,
3183 3008 3374 3079 gratiae
3418 3024 3516 3080 per

1906 3108 1967 3149 se
2022 3094 2256 3150 victricis
2304 3094 2518 3150 auxiliis
2569 3111 2729 3151 usura
2783 3098 2849 3152 ad
2898 3098 3204 3162 arbitrium.
3254 3115 3352 3170 per
3394 3117 3516 3172 qua:

1899 3189 2119 3246 Basilidi
2172 3190 2423 3248 Christus
2449 3191 2693 3255 donaret.
2732 3211 2751 3245 ι
2788 3207 2895 3248 non
2922 3194 3098 3249 solum
3150 3203 3211 3251 ut
3260 3195 3513 3252 crederet

180 3285 292 3342 dos
341 3285 620 3342 daemones
649 3298 863 3342 veteres
905 3283 1196 3340 Christiani
1246 3283 1311 3339 ad
1341 3285 1619 3339 arbitrium
1675 3292 1791 3338 ute-
1821 3293 1866 3357 ς
1898 3282 1952 3337 in
2000 3297 2089 3349 eo,
2131 3284 2226 3339 sed
2270 3285 2428 3339 etiam
2478 3295 2535 3339 ut
2573 3295 2847 3356 pateretur
2896 3301 2992 3357 pro
3039 3286 3147 3341 eo?
3176 3306 3195 3339 ι
3254 3287 3311 3344 Si
3360 3288 3511 3343 brevi

181 3377 413 3435 bantur.
458 3399 477 3433 ί
510 3379 651 3449 Quid
694 3380 797 3435 hoc
835 3393 999 3450 Opere
1030 3376 1401 3433 manifeStius?
1438 3396 1457 3429 ι
1500 3374 1611 3432 Cur
1636 3377 1798 3447 igitur

187 3471 477 3527 candidam
506 3472 750 3544 martyrii
788 3471 1022 3542 Spiritus
1062 3470 1244 3527 Sancti
1304 3468 1689 3524 illustratioues
1730 3469 1799 3524 ad

197 3563 480 3620 arbitrium
520 3565 810 3635 impetrare
858 3579 965 3621 non
1011 3565 1182 3635 potuit
1210 3563 1235 3618 ?
1266 3582 1286 3615 ι
1316 3562 1443 3634 quid
1470 3563 1571 3619 hac
1606 3562 1800 3633 proba-

202 3656 352 3712 tione
398 3656 639 3713 fidelius?
689 3657 1006 3726 simplicitas
1047 3656 1291 3712 veritatis
1330 3656 1383 3711 in
1438 3655 1618 3712 medio
1677 3664 1796 3711 est:

202 3747 378 3803 virtus
405 3749 478 3805 illi
506 3764 601 3804 sua
629 3749 871 3815 assistit;
900 3747 1032 3803 nihil
1070 3747 1333 3819 suspicari
1361 3747 1583 3815 licebit,
1621 3767 1642 3801 ι
1690 3762 1798 3803 ηοη

206 3841 617 3898 montanismum
658 3848 751 3899 aut
805 3840 1172 3908 fanatismum,
1221 3849 1315 3895 aut
1362 3837 1565 3910 aliquid
1614 3839 1798 3909 hujus-

208 3931 382 3988 modi.
1252 3948 1257 3951 ί

276 4026 372 4083 Ἦ.
418 4025 613 4085 Eadem
639 4029 761 4100 ‘qua
807 4026 1092 4097 Perpetua,
1148 4024 1335 4082 Severi
1391 4025 1795 4096 persecutione,

216 4129 394 4175 sancta
418 4119 734 4176 Potamizena
766 4119 906 4175 inter
926 4117 1319 4174 Alexandrinos
1351 4117 1508 4188 hujus
1542 4120 1800 4188 temporis

216 4223 466 4286 martyres
499 4215 875 4279 celeberrima,
905 4212 1121 4268 sublata
1148 4221 1251 4277 est,
1288 4210 1443 4282 cujus
1468 4226 1575 4266 non
1621 4212 1795 4266 solum

224 4317 398 4363 exstat
428 4310 555 4380 apud
579 4308 875 4366 Eusebium
896 4306 1118 4364 illustris
1141 4306 1423 4377 apparitio,
1456 4304 1550 4361 sed
1579 4305 1800 4376 insignis

234 4395 294 4449 in
318 4397 465 4455 Deum
484 4402 685 4460 ﬁducia:
713 4400 1046 4470 exemplum,
1103 4412 1211 4452 non
1255 4396 1434 4452 minus
1460 4411 1622 4467 quam
1668 4394 1799 4452 illud

233 4482 497 4558 Perpetua:
531 4492 887 4550 admiratione
936 4490 1177 4561 dignum.
1212 4487 1433 4545 Eusebii
1481 4488 1644 4544 verba
1698 4503 1798 4559 pro

222 4592 382 4639 more
395 4585 650 4658 subjiciam
678 4585 763 4660 (2)
793 4607 808 4643 :
845 4603 866 4638 ι
897 4583 1151 4641 Protinus
1179 4580 1553 4654 igiturjudicis
1581 4590 1801 4638 senten-

1829 4696 1885 4757 D

283 4769 370 4841 (ί)
404 4778 564 4830 Ταῦτα
616 4778 666 4827 δὲ
706 4777 773 4828 τά
810 4774 1033 4843 λιγόμενα
1070 4768 1342 4841 παρ’ἡμῶν
1381 4771 1461 4823 sint
1505 4772 1630 4843 ἄχρι
1668 4772 1809 4836 λόγων

208 4841 361 4906 ἔστὶν,
386 4845 506 4899 ἀλλὰ
526 4848 607 4902 καὶ
634 4850 687 4911 ἐξ
710 4841 875 4907 αὐτῆς
900 4858 984 4906 τῆς
1030 4851 1192 4914 πείρας
1235 4848 1335 4910 ἔχει
1360 4852 1448 4901 τὴν
1469 4856 1557 4901 σῆς
1584 4842 1811 4902 ἀληθείας

203 4925 492 4987 ριρτνρῖαν·
525 4927 708 4987 παρίτω
733 4921 819 4984 γὰρ
861 4916 898 4965 δ’
921 4916 1202 4986 βουλὸμενυς
1236 4917 1314 4967 καὶ
1350 4919 1579 4982 θεωρςίτω
1618 4928 1703 4975 τῆς
1726 4922 1813 4980 μὲν

200 4983 383 5054 ἀρετῇ
419 4999 474 5041 τὸ
510 4983 752 5060 ννῶρισμα
783 4983 829 5042 ἓν
864 4983 974 5048 ταῖς
995 4991 1209 5060 Χριστοῦ
1239 4987 1485 5060 παρθένοις
1527 4993 1606 5037 καὶ
1637 4989 1682 5038 ἒν
1717 4997 1813 5046 τοῖς

204 5062 499 5128 σωῖρεισὸνήν
517 5058 763 5125 amem.
786 5066 1045 5129 νεωτέροις,
1073 5072 1160 5118 τῖς
1186 5059 1234 5109 δὲ
1261 5058 1523 5114 ἀθανασίας
1546 5065 1633 5110 rh
1660 5064 1816 5111 πίστιν

200 5131 261 5179 δ’
282 5142 349 5198 τῷ
374 5136 569 5201 nasia-rep
596 5149 686 5188 τῶν
716 5135 968 5201 μαρτύρων
987 5134 1132 5186 αὖτοῧ
1163 5139 1307 5201 χορῷ·
1339 5134 1492 5185 ἡκέτω
1522 5130 1572 5179 δὲ
1595 5132 1621 5180 ὁ
1649 5130 1815 5196 πεῖραν

202 5198 554 5269 τρῃλρχθεντων
576 5198 1068 5275 βαυλᾶμινθςήλαβεῖν,
1101 5203 1182 5252 καὶ
1212 5198 1818 5275 ὶπάὗτῆςτνὶςραντασίας

208 5286 312 5324 τῶν
348 5272 599 5342 δαιμόνων,
628 5278 710 5327 καὶ
738 5289 825 5335 τῆς
852 5284 945 5328 τῶν
971 5281 1206 5340 μαντειῶν
1241 5275 1462 5336 ἀπάτης,
1494 5272 1579 5322 καὶ
1614 5285 1704 5325 τῶν
1734 5284 1822 5342 τῆς

200 5340 689 5414 μαγειαςήθαυμίτων
705 5389 718 5408 ,
742 5349 993 5415 χρησάσθω
1022 5353 1088 5410 τῷ
1112 5351 1292 5411 σημείῳ
1304 5347 1389 5398 ταῦ
1420 5346 1680 5407 γελωμένου
1710 5340 1822 5412 παρ’

211 5417 383 5489 gigni:
402 5424 625 5489 σταυροῦ,
655 5428 733 5472 τὸν
751 5423 963 5487 Χριστὸν
985 5419 1219 5483 ὀνομάσας
1239 5416 1397 5489 μόνον,
1429 5416 1511 5466 καὶ
1532 5418 1698 5479 ὄψεται
1727 5428 1824 5489 περς

226 5485 441 5560 ἧιάὗτοῧ
468 5485 681 5558 δαίμονας
705 5485 1045 5560 μὲν-φεύγουσι,
1078 5487 1360 5560 μαντεία-ξς
1383 5493 1613 5560 truderet},
1648 5487 1828 5548 μοι-μία

234 5559 286 5608 δὲ
319 5567 439 5630 τςᾶσα
473 5553 555 5618 καί
595 5553 873 5630 pateﬁent}.
895 5553 1237 5630 'mﬁpqu.
1277 5553 1397 5611 Lib.
1453 5554 1524 5611 de
1558 5554 1824 5610 lncarnat.

232 5625 377 5681 verbi
405 5630 491 5695 Dei
518 5648 574 5687 η.
597 5625 697 5695 ‘48,
728 5644 880 5685 novre
911 5630 1040 5684 edit.

307 5698 381 5771 (2)
420 5693 529 5770 Ᾰμα
563 5708 611 5756 δὲ
636 5693 755 5775 ᾎόλγω
775 5712 856 5757 τὸν
881 5716 968 5763 τῆς
996 5706 1401 5775 ἀπσφεσεωεὸρον
1423 5703 1830 5767 καταδεξαμένην,

241 5775 267 5824 ὁ
296 5778 564 5837 Βασιλιίδης
616 5774 684 5834 εἷς
723 5796 795 5834 τις
828 5780 887 5828 ὢν
925 5785 1016 5827 τῶν
1054 5774 1109 5828 ἓν
1136 5784 1401 5844 στρατείαις
1448 5779 1832 5846 ἀναφερομένων,

1902 3374 2229 3430 Potamiacna
2263 3377 2373 3432 fore
2405 3378 2638 3447 speravit
2669 3386 2727 3431 ut
2765 3376 2879 3433 suas
2906 3392 3004 3450 pro
3040 3378 3276 3434 Basilide
3319 3395 3508 3449 preces

1902 3470 2326 3537 exaudirentur,
2379 3487 2475 3525 cur
2523 3473 2710 3526 nonin
2752 3472 2997 3531 eamdem
3038 3487 3190 3543 spem
3247 3472 3521 3543 Perpetua

1902 3578 2114 3635 quoque
2154 3566 2323 3634 potuit
2374 3565 2605 3620 adduci?
2643 3566 2697 3621 Si
2746 3565 2887 3621 laudi
2932 3566 3277 3622 Potamizente
3323 3567 3508 3631 datur,

1901 3658 2048 3731 quod
2071 3670 2272 3714 certam
2305 3658 2491 3715 fecerit
2513 3658 2735 3715 Basilidi
2761 3660 2951 3713 futurze
2970 3659 3163 3734 salutis
3190 3674 3341 3731 spem
3369 3678 3383 3714 :
3417 3676 3517 3716 cur

1902 3750 2340 3823 vitiojperpetute
2362 3752 2612 3818 vertitur,
2644 3751 2785 3822 quod
2817 3761 3021 3808 certam
3049 3752 3245 3809 Saturo
3262 3768 3413 3824 spem
3435 3754 3518 3807 in-

1897 3845 2090 3916 jecerit
2107 3844 2301 3900 futura:
2332 3845 2702 3901 revelationis?
2727 3844 2782 3902 Si
2807 3845 3149 3902 Potamiaenae
3175 3846 3512 3919 prophetiam

1903 3952 2063 3992 nemo
2086 3953 2339 4008 umquam
2375 3938 2427 3992 in
2463 3937 2805 3994 montanismi
2838 3939 3201 4008 suapicionem
3239 3940 3457 3996 adduxit
3488 3983 3506 4009 ,

1902 4047 1999 4088 cur
2024 4032 2256 4088 similem
2278 4033 2555 4103 Perpetuus
2589 4031 2922 4102 pmphetiam
2938 4033 2989 4087 in
3023 4032 3280 4089 invidiam
3304 4046 3519 4089 monta-

1902 4123 2061 4179 nismi
2086 4123 2379 4178 trahemus.
2424 4122 2563 4190 Quid
2581 4124 2724 4178 enim
2747 4122 2999 4178 differunt
3028 4125 3051 4178 ?
3085 4142 3105 4175 ι
3142 4122 3293 4178 Bono
3332 4125 3517 4179 animo

1902 4223 2039 4279 esto,
2060 4215 2390 4285 postobitum
2411 4215 2710 4285 impetrabo
2732 4214 2823 4269 tibi
2847 4215 3108 4278 salutem;
3145 4233 3164 4266 ι
3194 4224 3248 4270 et
3272 4232 3284 4268 ε
3307 4233 3327 4266 ι
3355 4213 3517 4269 Cras-

1904 4312 2010 4365 tina
2032 4310 2119 4365 die
2139 4309 2238 4363 tibi
2265 4308 2632 4364 renuntiabo?
2666 4328 2686 4360 ι

1974 4401 2217 4457 Extincta
2265 4400 2449 4456 Severi
2503 4401 2903 4472 persecutione,
2935 4417 3039 4473 pax
3088 4401 3339 4459 diuturna
3387 4421 3513 4462 suc.-

1902 4497 2086 4562 cessit,
2117 4494 2185 4551 ad
2216 4494 2435 4552 Decium
2476 4509 2680 4567 usque,
2714 4496 2814 4551 nisi
2853 4496 3067 4553 Maximi
3116 4501 3511 4573 persecutione,

1903 4605 2024 4661 quae
2051 4596 2230 4645 tamen
2257 4588 2435 4645 brevis
2465 4597 2519 4647 et
2542 4588 2729 4646 localis
2754 4588 2874 4661 fuit,
2902 4607 3008 4648 non
3048 4591 3367 4667 interrupta.
3401 4594 3515 4653 [loc

1914 4772 2120 4848 ciui]:er
2133 4772 2390 4848 ἀτςοσοβῶν
2402 4774 2760 4848 δνυβρῖζονταςε
2782 4778 2996 4829 πλεῖστον
3020 4782 3144 4830 ἔλεον
3154 4780 3235 4830 καὶ
3257 4786 3523 4848 φιλανθρω-

1916 4851 2035 4917 τίαν
2056 4844 2119 4900 εὶς
2146 4844 2299 4903 αὗτῆν
2322 4846 2678 4910 ἐνδεικνύμενος⁶
2700 4851 2729 4903 ἦ
2744 4847 2793 4897 δὲ
2818 4859 2902 4906 τῆς
2932 4849 3039 4916 περὶ
3059 4851 3210 4902 αὗτῆν
3226 4844 3521 4917 «opt-udam;

1916 4916 2248 4979 ἀποδεξαμένη
2275 4923 2351 4968 τὸν
2371 4917 2521 4984 ἄνδρα
2547 4918 2733 4984 Θαρῥεῖν
2756 4924 3156 4984 παρακρλεὺεταν
3194 4927 3524 4986 ἐξαιτισεσθαι

1915 4988 2007 5053 γὰρ
2031 4988 2170 5040 αὺτὸν
2194 4986 2520 5048 ἀπελθοῦσαν,
2553 4992 2687 5058 παρά
2712 4993 2990 5050 τιᾶὲαυτῆς
3019 4987 3221 5061 Κυρίου,
3254 4998 3336 5045 καὶ
3362 4998 3442 5047 οὐκ
3459 4999 3527 5057 εἰς

1917 5064 2099 5133 μακρὸν
2132 5065 2225 5110 τῶν
2266 5059 2333 5133 εἰς
2371 5060 2520 5120 αὖτῆν
2548 5067 2882 5133 πεπραγμένων
2914 5073 3001 5120 τὴν
3024 5059 3250 5133 ἀμσιβὴν
3279 5065 3525 5118 ἀπα-τίσειν

1917 5130 2236 5201 etin-€33"...
2257 5132 2340 5180 καὶ
2369 5133 2394 5181 ὁ
2412 5138 2498 5195 μὲν
2525 5143 2610 5189 τῆς
2635 5132 2857 5194 ἀοιδίμου
2886 5133 3042 5201 κόρης,
3072 5130 3287 5193 τοιόῧτος
3314 5144 3525 5200 κατηγώ-

1918 5220 2047 5253 νιστο
2076 5196 2240 5259 ἓὶθλοςὶ
2271 5204 2323 5255 οὗ
2344 5208 2524 5270 μακρὸν
2550 5202 2599 5252 δὶ
2624 5202 2782 5271 χρόνον
2808 5196 3041 5258 διαλιλκὼν
3067 5207 3094 5256 ὅ
3119 5196 3470 5266 Βασιλιτδηςιίι
3486 5246 3526 5260 ..

1922 5276 2216 5340 Χριστιανὸν
2240 5276 2497 5343 ὑπάρχειν,
2522 5274 2603 5325 καὶ
2630 5277 2768 5326 τοῦτο
2795 5278 3010 5343 ἐμφανῶς
3036 5280 3394 5343 ὁμολογεῖν.....
3421 5283 3529 5330 Τῶν

1928 5346 1977 5394 δᾶ
1990 5348 2118 5395 κατά
2129 5348 2243 5395 Θεὸν
2263 5346 2472 5415 ἀδελφῶν
2488 5347 2548 5401 ὡς
2572 5344 2718 5394 αὐτὸν
2738 5348 3044 5415 ἀφικομένων.
3060 5349 3144 5399 καὶ
3157 5356 3246 5403 τὶν
3259 5351 3424 5402 αἰτίαν
3445 5364 3534 5413 τῆς

1926 5417 2102 5490 ἀθρόας
2129 5416 2215 5490 καὶ
2251 5416 2518 5483 παραδόξου
2552 5418 2730 5490 ταύτης
2762 5420 2911 5486 ὁρμῆς
2949 5423 3313 5486 πυνθανομένων,
3341 5420 3529 5490 λέγεται

1929 5488 2161 5545 εἰπεῖν,ὡς
2171 5489 2268 5554 ἄρα
2281 5492 2584 5551 Ποταμιαινα
2593 5488 2746 5561 τρισὶν
2760 5490 2944 5558 ὓστερςν
2952 5496 3155 5559 ἡμέραις
3173 5495 3257 5545 τοῦ
3273 5488 3535 5561 μαρττυρίου

1930 5563 2108 5626 νὺτιτωρ
2120 5562 2374 5619 (aiataiat,
2392 5563 2610 5633 stipatam:
2622 5560 2770 5633 αἰετοῦ
2783 5573 2840 5629 τῇ
2855 5570 3027 5631 κιφαλῇ
3045 5568 3286 5629 περιθεῖσα
3298 5568 3373 5624 εἴη
3383 5605 3395 5619 .
3413 5573 3534 5633 φαίη

1935 5650 1987 5681 τι
2005 5634 2247 5698 «altera:va
2259 5633 2422 5687 ηκξναι
2450 5632 2589 5697 γᾶριν
2611 5632 2759 5683 αὐτοῦ
2780 5640 2858 5683 τὸν
2873 5634 3067 5701 Κύριον,
3092 5645 3172 5685 καὶ
3193 5651 3278 5695 τῆς
3298 5632 3538 5697 ἀξιώσεως

1936 5705 2271 5767 τετυχηκέναι,
2296 5702 2373 5753 ob»:
2388 5701 2453 5758 εὶς
2480 5709 2661 5771 μικρὸν
2684 5726 2731 5756 τε
2748 5703 2889 5756 θῦτὸν
2912 5708 3093 5775 παραλν
3105 5710 3293 5771 ψεσθαυ
3315 5709 3395 5759 ἐπὶ
3424 5710 3540 5761 σού-

1938 5795 2036 5831 τοις
2062 5787 2157 5826 τῶν
2187 5772 2395 5842 ἀδελφῶν
2414 5785 2498 5833 τῆς
2525 5776 2572 5825 ἐν
2590 5778 2750 5845 Κυρέῳ
2787 5772 3036 5845 σφραγῖδος
3060 5778 3355 5843 μεταδόντων
3382 5781 3535 5842 αὖτῶ,

246 5846 407 5930 αἰξί-ιιι
432 5852 732 5930 τξαρριλοξρὸν
758 5849 946 5930 cistis}
974 5849 1160 5930 equi-rep
1176 5843 1264 5907 '6;
1291 5848 1338 5898 ὂᾶ
1364 5850 1418 5930 τέ
1441 5843 1618 5930 πλῆθος
1638 5852 1838 5930 {vexit-iv
1935 5857 1999 5914 τῇ
2029 5849 2290 5930 μετέπειτα
2308 5850 2473 5930 ,ἡμέρᾳ
2497 5854 2568 5930 τςξ
2588 5853 2673 5930 αξρῦ
2885 5849 3147 5930 διαπρέψας
3171 5858 3436 5930 μαρτυρςῳ,
3453 5859 3539 5908 τῆν

251 5916 360 5983 εἰ»τῇ
388 5920 465 5969 καὶ
515 5918 799 5976 ἀκολάστοις
839 5919 1094 5987 ἒνυβρίξιιν
1131 5923 1340 5990 ῥήμασιν
1380 5921 1624 5985 immrito,
1673 5920 1700 5970 ὁ
1750 5921 1841 5984 μὲν

1940 5912 2148 5984 stipulis
2171 5912 2512 5985 ἀποτέμνεσιι.
2549 5913 2664 5969 Lib.
2697 5912 2774 5969 ἾῙἽ
2790 5914 2927 5972 Hist.
2959 5912 3181 5987 eccles.,
3202 5912 3397 5988 αὴ)..ξῇ
