3816 6276
321 395 430 459 115

1467 379 1917 443 DISSERTATIO
1956 374 2437 438 APOLOGETICA

3505 367 3601 433 116

317 510 583 585 temporis
609 505 889 567 intervallo
910 505 1144 561 visiones
1171 509 1227 559 et
1252 499 1616 558 revelationes
1644 500 1698 555 in
1729 498 1918 554 Eccle-
1948 498 1999 559 A
2028 495 2176 552 Alius
2198 509 2326 552 vero
2353 494 2405 549 in
2436 491 2653 549 sinislra
2683 499 2836 562 parte
2856 490 3160 548 consistens
3178 533 3190 557 .
3208 495 3325 547 rete
3350 488 3602 562 portabat,

323 610 403 666 sia
450 624 557 663 non
584 605 906 671 defuerunt,
938 612 994 656 ut
1041 598 1309 671 aliquibus
1354 594 1620 669 exemplis
1670 605 1920 663 constat,

326 717 449 775 qua:
482 700 555 755 uti
585 696 898 768 insigniora,
931 705 983 749 et
1014 694 1080 749 ad
1104 690 1375 764 publicum
1408 688 1669 747 Ecclesia:
1702 700 1922 757 statum,

329 803 387 852 et
414 793 481 849 ad
525 792 763 863 publicas
804 788 932 843 item
974 801 1233 857 personas
1262 794 1422 857 atque
1470 782 1735 854 imprimis
1779 780 1927 838 cele-

328 889 459 945 bres
503 883 855 956 pertinentia,
909 880 1152 936 historias
1197 894 1308 934 sua:
1363 876 1629 934 Eusebius
1677 876 1925 931 inseruit.

329 975 643 1048 Cujusmodi
676 972 893 1028 fuerunt
933 971 1038 1027 illas
1082 968 1275 1042 quibus
1318 965 1625 1023 Alexander
1656 967 1707 1022 in
1735 962 1930 1021 lliero-

334 1071 664 1142 solymoruui
691 1066 987 1120 antistitem
1018 1063 1224 1119 electus
1254 1073 1335 1117 est
1365 1060 1467 1134 (l),
1496 1070 1551 1115 et
1576 1076 1677 1131 qua
1712 1068 1932 1116 sanctus

336 1161 612 1219 Fabianus
644 1156 897 1214 Ecclesia:
919 1154 1173 1211 Romana:
1203 1150 1439 1225 pontifex
1469 1152 1804 1208 rentmtiatus
1830 1149 1929 1224 (2);

332 1255 430 1313 sed
464 1268 556 1310 eas
585 1262 847 1325 praetereo
868 1292 882 1316 ,
915 1248 1059 1322 quod
1103 1245 1232 1303 nihil
1267 1248 1434 1303 ferme
1474 1261 1596 1302 cum
1630 1256 1815 1301 nostro
1842 1260 1935 1298 ar-

335 1356 591 1420 gumento
615 1357 901 1400 commune
931 1341 1204 1408 habeant,
1236 1348 1294 1393 ut
1326 1336 1443 1393 illas
1485 1336 1651 1393 etiam
1694 1334 1936 1408 Dionysii

2031 588 2171 661 quod
2203 604 2263 645 se
2291 588 2527 655 mittere,
2557 595 2615 642 ut
2634 586 3074 642 circumstantem
3103 584 3359 659 populum
3384 593 3606 654 caperet,

2029 681 2369 747 minabatur;
2415 688 2472 736 et.
2509 695 2631 735 cum
2677 679 2965 734 miraretur
3000 677 3128 749 quid
3164 676 3266 732 hoc
3292 684 3470 738 esset,
3496 676 3609 745 ille,

2031 774 2123 848 qui
2168 774 2321 841 vidit,
2372 772 2506 829 dixit
2547 770 2914 828 einuvenem
2971 771 3060 843 qui
3109 769 3178 825 ad
3224 768 3500 825 dexteram
3546 768 3613 824 sic

2033 868 2247 926 sederet
2272 912 2286 934 ,
2313 866 2624 923 contristari
2651 874 2703 920 et
2723 865 2910 921 dolere
2933 863 3074 937 quod
3104 872 3369 934 praecepta
3397 876 3490 917 sua
3520 877 3615 916 non

2034 960 2452 1017 observarentur
2504 974 2517 1011 :
2556 956 2719 1015 .illum
2766 971 2896 1011 vero
2942 956 2995 1010 in
3066 954 3279 1010 sinistra
3352 950 3616 1020 exultare,

2035 1054 2176 1126 quod
2210 1054 2311 1109 sibi
2335 1053 2553 1109 daretur
2577 1051 2814 1117 occasio,
2844 1059 2899 1105 ut
2924 1066 2953 1104 a
2986 1047 3369 1121 patrefamilias
3397 1054 3618 1118 potesta-

2039 1161 2147 1205 tem
2196 1157 2439 1203 sumeret
2467 1144 2745 1202 saeviendi.
2800 1144 2914 1200 lloc
2957 1142 3105 1215 prius
3153 1143 3311 1214 longe
3356 1150 3620 1197 ostensum

2039 1254 2142 1305 εει,
2176 1257 2333 1314 quam
2364 1250 2655 1311 tempestas
2697 1237 2961 1295 vaStitatis
3006 1235 3167 1307 hujus
3194 1235 3422 1293 orietur.
3464 1233 3531 1289 Et
3555 1233 3624 1287 vi-

2043 1336 2220 1391 dimus
2243 1333 2520 1404 impletum
2544 1330 2685 1403 quod
2708 1330 2883 1385 fuerat
2907 1338 3206 1385 ostensum.
3245 1345 3264 1380 ι
3302 1326 3473 1383 Sicuti
3492 1326 3626 1396 pacis

2044 1436 2287 1499 tempore
2312 1423 2543 1480 futuram
2582 1421 3007 1494 persecutionem
3027 1463 3042 1489 ,
3071 1421 3141 1475 ila
3166 1420 3427 1499 smvientc
3463 1431 3628 1489 perse-

2044 1520 2295 1584 cutione,
2342 1516 2493 1587 brevi
2528 1516 2758 1571 futuram
2788 1528 2973 1585 pacem
3017 1513 3070 1568 in
3106 1498 3312 1567 visione
3342 1510 3544 1584 pariter
3563 1512 3630 1566 in-

2049 1609 2290 1677 tellexit,
2320 1609 2389 1665 de
2428 1624 2531 1680 qua
2559 1606 2614 1663 in
2642 1604 2829 1662 eadem
2869 1606 3097 1677 epistola
3124 1604 3193 1660 ita
3228 1603 3442 1660 scribit.
3483 1622 3503 1657 ι
3544 1604 3633 1660 De-

413 1714 528 1771 Vll.
588 1711 670 1769 Ad
717 1710 1041 1785 Cyprianum
1096 1708 1275 1780 itaque
1332 1704 1582 1773 veniam,
1624 1719 1733 1776 quo
1785 1717 1945 1759 nemo
2050 1702 2210 1773 nique
2238 1699 2305 1757 ad
2329 1699 2606 1755 minimum
2632 1697 2888 1753 famulum
2916 1712 3093 1766 suum,
3125 1704 3180 1753 et
3207 1695 3261 1752 in
3288 1695 3505 1752 delictis
3526 1696 3636 1752 licet

342 1807 610 1879 magisita
642 1819 701 1861 se
729 1805 931 1877 gessit,
976 1803 1128 1875 quasi
1173 1800 1433 1872 Spiritum
1479 1806 1729 1863 auctum,
1778 1794 1944 1852 veluti
2052 1792 2300 1865 plurimis
2326 1793 2674 1848 constitutum
2713 1800 2769 1846 et
2809 1790 3119 1862 dignatione
3165 1789 3282 1859 ejus
3329 1787 3637 1859 indignum,

342 1900 548 1959 monile
576 1898 843 1970 quoddam
891 1897 944 1951 in
994 1910 1117 1950 arca
1170 1894 1436 1949 inclusum
1486 1905 1618 1959 sua,
1669 1889 1946 1946 habuisset
1974 1894 2025 1957 B
2056 1903 2238 1949 tamen
2283 1891 2393 1947 illic
2444 1904 2540 1961 pro
2586 1904 2682 1945 sua
2726 1890 2869 1944 circa
2924 1902 3024 1945 nos
3072 1887 3339 1952 bonitate,
3402 1884 3643 1942 mandare

344 1996 415 2051 ad
444 2004 656 2056 nutum,
685 1991 802 2061 ejus
828 1986 1302 2052 illustrationibus,
1326 1982 1543 2055 quando
1568 1981 1772 2049 vellet,
1830 1996 1951 2038 usu-
2053 1985 2304 2057 dignatus
2329 1994 2413 2039 est
2446 2000 2460 2038 :
2496 1982 2590 2037 Dic
2616 1981 2725 2050 illi,
2772 1979 2975 2053 inquit,
3020 1993 3246 2037 securus
3267 1979 3381 2048 sit,
3408 1979 3531 2051 quia
3556 1992 3647 2050 pax

348 2100 446 2143 rus
486 2084 553 2139 ad
578 2079 883 2137 arbitrium.
919 2079 1033 2133 Duo
1061 2086 1241 2133 autem
1274 2078 1328 2130 in
1371 2076 1488 2147 ejus
1532 2074 1952 2130 revelationibus
2057 2089 2281 2136 ventura
2303 2086 2406 2133 est.
2439 2075 2545 2133 Sed
2577 2075 2719 2148 quod
2747 2075 2963 2131 interim
2990 2074 3199 2130 morula
3228 2081 3346 2141 est,
3373 2078 3645 2144 supersunt

354 2193 421 2234 ac
449 2175 742 2232 visionibus
772 2169 1064 2244 spectanda
1105 2178 1271 2225 sunt:
1304 2183 1491 2224 earum
1529 2166 1737 2223 scilicet
1775 2164 1952 2221 varie-
2057 2170 2234 2227 adhuc
2254 2170 2414 2241 aliqui
2446 2169 2534 2240 qui
2584 2169 2897 2240 probentur.
2943 2187 2964 2222 ι
2999 2167 3182 2238 Neque
3222 2175 3405 2223 tamen
3435 2166 3505 2223 de
3544 2163 3649 2221 fun-

355 2282 444 2328 tas
470 2280 629 2342 atque
657 2266 954 2340 frequentia
979 2305 996 2333 ,
1026 2274 1080 2320 et
1105 2276 1265 2337 quam
1295 2263 1420 2318 inde
1445 2261 1694 2332 concepit
1722 2260 1954 2316 sanctis.
2060 2263 2253 2320 dendis
2278 2262 2494 2319 assidue
2519 2261 2800 2332 precibus,
2829 2261 2924 2317 sed
2952 2261 3022 2316 de
3050 2260 3171 2316 aliis
3196 2275 3413 2331 quoque
3455 2255 3652 2331 pietatis

360 2353 530 2422 simus
556 2361 706 2433 quIa
734 2402 748 2427 ,
789 2372 853 2414 ac
880 2355 1326 2429 prudentissimus
1355 2351 1437 2409 vir
1464 2353 1532 2410 de
1556 2352 1736 2410 divina
1765 2351 1957 2425 digna-
2063 2354 2350 2427 operibus,
2376 2363 2432 2409 et
2458 2354 2735 2426 religionis
2762 2352 2989 2417 officiis,
3031 2352 3285 2422 supernis
3312 2350 3651 2417 revelationi-

361 2458 512 2514 tione
537 2464 592 2512 et
620 2452 985 2508 familiaritate
1020 2449 1290 2505 fiduciam.
1332 2445 1405 2504 Ut
1451 2456 1630 2501 autem
1678 2447 1794 2501 haec
1834 2443 1959 2500 dili—
2065 2447 2166 2503 bus
2205 2444 2536 2501 admonitum
2586 2461 2645 2501 se
2686 2443 2853 2502 fuisse
2907 2453 3185 2501 ιεειςιιιηιε
3242 2462 3262 2496 ι
3308 2444 3417 2500 sed
3479 2451 3535 2500 ει
3596 2441 3658 2498 de

362 2552 574 2622 gentius
615 2549 785 2604 lector
806 2556 966 2618 atque
1015 2542 1351 2600 commodius
1393 2540 1822 2607 animadvertat,
1868 2555 1961 2596 eas
2065 2539 2212 2596 victu
2255 2552 2418 2610 parco
2445 2577 2462 2605 ,
2522 2546 2579 2594 et
2632 2538 2812 2594 sobrio
2863 2546 2989 2607 potu
3030 2535 3227 2592 divinis
3270 2532 3659 2606 dignationibus

365 2643 456 2700 hic
510 2643 679 2699 sancti
732 2639 982 2712 Martyris
1025 2637 1262 2692 visiones
1312 2650 1584 2707 exponere
1634 2634 1807 2690 visum
1848 2643 1962 2701 est,
2068 2634 2458 2700 admonemur,
2494 2640 2601 2687 etc.
2642 2648 2662 2683 ι
2695 2628 2847 2686 Adeo
2876 2642 3006 2684 vero
3035 2628 3104 2684 de
3127 2627 3505 2684 vaticiniorum
3545 2638 3664 2682 suo-

365 2734 557 2791 iisdem
600 2731 778 2788 verbis
813 2730 1008 2803 quibus
1043 2736 1112 2785 ab
1148 2731 1266 2800 ipso
1303 2727 1413 2783 suis
1451 2727 1506 2782 in
1542 2725 1783 2797 epistolis
1822 2722 1965 2781 refe-
2069 2742 2189 2782 rum
2240 2723 2431 2779 futuris
2477 2721 2760 2803 eventibus
2800 2722 3171 2778 sanctissimus
3208 2719 3405 2792 przcsul
3448 2730 3666 2776 securus

368 2832 584 2884 runtur.
607 2800 854 2897 Epistula
881 2822 1199 2888 undecima,
1241 2818 1374 2876 alias
1398 2821 1550 2888 juxta
1579 2817 1802 2874 Pamelii
1850 2815 1967 2872 edi-
2073 2831 2223 2887 erat,
2256 2829 2315 2874 ut
2347 2820 2591 2890 quamvis
2620 2800 2799 2872 nullus
2827 2818 3004 2873 adhuc
3043 2823 3239 2887 optata:
3273 2810 3669 2886 tranquillitatis

367 2924 574 2980 tionem
623 2932 840 2991 octava,
888 2920 1020 2975 nihil
1062 2917 1231 2975 ferme
1284 2912 1443 2970 habet
1493 2925 1690 2984 praeter
1730 2912 1970 2967 visiones
2072 2913 2255 2967 radius
2277 2908 2753 2983 appeteret,jussit
2778 2918 2955 2964 tamen
2975 2909 3068 2963 has
3097 2909 3303 2964 litteras
3326 2904 3672 2976 promulgari,

373 3028 538 3087 atque
564 3016 941 3072 revelationes.
969 3012 1180 3082 Scripta
1210 3018 1293 3063 est
1328 3023 1359 3062 e
1394 3020 1608 3061 secessu
1640 3004 1971 3074 presbyteris
2074 3011 2129 3059 et
2156 3019 2249 3073 per
2268 3002 2476 3057 clerum
2506 3002 2574 3056 ad
2604 3015 2762 3070 quem
2788 3002 3003 3070 scriptae
3029 2998 3263 3065 fuerant,
3292 3000 3432 3068 plebi
3461 3013 3680 3071 quoque

375 3119 433 3166 et
471 3108 784 3166 diaconibus
810 3150 826 3177 ,
870 3104 1223 3172 hortaturque
1260 3097 1381 3154 illos
1419 3095 1485 3152 ad
1530 3108 1717 3164 preces
1755 3090 1971 3148 assidue
2076 3096 2462 3154 communicari
2494 3112 2509 3150 :
2552 3114 2571 3147 ε
2613 3094 2959 3149 Dissimulare
2993 3094 3109 3150 hzcc
3141 3094 3385 3165 singula,
3435 3100 3493 3146 et
3538 3092 3686 3164 apud

372 3203 711 3270 fundendas;
762 3200 905 3257 unde
940 3196 1272 3268 Augustinus
1299 3192 1418 3261 ejus
1452 3187 1504 3241 in
1535 3186 1629 3239 lib.
1660 3200 1712 3239 tv
1742 3184 1808 3239 de
1834 3183 1973 3255 Bap-

2077 3186 2458 3244 conscientiam
2513 3200 2686 3245 meam
2717 3186 2865 3242 solus
2901 3185 3173 3241 occultare
3200 3198 3307 3239 non
3344 3180 3681 3239 debui.......

333 1436 721 1499 Alexandrini,
766 1440 901 1507 quas
934 1431 1075 1488 idem
1106 1429 1369 1486 Eusebius
1395 1428 1560 1484 refert
1583 1426 1697 1501 (3),
1742 1427 1796 1483 in
1821 1427 1938 1497 qui.

334 1531 438 1589 bus
514 1526 768 1600 prtesenti
833 1539 1011 1581 causae
1078 1538 1184 1578 non
1245 1520 1475 1580 multum
1531 1520 1744 1575 videtur
1816 1532 1940 1574 esse

341 1620 605 1697 praesidii.

371 3302 535 3357 tismo
578 3301 905 3357 mentionem
948 3296 1178 3358 faciens,
1218 3288 1362 3343 hunc
1401 3284 1476 3340 illi
1526 3278 1735 3338 titulum
1785 3279 2046 3345 dedit:C
2078 3279 2189 3336 Nec
2233 3278 2333 3351 ipsi
2378 3278 2563 3350 utique
2595 3277 2737 3349 apud
2789 3292 2884 3334 vos
2933 3277 3071 3332 hanc
3115 3275 3396 3347 epistolam
3448 3276 3680 3332 teneatis
3768 3275 3769 3347 Τ

2088 3376 2385 3444 occultam,
2433 3374 2529 3433 sed
2560 3373 2845 3446 legendam
2866 3372 3115 3427 fratribus
3154 3367 3473 3442 suggeratis.
3513 3388 3534 3421 ι
3576 3368 3676 3424 Sed
3768 3424 3769 3431 η

383 3426 402 3459 ι
437 3402 519 3461 Ad
549 3401 783 3457 Clericos
800 3439 814 3462 ,
838 3396 905 3449 de
932 3386 1202 3461 precando
1225 3383 1351 3438 Deo.
1380 3402 1399 3435 ι
1424 3380 1649 3436 Deciana
1672 3376 1975 3451 persecutio

378 3494 675 3554 saevissime
715 3488 767 3544 id
822 3482 1079 3556 temporis
1122 3477 1505 3552 grassabatur:
1547 3478 1834 3548 impulsum
1876 3491 1974 3531 au-

379 3601 490 3647 tem
538 3603 596 3643 se
646 3585 810 3640 fuisse
845 3579 976 3637 dicit
1001 3575 1198 3632 divinis
1226 3572 1519 3643 prtesertim
1560 3568 1978 3626 rcvelationibus

381 3688 450 3744 ad
478 3678 818 3741 scribendum
856 3694 869 3729 :
906 3692 925 3724 ι
966 3668 1094 3725 Nam
1136 3666 1312 3739 quod,
1356 3665 1557 3736 inquit,
1602 3664 1771 3735 magis
1811 3663 1980 3719 suasit

386 3791 443 3837 et
469 3770 760 3845 compulit,
788 3778 844 3823 ut
881 3765 978 3820 has
1017 3764 1080 3817 ad
1110 3777 1206 3816 vos
1240 3760 1445 3814 litteras
1471 3756 1798 3824 scriberem,
1839 3757 1981 3813 scire

385 3842 609 3927 debetis
633 3860 803 3936 (sicut
839 3855 1098 3913 Dominus
1127 3849 1412 3908 ostendere
1437 3859 1491 3904 et
1526 3848 1767 3904 revelare
1792 3842 1980 3918 digna-

383 3963 513 4036 tur)
545 3960 741 4017 dictum
791 3968 914 4010 esse
954 3948 1006 4004 in
1035 3946 1244 4003 visione
1287 3963 1300 3997 :
1338 3942 1510 3999 Petito
1557 3951 1612 3997 et
1659 3940 1980 4011 impetratis.

385 4035 541 4115 Tune
592 4046 783 4105 deinde
842 4051 1163 4118 pra'ceplttm
1228 4039 1365 4111 plebi
1416 4035 1725 4101 assistenti,
1786 4043 1843 4088 ut
1888 4046 1986 4103 pro

390 4144 711 4221 quihusdam
753 4136 998 4211 personis
1026 4132 1320 4203 designatis
1360 4128 1459 4185 sibi
1491 4136 1755 4199 peterent.
1792 4120 1852 4179 In
1892 4139 1984 4195 pe-

393 4219 558 4301 tendo
588 4248 766 4293 autem
810 4231 974 4288 fuisse
1010 4227 1254 4284 dissonas
1296 4237 1483 4288 voces,
1524 4229 1579 4276 et
1615 4219 1857 4289 dispares
1897 4231 1989 4272 vo-

391 4338 630 4395 luntates
672 4351 686 4386 :
740 4337 796 4385 et
844 4327 947 4382 hoc
1000 4320 1346 4380 vehementer
1389 4313 1729 4388 displicuisse
1777 4312 1851 4368 illi
1902 4310 1994 4384 qui

401 4432 615 4488 dixerat
645 4444 658 4479 :
688 4424 861 4480 Petite
903 4428 957 4475 et
999 4414 1315 4488 impetratis,
1360 4408 1504 4482 quod
1548 4408 1721 4480 plebis
1760 4408 1996 4476 inmqua-

404 4522 527 4581 litas
551 4512 882 4587 discreparet
901 4554 916 4577 ,
957 4525 1060 4566 nec
1089 4514 1237 4564 esset
1276 4506 1501 4561 fratrum
1540 4499 1823 4557 consensio
1855 4513 1957 4554 una
1978 4539 1994 4565 ,
2101 4518 2356 4577 editionis
2373 4518 2579 4574 decima
2602 4521 2751 4569 “ma
2773 4551 2790 4577 ,
2822 4510 2889 4565 ad
2919 4508 3137 4565 pamem
3167 4518 3421 4562 numeros
3448 4503 3677 4560 decim,

399 4628 457 4674 et
473 4612 698 4684 simplex
729 4614 783 4662 et
807 4606 987 4676 juncta
1026 4598 1335 4656 concordia.
1376 4614 1396 4648 ι
1429 4591 1811 4651 Unanimitatis
1838 4588 1999 4662 hujus
2018 4681 2056 4685 _
2104 4615 2234 4685 quin
2258 4613 2437 4684 plures
2456 4619 2512 4664 ει
2531 4606 2728 4673 παπ,
2754 4603 3096 4674 paucioribus
3122 4611 3297 4656 tamen
3319 4597 3524 4660 vorm.
3545 4606 3679 4651 mm.

399 4711 658 4783 pacisque
686 4705 825 4758 inter
851 4700 1066 4761 fratres,
1093 4705 1146 4752 ct
1171 4690 1479 4751 concordiae
1519 4688 1759 4746 defectus
1778 4703 1993 4745 causam
2018 4681 2074 4746 D
2102 4681 2355 4780 διεριέιυι.
2387 4721 2400 4758 ε
2436 4722 2456 4756 ς
2488 4701 2759 4770 Castigare
2806 4712 2903 4752 nos
2955 4699 3137 4767 itaque
3197 4694 3379 4749 divina
3428 4701 3673 4748 censum,

402 4804 570 4860 fuisse
599 4794 878 4868 subiungit
914 4790 1210 4866 grassnntis
1237 4784 1675 4857 persecutionis,
1704 4800 1862 4857 quam
1894 4784 1996 4841 sibi

2104 4813 2208 4856 nec
2249 4795 2496 4852 noctibus
2533 4792 2760 4858 desiuit,
2793 4805 2892 4846 nec
2926 4789 3153 4845 diebus:
3185 4796 3380 4857 prater
3409 4789 3679 4839 nocturnas

397 4895 560 4964 longe
590 4866 883 4961 antequam
938 4885 1323 4940 decerneretur
1369 4878 1615 4949 sequenti
1661 4879 1867 4934 visione
1913 4892 1998 4932 os-

2108 4889 2253 4946 euim
2284 4888 2554 4955 visiones,
2608 4898 2703 4955 per
2740 4883 2858 4938 dies
2895 4894 3108 4953 quoque
3151 4878 3403 4949 impletur
3436 4873 3573 4948 apud
3598 4866 3679 4926 n'os

402 4995 615 5045 tensam
642 4984 823 5050 M580,
880 4989 1148 5035 ιθεηίιιΐε
1185 4993 1209 5027 ί
1246 4973 1357 5030 ίῐηο
1401 4986 1531 5029 *θτο
1576 4986 1677 5029 nec
1726 4971 2002 5026 νυηίεδθηι
2104 4979 2306 5053 Spiritu
2337 4974 2536 5033 Sancto
2565 4988 2847 5046 puerorum
2875 4972 3134 5047 innocens
3159 4976 3291 5024 tl:th
3315 5010 3329 5033 ,
3371 4984 3493 5039 qua:
3524 4964 3571 5021 in
3596 4972 3680 5018 exs

399 5079 657 5139 fratribus
704 5078 819 5132 btet:
848 5084 1028 5140 mata,
1072 5070 1118 5125 si
1160 5070 1215 5125 in
1264 5083 1425 5124 unum
1466 5065 1771 5125 fraternitas
1817 5062 2003 5118 fuisset
2111 5072 2243 5130 sm:
2292 5070 2440 5125 videt
2470 5066 2675 5132 oculis,
2718 5066 2945 5120 audiret
2983 5063 3214 5135 loquitur
3257 5075 3321 5116 ea
3362 5061 3554 5131 quibus
3598 5066 3680 5109 nos

404 5179 662 5236 animata.
694 5172 829 5229 Nam
850 5213 864 5237 ,
897 5177 951 5226 et
976 5165 1104 5224 illud
1133 5177 1407 5224 ostensum
1452 5172 1564 5227 est,
1593 5160 1733 5231 quod
1787 5158 2000 5213 sederet

2110 5166 2369 5223 Dominus
2408 5175 2631 5219 monere
2659 5172 2714 5216 et
2756 5161 3022 5214 instruere
3064 5156 3334 5226 dignatur.
3367 5153 3435 5209 Et
3475 5144 3680 5208 audietis

401 5267 790 5345 paterfamilias
817 5263 1039 5320 sedente
1075 5262 1177 5318 sibi
1219 5260 1287 5317 ad
1318 5259 1600 5316 dexteram
1630 5244 1876 5345 juvene,
1910 5247 2000 5317 qui
2105 5260 2322 5325 omnia,
2359 5255 2572 5328 quando
2591 5253 2657 5311 ad
2679 5265 2776 5309 vos
2802 5252 3053 5308 reducem
3083 5262 3169 5304 me
3197 5247 3453 5302 υοηιίηηε
3480 5238 3678 5301 fecerit,

400 5331 616 5438 juvenis
644 5359 871 5425 anxius,
904 5364 1104 5414 etcum
1134 5353 1360 5425 quadam
1391 5343 1757 5416 indignatione
1797 5337 1998 5394 sublri-
2106 5355 2198 5426 qui
2242 5362 2300 5409 ut
2352 5348 2660 5408 “cederem
2694 5347 2874 5419 jussu,
2921 5343 3144 5400 ιηιθιιίηι
3208 5339 3477 5397 temerarii
3520 5345 3572 5392 et
3609 5331 3678 5386 in-

403 5459 527 5528 Stis,
558 5452 830 5513 maxillam
858 5468 1016 5511 manu
1036 5449 1330 5511 sustinens,
1358 5451 1551 5498 moesto
1580 5437 1728 5492 vultu
1759 5432 1997 5491 sedebat.
2106 5447 2249 5503 eam,
2279 5454 2335 5503 ει
2360 5443 2549 5500 [umidi
2575 5439 2791 5514 quidam
2831 5439 2971 5494 inter
2999 5451 3096 5492 νοε
3117 5476 3133 5502 ,
3167 5435 3259 5505 qui
3288 5433 3561 5489 hominem
3589 5436 3678 5481 non

2107 5541 2379 5611 cogitent,
2421 5536 2505 5591 vel
2551 5512 2717 5589 Deum
2765 5531 3023 5598 timeant;
3073 5528 3306 5583 scientes
3355 5523 3599 5597 quoniam
3643 5512 3679 5570 sl

2107 5634 2245 5691 ultra
2275 5635 2328 5688 in
2356 5628 2544 5687 iisdem
2576 5624 3008 5699 perseverarint,
3070 5628 3189 5675 utar
3231 5634 3293 5674 ea
3341 5613 3679 5675 admonitione

2108 5741 2214 5801 qua
2242 5742 2330 5782 me
2357 5724 2433 5780 uti
2469 5722 2723 5779 Dominus
2745 5719 2933 5789 jubet,
2974 5723 3032 5770 ut
3074 5710 3288 5770 interim
3322 5711 3680 5782 prohibeantur

2110 5821 2324 5877 offerre.
2363 5836 2384 5873 ι
2410 5817 2544 5885 Quis
2564 5816 2682 5869 iure
2700 5813 2883 5883 legens
2903 5808 3168 5881 Cypriano
3181 5815 3364 5864 nostro
3387 5802 3679 5876 praeclarum

2110 5912 2246 5991 illud
2294 5927 2399 5972 non
2428 5906 2697 5966 adscribat
2724 5902 2991 5977 elogium,
3021 5896 3163 5975 quod
3209 5915 3238 5957 a
3275 5898 3551 5971 Polycrate
3590 5886 3681 5947 Me-

2088 3473 2159 3529 ab
2195 3471 2340 3527 omni
2370 3470 2517 3542 pacis
2561 3483 2658 3539 spe
2706 3478 2810 3521 tam
2840 3466 2997 3537 longe
3035 3464 3220 3519 aberat
3265 3458 3481 3517 afflicta:
3514 3461 3675 3531 plebis

2084 3566 2333 3632 animus,
2404 3572 2463 3620 ut
2516 3559 2716 3619 nullam
2779 3560 3020 3631 plerique
3087 3554 3390 3629 gravissimi
3453 3552 3674 3624 pastoris

2086 3659 2318 3727 litteris,
2352 3672 2415 3712 ac
2475 3654 2894 3711 revelationibns
2951 3653 3111 3708 fidem
3178 3648 3670 3705 accommodarint:

2085 3766 2247 3823 quam
2296 3765 2483 3806 eorum
2530 3746 2956 3803 incredulitatem
3006 3746 3057 3799 iu
3118 3744 3385 3816 principio
3439 3742 3559 3797 libri
3614 3738 3672 3794 de

2090 3842 2281 3911 Lapsis
2327 3838 2706 3912 reprehendit,
2750 3839 2817 3892 ab
2847 3854 2912 3894 eo
2941 3835 3229 3906 conscripti
3263 3842 3383 3905 post
3421 3832 3669 3887 redditam

2090 3935 2346 3991 Ecclesiae
2404 3936 2475 3990 ob
2520 3933 2850 4002 insperatum
2902 3946 2964 3986 ac
3015 3929 3351 3999 repentinum
3401 3925 3666 3981 Deciorum

2094 4028 2379 4084 interitum
2430 4025 2872 4096 tranquillitatem
2900 4042 2915 4079 :
2948 4043 2967 4076 ι
3000 4023 3111 4079 Pax
3155 4036 3317 4087 ecce,
3349 4008 3669 4073 dilectissimi

2093 4120 2323 4189 fratres,
2360 4122 2610 4177 Ecclesia:
2628 4120 2834 4176 reddita
2866 4127 2968 4187 est,
2999 4126 3069 4181 et,
3105 4114 3248 4186 quod
3276 4112 3496 4169 diflicile
3522 4118 3673 4176 nuper

2097 4215 2392 4274 incredulis
2459 4228 2523 4270 ac
2571 4212 2788 4285 perfidis
2848 4208 3181 4280 impossibile
3232 4204 3536 4267 videbatur,
3587 4213 3675 4268 ope

2099 4323 2258 4385 atque
2286 4312 2487 4367 ultione
2515 4304 2697 4364 divina
2728 4307 2987 4363 securitas
3016 4310 3197 4357 nostra
3238 4309 3487 4370 reparata
3525 4305 3620 4352 est.
3656 4312 3671 4346 ι

2172 4427 2293 4485 Non
2334 4426 2513 4482 minus
2536 4420 2832 4478 visionibus
2858 4414 3094 4472 abundat
3120 4412 3344 4484 epistola
3387 4410 3678 4467 novissima)

505 5654 559 5714 ll
589 5653 707 5710 Viti.
738 5653 937 5709 Euseb.
972 5644 1049 5705 lib
1070 5662 1144 5714 vi,
1175 5638 1420 5714 capnll.

500 5712 559 5783 Si
599 5727 717 5783 \‘id.
745 5725 941 5781 Euseb.
970 5712 1133 5773 ibid“,
1152 5712 1271 5782 can.
1300 5712 1394 5767 29.

505 5657 524 5712 Ι
589 5657 707 5710 Vld.
738 5657 937 5709 Euseb.
973 5657 1049 5705 lib
1070 5662 1144 5714 vi,
1175 5657 1295 5714 cap.
1332 5657 1420 5697 ιι.

500 5730 536 5783 2
599 5727 717 5783 \‘id.
745 5725 941 5781 Euseb.
970 5717 1122 5773 ibid..
1152 5729 1271 5782 cap.
1300 5712 1394 5767 29.

478 5657 559 5875 ἓόξ
572 5799 625 5875 Χ
631 5801 678 5851 id
688 5836 701 5849 .
724 5797 902 5875 ipsius
915 5787 1164 5875 episka’d
1177 5786 1437 5875 ‘Germau.
1448 5778 1858 5875 ,“ap‘udﬂEIusebi
1874 5777 2004 5875 .

408 5851 728 5993 citing-(hct
748 5851 930 5934 'epist.
955 5851 1024 5918 ad
1039 5857 1369 5925 Philemon.,
1393 5851 1755 5927 apudeumd.,
1789 5851 1881 5909 lib.
1913 5867 2005 5922 vn,

408 5958 526 5993 cal).
598 5976 611 5991 ι

402 5958 526 6013 cap.
567 5958 611 5993 ι.
