3818 6278
202 333 308 399 ll?

1072 332 1210 391 PRO
1247 333 1348 392 SS.
1390 335 1779 404 I‘ERPETUA,
1821 336 2227 397 FELICITATE
2268 340 2356 399 ET
2392 337 2658 400 SOCIIS.‘

3404 348 3511 407 “8

198 451 359 511 litoni
411 448 674 510 Sardensi
727 450 890 521 longe
939 458 1096 507 antea
1151 451 1407 507 tributum
1468 453 1635 509 fuerat
1683 452 1763 528 (Ι)
1796 471 1811 509 :
1841 455 2316 515 Asanctissimum
2358 459 2532 515 virum
2579 461 2762 517 turbas
2787 462 3124 531 concitarint,
3169 463 3368 534 sapius
3396 464 3513 535 ipse

205 554 309 604 Τὸν
332 552 384 603 ἄν
422 552 544 617 ἁγίᾳ
566 549 803 613 natm"
845 550 1009 601 σίνται
1041 551 1467 613 mitram-ipsane,
1507 564 1526 598 t
1564 547 1653 618 qui
1692 547 1815 617 Spi-

210 640 323 698 ritu
338 640 536 696 Sancto
561 637 771 694 afflatus
789 646 984 694 cuncta
1004 639 1188 709 gessit.
1219 656 1239 690 ι
1267 636 1421 695 Unde
1440 654 1465 694 ι
1491 655 1614 696 eum
1639 655 1669 695 a
1700 641 1815 711 ple-

216 737 403 808 risque
444 741 747 791 nostrorum
795 731 1115 803 prophetam
1165 731 1336 791 fuisse
1371 753 1392 786 ι
1427 733 1702 803 habitum,
1746 750 1815 792 ex

219 829 546 887 Tertulliano
576 846 597 880 ι
629 826 686 883 in
705 834 914 897 septem
950 825 1102 882 libris
1129 840 1267 897 quos
1306 827 1525 898 scripsit
1556 828 1816 888 adversus

220 923 512 985 Eeclesiam
558 936 659 993 pro
709 920 996 985 Montano,
1038 938 1058 972 ι
1093 922 1259 977 refert
1307 920 1667 993 Hieronymus
1707 924 1811 994 (2).

221 1018 295 1075 At
333 1017 445 1072 haec
469 1013 655 1070 omnia
703 1014 755 1068 in
788 1011 1119 1083 Cyprianum
1172 1023 1421 1070 nostrum
1477 1028 1583 1070 non
1635 1015 1815 1074 minus

221 1109 473 1182 quadrent
506 1124 522 1158 :
555 1105 691 1176 quid
730 1105 875 1162 enim
916 1105 1307 1175 persecutionis
1353 1115 1595 1177 tempore
1638 1107 1706 1162 ab
1748 1123 1815 1163 eo

213 1206 444 1270 gestum,
472 1193 626 1266 quod
655 1207 762 1248 non
784 1192 984 1265 Spiritu
1015 1193 1214 1250 Sancto
1244 1191 1458 1251 afﬂatus
1483 1193 1814 1266 perfecerit?

206 1294 272 1351 Ut
298 1293 517 1362 plebem
551 1308 711 1350 suam
738 1292 808 1348 ad
852 1290 1086 1349 futurum
1111 1291 1314 1348 bellum
1354 1292 1629 1363 expediret
1656 1293 1816 1364 longe

196 1395 497 1457 antequam
520 1383 927 1450 exardesceret,
957 1383 1137 1441 divina
1158 1383 1288 1441 illud
1319 1384 1651 1442 revelatione
1677 1400 1815 1456 prae-

196 1481 394 1539 sensit.
438 1479 652 1537 lndicto
674 1478 816 1535 bello
845 1520 861 1545 ,
908 1487 965 1534 ut
992 1478 1229 1534 latebras
1251 1490 1553 1552 quaereret,
1600 1491 1655 1536 et
1702 1495 1819 1550 per-

200 1576 547 1635 secutionem
600 1572 939 1640 declinaret,
1004 1571 1173 1629 Deum
1246 1583 1522 1629 auctorem
1589 1573 1812 1642 habuit;

207 1683 389 1739 neque
430 1677 491 1723 ut
535 1667 764 1742 ipsemet
795 1675 850 1723 et
880 1666 1101 1725 Pontius
1148 1666 1407 1724 diaconus
1456 1669 1511 1723 in
1556 1669 1671 1738 ejus
1694 1668 1815 1727 Vita

218 1770 515 1832 testantur,
543 1762 657 1818 sine
680 1761 859 1817 divina
887 1761 1219 1818 revelatione
1245 1764 1492 1820 secessit.
1516 1762 1647 1822 Orta
1675 1774 1814 1822 tem-

1920 548 1972 604 in
1992 552 2103 606 suis
2128 553 2368 623 epistolis
2397 563 2601 611 narrat.
2623 555 2734 612 Hac
2759 556 2829 612 de
2856 573 2916 614 re
2942 568 2997 615 et
3023 559 3093 615 de
3119 560 3511 628 persecutione,

1919 658 2040 714 quae
2088 645 2213 702 inde
2263 646 2616 717 imminebat,
2670 649 2926 707 divinitus
2966 650 3169 723 aliquid
3217 653 3514 723 accepisse,

1919 753 2021 795 nec
2058 741 2335 799 caelestum
2371 742 2609 799 defuisse
2652 744 3058 811 revelationem,
3105 761 3170 803 ex
3213 746 3298 801 bis
3342 747 3518 802 sancti

1918 836 2172 907 martyris
2202 837 2381 893 verbis
2417 837 2677 908 colligunt
2716 838 2914 895 eruditi
2958 857 2973 895 :
3021 859 3041 893 r
3091 841 3398 897 Persecutio
3434 849 3521 897 est

1919 923 2037 981 hmo
2063 926 2186 991 alia,
2230 935 2285 983 et
2312 927 2418 983 alia
2458 930 2709 998 tentatio,
2747 938 2804 987 et
2834 932 3071 1003 quinque
3101 932 3179 987 illi
3216 932 3517 1007 presbyteri

1919 1016 2054 1073 nihil
2095 1017 2242 1074 aliud
2288 1027 2434 1087 sunt,
2484 1035 2647 1092 quam
2690 1022 2929 1092 quinque
2982 1022 3246 1093 primores
3298 1024 3372 1079 illi
3425 1025 3519 1094 qui

1919 1107 2098 1166 edicto
2121 1126 2296 1182 nuper
2323 1113 2723 1184 magistratibus
2751 1113 2963 1171 fuerant
2990 1116 3244 1188 copulati,
3272 1126 3330 1172 ut
3354 1116 3514 1175 fidem

1918 1215 2158 1261 nostram
2202 1206 2599 1273 subverterent,
2643 1217 2703 1264 ut
2737 1207 2957 1280 graeilia
2986 1208 3210 1265 fratrum
3240 1211 3403 1267 corda
3444 1213 3516 1268 ad

1918 1295 2146 1351 lethales
2194 1297 2417 1367 laqueos
2444 1300 2884 1368 praevaricatione
2916 1302 3157 1357 veritatis
3185 1313 3515 1360 averterent.

1920 1387 2123 1445 Eadem
2158 1406 2315 1446 nunc
2338 1392 2496 1458 ratio,
2535 1393 2723 1449 eadem
2761 1407 2948 1450 rursus
2971 1395 3202 1460 eversio,
3234 1409 3332 1465 per
3363 1397 3522 1467 quin-

1920 1495 2024 1551 que
2051 1480 2393 1553 presbyteros
2414 1482 2747 1543 Felicissimo
2772 1485 3069 1556 eopulatos,
3095 1484 3162 1540 ad
3191 1486 3399 1542 ruinam
3428 1502 3519 1542 sa—

1921 1570 2050 1628 lutis
2092 1572 2380 1629 inducitur.
2423 1595 2443 1628 ι
2476 1574 2722 1644 Videtur,
2756 1577 2926 1649 inquit
2955 1577 3245 1646 Pamelius,
3277 1579 3517 1636 alludere

1920 1665 1987 1723 ad
2018 1667 2278 1723 visionem
2309 1669 2638 1739 quampiam,
2683 1669 2735 1724 in
2770 1685 2873 1741 qua
2913 1669 3228 1741 apparuisse
3267 1670 3517 1727 videntur

1920 1775 2043 1816 cum
2085 1760 2484 1832 magistratibus
2529 1761 2764 1833 quinque
2810 1763 3094 1833 primores.
3145 1764 3233 1833 qui
3279 1763 3515 1819 edictum

220 1864 467 1930 pestate,
508 1856 692 1924 quibus
729 1865 821 1911 aut
850 1856 1108 1911 virtutum
1138 1857 1614 1935 exercitationibus
1652 1876 1814 1932 supe-
1842 1858 1890 1919 B
1917 1862 2105 1909 contra
2145 1854 2430 1923 episcopos
2456 1869 2557 1908 una
2593 1853 2944 1922 publicarent.
2977 1853 3164 1925 Neque
3191 1853 3315 1911 huic
3344 1855 3514 1910 inter-

213 1948 384 2006 randa
427 1959 605 2015 esset,
655 1957 752 2005 aut
781 1949 997 2019 pietatis
1027 1948 1223 2005 officiis
1257 1952 1614 2023 tranquillitas
1641 1953 1812 2026 impe-

203 2041 393 2099 mods
417 2083 432 2106 ,
465 2040 652 2098 divina
697 2042 827 2099 item
876 2042 1208 2100 revelatione
1245 2046 1515 2117 cognovit.
1553 2046 1813 2105 Futurum

193 2148 391 2207 pacem
437 2150 550 2190 non
595 2135 778 2191 minus
805 2150 964 2206 quam
1010 2135 1318 2207 proximum
1348 2136 1584 2205 bellum,
1635 2138 1813 2196 divina

190 2226 403 2298 pariter
429 2225 768 2283 revelatione
799 2226 1082 2299 praenovit.
1129 2226 1244 2295 Qua
1273 2243 1398 2300 erga
1425 2229 1605 2301 lapsos
1650 2229 1816 2288 disci-

187 2320 341 2393 plina
387 2320 467 2376 uti
514 2320 787 2386 deberet,
827 2326 880 2375 et
947 2322 1226 2379 nocturnis
1252 2322 1370 2394 ipse
1408 2322 1706 2380 visionibus
1761 2334 1818 2382 et

186 2411 433 2482 diurnis,
471 2413 826 2469 innocentum
852 2427 1141 2483 puerorum
1173 2414 1416 2484 raptibus
1433 2423 1487 2470 et
1506 2416 1816 2474 excessibus

185 2502 498 2561 intellexit.
551 2501 671 2572 Qua
704 2503 831 2558 item
876 2503 930 2559 in
958 2503 1205 2561 incautos
1233 2505 1495 2578 quosdam
1543 2522 1609 2564 ac
1651 2518 1814 2565 teme-

187 2596 371 2653 rarios
408 2596 769 2669 presbyteros
794 2611 1022 2655 censura
1069 2597 1295 2654 deberet
1341 2598 1813 2669 animadvertere,

199 2676 235 2745 ἐ
262 2690 379 2746 Deo
419 2688 680 2745 similiter
726 2704 822 2760 per
845 2699 1086 2762 apertam
1119 2702 1173 2748 et
1201 2691 1542 2749 manifestam
1570 2692 1817 2750 admoni-

198 2782 409 2838 tionem
447 2783 679 2853 accepit.
715 2782 958 2839 Assiduis
992 2782 1147 2843 hisce
1184 2782 1420 2858 Spiritus
1460 2788 1629 2843 sancti
1660 2788 1817 2848 donis

209 2889 283 2931 ac
304 2874 624 2930 muneribus
651 2871 864 2944 fretus,
897 2874 964 2930 ad
1014 2874 1249 2932 reditum
1290 2892 1505 2949 quoque
1532 2894 1687 2935 suum
1719 2894 1814 2936 su-

212 2977 444 3040 pernam
485 2967 863 3027 revelationem
904 2969 1311 3041 prazstolabatur
1365 2988 1380 3025 :
1430 2990 1449 3025 ι
1485 2971 1556 3028 Et
1585 2971 1818 3030 audietis

211 3061 431 3129 omnia,
460 3061 674 3133 quando
695 3061 763 3117 ad
792 3076 887 3118 vos
912 3061 1166 3119 reducem
1195 3078 1283 3120 me
1309 3063 1562 3121 Dominus
1592 3066 1812 3133 fecerit,

206 3151 390 3222 quiut
426 3153 743 3211 secederem
789 3152 993 3227 jussit:
1034 3175 1054 3209 ι
1101 3171 1261 3229 quam
1307 3156 1382 3212 illi
1428 3171 1536 3214 non
1579 3158 1816 3217 defuisse

206 3255 399 3317 postea
422 3246 686 3304 dicemus.

282 3335 528 3407 Interim,
562 3348 851 3410 antequam
882 3354 913 3394 e
939 3353 1160 3397 secessu
1191 3339 1570 3413 Carthaginem
1610 3358 1817 3403 remea-

214 3440 321 3499 ret,
353 3432 625 3488 Aurelium
664 3440 719 3486 ct
755 3431 1057 3487 Celerinum
1097 3432 1266 3504 gloria
1296 3433 1652 3491 confessionis
1682 3436 1816 3491 insi-

223 3538 351 3595 goes
376 3524 428 3580 in
457 3525 659 3581 clerum
691 3526 981 3597 cooptavit.
1010 3524 1069 3581 ld
1099 3542 1229 3582 vero
1256 3542 1362 3584 non
1401 3527 1518 3584 sine
1547 3532 1817 3586 consuetis

226 3616 512 3673 visionibus
541 3633 604 3674 ac
637 3616 834 3673 divinis
869 3618 1288 3675 revelationibus
1317 3618 1512 3676 factum
1538 3630 1639 3676 est.
1682 3621 1817 3678 Nam

231 3722 347 3762 cum
372 3708 576 3765 illorum
609 3720 913 3780 temporum
943 3727 1071 3767 usus
1096 3710 1338 3779 haberet,
1368 3721 1424 3768 ut
1454 3713 1818 3771 ordinationes

234 3803 432 3860 clericze
458 3821 559 3861 non
585 3806 704 3862 sine
730 3806 901 3878 plebis
929 3806 1261 3874 testimonio,
1285 3815 1337 3862 et
1370 3807 1532 3864 totius
1555 3807 1685 3864 cieri
1705 3807 1815 3864 sufo

232 3893 395 3967 fragio
419 3896 858 3965 celebrarentur;
889 3913 986 3953 cur
1012 3897 1134 3953 illos
1159 3897 1356 3954 absens
1387 3898 1438 3954 in
1468 3900 1669 3956 clerum
1704 3914 1819 3970 pro-

231 3988 446 4057 vexerit,
493 3991 651 4059 hanc,
699 3990 766 4047 de
809 3993 1026 4048 Aurelio
1065 3992 1313 4066 loquens,
1348 3993 1501 4049 affert
1529 3995 1812 4062 rationem,

236 4080 369 4151 quod
404 4083 630 4140 humano
675 4085 983 4141 testimonio
1025 4101 1131 4141 non
1164 4086 1448 4156 indigeret,
1499 4087 1588 4157 qui
1636 4086 1816 4144 divino

238 4175 476 4244 probatus
513 4177 688 4233 fuerat
731 4177 985 4247 suffragio
1031 4177 1109 4250 (ὅ)
1155 4194 1170 4234 :
1218 4196 1237 4231 ‹
1290 4178 1343 4233 1η
1389 4178 1818 4236 ordinationibus

237 4265 451 4336 clericis,
469 4271 656 4326 fratres
673 4270 999 4336 charissimi,
1016 4270 1255 4326 solemus
1276 4285 1370 4325 vos
1390 4279 1515 4325 ante
1535 4272 1817 4329 consulere

252 4368 299 4412 et
325 4376 478 4419 mores
526 4380 589 4423 ac
655 4365 847 4420 merita
895 4363 1226 4434 singulorum
1271 4364 1543 4419 communi
1592 4365 1817 4420 consilio

261 4452 555 4527 pendet-are;
610 4454 708 4514 sed
762 4457 1122 4529 exspectanda
1176 4473 1283 4514 non
1341 4468 1465 4514 sunt
1513 4457 1818 4516 testimonia

258 4539 621 4613 bnmana,cum
668 4551 979 4622 prmeedunt
1024 4551 1202 4606 divina
1249 4550 1521 4623 suffragia.
1568 4551 1818 4610 Aurelius

1918 1946 2206 2017 pretationi
2267 1945 2563 2016 refragatur
2604 1946 2889 2017 Rigaltius,
2939 1946 3292 2018 eamdemque
3343 1949 3521 2009 mani-

1920 2038 2055 2094 feste
2101 2038 2444 2108 amplectitur
2486 2038 2798 2095 Dodwellus
2843 2036 2947 2110 (l).
2993 2038 3192 2095 Eadem
3240 2039 3514 2111 Epistola,

1917 2132 2081 2190 modo
2112 2149 2300 2201 mm,
2330 2133 2401 2189 al.
2424 2149 2515 2202 χι,
2555 2149 2676 2205 qua:
2719 2133 2907 2191 ultima
2943 2142 3029 2193 est
3064 2150 3250 2193 earum
3290 2151 3424 2207 quas
3462 2137 3518 2195 in

1918 2240 2135 2282 secessu
2177 2226 2531 2296 conscripsit,
2556 2243 2739 2299 quam,
2777 2237 2837 2284 ut
2871 2217 3030 2300 supra
3064 2229 3320 2298 diximus,
3354 2248 3518 2300 praes—

1917 2319 2187 2376 tolabatur
2223 2319 2294 2376 de
2333 2320 2507 2377 reditu
2548 2321 2955 2388 revelationem,
2994 2336 3055 2379 se
3080 2323 3189 2393 jam
3217 2326 3512 2394 accepisse,

1919 2413 2226 2481 perspicue,
2260 2419 2322 2467 ut
2359 2411 2489 2472 mihi
2524 2411 2754 2481 videtur,
2793 2413 3197 2487 luculenterque
3229 2415 3515 2488 significat.

1918 2501 2102 2559 Primo
2134 2504 2280 2559 enim
2309 2503 2551 2574 queritur
2588 2522 2602 2559 :
2641 2523 2660 2558 ι
2694 2505 2837 2576 quod
2861 2507 3216 2577 quorumdam
3236 2511 3517 2582 presbytee

1917 2609 2104 2651 rerum
2150 2596 2455 2666 malignitas
2496 2605 2549 2652 et
2581 2596 2802 2667 perfidia
2847 2599 3156 2669 perfecisset
3200 2616 3269 2657 ne
3309 2602 3411 2658 sibi
3447 2602 3517 2659 ad

1918 2700 2047 2744 suos
2071 2696 2198 2745 ante
2226 2688 2369 2745 diem
2399 2688 2619 2746 Pascha:
2639 2691 2829 2747 venire
2852 2691 3112 2753 licuisset.
3140 2694 3380 2753 Cavebat
3405 2697 3515 2751 sci-

1918 2781 2050 2838 licet
2084 2797 2153 2839 ne
2189 2796 2285 2853 per
2322 2783 2495 2837 minas
2524 2791 2579 2849 et
2607 2798 2702 2855 per
2732 2782 2953 2839 insidias
2980 2784 3305 2855 perfidorum
3342 2788 3518 2857 major

1919 2890 1984 2932 ex
2009 2889 2108 2931 suo
2133 2876 2364 2931 adventu
2388 2874 2711 2947 Carthagine
2734 2875 2996 2932 tumultus
3017 2877 3270 2945 oriretur,
3293 2886 3369 2945 et,
3392 2893 3517 2934 cum

1917 2969 2039 3040 paci
2076 2978 2131 3025 et
2158 2968 2527 3039 tranquillitati
2553 2968 2841 3040 episcopus
2877 2969 3158 3040 providere
3189 2972 3241 3027 in
3267 2972 3520 3029 omnibus

1918 3060 2132 3130 debeat,
2168 3062 2282 3133 ipse
2310 3061 2587 3119 materiam
2619 3061 2871 3133 seditioni
2906 3061 3143 3131 dedisse,
3177 3073 3232 3119 et
3269 3079 3519 3136 persecu-

1919 3155 2119 3211 tionem
2142 3153 2317 3210 denuo
2333 3152 2688 3210 exacerbasse
2705 3152 2999 3225 videretur.
3028 3173 3047 3206 ι
3081 3154 3272 3212 Postea
3289 3156 3515 3228 subjun-

1841 3255 1888 3319 α
1918 3249 2016 3320 git,
2058 3247 2200 3303 hanc
2240 3262 2361 3304 esse
2402 3247 2829 3318 persecutionem
2859 3248 3205 3305 novissimam
3237 3259 3292 3306 et
3333 3258 3515 3306 extre-

1921 3356 2063 3397 mam
2092 3341 2463 3409 tentationem,
2494 3356 2613 3412 quae
2640 3350 2693 3397 et
2718 3340 2855 3411 ipsa,
2887 3340 3080 3413 inquit,
3114 3359 3134 3393 ι
3159 3341 3267 3398 cito
3297 3342 3521 3398 Domino

1920 3442 2237 3508 protegente
2265 3432 2533 3500 transibit,
2563 3443 2618 3488 ut
2653 3443 3010 3504 repraesentet
3041 3433 3193 3491 vobis
3233 3443 3356 3507 post
3388 3435 3521 3491 Pas-

1920 3528 2037 3586 ch33
2054 3528 2194 3584 diem
2213 3542 2333 3584 cum
2351 3527 2571 3599 collegis
2595 3528 2749 3584 meis.
2782 3532 2805 3582 ι
2829 3531 3024 3585 Annon
3043 3528 3330 3586 manifesta
3358 3531 3517 3588 habe-

1920 3636 2040 3678 mus
2077 3628 2131 3676 et
2159 3619 2305 3677 clara
2346 3620 2673 3691 prepheticze
2717 3619 3063 3677 revelationis
3101 3620 3336 3678 indicia?
3380 3623 3520 3680 Antc

1918 3713 2124 3773 Pascha
2146 3728 2244 3769 suo
2270 3728 2330 3770 se
2354 3727 2569 3770 secessu
2594 3714 2877 3783 continuit,
2906 3724 3152 3774 metuens
3184 3732 3253 3775 ne
3287 3716 3519 3775 adventu

1918 3821 2018 3864 suo
2058 3806 2340 3863 materiam
2377 3806 2627 3863 seditioni
2668 3806 2844 3875 daret,
2888 3816 2943 3864 et
2985 3824 3056 3865 ne
3091 3810 3520 3878 persecutionem

1919 3900 2098 3957 denuo
2144 3900 2501 3957 exacerbasse
2544 3899 2815 3975 videretur
2855 3917 2869 3953 :
2914 3911 3036 3971 post
3081 3900 3287 3958 Pascha
3340 3909 3518 3960 tamen

1920 4002 2069 4051 certo
2097 4008 2156 4049 se
2182 3994 2480 4050 rediturum
2510 3994 2793 4065 promittit.
2824 3993 2932 4051 Sed
2961 4010 3138 4051 annon
3166 4005 3375 4068 poterat
3401 4009 3523 4069 post

1919 4085 2128 4142 Pascha
2163 4086 2301 4142 idem
2334 4086 2628 4156 periculum
2656 4085 2972 4143 imminere?
3000 4086 3349 4159 Nequaquam
3378 4107 3392 4145 :
3425 4105 3524 4145 nov

1918 4186 2071 4234 verat
2108 4178 2249 4233 enim
2289 4176 2398 4232 cito
2429 4177 2775 4233 transituram
2805 4179 3195 4247 persecutionis
3225 4179 3385 4251 hujus
3424 4195 3522 4234 no-

1918 4269 2194 4326 vissimam
2229 4269 2600 4324 tentationem.
2635 4267 2742 4322 Sed
2771 4267 2910 4323 unde
2936 4267 2990 4324 id
3028 4280 3273 4339 noverat,
3304 4280 3364 4327 ut
3386 4271 3524 4328 adeo

1920 4369 2127 4417 certum
2180 4358 2550 4429 promitteret?
2578 4356 2698 4414 Non
2739 4355 2958 4416 aliunde
3001 4358 3266 4432 profecto,
3307 4363 3412 4421 nisi
3455 4381 3522 4421 ex

1921 4453 2101 4510 divina
2131 4447 2483 4509 revelatione.

1995 4546 2233 4605 Sublatis
2258 4546 2452 4614 Deciis,
2475 4544 2766 4603 secundam
2791 4544 3046 4616 Cypriani
3074 4549 3402 4619 temporibus
3423 4550 3525 4608 Ec-

245 4634 403 4696 frater
422 4654 603 4714 noster,
629 4645 857 4701 illustris
878 4644 1219 4711 adolescens,
1243 4659 1272 4699 a
1299 4644 1523 4701 Domino
1547 4644 1658 4716 jam
1690 4660 1814 4717 pro-
1841 4657 1895 4719 ι)
1922 4640 2101 4698 εἰρεὶω
2124 4639 2550 4710 persecutionem
2573 4637 2760 4695 Callus
2780 4647 2833 4695 et
2858 4638 3188 4698 Volusianus
3208 4642 3525 4700 intulerunt.

241 4726 405 4797 batus,
432 4746 531 4793 etc.
571 4757 591 4792 ι
628 4736 697 4794 Et
735 4735 966 4807 epistola
1012 4736 1256 4807 sequenti
1285 4735 1353 4790 de
1392 4735 1625 4795 Celerini
1665 4736 1813 4793 ordi-

238 4827 441 4884 natione
463 4830 706 4901 laqueus,
730 4845 851 4886 eam
875 4843 1087 4901 quoque
1111 4844 1207 4899 per
1229 4829 1473 4899 Spiritum
1498 4830 1816 4901 prophetim,

237 4930 335 4974 nec
361 4921 471 4977 sine
490 4922 786 4978 visionibus
819 4937 881 4977 ac
910 4920 1332 4979 revelationibus
1356 4932 1625 4992 peractam
1655 4921 1819 4979 fuisse

239 5018 464 5072 testatur.
501 5037 520 5070 ι
565 5018 700 5073 Cum
731 5017 900 5082 enim,
949 5016 1142 5089 inquit,
1182 5018 1491 5072 consentire
1530 5016 1818 5084 dubitaret,

241 5104 477 5165 Ecclesiae
526 5111 694 5181 ipsius
734 5110 1009 5166 admonitu
1057 5117 1111 5165 et
1152 5109 1368 5165 hortatu
1409 5109 1458 5164 in
1493 5108 1698 5164 visione
1729 5123 1823 5178 per

243 5211 437 5259 noctem
460 5206 768 5275 compulsus
795 5214 900 5272 est,
927 5221 992 5260 nc
1017 5212 1239 5277 negaret
1271 5202 1426 5260 nobis
1451 5203 1822 5272 suadentibus,

248 5294 322 5348 cui
353 5295 461 5367 plus
488 5297 661 5366 licuit,
691 5314 816 5369 qum
846 5307 901 5355 et
924 5300 1121 5369 coegit.
1158 5316 1177 5350 ›

312 5385 659 5447 Felicissimus
685 5391 989 5447 schismatis
1015 5389 1338 5461 Carthagine
1357 5402 1567 5461 auctor,
1597 5400 1652 5449 et
1670 5394 1824 5464 quin-

248 5495 342 5555 que
401 5486 693 5560 presbyteri
742 5484 971 5558 perditae
1015 5485 1262 5543 factionis
1314 5485 1552 5556 fomites,
1597 5502 1728 5559 quas
1768 5487 1822 5544 in

316 5637 389 5712 (l)
432 5639 603 5711 Epist.
644 5639 713 5695 ad
759 5634 1032 5697 Victorem
1058 5637 1140 5708 P.,
1179 5639 1321 5712 apud
1351 5638 1576 5710 Euseb.,
1623 5639 1715 5699 lib.
1763 5656 1818 5707 v,

248 5712 658 5865 ωιξέῗέξμιοε.
686 5784 740 5838 in
771 5782 1041 5865 Helitolie.
1074 5766 1077 5769 λ

315 5784 369 5857 (ε
419 5784 658 5855 Catalog.
686 5784 740 5838 in
771 5784 1041 5840 Melitene.

249 5882 256 5929 ι
315 5784 396 5928 (3;
423 5854 590 5927 Epist.
622 5869 822 5912 xxxvnt
845 5853 910 5911 ad
937 5852 1113 5926 Pam.,
1138 5869 1288 5919 num.
1313 5855 1404 5916 35.

1921 4734 2072 4790 Hanc
2111 4747 2325 4804 quoque
2363 4741 2579 4787 sanctus
2608 4730 2932 4805 Cyprianus,
2965 4742 3252 4805 antequam
3287 4738 3525 4813 stpviret,

1923 4826 2035 4882 imo
2078 4835 2134 4884 et
2167 4835 2453 4897 antequam
2485 4824 2888 4893 decerneretur,
2922 4841 3027 4882 ttOn
3062 4842 3165 4881 una
3198 4837 3290 4883 aut
3320 4829 3522 4891 altera.

1924 4919 2020 4976 sed
2061 4918 2243 4975 multis
2287 4927 2340 4975 et
2384 4918 2589 4975 crebris
2616 4926 2671 4974 et
2706 4917 2999 4973 manifestis
3033 4920 3434 4978 ostensionibus
3460 4937 3526 4978 ac

1928 5013 2230 5070 visionibus
2246 5011 2477 5068 futuram
2499 5012 2785 5078 intellexit,
2801 5021 2855 5067 et
2876 5027 2970 5082 per
2989 5012 3276 5085 synodicas
3299 5013 3521 5071 secundi

1930 5106 2149 5163 concilii
2184 5105 2622 5178 Carthaginensis
2675 5105 2742 5161 ad
2782 5103 3088 5165 Cornelium
3120 5106 3358 5179 ,liueras,
3415 5124 3527 5166 non

1929 5216 2041 5258 suae
2085 5211 2309 5269 tantum,
2352 5200 2448 5257 sed
2491 5202 2651 5256 etiam
2694 5199 2950 5256 Romana:
2977 5200 3232 5271 Ecclesiae
3256 5202 3527 5273 significa-

1928 5298 1998 5353 vit
2030 5296 2110 5369 (Ξ)
2146 5315 2160 5354 :
2193 5315 2212 5350 ι
2247 5296 2352 5354 Sed
2375 5298 2517 5353 enim
2542 5312 2663 5353 cum
2692 5296 2970 5353 videamus
3004 5296 3149 5354 diem
3173 5311 3357 5355 rursus
3384 5297 3521 5355 alte-

1927 5393 2040 5449 rius
2070 5391 2426 5448 infestationis
2464 5388 2897 5460 appropinquare
2938 5391 3191 5460 cwpisse,
3231 5400 3285 5446 et
3319 5389 3527 5447 crebris

1929 5495 2090 5558 atque
2114 5484 2345 5541 assiduis
2371 5480 2770 5538 ostensionibus
2797 5481 3203 5548 admoneamur,
3234 5490 3292 5536 ut
3319 5481 3387 5539 ad
3410 5496 3528 5539 cer-

1927 5587 2106 5637 tamen
2149 5576 2293 5649 quod
2348 5575 2503 5633 nobis
2548 5573 2721 5630 hostis
2763 5573 2969 5645 indicit,
3016 5574 3211 5630 armati
3252 5584 3309 5633 et
3352 5575 3526 5646 parati

1999 5780 2078 5851 (l)
2109 5779 2332 5835 Dissert.
2370 5793 2423 5832 ιν
2464 5776 2785 5851 Cyprianiea
2810 5776 2876 5836 de
2910 5774 3227 5846 Vitiorum,
3253 5783 3359 5835 etc.
3386 5775 3535 5849 §18.

1928 5915 1949 5929 ν
2008 5853 2088 5931 (2)
2118 5851 2293 5926 Epist.
2324 5865 2452 5924 Lvu,
2480 5851 2553 5908 al.
2577 5864 2683 5909 Liv.
