3816 6276
350 367 456 425 119

1468 349 1911 411 lllSSERTATIO
1949 347 2429 406 APOLOGETICA

3542 343 3632 403 120

348 483 554 549 simus,
581 478 793 550 plebem
819 477 978 532 etiam
1003 474 1156 528 nobis
1177 473 1248 529 de
1270 472 1446 529 divina
1470 471 1778 543 dignatione
1802 481 1950 524 com-
1975 467 2026 528 A
2054 481 2216 538 gnum
2258 476 2340 524 est
2381 467 2644 522 securitas
2672 465 2784 530 illa,
2812 477 2972 536 quam
3000 460 3340 534 praeferebat,
3370 475 3474 516 non
3497 460 3632 518 defu-

348 576 570 631 xnissam
588 568 1047 628 exhortationibus
1070 567 1266 622 n0stris
1289 581 1560 637 paremus,
1583 574 1686 620 etc.
1710 563 1900 618 Postea
1923 579 1936 616 :

355 685 376 719 ε
400 662 885 735 Obtemperandum
909 667 993 716 est
1015 674 1242 730 namque
1257 659 1653 714 ostensionibus
1670 663 1829 725 atque
1843 651 1940 708 ad-

351 753 989 823 monitionibusjustis,ut
1003 768 1032 806 a
1053 752 1358 823 pastoribus
1370 765 1498 805 oves
1513 750 1563 803 in
1582 746 1818 818 periculo
1835 759 1943 800 non

348 852 686 910 deserantur,
729 854 832 900 etc.
871 862 889 895 ι
931 845 1174 898 ltursus:
1215 861 1233 894 ι
1269 841 1474 896 Placuit
1514 837 1670 894 nobis
1697 879 1712 903 ,
1741 835 1944 907 Spiritu

343 942 545 999 Sancto
591 945 934 1010 suggerente,
983 943 1040 989 et
1085 933 1311 989 Domino
1339 947 1434 1002 per
1473 931 1708 986 visiones
1748 927 1945 984 multas

344 1045 402 1090 et
429 1030 745 1089 manifestas
781 1027 1124 1092 admonente,
1173 1025 1297 1096 quia
1343 1022 1514 1078 hostis
1559 1022 1714 1076 nobis
1768 1019 1939 1075 immi-

341 1141 477 1182 nere
496 1122 884 1196 praenuntiatur
916 1129 971 1175 et
995 1118 1316 1181 ostenditur,
1341 1117 1593 1188 colligere
1615 1117 1750 1169 intra
1771 1121 1947 1168 castra

344 1220 551 1276 milites
587 1216 807 1280 Christi,
850 1226 957 1268 etc.
1008 1232 1027 1265 ι
1064 1212 1158 1266 llis
1187 1209 1437 1281 Cypriani
1467 1209 1642 1264 verbis
1674 1207 1790 1262 haec
1819 1207 1946 1261 sub-

351 1314 528 1385 jungit
563 1311 642 1365 Cl.
688 1306 996 1363 Dodwellus
1033 1305 1112 1377 (1)
1141 1325 1152 1358 :
1181 1304 1297 1360 Non
1329 1303 1550 1359 credent
1582 1302 1695 1356 haec
1723 1300 1948 1355 fortasse

346 1406 515 1461 athei.
543 1403 651 1460 Sed
686 1401 811 1472 quid
837 1399 1036 1455 habent
1069 1397 1354 1470 quominus
1380 1397 1484 1452 ﬁde
1505 1397 1662 1466 digna
1684 1409 1803 1450 esse
1825 1409 1949 1449 cen-

345 1498 529 1556 seant?
544 1496 792 1552 Visiones
814 1493 900 1547 hic
929 1493 1187 1548 habemus
1212 1507 1317 1546 non
1349 1491 1543 1544 multas
1569 1487 1749 1552 modo,
1773 1485 1870 1542 sed
1895 1494 1950 1540 et

345 1589 681 1653 manifestas,
725 1597 1028 1656 eventuque
1059 1585 1467 1654 eomprobatas;
1512 1596 1610 1636 nec
1645 1579 1696 1634 id
1724 1579 1950 1634 obscura

347 1683 545 1756 privati
573 1681 872 1751 cujuspiam
900 1677 1027 1743 ﬁde,
1052 1677 1145 1734 sed
1174 1675 1363 1748 synodi
1391 1675 1554 1730 totius
1582 1671 1952 1730 consentiente

351 1776 632 1846 suﬁ‘ragio,
657 1771 1053 1842 mansurisque,
1082 1772 1126 1825 si
1149 1768 1297 1824 falsa:
1325 1768 1573 1834 fuissent,
1599 1767 1651 1821 in
1668 1767 1742 1821 rei
1759 1779 1953 1820 memo-

2043 567 2220 614 turam
2269 558 2368 614 sibi
2415 560 2690 614 etrlcstem
2738 557 3145 626 revelationem,
3186 571 3305 627 quae
3350 564 3552 624 tempus
3576 555 3630 612 ad

2044 652 2278 707 reditum
2323 661 2682 721 opportunum
2723 651 3143 716 demonstraret,
3187 649 3331 720 quod
3354 649 3466 720 jam
3499 658 3630 705 antea

2043 755 2128 801 est
2144 745 2298 801 nobis
2313 746 2525 800 animad
2537 761 2770 801 versum.
2791 744 2945 802 Nunc
2961 746 3104 801 aliud
3126 759 3233 800 non
3258 745 3440 799 minus
3456 746 3634 815 perspi-

2045 853 2206 893 cuum
2250 837 2518 906 proferam
2549 839 2600 892 in
2632 838 2878 894 eamdem
2921 853 3033 893 rem
3084 846 3485 908 argumentum.
3522 835 3635 892 Gra-

2047 930 2264 985 vissima
2305 928 2394 984 illa
2419 930 2649 1000 epistola
2675 946 2776 1001 qua
2797 930 3124 986 Florentium
3140 930 3461 1000 Pupianum,
3487 929 3636 985 virutn

2048 1023 2364 1080 seditiosum
2398 1039 2461 1079 ac
2487 1023 2877 1090 turbulentum,
2901 1022 3371 1080 vehementissime
3393 1021 3637 1091 objurgat,

2051 1118 2100 1172 ei
2129 1117 2344 1172 tandem
2377 1118 2610 1183 veniam,
2642 1122 2685 1172 si
2718 1115 3015 1188 resipiscat,
3051 1115 3152 1171 hac
3188 1115 3502 1169 conditione
3533 1128 3639 1183 pro-

2051 1212 2214 1266 mittit
2247 1231 2258 1266 :
2287 1215 2330 1268 si
2361 1213 2501 1268 Deus
2530 1213 2581 1268 id
2620 1213 2911 1284 permittat,
2942 1221 2996 1267 et
3033 1211 3215 1280 aliquo
3241 1207 3486 1264 sensibili
3506 1207 3641 1277 signo

2050 1326 2199 1366 suam
2220 1311 2318 1367 hac
2330 1313 2399 1368 de
2415 1328 2474 1368 re
2485 1312 2804 1368 sententiam
2819 1311 3260 1380 voluntatemque
3274 1306 3536 1380 signiﬁcet
3547 1307 3589 1379 (l
3601 1308 3638 1378 ):

2057 1420 2075 1454 ι
2125 1403 2182 1458 Si
2233 1393 2552 1460 temeritatis
2577 1414 2629 1458 et
2667 1403 2933 1473 superbire
2980 1413 3138 1472 atque
3188 1401 3498 1457 insolentiae
3549 1409 3643 1454 ture

2052 1515 2214 1571 agere
2235 1502 2319 1557 vel
2348 1518 2470 1558 sero
2492 1503 2861 1573 paenitentiam
2892 1503 3246 1571 cceperis.....
3285 1499 3643 1556 communica-

2054 1592 2213 1648 tionis
2240 1605 2344 1649 tuac
2368 1596 2660 1664 poterimus
2685 1593 2887 1651 habere
2920 1596 3182 1651 rationem
3212 1611 3228 1660 ;
3281 1603 3539 1649 manente
3580 1603 3646 1648 ta-

2053 1701 2175 1742 men
2201 1688 2340 1757 apud
2364 1703 2462 1744 nos
2491 1689 2684 1745 divinae
2705 1704 2948 1745 censura:
2980 1698 3229 1760 respectu
3271 1697 3324 1744 et
3363 1698 3553 1753 metu;
3596 1695 3647 1742 ut

2056 1780 2203 1850 prius
2235 1779 2519 1836 Dominum
2550 1798 2727 1837 meum
2765 1781 3063 1846 consulam,
3091 1796 3158 1836 an
3190 1781 3284 1836 tibi
3335 1795 3526 1850 pacem
3557 1779 3638 1834 da-

345 1873 484 1926 riam
535 1867 752 1923 aeternis
802 1870 1185 1926 monumentis,
1231 1862 1550 1931 scriptisque
1584 1859 1910 1926 consignatas

2106 1913 2120 1935 ,
2150 1883 2203 1928 et
2222 1882 2271 1928 te
2297 1873 2360 1928 ad
2387 1876 2928 1931 communicationem
2961 1875 3216 1931 Ecclesiae
3245 1889 3356 1930 sua:
3384 1873 3594 1928 admitti
3626 1914 3638 1938 ,

351 1979 376 2016 ι
394 1961 529 2026 sole,
558 1958 1092 2029 utllieronymusait,
1121 1954 1489 2019 clarioribusp
1509 1968 1614 2008 non
1643 1953 1799 2007 video
1823 1951 1949 2022 quid

347 2062 614 2125 praeterea
639 2051 774 2106 velle
803 2058 1026 2121 possent
1063 2047 1130 2103 ad
1170 2062 1283 2102 rem
1315 2047 1436 2102 facti
1472 2045 1948 2117 eomprobandam,

349 2145 399 2200 si
427 2142 588 2198 modo
615 2158 682 2198 ex
710 2157 864 2214 aequo
884 2141 1126 2212 judicare
1159 2140 1372 2204 vellent,
1406 2153 1508 2194 nec
1537 2139 1696 2194 ﬁdem
1731 2151 1950 2208 prorsus

351 2255 568 2297 omnem
603 2237 909 2293 hominibus
938 2237 1218 2307 derogare.
1259 2235 1463 2290 Rursus
1498 2233 1567 2290 de
1604 2232 1793 2288 eadem
1822 2246 1949 2301 per-

349 2333 632 2389 secutione
675 2332 744 2386 ita
786 2330 970 2385 scribit
1011 2329 1075 2384 ad
1127 2329 1334 2400 plebem
1376 2327 1775 2382 Thibaritanam
1820 2322 1946 2395 (2):

360 2447 380 2481 ι
417 2428 552 2484 Nam
573 2441 693 2483 eum
724 2425 931 2481 Domini
957 2424 1267 2480 instruentis
1298 2421 1605 2492 dignatione
1636 2418 1951 2487 instigemur

351 2525 572 2595 saepius,
599 2523 831 2592 amplius
859 2530 915 2576 et
941 2520 1352 2583 admoneamur;
1384 2516 1447 2570 ad
1482 2524 1712 2569 veStram
1736 2527 1951 2582 quoque

355 2615 742 2674 conscientiam
767 2613 1146 2669 admonitionis
1168 2622 1368 2667 nostrm
1394 2607 1806 2665 sollicitudinem
1832 2620 1952 2676 per-

352 2713 498 2770 ferre
519 2712 798 2766 debemus.
833 2709 981 2764 Scire
1017 2706 1160 2763 enim
1192 2705 1419 2769 debetis,
1458 2713 1510 2758 et
1541 2719 1636 2772 pro
1663 2708 1812 2757 certo
1835 2715 1954 2756 cre-

354 2807 485 2864 dere
513 2821 578 2861 ac
604 2814 810 2871 tenere,
837 2817 1104 2874 pressurae
1134 2801 1276 2857 diem
1314 2814 1476 2869 super
1501 2807 1662 2869 caput
1691 2811 1812 2853 esse
1837 2810 1950 2850 coeo

352 2902 620 2974 pisse.....
648 2899 758 2954 Nec
786 2907 1036 2968 putamus
1058 2896 1182 2950 talia
1205 2910 1326 2950 esse
1350 2909 1467 2964 quae
1498 2892 1738 2956 veniunt,
1775 2889 1952 2958 qualia

354 2996 572 3052 fuerunt
597 2994 683 3048 illa
706 3007 826 3064 qute
851 2990 1179 3047 transierunt
1207 3005 1220 3041 :
1248 2988 1461 3057 gravior
1483 3000 1621 3039 nunc
1647 2992 1701 3038 et
1721 2982 1953 3038 ferocior

355 3104 532 3162 pugna
560 3087 822 3143 imminet.
860 3106 879 3139 ι
911 3085 1028 3141 Non
1055 3081 1324 3138 immerito
1361 3077 1651 3139 dubitatur,
1680 3073 1951 3145 quomodo

359 3183 593 3238 Deciana
621 3180 834 3252 gravior
862 3190 917 3234 et
948 3177 1179 3232 ferocior
1209 3173 1381 3226 futura
1411 3177 1554 3226 esset
1591 3167 1729 3225 Galli
1767 3184 1952 3238 perse-

2054 1980 2151 2019 sua
2204 1967 2517 2022 ostensione
2565 1977 2621 2022 et
2671 1967 3040 2022 admonitione
3095 1966 3392 2037 permittat.
3433 1965 3646 2021 Memini

2055 2058 2223 2124 enim,
2253 2057 2379 2128 quid
2399 2058 2508 2129 jam
2535 2060 2662 2113 mihi
2686 2059 2755 2114 sit
2779 2070 3080 2126 ostensum,
3110 2058 3218 2112 imo
3245 2057 3372 2126 quid
3391 2072 3551 2112 servo
3565 2055 3650 2111 ob—

2053 2157 2298 2226 sequenti
2333 2166 2387 2212 et
2417 2157 2650 2222 tintenti,
2678 2156 2747 2213 de
2796 2155 3064 2211 dominica
3090 2164 3145 2210 et
3177 2153 3354 2209 divina
3413 2151 3645 2209 auctori-

2053 2259 2162 2307 tate
2195 2258 2536 2322 p'rzeceptum,
2569 2251 2658 2323 qui
2697 2252 2837 2306 inter
2881 2259 3075 2306 caetera
3114 2265 3233 2320 quae
3273 2247 3567 2305 ostendere
3611 2250 3658 2299 et

2053 2345 2290 2400 revelare
2333 2343 2584 2416 dignatus
2638 2353 2741 2408 est,
2795 2353 2850 2400 et
2887 2342 2992 2398 hoc
3037 2340 3280 2396 addidit:
3317 2357 3337 2392 ι
3368 2339 3554 2410 itaque
3583 2338 3662 2406 qui

2051 2435 2269 2493 Christo
2299 2452 2405 2492 non
2443 2436 2612 2493 credit
2643 2436 2978 2493 sacerdotem
3010 2435 3243 2502 facienti,
3299 2443 3488 2504 postea
3554 2445 3662 2486 cre-

2053 2528 2186 2586 dere
2215 2529 2434 2603 incipiet
2489 2530 2823 2586 sacerdmem
2850 2528 3160 2583 vindicanti.
3201 2545 3219 2577 ι
3263 2525 3470 2594 Quibus
3493 2521 3660 2579 sancti

2055 2622 2307 2695 Martyris
2335 2624 2518 2680 verbis
2541 2623 2656 2679 haec
2685 2623 2900 2692 subjicit
2931 2620 3341 2691 Dodwellusﬁ)
3380 2641 3386 2670 :

2133 2735 2153 2768 ί
2177 2715 2251 2771 Ita
2278 2725 2433 2771 erant
2459 2715 2765 2785 frequentes
2791 2729 2854 2770 ea
2875 2723 3035 2769 aetate
3055 2712 3251 2769 divinae
3284 2711 3665 2775 revelationes,

2055 2816 2113 2862 ιιι
2131 2822 2200 2861 ne
2223 2809 2289 2861 de
2317 2809 2666 2877 resipiscente
2691 2807 2903 2877 quidem
2938 2807 3177 2876 Pupiano
3203 2804 3438 2876 polliceri
3455 2805 3676 2859 auderet

2054 2897 2179 2966 quid
2205 2907 2350 2952 esset
2377 2907 2694 2964 statuturos,
2730 2915 2797 2954 ne
2822 2898 2968 2953 aliud
2998 2899 3228 2954 fortasse
3248 2914 3279 2953 a
3309 2899 3420 2953 Deo
3441 2899 3675 2969 jubere-

2054 2997 2160 3053 tttr;
2183 2997 2241 3042 ut
2271 2990 2412 3044 Deus
2438 2990 2665 3058 proinde
2689 2991 2916 3059 primum
2938 2989 3187 3045 innueret
3215 3007 3338 3046 esse
3371 2994 3673 3048 consulen—

2053 3079 2178 3134 dum
2214 3096 2228 3144 ;
2256 3089 2312 3132 ut
2338 3079 2549 3134 tandem
2568 3080 2657 3134 Dei
2687 3081 2739 3134 in
2781 3080 3037 3135 rebellem
3064 3095 3277 3151 pinnam
3312 3090 3688 3148 ex5pectarct,

2057 3173 2214 3228 talem
2237 3172 2396 3242 plane
2425 3171 2636 3241 qualem
2680 3171 3092 3241 apostolicarum
3120 3187 3468 3227 censurarum
3497 3175 3684 3228 comi-

357 3279 537 3341 cutio,
569 3293 692 3332 cum
722 3289 912 3344 reapse
952 3269 1168 3326 brevior
1207 3265 1383 3330 fuerit,
1437 3275 1490 3320 ct
1533 3263 1690 3334 longe
1737 3264 1955 3320 mitior?
1981 3257 2024 3320 C
2060 3275 2167 3324 lem
2193 3267 2376 3334 fuisse,
2407 3269 2545 3338 apud
2586 3268 2773 3324 doctos
2806 3269 2859 3323 in
2899 3268 3151 3324 confesso
3200 3277 3301 3324 est.
3353 3268 3558 3324 Iterum
3620 3273 3684 3328 de

359 3371 516 3426 Hune
555 3369 753 3424 nodum
797 3369 863 3421 ita
897 3363 1030 3419 solvi
1075 3362 1126 3415 in
1171 3359 1390 3413 Dissert.
1448 3357 1516 3413 de
1548 3358 1744 3415 Pmnit.
1774 3374 1867 3415 seu
1895 3359 1964 3416 de

357 3459 532 3533 Capit.
555 3461 782 3518 absolut.
799 3457 900 3527 ('5).
930 3453 1043 3509 Non
1067 3451 1295 3505 futuram
1317 3450 1479 3505 modo
1511 3451 1957 3521 persecutionem,

356 3556 454 3611 sed
481 3564 535 3611 et
559 3554 736 3609 omnia
762 3549 964 3622 pariter
993 3545 1128 3600 mala
1167 3559 1285 3613 quae
1320 3559 1426 3598 non
1464 3544 1643 3599 minus
1681 3544 1959 3612 Ecclesiae,

359 3663 521 3721 quam
569 3643 879 3716 reipublicaa
921 3637 1322 3710 impendebant,
1367 3638 1529 3693 fuisse
1570 3637 1839 3710 Cypriano
1881 3639 1962 3694 his

360 3741 661 3798 visionibus
688 3738 1076 3800 demonstrata,
1109 3732 1434 3801 irruptiones
1470 3731 1674 3788 scilicet
1708 3731 1962 3786 barbaro-

356 3851 502 3900 rum,
532 3830 761 3898 indeque
791 3833 1005 3882 secutas
1033 3824 1457 3880 Christianorum
1487 3839 1638 3894 aeque
1675 3839 1739 3880 ac
1778 3822 1964 3880 Genti-

361 3929 493 3983 lium
538 3921 872 3991 captivitates
909 3941 922 3974 :
961 3928 1015 3974 et
1043 3918 1464 3975 funestissimam
1506 3918 1648 3973 luem
1689 3934 1809 3988 qua}
1853 3919 1960 3975 late

361 4035 459 4091 per
507 4014 788 4086 imperium
832 4014 1131 4068 Romanum
1176 4021 1414 4083 grassata
1466 4019 1579 4078 est;
1632 4011 1784 4082 cujus
1834 4013 1959 4068 mali

359 4109 708 4167 acerbitatem
748 4114 803 4164 et
839 4104 1259 4162 innumerabiles
1305 4115 1531 4174 strages,
1580 4119 1700 4158 cum
1743 4114 1958 4159 sanctus

358 4204 477 4274 ipse
501 4201 836 4275 Cyprianus,
878 4209 989 4254 tum
1030 4197 1253 4254 Pontius
1293 4195 1552 4252 diaconus
1579 4197 1630 4251 in
1673 4196 1789 4266 ejus
1829 4197 1956 4266 vita,

357 4304 475 4353 tum
498 4297 587 4352 alii
615 4304 864 4350 auctores
893 4292 1195 4364 deplorant.
1224 4289 1350 4345 Haec
1377 4290 1536 4361 igitur
1561 4290 1785 4362 aliaeque
1813 4292 1957 4345 cala-

357 4390 570 4444 mitates
613 4403 734 4441 cum
781 4386 1158 4456 persecutione
1200 4383 1501 4453 conjunctae
1541 4382 1678 4438 Galli
1707 4394 1759 4438 et
1790 4382 1956 4439 Volu-

358 4484 493 4540 siani
520 4483 802 4552 imperium
829 4479 1062 4534 Deciano
1082 4479 1240 4548 longe
1259 4479 1473 4547 gravius
1495 4476 1813 4532 Christianis
1837 4478 1959 4533 effe-

354 4585 566 4632 cerunt.
590 4575 835 4641 Cumque
865 4587 971 4625 non
1015 4585 1203 4625 omnes
1239 4571 1502 4625 malorum
1534 4584 1709 4624 causa:
1735 4571 1879 4626 clare
1905 4581 1958 4628 et

2066 3360 2394 3432 presbyteris
2419 3362 2510 3432 qui
2528 3377 2587 3417 se
2611 3361 2912 3417 inconsulto
2936 3361 3102 3432 lapsis
3132 3363 3677 3421 communicaverunt

2073 3474 2092 3507 ι
2141 3455 2292 3521 Utar,
2325 3456 2521 3526 inquit,
2547 3454 2628 3527 (5)
2661 3471 2725 3510 ea
2747 3455 3112 3510 admonitione
3141 3471 3243 3526 qua
3281 3471 3368 3510 me
3411 3456 3676 3513 Dominus

2061 3548 2234 3619 jubet,
2268 3559 2325 3604 ut
2384 3549 2598 3604 interim
2639 3549 3025 3619 prohibeantur
3057 3547 3268 3610 offerri.
3325 3557 3431 3604 etc.
3475 3569 3495 3602 ι
3553 3551 3670 3606 Non

2065 3643 2341 3714 ignorabat
2367 3643 2665 3715 Cyprianus
2685 3641 2946 3710 ejusmodi
2971 3642 3210 3698 visiones
3233 3643 3361 3697 viris
3399 3643 3586 3714 impiis
3611 3661 3672 3701 ac

2070 3737 2370 3790 temerariis
2397 3735 2584 3806 quales
2605 3734 2767 3790 modo
2796 3749 2900 3789 non
2931 3749 3126 3804 paucos
3173 3734 3503 3804 caperiinur,
3535 3736 3672 3791 ludi-

2065 3828 2184 3884 brio
2198 3838 2250 3884 et
2267 3830 2596 3899 contemptui
2614 3829 2818 3895 haberi;
2839 3829 2931 3883 sed
2946 3827 3082 3882 adeo
3102 3837 3277 3883 tamen
3295 3845 3393 3899 pro
3406 3839 3559 3887 certo
3573 3832 3664 3884 lia-

2064 3921 2246 3985 bcbat,
2275 3937 2398 3975 suas
2425 3936 2490 3976 ex
2520 3921 2630 3976 Deo
2645 3935 2766 3976 esse
2793 3921 3170 3988 revelationes,
3195 3931 3254 3975 ut
3277 3921 3408 3976 nihil
3433 3923 3500 3978 de
3519 3921 3657 3975 futu-

2064 4017 2140 4070 ris
2166 4017 2375 4072 eventis
2400 4016 2667 4072 dubitaret
2697 4035 2710 4071 :
2735 4025 2790 4072 et
2815 4031 2920 4072 non
2948 4017 3119 4072 solum
3151 4018 3344 4090 quibus
3361 4019 3467 4088 jam
3495 4017 3660 4073 fuerat

2063 4107 2292 4163 donatus
2313 4109 2607 4181 publicare,
2637 4108 2732 4165 sed
2746 4123 2908 4165 novas
2929 4110 3090 4164 etiam
3120 4109 3293 4179 palam
3315 4110 3416 4165 sibi
3443 4109 3662 4180 promit-

2063 4209 2197 4269 tere,
2233 4203 2450 4256 minime
2477 4213 2784 4267 vereretur;
2811 4202 2952 4258 unde
2986 4201 3040 4256 in
3071 4203 3259 4258 eadem
3295 4205 3534 4275 epistola'
3562 4215 3665 4260 sta-

2065 4295 2158 4349 tim
2191 4296 2462 4367 subjungit
2499 4315 2512 4350 :
2551 4316 2569 4347 t
2604 4296 2937 4365 Quamquam
2974 4294 3141 4349 sciam
3175 4297 3382 4351 somnia
3424 4296 3663 4352 ’ridicula

2063 4397 2120 4442 et
2159 4387 2392 4444 visiones
2425 4389 2632 4458 ineptas
2659 4387 2975 4457 quibusdam
3000 4387 3186 4452 videri,
3217 4388 3309 4443 sed
3329 4389 3514 4459 utique
3565 4389 3665 4444 illis

2064 4481 2155 4551 qui
2190 4481 2394 4538 malunt
2435 4490 2618 4536 contra
2664 4478 2997 4534 sacerdotem
3025 4479 3245 4535 credere
3271 4496 3432 4551 quam
3485 4496 3666 4537 sacer—

2061 4572 2195 4628 doti.
2219 4573 2322 4628 Sed
2349 4571 2479 4626 uihil
2526 4573 2739 4633 mirum,
2780 4569 2994 4640 quando
3018 4569 3085 4625 de
3113 4569 3314 4642 Joseph
3359 4569 3558 4627 fratres
3585 4572 3661 4626 sui

352 4668 604 4726 distincte
651 4663 880 4719 fuissent
923 4662 1094 4718 sancti
1135 4662 1358 4734 martyri
1399 4661 1669 4727 revelatte,
1720 4671 1797 4720 tot
1824 4660 2036 4737 quasD
2061 4665 2309 4720 dixerunt
2335 4681 2346 4715 τ
2376 4663 2513 4718 Ecce
2535 4661 2828 4716 somniatur
2870 4661 2958 4714 ille
2988 4662 3168 4728 venit,
3202 4677 3344 4717 nunc
3399 4679 3530 4733 ergo
3572 4678 3661 4718 vc-

351 4759 678 4834 praeviderat
707 4756 1061 4822 calamitates,
1099 4763 1156 4810 et
1173 4753 1603 4810 Christianorum
1635 4755 1842 4822 funera,
1886 4775 1952 4816 ex

347 4859 463 4915 sola
495 4857 696 4910 oritura
727 4867 847 4909 esse
877 4850 1252 4922 persecutione
1280 4849 1380 4904 sibi
1408 4850 1560 4906 facile
1591 4856 1875 4921 persuasit.

419 4945 670 5005 Vidimus
713 4944 974 5000 hactenus
1013 4956 1171 5010 quam
1212 4939 1524 5011 frequenter
1566 4953 1619 4998 et
1658 4943 1946 5002 familiares

345 5041 618 5115 Cypriano
667 5037 867 5094 fuerint
903 5035 1153 5092 caelestes
1202 5037 1558 5092 revelationes
1613 5057 1625 5092 :
1672 5040 1949 5097 videamus

344 5133 510 5189 modo
540 5132 593 5186 in
615 5143 776 5200 quam
797 5136 1014 5183 sanctus
1038 5125 1237 5199 Martyr
1259 5127 1508 5185 fiduciam
1529 5145 1595 5186 ex
1624 5145 1809 5187 earum
1839 5131 1948 5188 fre-

343 5225 564 5296 quentia
589 5221 755 5278 fuerit
779 5220 1041 5275 adductus
1070 5237 1085 5276 :
1119 5230 1169 5276 et
1199 5237 1377 5279 annon
1418 5225 1534 5295 ipse
1578 5226 1761 5292 etiam,
1807 5225 1945 5280 haud

343 5330 503 5373 secus
540 5331 603 5373 ac
628 5316 892 5386 Perpetua
925 5329 989 5370 eo
1028 5329 1088 5370 se
1114 5317 1274 5371 modo
1307 5316 1557 5388 gesserit,
1597 5315 1746 5386 quasi
1778 5315 1947 5385 Spiri-

342 5422 456 5469 tum
487 5417 754 5476 sanctum,
794 5400 956 5464 veluti
988 5409 1185 5466 monile
1227 5410 1495 5482 quoddam
1544 5409 1596 5462 in
1621 5424 1742 5463 arca
1784 5410 1946 5466 inclu-

338 5521 460 5564 sum
491 5519 609 5570 sua,
646 5503 922 5559 habuisset
961 5504 1030 5558 ad
1069 5512 1276 5567 nutum,
1316 5503 1433 5572 ejus
1474 5500 1943 5574 illustrationibus,

333 5598 552 5672 quando
582 5597 744 5654 vellet
770 5612 965 5653 usurus
986 5595 1051 5651 ad
1095 5595 1398 5650 arbitrium.
1431 5594 1574 5651 Talis
1613 5595 1822 5654 ﬁduciae
1867 5601 1939 5655 si-

427 5719 453 5774 1
513 5717 715 5773 Dissert
739 5719 801 5771 de
858 5713 1128 5780 Visionib.,
1157 5721 1262 5770 etc.
1299 5712 1328 5784 §
1360 5713 1449 5770 l9.

401 5717 482 5934 g2;
508 5790 676 5860 Epist.
701 5803 850 5852 Lvtn,
881 5785 954 5841 al.
986 5797 1093 5838 ινι.
1162 5801 1164 5808 ι

428 5863 461 5917 5
509 5861 653 5917 Sect.
683 5860 736 5914 5.
867 5926 874 5928 _

508 5790 676 5860 Epist.
701 5803 850 5852 Lvtn,
881 5785 954 5841 al.
986 5797 1093 5838 ινι.
1162 5801 1164 5808 ·

428 5860 481 5917 5i
509 5861 653 5917 Sect.
683 5860 736 5914 5.

2060 4758 2191 4824 nite,
2220 4755 2526 4812 occidanius
2545 4753 2718 4814 illum;
2751 4751 3116 4807 etsomnialor
3139 4767 3321 4823 pOStea
3345 4754 3489 4825 quod
3514 4770 3658 4808 som-

2057 4853 2298 4906 niaverat
2316 4858 2636 4904 consecutus
2681 4848 2793 4914 sit,
2831 4855 2884 4902 et
2913 4847 3184 4904 occisores
3240 4863 3304 4903 ac
3349 4848 3658 4906 venditores

2053 4943 2409 5005 c0ufusisint,
2455 4953 2509 4996 ut
2539 4943 2628 5013 qui
2681 4940 2862 4997 verbis
2915 4939 3065 5010 prius
3114 4956 3220 4996 non
3276 4941 3654 5009 credidissent,

2054 5035 2213 5091 factis
2235 5034 2573 5103 postmodum
2596 5033 2899 5090 crederent.
2941 5052 2961 5086 ι

2125 5127 2383 5197 Superest
2429 5128 2532 5182 alia
2581 5126 2830 5198 Cypriani
2878 5126 3014 5182 visio
3067 5126 3378 5199 prOphetica
3411 5127 3476 5184 ad
3509 5145 3652 5184 mar-

2053 5218 2247 5292 tyrium
2298 5218 2413 5288 ejus
2475 5221 2788 5290 pertinens;
2838 5219 2933 5275 sed
2984 5235 3102 5275 eam
3180 5223 3353 5292 Capite
3411 5223 3653 5292 sequenti

2051 5311 2362 5367 reservabo.
2424 5311 2681 5376 Interim,
2737 5325 2900 5381 rogo,
2957 5325 3135 5366 annon
3187 5312 3428 5368 videatur
3477 5312 3652 5383 Spiri-

2048 5413 2161 5461 tum
2215 5406 2470 5461 Sanctum
2518 5406 2571 5460 in
2626 5413 2842 5475 pectore
2887 5417 2986 5458 suo
3031 5406 3180 5475 quasi
3211 5406 3262 5460 in
3309 5421 3430 5462 arca
3478 5405 3650 5462 inclu-

2051 5521 2171 5562 sum
2202 5505 2478 5573 habuisse,
2511 5504 2599 5576 qui
2627 5503 2678 5558 in
2725 5501 3022 5573 disciplinae
3055 5502 3219 5558 etiam
3267 5503 3649 5560 ecclesiasticas

2048 5601 2307 5658 exercitio
2331 5601 2566 5656 visiones
2590 5596 2956 5671 exspectabat,
2987 5605 3044 5651 et
3085 5595 3218 5654 nihil
3274 5608 3509 5656 statuere
3550 5612 3646 5654 au-

2148 5715 2199 5786 1)
2230 5715 2400 5786 Epist.
2428 5732 2536 5783 LVI,
2569 5716 2641 5786 al.
2671 5729 2823 5770 LXIX.

2139 5784 2196 5858 Ξ)
2229 5784 2452 5845 Dissert.
2485 5802 2537 5842 iv
2564 5785 2903 5858 Cyprianiea,
2938 5784 2967 5858 ς
2997 5784 3088 5843 20.

2148 5717 2171 5771 1
2230 5715 2400 5786 Epist.
2428 5732 2536 5783 Lvt,
2569 5716 2641 5770 al.
2671 5729 2823 5770 LXIX.

2139 5789 2174 5843 2
2229 5789 2452 5845 Dissert.
2485 5802 2537 5842 iv
2564 5785 2903 5858 Cyprianiea,
2938 5784 2967 5858 ς
2997 5784 3088 5843 20.

2115 5715 2199 5938 ἰδὲ
2221 5861 2391 5932 Epist.
2418 5875 2530 5926 xvn,
2561 5860 2633 5915 al.
2666 5873 2720 5916 x.
2777 5893 2786 5932 ί
3073 5884 3092 5902 ι
