3818 6278
94 359 195 418 ίὲὶ

991 358 1128 415 PRO
1165 357 1263 416 SS.
1311 355 1705 423 PERPETUA,
1734 352 2143 410 FELlClTATE
2182 353 2274 411 ET
2309 351 2543 412 SOCIIS.

3307 349 3414 407 122

95 483 272 546 debat,
299 482 410 540 uisi
430 482 724 538 Dominum
751 488 907 536 antea
938 479 1318 544 consuluisset,
1351 478 1519 533 etnisi
1541 474 1708 531 mani-
1735 473 1784 536 Α
1821 492 1841 528 ‹
1877 489 2000 532 cum
2027 489 2096 530 ex
2119 474 2300 530 multis
2327 473 2468 540 aliis,
2498 480 2610 527 tum
2648 485 2716 527 ex
2744 484 2810 526 eo
2839 469 2980 542 quod
3010 467 3234 541 vestigia
3265 485 3415 539 qum-

99 577 241 634 festo
259 578 450 649 aliquo
479 575 675 632 indicio
697 574 990 630 voluntatis
1020 574 1134 644 ejus
1164 571 1363 628 certior
1386 572 1554 626 lactus
1579 571 1711 626 luis-

104 684 232 740 set;
263 684 314 729 et
347 690 415 727 an
446 673 701 742 Perpetua
738 668 1084 724 montanismi
1119 673 1399 737 pr0pterea
1425 663 1585 720 fuerit
1627 664 1709 718 in-

112 767 435 831 simulanda,
463 765 604 836 quod
627 765 742 834 ipsa
763 763 925 818 etiam
953 761 1146 816 divinis
1168 758 1584 818 revelationibus
1619 771 1709 812 as-

118 869 291 924 sueta,
311 860 492 916 eadem
519 856 710 912 ﬁducia
734 871 795 912 se
815 853 1087 926 gesserit?

193 972 326 1028 Vill.
355 972 521 1040 Quam
547 969 858 1039 frequentes
887 967 939 1022 id
967 966 1222 1037 temporis
1262 964 1516 1021 exhibitm
1565 978 1704 1018 mar-

127 1067 322 1138 tyribus
338 1065 530 1118 fuerint
560 1063 808 1118 cmleStes
823 1061 1053 1115 visiones
1074 1075 1136 1114 ac
1150 1057 1478 1128 prophetica:
1496 1055 1708 1111 revela-

130 1161 306 1219 tiones,
327 1156 486 1211 ﬁdem
513 1155 906 1224 amplissimam
936 1155 1133 1208 l‘aciunt
1154 1153 1364 1207 sincera
1395 1167 1456 1208 ac
1473 1150 1708 1221 genuina

127 1267 236 1306 cum
253 1249 434 1304 Jacobi
463 1259 518 1304 et
551 1249 798 1313 Mariani,
823 1260 958 1310 etc.,
989 1259 1099 1302 tum
1126 1247 1359 1302 Montani
1382 1255 1436 1300 et
1476 1245 1623 1300 Lucii
1647 1259 1711 1300 ac

115 1342 377 1400 sociorum
418 1352 725 1413 martyrum
757 1341 914 1408 Acta,
954 1339 1036 1395 his
1066 1341 1260 1396 referta
1294 1339 1603 1395 cmlestihus
1633 1338 1712 1392 vi—

116 1438 352 1495 sionibus
382 1453 450 1493 ac
472 1437 803 1508 propheticis
827 1433 1110 1490 vaticiniis.
1136 1432 1251 1487 Non
1291 1441 1375 1488 est
1423 1431 1553 1484 mihi
1591 1429 1711 1484 ani-

114 1549 231 1591 mus
289 1551 388 1591 eas
439 1534 530 1590 hic
578 1532 896 1603 singillatim
949 1526 1197 1584 referre:
1246 1532 1522 1596 oporteret
1567 1523 1712 1576 enim

120 1630 333 1701 integra
364 1629 538 1684 ferme
563 1629 694 1682 Acta
724 1622 1105 1687 transcribere,
1138 1635 1258 1692 qua:
1283 1616 1424 1688 apud
1461 1613 1712 1671 doctissi-

128 1738 280 1778 mum
306 1721 634 1777 Ruinartium
672 1716 843 1773 videri
893 1712 1176 1771 commode
1228 1720 1468 1782 possunt.
1529 1707 1712 1765 Unum

143 1816 420 1871 dumtaxat
459 1830 525 1870 ex
550 1812 668 1868 actis
692 1809 931 1866 Montani
959 1807 1262 1878 exemplum
1295 1805 1537 1873 all‘eram,
1569 1801 1714 1874 quod

145 1869 468 1981 adprasisens
493 1915 852 1976 argumentum
884 1902 1103 1972 pr0pius
1121 1869 1359 1954 accedit.
1403 1896 1495 1952 llis
1525 1869 1712 1950 autem
1747 1873 1794 1935 B
1823 1870 2068 1981 άξεςῖβυιί
2096 1869 2127 1924 d

145 2003 315 2058 verbis
353 2002 402 2055 in
451 1998 580 2054 actis
621 1995 942 2054 describitur
971 2012 985 2049 :
1019 2013 1038 2046 ι
1072 1992 1202 2047 Cum
1247 1999 1426 2046 autem
1466 1990 1574 2059 jam
1601 2002 1720 2042 car-

141 2093 279 2151 niiex
299 2093 612 2158 immineret,
644 2101 698 2146 et
723 2089 928 2160 gladius
955 2101 1118 2157 super
1145 2084 1385 2140 cervices
1410 2084 1529 2150 ejus
1557 2081 1714 2136 libra-

142 2196 222 2242 tus
247 2185 512 2256 peuderet,
546 2183 799 2253 expansis
829 2183 915 2236 ille
943 2179 1020 2253 (id
1067 2188 1150 2234 est
1175 2177 1478 2244 Montanus)
1510 2175 1576 2229 ad
1601 2188 1716 2228 coe-

146 2278 243 2333 lum
267 2277 518 2341 manibus,
543 2289 676 2331 voce
700 2275 843 2330 clara
863 2315 876 2338 ,
918 2274 990 2327 ita
1017 2281 1072 2327 ut
1099 2287 1205 2327 non
1235 2279 1441 2326 tantum
1470 2267 1536 2323 ad
1558 2281 1718 2322 aures

147 2372 324 2442 plebis,
345 2369 433 2424 sed
462 2378 516 2423 et
531 2367 758 2438 gentiles
783 2380 997 2436 quoque
1024 2365 1170 2433 ipsos
1210 2377 1376 2417 sonus
1401 2361 1548 2416 vocis
1589 2359 1718 2415 feri-

149 2478 244 2533 ret,
297 2466 454 2520 oravit
483 2478 674 2535 rogans
704 2471 760 2518 et
785 2461 1082 2532 deprecans
1109 2466 1166 2513 ut
1192 2457 1482 2512 Flavianus
1507 2454 1594 2524 qui
1621 2469 1717 2524 per

151 2561 436 2632 suilragium
467 2558 644 2630 populi
673 2557 742 2613 de
763 2558 1017 2612 comitatu
1045 2569 1234 2610 eorum
1255 2561 1613 2616 remanserat,
1631 2564 1717 2606 se-

159 2664 388 2726 queretur
412 2652 495 2708 die
523 2651 701 2706 tertia.
729 2651 794 2705 Et
817 2664 922 2716 quo
949 2649 1124 2719 precis
1147 2661 1259 2702 suae
1283 2645 1442 2700 ﬁdem
1466 2643 1667 2698 faceret
1698 2682 1715 2708 ,

169 2754 431 2807 manualem
451 2765 553 2822 quo
573 2749 762 2806 oculos
777 2747 948 2803 fuerat
976 2746 1170 2818 ligatus
1184 2747 1234 2798 in
1261 2751 1438 2815 partes
1458 2741 1593 2796 duas
1609 2739 1719 2796 dis-

164 2845 300 2910 tidit,
328 2855 374 2899 et
394 2845 534 2912 jussit
564 2841 790 2896 alteram
821 2839 1108 2904 reservari,
1141 2851 1244 2907 qua
1272 2835 1528 2890 Flaviano
1573 2832 1718 2888 oculi

171 2947 290 3008 post
305 2939 548 2992 crastinum
579 2937 896 3007 ligarentur.
931 2934 1036 2990 Sed
1066 2944 1121 2988 et
1148 2934 1201 2988 in
1234 2931 1413 2988 medio
1441 2945 1628 2987 eorum
1662 2929 1716 2983 in

175 3043 291 3082 area
319 3028 460 3082 solum
479 3029 674 3084 servari
703 3028 865 3096 jussit
898 3067 915 3093 ,
951 3035 1009 3081 ut
1046 3040 1145 3080 nec
1169 3024 1458 3094 sepulturae
1491 3035 1716 3080 consor-

167 3121 237 3174 tio
259 3121 578 3186 privarentur.
610 3119 680 3174 Et
709 3119 1002 3189 perfectum
1028 3127 1113 3174 est
1159 3119 1260 3173 sub
1291 3118 1465 3174 oculis
1517 3115 1717 3172 nostris

161 3215 294 3286 quod
323 3216 556 3270 Dominus
583 3218 636 3271 in
670 3215 969 3286 Evangelio
992 3213 1298 3286 repromisit
1327 3254 1342 3278 ,
1377 3221 1436 3267 ut
1483 3212 1572 3282 qui
1604 3218 1714 3266 tota

154 3307 251 3363 lide
277 3318 482 3377 peteret,
509 3308 764 3380 quidquid
796 3316 1002 3378 peteret
1030 3307 1362 3377 impetraret.
1413 3305 1544 3360 Nam
1597 3313 1718 3374 post

147 3401 356 3457 biduum
382 3403 658 3458 Flavianus
684 3420 898 3475 quoque
929 3403 1240 3474 productus,
1302 3402 1530 3473 gloriam
1563 3415 1716 3454 suam

143 3498 381 3564 passione
408 3496 628 3566 perlicit.
671 3517 689 3550 ι
723 3496 838 3551 Non
870 3496 1039 3567 magis
1069 3495 1373 3549 mirandum
1395 3493 1718 3562 est,Perpe-

142 3599 280 3642 tuam
310 3589 530 3645 futuram
561 3601 688 3646 ante
717 3591 859 3646 diem
905 3591 1198 3646 craStinum
1232 3589 1472 3660 martyrii
1504 3587 1585 3642 sui
1626 3602 1716 3642 re-

144 3681 449 3737 velationem
475 3683 866 3752 praenuntiasse
897 3725 911 3747 ,
951 3698 1109 3754 quam
1140 3681 1449 3737 Montanum
1481 3679 1717 3735 futurum

151 3784 260 3842 post
285 3776 527 3844 triduum,
576 3776 825 3832 Flaviani
853 3775 1166 3848 martyrium
1194 3788 1316 3830 esse
1344 3772 1715 3828 vaticinatum.

155 3868 255 3937 Quo
276 3873 413 3928 enim
444 3873 756 3944 prophetico
796 3873 984 3941 spiritu
1021 3879 1171 3926 actus
1217 3869 1500 3925 Montanus
1540 3867 1714 3938 petiit,

165 3981 181 4013 ι
213 3975 261 4019 ιιι
288 3965 561 4022 Flavianus
581 3975 897 4038 sequeretur
921 3965 1009 4022 die
1036 3965 1211 4030 tertia,
1245 3983 1265 4017 ι
1291 3961 1482 4018 eodem
1515 3961 1718 4031 Perpe-

158 4063 226 4109 tua
268 4062 474 4131 rogavit,
506 4069 567 4115 ut
594 4061 692 4114 sibi
748 4071 875 4118 ante
916 4059 1214 4129 proximum
1271 4057 1413 4113 diem
1465 4053 1719 4111 ostende-

163 4165 301 4221 retur,
353 4157 588 4224 passione
627 4155 804 4210 futura
855 4161 1018 4219 esset,
1064 4168 1136 4208 an
1179 4159 1527 4208 commeatus.
1582 4147 1715 4203 Nam

165 4255 430 4318 utrumque,
458 4259 512 4304 ut
541 4248 728 4304 multis
759 4249 1155 4317 Scripturarum
1183 4245 1450 4314 exemplis
1470 4257 1718 4311 comper-

166 4343 262 4391 tum
296 4350 383 4407 est,
407 4341 467 4397 ad
489 4343 738 4412 spiritum
769 4341 1002 4410 pertinet
1038 4338 1354 4410 prophetiae,
1407 4346 1462 4392 et
1511 4335 1716 4392 futuros

173 4440 364 4488 eventus
395 4436 680 4505 praevidere
712 4478 726 4503 ,
760 4445 816 4491 et
841 4444 1016 4491 certas
1053 4441 1370 4505 exspectare
1411 4430 1715 4488 futurorum

175 4537 423 4584 eventuum
442 4533 813 4589 revelationes.

1813 567 1935 622 dam
1955 583 2138 623 eorum
2169 576 2457 638 supersunt
2483 565 2622 637 apud
2655 580 2770 632 eos,
2795 564 2884 635 qui
2925 563 3219 619 secundum
3251 562 3416 619 Verbi

1817 659 2148 714 voluntatem
2166 661 2370 715 vivunt.
2394 679 2412 712 ι
2434 659 2504 714 Et
2517 659 2568 712 in
2585 657 2688 712 alio
2702 656 2940 726 ejusdem
2955 657 3134 726 operis
3147 656 3281 710 libro
3296 655 3314 726 (
3327 654 3375 727 l)
3399 673 3413 712 :

1821 770 1839 803 ‹
1873 749 2034 820 Signa
2089 760 2266 806 autem
2321 743 2554 820 Spiritus
2589 749 2759 806 sancti
2830 749 2982 803 initio
3020 747 3237 818 quidem
3283 747 3416 802 doc-

1816 843 1968 898 trinm
1991 842 2140 908 Jesu,
2164 854 2218 897 et
2239 852 2360 912 post
2380 843 2496 912 ejus
2519 840 2943 912 assumptionem
2973 840 3203 909 plurima
3234 851 3416 896 osten-

1814 947 1874 989 sa
1904 941 2045 999 sunt,
2072 931 2269 988 deinde
2298 947 2429 988 vero
2460 931 2733 1000 pauciora.
2762 929 2869 986 Sed
2901 945 2956 985 et
2986 945 3126 984 nunc
3163 929 3328 1000 ipsius
3349 929 3415 984 ad

1816 1041 1902 1080 me
1945 1023 2084 1092 apud
2113 1037 2310 1095 paucos
2353 1030 2568 1077 exstant
2603 1020 2847 1091 vestigia,
2878 1022 2967 1091 qui
2991 1020 3197 1074 animas
3217 1029 3268 1074 et
3297 1034 3418 1074 ver-

1816 1119 1884 1173 bo
1912 1127 1965 1172 et
2008 1115 2424 1186 congruentibus
2456 1114 2757 1169 actionibus
2809 1121 3191 1183 expurgarunt.
3225 1129 3244 1163 ι
3287 1111 3420 1166 Vcs-

1816 1211 1943 1282 tigia
1970 1226 2099 1266 vero
2122 1226 2240 1280 qure
2271 1217 2475 1276 essent,
2503 1208 2585 1262 his
2618 1206 2944 1263 luculentius
2966 1206 3146 1260 verbis
3176 1204 3418 1260 declarat

1817 1301 1896 1376 (‘2)
1932 1321 1945 1355 :
1982 1321 2000 1354 ‹
2041 1302 2345 1358 Etiamnum
2383 1301 2605 1371 vestigia
2632 1299 2803 1353 sancti
2835 1298 2978 1352 illius
3012 1295 3247 1367 Spiritus
3276 1295 3418 1365 apud

1815 1397 2145 1454 Christianos
2170 1405 2480 1468 supersunt.
2534 1395 2830 1450 Excantant
2866 1393 3142 1448 daemones
3169 1433 3185 1456 ,
3223 1390 3419 1446 multas

1816 1492 2119 1546 curationes
2142 1487 2446 1560 perﬁciunt,
2500 1497 2552 1542 et
2599 1487 2786 1542 vident
2827 1485 3072 1558 quasdam
3117 1483 3418 1540 secundum

1818 1584 2147 1639 voluntatem
2181 1582 2375 1650 Verbi,
2424 1580 2492 1637 de
2543 1579 2754 1636 futuris.
2789 1599 2808 1632 ι
2865 1578 2945 1634 Ex
3000 1578 3195 1650 quibus
3239 1576 3420 1632 verbis

1817 1686 2028 1735 constat
2074 1677 2401 1733 uberrimum
2435 1675 2583 1729 illum
2631 1684 2687 1729 et
2733 1674 2787 1728 in
2837 1687 3047 1738 omnes,
3089 1680 3148 1726 ut
3195 1669 3263 1726 de
3306 1669 3421 1724 suis

1819 1774 2153 1845 temporibus
2173 1783 2398 1829 testatur
2424 1771 2682 1835 Irenteus,
2718 1767 2808 1838 qui
2843 1766 2960 1822 veri
2982 1773 3166 1822 essent
3219 1763 3422 1820 Christi

2137 1867 2348 1924 illusum
2403 1865 2703 1922 cmleslium
2750 1860 3136 1918 charismatum
3194 1857 3418 1925 fontem,

1822 1965 1921 2022 etsi
1951 1979 2052 2018 non
2076 1961 2290 2031 penitus
2326 1959 2605 2014 exaruisse
2630 1999 2644 2024 ,
2679 1971 2786 2011 non
2839 1969 2899 2008 ea
2933 1961 3112 2008 tamen
3165 1949 3419 2019 amplitu-

1821 2059 1946 2115 dine
1979 2067 2032 2113 et
2061 2057 2220 2128 ecpia
2250 2065 2368 2125 post
2395 2051 2612 2108 modum
2645 2051 2991 2106 exuberasse.
3018 2047 3188 2114 Quam
3234 2042 3421 2115 proxi-

1823 2168 1909 2208 me
1935 2161 2112 2206 autem
2135 2148 2203 2204 ad
2232 2146 2422 2202 lrcuzei
2450 2155 2691 2215 tempora
2713 2142 2981 2213 Perpetua
3010 2150 3062 2194 et
3084 2138 3310 2194 Saturus
3333 2149 3424 2190 ac-

1822 2244 2123 2308 cedebant;
2170 2251 2274 2296 tam
2303 2241 2460 2311 longe
2488 2238 2555 2293 ab
2585 2238 2648 2292 iis
2671 2233 3001 2304 temporibus
3049 2231 3242 2304 quibus
3293 2243 3421 2283 suos

1820 2344 2080 2413 Origenes
2124 2339 2387 2394 adversus
2432 2335 2648 2390 Celsum
2682 2333 2847 2388 libros
2891 2329 3224 2386 elucubravit
3270 2327 3421 2398 (sub

1821 2435 2076 2492 Gordiani
2096 2432 2347 2488 nimirum
2367 2439 2458 2484 aut
2479 2428 2846 2499 Philipporum
2880 2423 3126 2495 imperio,
3161 2430 3281 2492 post
3303 2421 3420 2475 lon-

1820 2544 1940 2600 gam
1971 2537 2024 2582 et
2062 2525 2368 2580 diuturnam
2411 2521 2666 2577 Ecclesia:
2706 2533 2892 2590 pacem
2941 2525 3181 2571 extrema
3227 2514 3420 2569 saltem

1821 2621 2068 2692 Cypriani
2101 2629 2340 2687 tempora
2371 2627 2424 2671 ct
2451 2615 2736 2669 Montanus
2763 2611 3003 2680 sociique
3025 2619 3287 2680 martyres
3310 2607 3420 2662 dis-

1822 2713 2026 2769 tabant.
2085 2709 2241 2766 Unde
2291 2708 2334 2762 si
2388 2707 2523 2760 adeo
2567 2703 2768 2776 Spiritu
2823 2711 3011 2757 sancto
3068 2700 3256 2770 repleti
3297 2707 3421 2754 sunt

1821 2807 1990 2862 sancti
2019 2804 2298 2876 Martyres,
2326 2815 2448 2855 cum
2499 2799 2677 2868 aliqua
2707 2796 2986 2851 dumtaxat
3002 2793 3274 2862 signorum
3301 2790 3420 2860 ejus

1821 2897 2042 2967 vestigia
2066 2903 2435 2965 superessent,
2467 2902 2526 2947 ut
2577 2891 2694 2962 ejus
2748 2884 3200 2942 illustrationibus
3224 2884 3296 2936 uti
3352 2883 3420 2938 ad

1819 2992 2102 3049 arbitrium
2134 2989 2465 3052 viderentur,
2489 2984 2614 3056 quid
2639 2983 2915 3046 miramur,
2948 2979 2992 3035 si
3014 2977 3258 3033 eamdem
3287 2977 3420 3031 Per-

1821 3096 1995 3158 petua:
2026 3085 2107 3141 sui
2135 3083 2344 3154 copiam
2379 3081 2563 3136 fecerit
2596 3077 2832 3149 Spiritus
2870 3083 3109 3139 sanctus,
3150 3089 3256 3144 quo
3284 3080 3420 3127 tem-

1823 3197 1952 3253 pore
1985 3199 2005 3232 ‹
2039 3193 2295 3236 numerus
2326 3192 2432 3232 non
2465 3182 2674 3246 poterat
2697 3171 2816 3227 iniri
2844 3169 3258 3232 charismatum,
3301 3180 3420 3236 quae

1745 3267 1790 3331 C
1827 3290 1920 3348 per
1946 3283 2112 3331 totum
2143 3272 2402 3330 mundum
2430 3269 2668 3326 Ecclesia
2690 3282 2718 3320 a
2751 3265 2864 3320 Deo
2895 3259 3233 3334 recipiebat?
3269 3279 3288 3312 ι

2210 3418 2226 3442 ι
2454 3383 2682 3442 CAPUT
2717 3382 2777 3436 ν.

1819 3528 1966 3568 NIHIL
2011 3526 2064 3566 IN
2111 3521 2408 3564 PERPETUE
2466 3515 2920 3559 REVELATIONIBUS
2947 3512 3251 3560 CONTINERI,
3283 3509 3420 3561 QUOD

1893 3621 1943 3661 IN
1962 3617 2298 3660 CATBOLICAI
2323 3612 2613 3655 IlARTYREI
2641 3610 2744 3651 NON
2772 3609 3001 3648 APPRIHE
3027 3606 3346 3648 CONVENIAT.

1894 3723 1934 3778 Ι.
1973 3720 2092 3776 Νοη
2138 3719 2340 3774 dedecet
2389 3714 2648 3771 Christum
2705 3709 2982 3764 Dominum
3038 3707 3258 3779 pastoris
3305 3721 3421 3766 ovcs

1820 3815 2088 3888 mulgentis
2109 3814 2299 3886 ﬁgura.

1891 3910 1954 3964 ll.
1985 3907 2098 3974 Qua
2127 3909 2320 3962 ratione
2349 3921 2412 3959 ea:
2463 3903 2628 3972 prima
2663 3915 2757 3955 sua
2805 3895 3112 3954 reuelatione
3162 3890 3419 3963 Perpetua

1820 4013 2030 4056 mortem
2061 4000 2156 4054 sibi
2176 3999 2438 4052 imminere
2464 3995 2786 4050 intellexerit.

1891 4094 1979 4150 lll.
2013 4093 2162 4149 Nihil
2182 4092 2389 4148 absurdi
2416 4092 2467 4144 in
2487 4091 2578 4145 illa
2608 4087 2912 4142 reuelatione
2938 4081 3182 4138 contineri
3203 4096 3300 4150 qua
3324 4077 3420 4132 sibi

1821 4185 2077 4257 Perpetua
2102 4186 2208 4240 visa
2245 4193 2317 4238 est
2345 4199 2459 4236 cum
2485 4179 2703 4235 Diabolo
2746 4178 2800 4230 in
2852 4174 3137 4229 masculum
3179 4185 3419 4225 conversa

1820 4279 2020 4334 luctari.

1892 4371 1980 4427 IV.
2013 4370 2198 4440 Inepta
2225 4368 2491 4437 Perpetua:
2531 4361 2892 4417 revelationum
2918 4372 3032 4409 cum
3070 4351 3413 4406 Montanista-

1817 4484 1931 4522 rum
1953 4463 2342 4521 revelationibus
2371 4459 2702 4532 comparatio.

1890 4558 1953 4614 V.
2028 4555 2163 4613 Visio
2209 4554 2481 4625 Perpetua:
2526 4551 2588 4606 de
2636 4548 2912 4605 Dinocrate
2958 4546 3012 4601 in
3061 4545 3223 4618 plenis
3271 4560 3417 4600 cons-

229 4642 307 4697 lX.
349 4645 428 4700 Est
460 4657 637 4704 autem
691 4644 822 4700 illud
868 4645 1006 4699 circa
1048 4643 1417 4713 praecedentes
1442 4657 1565 4698 cum
1609 4641 1713 4714 Cy-
1741 4666 1796 4727 D
1823 4655 1991 4708 muro.

156 4735 340 4800 priani,
369 4749 466 4794 tum
491 4754 803 4796 comvorum
834 4746 1128 4808 martyrum
1153 4736 1390 4790 visiones
1414 4744 1467 4789 et
1481 4733 1711 4804 prophe-

154 4828 247 4883 lica
275 4835 502 4888 vaticinia
521 4833 714 4888 scdulo
741 4827 1279 4884 animadvertendum
1309 4845 1320 4880 :
1349 4837 1598 4882 constare
1630 4827 1710 4881 in-

143 4927 224 4976 ler
248 4940 415 4980 omnes
445 4968 459 4992 ,
504 4925 889 4980 charismatum
935 4921 1144 4990 capiam
1185 4919 1506 4988 ampliorem
1549 4920 1709 4990 longe

130 5006 298 5070 fuisse
323 5017 466 5070 initio
511 5016 789 5081 Ecclesiae,
818 5027 976 5082 quam
1018 5010 1406 5082 posterioribus
1449 5010 1706 5066 saiculis:

127 5105 270 5162 adeo
289 5119 338 5161 ut
361 5107 614 5179 Origenes
639 5107 729 5178 qui
763 5106 963 5177 aliquot
983 5106 1140 5160 annis
1180 5114 1305 5160 ante
1335 5104 1478 5160 Decii
1524 5119 1712 5175 perse-

125 5201 390 5253 cutionem
418 5201 580 5254 libros
608 5199 826 5268 scripsit
853 5197 1108 5252 adversus
1140 5197 1378 5261 Celsum,
1420 5206 1607 5250 auctor
1625 5196 1714 5260 sit,

125 5291 397 5358 Siguorum
419 5293 646 5365 Spiritus
677 5292 846 5347 sancti
875 5292 1098 5361 vestigia
1119 5288 1396 5345 dumtaxat
1422 5289 1561 5359 apud
1589 5305 1718 5359 pau-

122 5393 244 5437 cos
272 5403 459 5442 morum
490 5387 724 5442 candore
755 5385 1147 5455 prtecellcntes,
1179 5394 1233 5441 et
1258 5386 1348 5455 qui
1382 5398 1562 5438 mores
1592 5397 1720 5438 suos

128 5476 228 5529 ad
251 5478 494 5551 Evangelii
523 5494 762 5534 normam
787 5477 1061 5547 exigerent
1090 5475 1156 5530 ad
1176 5477 1315 5530 .ha‘c
1347 5483 1589 5545 tempora
1622 5487 1714 5528 su-

121 5568 394 5631 perlttisse
422 5592 433 5624 :
461 5583 737 5644 postquam
777 5571 920 5627 cnim
952 5568 1086 5624 dixit
1118 5612 1133 5637 ,
1185 5568 1459 5624 miraculis
1503 5567 1715 5638 probari

131 5660 411 5716 Veritatem
433 5662 720 5735 Evangelii,
755 5661 829 5718 ait
872 5675 936 5717 ea
977 5674 1133 5731 posse
1185 5660 1584 5725 demonstrari,
1635 5658 1712 5731 (1)

253 5881 315 5954 (ί)
346 5866 404 5938 ὲκ
428 5895 598 5942 πολλῶν
621 5897 700 5956 μὲν
733 5896 884 5943 {Dm
901 5928 917 5952 ,
947 5891 1028 5943 atati
1051 5893 1099 5944 ὺι
1118 5894 1201 5942 τοῦ
1247 5892 1354 5954 ix”)
1381 5889 1428 5938 δὲ
1469 5883 1488 5955 (
1513 5882 1548 5938 f.
1577 5880 1719 5956 τινὰ)

1894 4745 1980 4801 V'I.
2036 4743 2282 4815 Basnagii
2328 4742 2571 4797 adversus
2638 4737 2936 4811 praedictam
2989 4735 3230 4791 visionem
3283 4731 3416 4802 ili/ﬁ-

1849 4842 2051 4896 ullates.

1815 4859 2051 4898 canales.

1893 4933 2002 4990 Vll.
2023 4932 2217 4988 Locum
2241 4931 2412 4995 illum,
2443 4930 2497 4983 in
2523 4943 2620 4999 quo
2648 4926 2968 4980 Dinocratem
2999 4921 3257 4993 Perpetua
3292 4921 3418 4976 vidit

1831 5029 1990 5101 fuisse
2010 5027 2382 5098 purgatorium.
2409 5022 2656 5093 Basnagii
2678 5017 3020 5076 cavillationes
3053 5015 3415 5069 retundantur.

1821 5171 1974 5221 αὐτῶν
2003 5173 2078 5221 ἔτι
2106 5166 2341 5227 σώζεσθαι
2369 5169 2500 5233 παρὰ
2535 5164 2634 5233 τρῖς
2664 5162 2789 5233 ararit
2817 5160 2871 5233 ea
2900 5160 3130 5227 βοῦλημα.
3155 5159 3238 5207 τοῦ
3263 5160 3417 5221 Λόγου

1822 5245 2006 5308 βιοῦσι.
2032 5237 2150 5292 Lib.
2170 5252 2207 5300 t,
2238 5249 2373 5304 page
2401 5228 2454 5297 5,
2489 5232 2630 5286 Edit.
2655 5228 2878 5308 Cantab.

1897 5310 1974 5379 (1)
2016 5298 2202 5376 Σημεῖαή
2230 5298 2278 5361 δὲ
2307 5298 2391 5361 ξοῧ
2415 5310 2558 5379 ἁγίουγ
2584 5307 2852 5379 Europaeo;
2897 5298 3000 5352 κατ’
3034 5301 3194 5379 ἁξχὲιε
3219 5304 3302 5379 lui-1
3330 5309 3417 5355 τῆς

1822 5380 1983 5439 Ἰησοῦ
2017 5383 2338 5440 διδασιαὶίας.
2378 5381 2506 5445 μετὰ
2545 5378 2592 5425 δὲ
2632 5383 2720 5433 τὴν
2767 5372 2997 5437 ἂνάληψιν
3047 5373 3194 5422 αὐτοῦ
3226 5373 3416 5417 Triste-aa.

1823 5455 2074 5515 ἔδείινυτο,
2113 5456 2300 5522 ὕστερον
2329 5443 2658 5507 δὶγιὶᾶπτονα,
2700 5451 2822 5502 πλὴν
2851 5446 2930 5495 καὶ
2963 5447 3038 5494 νῦν
3067 5447 3138 5494 ἔτι
3161 5443 3266 5522 ira?
3289 5444 3415 5490 ἔστιν

1823 5529 1970 5580 αὐτοῦ
1995 5509 2106 5594 τιιιψν
2121 5509 2311 5594 saepe,
2346 5524 2430 5578 rite
2452 5521 2714 5594 pexae.
2746 5520 2983 5594 Aéﬂfai
3006 5517 3110 5574 ταῖς
3143 5509 3254 5564 κατ’
3271 5513 3415 5563 αὗτόν

1824 5603 2021 5666 πράξεσι
2043 5585 2424 5664 δίεχάθᾶρμένοιςμ
2458 5585 2575 5644 Lib.
2597 5585 2706 5666 vi],
2735 5602 2786 5656 p.
2817 5585 2940 5666 337.

1861 5658 1868 5706 -'
2016 5671 2116 5718 Καὶ
2138 5658 2344 5730 Evt-ix»:
2367 5669 2450 5718 τοῦ
2473 5665 2609 5732 ἁγίου
2639 5665 2810 5713 ἐκείνου
2839 5662 3248 5724 “unjust-cap...”
3278 5658 3414 5720 ποιρά

1823 5729 2113 5809 χριᾶτιανοῖς
2128 5729 2351 5801 σώςρτάυ
2377 5729 2651 5803 ἕξεπᾴδουσι
2674 5735 2916 5799 δαίμονας,
2949 5738 3032 5782 καὶ
3062 5729 3238 5788 πολλὰς
3264 5729 3412 5783 ἰάσεις

1821 5800 2110 5874 ὶτὶιτελοῦσι,
2135 5800 2218 5863 rati
2244 5809 2384 5878 δρῶσί
2408 5800 2525 5878 srvat
2544 5811 2669 5860 atat-cdt
2686 5812 2741 5861 τὸ
2772 5808 2999 5875 βούλημα.
3021 5805 3102 5858 τοῦ
3131 5807 3286 5870 Λόγου
3305 5800 3412 5868 περὲ

1824 5885 2108 5950 μελλόντων.
2137 5879 2254 5937 Lib.
2282 5879 2323 5947 l,
2350 5893 2470 5951 pag.
2497 5877 2586 5933 5|.
2621 5907 2629 5946 _.-
