3816 6276
398 327 507 390 133

397 537 554 593 tentia
576 552 673 591 non
698 544 828 589 recte
847 552 877 588 o
907 532 1164 602 Hamagio
1191 536 1439 602 exposita.
1493 533 1614 588 Non
1645 551 1801 588 unam
1829 534 1988 606 fuisse

399 631 496 685 hac
524 630 587 684 de
608 646 663 685 re
685 626 975 682 earumdem
1000 627 1351 681 [uerutis-orum
1376 628 1665 699 Opinionem
1689 667 1703 681 .

471 766 511 822 Ι.
548 765 787 821 Alterqu
818 762 1075 818 adversus
1098 758 1356 833 Martyres
1380 771 1749 833 argumentum
1786 761 1989 817 11101111-

400 864 517 931 gius
559 860 786 916 instituit
823 875 886 914 ex
935 856 1092 912 modo
1134 857 1249 926 ipso
1298 864 1351 912 et
1392 859 1650 929 qualitate
1689 856 1989 912 oblatarum

399 952 681 1022 Perpetua:
704 952 969 1005 visionum
999 964 1117 1014 uti-.e
1144 949 1241 1012 ipsi
1283 964 1387 1003 nun
1418 948 1664 1004 videntur
1697 950 1826 1004 satis
1867 964 1987 1002 cum

399 1047 659 1117 gravitate
688 1046 1039 1121 decentiaqne
1085 1041 1336 1117 conjungi
1368 1034 1382 1100 Ξ
1420 1063 1438 1096 1
1483 1043 1655 1099 ilomo
1698 1043 1750 1097 in
1811 1042 1989 1097 habitu

399 1140 631 1209 pastoris
673 1134 741 1194 de
780 1155 938 1195 caseo
988 1140 1128 1211 quod
1175 1139 1447 1211 ntuigebat
1478 1181 1493 1205 ,
1534 1137 1682 1194 dedit
1713 1135 1991 1205 Perpettne

397 1230 548 1301 quasi
565 1229 880 1289 buccellam.
903 1231 1035 1288 Hinc
1054 1233 1256 1302 colligit
1282 1233 1379 1287 Sibi
1404 1242 1628 1286 mortem
1651 1230 1949 1285 imminere.
1967 1246 1985 1281 1

401 1323 515 1379 Duo
558 1324 763 1382 scilicet
810 1327 860 1381 in
908 1326 1007 1383 hae
1061 1328 1337 1400 Perpetuus
1376 1326 1581 1383 visione
1609 1324 1855 1380 censoria
1894 1340 1989 1379 au-

397 1419 642 1473 ctoritate
686 1428 875 1475 notare
904 1419 1194 1491 Basnagius
1227 1419 1435 1475 videtur
1472 1438 1483 1472 :
1522 1418 1703 1474 l’ritno
1734 1418 1991 1472 humilem

395 1509 595 1566 Christi
644 1510 863 1583 figurant
910 1514 965 1570 in
1023 1514 1202 1568 habitu
1252 1515 1480 1583 pastoris
1524 1528 1654 1569 oves
1680 1512 1990 1583 mulgentis;

401 1602 670 1669 Secundo,
688 1606 827 1676 quod
859 1606 1090 1673 oblatam
1113 1604 1393 1674 Perpenna
1418 1603 1712 1660 buccellam
1733 1604 1991 1675 Perpetua

399 1708 454 1754 ct
474 1696 708 1759 Saturus
736 1698 1017 1770 insignum
1046 1696 1352 1768 acceperint
1384 1700 1573 1754 futurae
1603 1698 1812 1753 mortis.

468 1786 573 1843 Sed
604 1787 746 1842 nulla
780 1789 914 1843 ratio
938 1795 1054 1843 erat
1107 1802 1203 1844 cur
1238 1789 1428 1845 horum
1474 1791 1654 1859 aliquo
1682 1786 1987 1845 oti'endere-

399 1887 504 1934 tur.
536 1877 600 1933 Et
633 1880 698 1935 de
743 1880 914 1950 primo
959 1882 1173 1951 quidem
1227 1881 1525 1937 audiendus
1564 1879 1646 1937 Cl.
1681 1880 1989 1936 liolstenius

395 1972 450 2028 in
485 1970 669 2028 Notis:
704 1993 722 2025 ι
762 1970 1196 2043 1101111080111111110
1230 1984 1313 2029 est
1349 1973 1630 2045 Perpetua:
1656 1974 1899 2028 Christus
1927 1989 1987 2027 ea

397 2066 587 2132 forma,
618 2082 717 2137 qua
753 2065 924 2137 pictus
948 2067 1267 2122 cernebatur
1296 2067 1350 2123 in
1377 2066 1627 2123 oratoriis
1652 2076 1706 2122 et
1733 2065 1871 2122 vasis
1898 2080 1988 2121 sa-

397 2159 505 2215 cris
536 2160 748 2215 illorum
781 2169 1103 2232 temporum.
1137 2160 1268 2215 Nam
1298 2176 1418 2215 cum
1464 2161 1749 2231 Evangelia
1780 2160 1988 2216 titulum

397 2263 451 2309 et
482 2268 764 2323 personam
800 2255 1028 2325 pastoris
1081 2255 1349 2327 praecipue
1402 2252 1621 2311 Christo
1672 2254 1985 2321 attribuant,

396 2346 693 2417 gandi-bant
724 2347 1016 2417 primorum
1046 2356 1346 2417 temporum
1373 2348 1677 2405 Christiani
1708 2348 1844 2404 hanc
1872 2351 1990 2418 ejus

399 2436 835 2492 aniahilissimam
868 2438 1103 2508 Speciem
1131 2439 1384 2505 ﬁdelium,
1417 2439 1631 2497 nomine
1657 2442 1838 2497 ovium
1868 2457 1992 2512 pas-

398 2532 499 2586 sim
551 2531 991 2602 designatorunt,
1026 2531 1458 2604 frequentissime
1509 2532 1681 2589 oculis
1731 2533 1987 2605 obiicere.

398 2622 577 2680 ilabes
607 2622 656 2677 in
696 2620 865 2679 Roma
893 2624 1241 2681 subterranea
1271 2626 1412 2682 Bosii
1437 2667 1453 2694 ,
1487 2642 1605 2699 pag.
1640 2627 1731 2696 59,
1762 2635 1817 2682 et
1840 2626 1992 2682 dein-

398 2729 527 2785 ceps
559 2715 755 2770 multas
800 2716 1063 2787 imagines
1093 2732 1122 2771 0
1150 2717 1586 2774 ciemeteriorum
1633 2719 1992 2775 monumentis

400 2821 704 2876 expressas,
741 2806 792 2862 in
823 2807 1037 2881 quibus
1063 2807 1235 2867 ferme
1262 2811 1512 2867 omnibus
1538 2811 1784 2868 Christus
1814 2820 1993 2881 pasto-

404 2899 479 2953 t‘is
508 2899 687 2969 specie
727 2913 848 2954 cum
879 2900 1067 2957 ovibus
1112 2903 1364 2976 pingitur.
1408 2902 1464 2959 In
1495 2903 1658 2972 prima
1691 2903 1852 2958 etiam
1892 2902 1992 2957 hac

396 2992 512 3062 ipsa
531 2994 701 3049 forma
724 2992 811 3050 hic
835 3009 1114 3065 expressa,
1138 2997 1368 3067 pastoris
1384 3009 1521 3049 oves
1535 2994 1843 3063 mulgentis.
1873 2992 1989 3046 Non

395 3102 519 3142 raro
556 3090 714 3143 etiam
768 3088 1087 3160 piugebatur
1136 3088 1317 3142 ferens
1350 3088 1400 3140 in
1431 3083 1672 3139 humeris
1718 3092 1986 3153 repertam

392 3195 570 3244 ovem,
603 3195 720 3249 qua:
762 3179 993 3250 perierat
1023 3224 1038 3246 ,
1067 3179 1216 3247 juxta
1250 3176 1554 3246 parabolant
1602 3174 1960 3245 evangelicum

391 3272 552 3342 idque
585 3273 852 3342 pra'cipue
883 3271 934 3325 in
961 3264 1397 3338 caiicibus,qnod
1419 3265 1990 3322 indicatTertullianus

392 3367 444 3419 in
463 3365 597 3419 libro
610 3366 677 3419 de
691 3364 947 3418 Pudicitia
961 3374 1144 3417 eontra
1162 3361 1233 3417 Ca
1242 3361 1467 3416 thollcos
1486 3363 1771 3432 scripto,ca
1780 3361 1892 3430 p.7,
1911 3361 1991 3417 his

390 3457 571 3513 verbis
599 3473 610 3508 :
636 3457 683 3513 Α
711 3456 975 3526 parabolis
1007 3454 1187 3513 licebit
1224 3456 1469 3527 incipias,
1508 3455 1594 3511 ubi
1615 3466 1699 3511 est
1728 3458 1844 3509 ovis
1873 3471 1993 3527 per-

394 3549 523 3613 dita,
572 3563 602 3602 a
654 3548 765 3602 Deo
823 3546 1077 3618 requisita
1141 3557 1196 3603 et
1251 3547 1490 3605 humeris
1552 3549 1668 3617 ejus
1740 3557 1988 3612 revecta;

394 3641 685 3711 procedant
728 3641 858 3711 ipsze
908 3641 1129 3712 pictura:
1170 3644 1393 3698 calicum
1441 3654 1771 3708 vestrorum,
1815 3645 1858 3697 si
1909 3645 1990 3698 vel

395 3734 449 3788 in
482 3733 586 3788 illis
619 3733 909 3802 periucehit
948 3735 1315 3805 interpretatio
1344 3736 1561 3806 pecudis
1605 3734 1747 3791 illius
1778 3778 1792 3803 ,
1826 3750 1927 3793 etc.
1970 3758 1987 3789 1

470 3825 671 3894 Quibus
695 3825 855 3889 addo,
889 3828 938 3881 in
968 3843 1130 3897 opere
1178 3828 1356 3883 italico
1384 3829 1653 3883 illustriss.
1706 3837 1759 3883 et
1796 3824 1879 3884 Cl.
1909 3845 1995 3885 se-

396 3920 600 3974 natoris
630 3918 855 3990 Philippi
885 3918 1219 3988 Buonarotli,
1275 3920 1426 3992 cujus
1478 3921 1662 3976 titulus
1688 3938 1700 3975 :
1731 3920 1993 3976 Osserva-

396 4014 534 4068 zioni
559 4029 715 4083 supra
738 4015 913 4069 alcuni
936 4014 1263 4071 Frammenti
1283 4014 1333 4070 di
1379 4010 1501 4071 Vasi
1531 4012 1729 4069 antichi
1762 4014 1813 4069 di
1842 4024 1995 4069 vetro

397 4106 569 4162 ornati
605 4106 656 4162 di
690 4105 888 4179 ﬁgure,
927 4108 1114 4163 trovati
1147 4108 1230 4162 ne‘
1260 4106 1489 4178 cimiterj
1528 4107 1579 4162 di
1612 4107 1814 4173 Roma;
1845 4106 1994 4177 plura

396 4214 618 4255 cernere
654 4216 775 4256 esse
805 4208 1043 4257 veterum
1067 4201 1295 4257 calicum
1340 4208 1529 4271 ectvpa
1583 4200 1683 4256 hac
1711 4188 1907 4256 Christi
1937 4200 1997 4254 ﬁ-

399 4309 548 4362 gura,
580 4293 680 4347 sub
704 4293 826 4349 boni
851 4278 1081 4365 pastoris
1133 4292 1338 4360 habitu,
1369 4294 1617 4363 insignita
1646 4335 1661 4360 ,
1694 4293 1770 4347 uti
1801 4289 1907 4346 tab.
1940 4292 1991 4357 5,

400 4384 746 4455 113.1012,01
779 4388 886 4442 tab.
911 4387 1062 4457 6,ﬁg.
1086 4385 1282 4442 2.Vid.
1309 4388 1467 4442 etiam
1482 4382 1612 4443 Tal).
1648 4386 1697 4454 1,
1724 4376 1837 4459 Fig.
1869 4384 1918 4455 1,
1945 4397 1998 4443 01

401 4476 594 4532 Tabul.
614 4481 666 4544 4,
693 4494 967 4533 nummum
997 4492 1197 4533 teri-um
1229 4478 1798 4551 majOrisntodi.vulgo
1819 4476 1997 4533 Meda-

401 4570 606 4641 giione,
637 4586 701 4623 ex
733 4582 956 4640 ntraque
987 4580 1137 4639 parte
1163 4570 1343 4639 Specie
1386 4566 1509 4625 boni
1542 4572 1767 4640 pastoris
1800 4572 1997 4626 11150111-

402 4673 572 4734 ptum,
606 4677 726 4731 quae
752 4664 928 4716 omnia
951 4661 1279 4717 doctissimis
1307 4664 1773 4719 observationibus
1794 4663 1874 4719 Cl.
1900 4680 1995 4719 au-

404 4765 517 4813 ctor
536 4753 786 4810 illustrat.
813 4753 916 4809 Sed
943 4755 993 4808 in
1012 4768 1123 4809 rem
1148 4764 1386 4809 nostram
1415 4753 1996 4831 maxitnefaciuntqtne

402 4850 471 4906 de
494 4851 659 4921 ﬁgura
689 4848 746 4915 2,
780 4850 886 4904 tab.
914 4849 967 4916 6,
997 4849 1213 4903 disserit
1234 4850 1285 4903 in
1315 4850 1431 4908 hare
1450 4852 1605 4908 verba
1635 4871 1647 4906 :
1679 4873 1698 4906 1
1727 4854 1782 4909 111
1808 4867 1997 4926 questo

403 4939 748 4996 Frammentn
779 4943 821 4997 si
848 4940 1032 4997 vedeil
1066 4949 1246 5012 pastor
1285 4940 1465 4999 huono
1487 4945 1566 5001 fra
1598 4946 1701 5003 due
1726 4963 1935 5017 pecore,
1965 4966 1998 5006 ο

402 5034 571 5091 Aricti
602 5035 683 5091 co‘
702 5036 840 5091 soliti
864 5034 1028 5091 calcei
1072 5033 1126 5089 di
1156 5033 1302 5091 fasce
1327 5044 1679 5097 attraversate
1704 5054 1732 5094 a
1768 5044 1919 5112 spina
1947 5040 1999 5096 di

402 5143 587 5200 pesce.
621 5129 677 5184 Si
705 5129 802 5184 dce
825 5143 1113 5184 osservare
1142 5145 1173 5185 a
1224 5143 1386 5189 canto
1412 5137 1463 5190 ai
1496 5137 1790 5194 utedesitno
1818 5137 2005 5208 quella-

403 5222 747 5287 sccchiolina,
776 5237 810 5279 0
834 5235 960 5277 vaso
996 5222 1047 5278 di
1096 5226 1243 5290 iatte,
1276 5225 1324 5281 la
1367 5229 1523 5298 qnale
1550 5232 1593 5284 si
1641 5228 1776 5283 vede
1805 5243 1999 5283 ancora

403 5314 551 5373 uelle
599 5319 799 5388 pitture
828 5318 912 5375 de’
942 5321 1171 5393 cimiterj
1220 5323 1319 5394 (l),
1354 5337 1385 5378 e
1432 5319 1814 5392 specialiuente
1859 5322 2000 5376 uella

406 5407 581 5464 tavola
614 5410 753 5466 5del
796 5423 940 5468 sesto
971 5414 1241 5481 cubiculo,
1275 5415 1362 5470 del
1403 5412 1668 5470 cimiterio
1695 5411 1746 5468 di
1777 5411 1997 5483 Calisto,

403 5513 591 5570 presso
618 5502 962 5577 l‘Arrioghio,
987 5508 1089 5564 ella
1122 5509 1165 5564 si
1199 5507 1331 5561 vede
1352 5513 1612 5560 attaccata
1645 5505 1711 5560 ad
1739 5522 1807 5559 nn
1842 5508 1995 5576 pudo,

401 5612 437 5648 υ
468 5598 732 5664 pastorale
773 5611 956 5656 tenuto
985 5601 1051 5657 da
1080 5598 1168 5658 un’
1190 5600 1400 5670 agnello
1425 5614 1455 5654 a
1483 5602 1714 5673 giaeere,
1743 5617 1836 5673 per
1865 5604 1999 5658 sitn-

409 5688 535 5748 hoio
580 5690 669 5748 dci
718 5693 856 5750 huon
911 5706 1165 5764 pastore;
1195 5692 1406 5764 a’piedi
1458 5694 1545 5766 poi
1588 5694 1675 5752 del
1709 5697 2002 5757 medesimo

488 5850 569 5923 (1)
603 5849 850 5920 Arringh.
885 5848 992 5905 tab.
1024 5847 1077 5913 6,
1102 5850 1216 5906 cub.
1246 5852 1300 5921 3,
1326 5848 1499 5911 Cum].
1526 5851 1752 5912 Callisti.

1560 314 2011 379 DiSSEftTATiO
2048 315 2524 378 APOLOCETICA
3148 316 3156 325 '
3589 300 3665 368 114

472 442 607 501 VIII.
640 438 1064 498 Montanistarnm
1086 437 1148 494 de
1181 440 1511 511 receptaculis
1537 442 1825 496 animarum
1870 457 1988 497 sen-
2017 440 2063 501 A
2095 448 2307 510 pastore
2352 439 2491 495 uella
2542 437 2713 494 tavoia
2747 435 2773 493 1
2818 432 2906 492 del
2944 430 3179 491 secundo
3233 429 3484 490 cubiculo
3512 425 3667 488 deicio

2096 533 2306 587 miti-rio
2348 532 2571 587 disanta
2595 529 2885 601 Agnesa,si
2915 527 3052 584 vede
3072 527 3104 582 il
3130 526 3275 583 Pedo
3305 541 3407 581 con
3441 541 3515 581 un
3543 539 3665 593 vaso,

2095 639 2178 678 ma
2209 622 2260 677 di
2307 603 2479 695 ﬁgura
2524 621 2755 683 diversa,
2804 637 2835 675 e
2863 635 2963 676 con
3001 636 3070 674 nn
3126 620 3337 677 manico
3388 618 3455 674 da
3510 626 3658 688 parte.

2093 714 2276 783 Quesﬁ
2320 714 2433 770 vasi
2478 715 2561 769 de’
2602 713 2799 785 pastori
2826 714 2869 768 si
2895 713 3153 769 dicevano
3189 731 3209 765 1
3239 712 3667 777 ntulclrat,omu—
3760 710 3761 769 ἒ

2095 806 2296 861 lctralia
2316 804 2392 878 (1)
2416 822 2427 858 :
2457 824 2475 858 1
2495 805 2542 860 la
2567 804 2687 876 qual
2707 814 2849 862 serta
2864 803 2913 858 di
2933 819 3061 859 vaso
3085 804 3137 859 in
3159 804 3350 862 Graeco
3363 804 3406 858 si
3420 802 3668 859 chiamat’a

2098 909 2278 966 πξλλα,
2332 901 2398 954 011
2446 916 2537 956 era
2593 898 2775 956 simile
2826 901 2933 957 alio
2980 900 3146 964 scifo,
3196 917 3279 956 ma
3329 901 3380 955 di
3429 900 3598 958 fondo
3619 903 3671 956 al-

2095 1003 2295 1063 quauto
2324 992 2409 1064 piu
2453 992 2621 1064 largo,
2655 1010 2686 1049 e
2734 1009 2866 1066 pero
2912 1010 3019 1049 non
3048 992 3478 1065 dissentigliante
3512 1009 3670 1067 troppo

2096 1085 2180 1141 dal
2233 1096 2443 1147 nostro,
2487 1096 2539 1141 et
2583 1087 2792 1142 serviva
2824 1085 3210 1157 specialmente
3243 1103 3337 1156 per
3376 1092 3671 1160 muguereil

2095 1179 2220 1234 ialte
2240 1177 2336 1252 (Ξ).
2359 1178 2460 1236 Un‘
2485 1181 2624 1235 altrn
2640 1197 2767 1235 vaso
2797 1179 2848 1236 di
2876 1181 3001 1236 iatte
3023 1198 3112 1237 era
3135 1183 3408 1239 nominato
3438 1182 3671 1255 Siuo(3),

2107 1271 2143 1328 il
2176 1274 2332 1344 quale
2386 1272 2621 1337 secundo
2656 1275 2700 1328 la
2759 1272 2896 1330 forza
2936 1274 3018 1330 del
3071 1291 3230 1331 nume
3281 1292 3399 1331 sura
3430 1276 3583 1333 stati;
3612 1278 3673 1348 pii;

2096 1363 2299 1435 grande
2353 1364 2438 1420 del
2485 1375 2668 1420 nostro
2702 1365 2908 1435 pieroio
2935 1381 3086 1432 vaso,
3130 1378 3214 1423 etc
3246 1411 3258 1428 .
3288 1377 3395 1423 etc.
3423 1366 3494 1423 Et
3517 1368 3674 1423 inira:

2097 1455 2200 1511 Per
2225 1466 2440 1512 tornare
2471 1458 2519 1511 al
2570 1466 2755 1513 nostro
2786 1458 2994 1528 piccolo
3018 1474 3147 1513 vaso
3166 1457 3218 1513 di
3246 1459 3373 1516 iatte
3402 1470 3625 1516 accanto
3643 1460 3675 1515 al

2097 1549 2239 1605 buon
2272 1562 2501 1622 pastore,
2545 1550 2598 1606 io
2625 1551 2677 1607 lo
2702 1551 2866 1608 credo
2907 1551 3037 1607 fatto
3079 1567 3182 1608 non
3231 1555 3349 1609 solo
3399 1570 3500 1626 per
3533 1555 3678 1612 conti-

2099 1645 2361 1701 nuazione
2383 1643 2505 1700 dell'
2527 1644 2780 1717 allegoria
2803 1644 2906 1701 alie
2932 1662 3058 1701 cose
3086 1645 3354 1716 pastorali,
3374 1664 3461 1702 ma
3483 1649 3541 1703 in
3576 1649 3678 1705 oltre

2098 1736 2150 1791 lo
2174 1737 2386 1807 giudico
2415 1739 2564 1809 quasi
2590 1754 2684 1809 per
2709 1754 2810 1793 una
2831 1738 3015 1810 ﬁgura,
3038 1739 3121 1797 dei
3155 1739 3495 1796 divinissimo
3524 1758 3679 1799 sacra~

2022 1837 2068 1898 Β
2098 1837 2279 1885 mento
2319 1828 2444 1884 dcil’
2464 1829 2651 1898 altare,
2681 1826 2711 1885 ὁ
2741 1830 2825 1884 cio
2852 1845 2999 1901 pare,
3026 1830 3126 1885 che
3166 1832 3208 1887 s‘i
3243 1833 3403 1887 riravi
3436 1832 3593 1906 dagli
3613 1834 3677 1889 alti

2094 1918 2450 1975 antichissimi
2474 1921 2616 1976 delle
2657 1931 2811 1977 sante
2861 1921 3123 1997 Perpetua
3154 1943 3183 1980 e
3214 1924 3462 1992 Fciicita,
3497 1927 3677 1983 dovesi

2093 2008 2213 2065 dice
2235 2011 2334 2065 che
2378 2018 2528 2067 Santa
2559 2011 2823 2079 Perpetua
2858 2014 3037 2070 riccve
3085 2017 3134 2069 iu
3170 2017 3377 2072 visione
3405 2017 3493 2072 dal
3523 2016 3681 2075 divino

2095 2110 2308 2171 pastore
2329 2100 2414 2156 dei
2446 2100 2572 2158 latte
2593 2121 2604 2156 :
2628 2124 2647 2157 1
2678 2105 2747 2160 Et
2770 2107 2835 2160 de
2865 2121 3026 2161 caseo
3054 2108 3194 2178 quod
3221 2110 3494 2181 ntulgebat
3514 2153 3534 2177 ,
3562 2109 3682 2167 dedit

2093 2195 2227 2252 mihi
2250 2199 2397 2265 quasi
2431 2197 2753 2265 buccellam,
2784 2211 2837 2255 et
2868 2217 2968 2271 ego
2996 2205 3180 2273 accepi
3207 2204 3410 2274 junctis
3453 2209 3683 2263 manibus

2094 2298 2148 2344 et
2178 2288 2534 2355 manducavi,
2585 2298 2639 2344 et
2691 2291 2920 2346 universi
2963 2275 3374 2352 circumstantes
3412 2297 3679 2365 dixerunt,

2095 2378 2290 2436 Amen.
2326 2401 2344 2433 ¢
2371 2380 2663 2449 Funzioni,
2688 2384 2753 2439 ed
2803 2384 2898 2441 alti
2920 2385 3083 2442 divoti
3114 2388 3261 2444 soliti
3308 2391 3599 2461 praticarsi
3634 2391 3683 2446 da

2095 2472 2345 2528 Cristiani
2407 2475 2605 2531 antichi
2683 2478 2767 2534 uel
2820 2483 3063 2536 ricevcre
3111 2482 3160 2538 la
3233 2492 3386 2538 sauta
3458 2500 3683 2541 commu-

2096 2562 2254 2622 niouc
2287 2567 2367 2642 (4)
2401 2584 2430 2624 0
2457 2572 2633 2642 quelle
2661 2572 2841 2641 parole
2860 2573 2997 2629 delia
3030 2576 3239 2632 cantica
3266 2577 3347 2647 (5)
3380 2596 3392 2633 :
3420 2597 3441 2631 ι
3480 2578 3600 2634 Bibi
3627 2580 3682 2633 vi-

2097 2672 2221 2713 ntnn
2268 2677 2443 2716 meum
2474 2679 2594 2717 cum
2620 2664 2755 2721 lacte
2787 2680 2906 2720 meo
2934 2686 2976 2728 1,
3012 2682 3146 2722 sono
3176 2670 3443 2739 applieate
3469 2672 3544 2727 da
3575 2674 3685 2728 sant'

2093 2751 2545 2826 Am‘brogio(6)ai
2579 2756 3687 2821 sacramentodell'EucaristiaNedendosi

2093 2858 2353 2913 appresso
2379 2845 2701 2916 l‘Arringhio
2730 2850 2869 2905 uelle
2895 2852 3092 2920 pitture
3116 2853 3254 2909 delia
3273 2854 3413 2908 volta
3440 2856 3535 2911 dei
3561 2873 3688 2913 nono

2093 2934 2334 2989 cubicoio
2387 2937 2474 2990 del
2510 2937 2774 2992 cimiterio
2817 2941 2901 2994 dc’
2934 2940 3070 2996 santi
3104 2943 3431 3012 Marcellino,
3460 2963 3491 3004 e
3523 2948 3689 3005 Pietru

2093 3026 2182 3079 un‘
2206 3027 2418 3094 agnello
2447 3029 2581 3081 colla
2616 3029 2811 3096 palma,
2843 3034 2943 3086 che
2972 3033 3034 3085 ha
3069 3036 3205 3089 suile
3229 3037 3401 3104 spalle
3433 3054 3502 3092 un
3563 3042 3689 3096 simil

2094 3126 2322 3184 vasetto,
2357 3117 2668 3173 circondato
2726 3121 2808 3173 col
2858 3121 3060 3184 nimbo,
3112 3138 3146 3178 ο
3192 3125 3270 3177 sia
3327 3124 3605 3193 diadema,
3640 3130 3693 3188 ed
3760 3160 3761 3193 l

1970 3218 1986 3288 ζ
2016 3224 2060 3288 c
2093 3210 2324 3266 essendo
2345 3213 2485 3280 quivi
2512 3213 2736 3268 lostesso
2753 3215 2962 3284 agnello
2979 3215 3118 3287 negli
3150 3217 3323 3288 angoli
3352 3218 3493 3274 delia
3518 3224 3693 3279 mede-

2094 3303 2228 3357 sima
2252 3303 2391 3357 volta
2410 3303 2509 3357 ben
2529 3312 2739 3374 quattro
2761 3305 3139 3377 voltedipinto,
3162 3308 3506 3378 hodubitato,
3528 3329 3589 3369 se
3608 3332 3691 3386 per

2094 3394 2305 3451 fortuna
2331 3411 2399 3452 ue
2426 3398 2589 3467 tempi
2614 3396 2702 3467 pii:
2728 3397 2924 3453 antichi
2951 3411 3365 3456 conservassem
3384 3403 3434 3457 in
3465 3419 3538 3461 un
3571 3423 3687 3462 vaso

2095 3490 2268 3547 simile
2303 3500 2458 3562 posto
2495 3506 2651 3562 supra
2685 3506 2776 3559 un,
2834 3493 3045 3564 agnelio
3089 3492 3135 3548 la
3174 3503 3325 3550 santa
3375 3494 3682 3564 Eucaristia,

2094 3583 2329 3640 siccome
2380 3583 2426 3639 si
2469 3585 2752 3640 servirono
2797 3586 2884 3656 poi
2940 3585 3023 3655 pel
3065 3585 3360 3642 medesimo
3400 3589 3683 3647 ministerio

2096 3676 2147 3732 di
2178 3676 2314 3743 vasi,
2344 3676 2448 3732 che
2477 3692 2645 3733 avean
2682 3680 2727 3731 la
2759 3679 2931 3733 forma
2959 3680 3105 3736 delia
3129 3680 3395 3737 colomba.
3426 3680 3482 3736 in
3512 3696 3681 3755 queste

2096 3786 2223 3827 (δοςο
2252 3769 2432 3843 perde
2461 3772 2597 3828 bene
2624 3773 2967 3837 l‘osservare,
3004 3790 3085 3828 ma
3123 3775 3345 3846 bisogna
3378 3788 3559 3835 tenere
3580 3796 3681 3835 sos-

2098 3878 2228 3934 peso
2255 3864 2287 3919 il
2335 3862 2590 3935 giudizio,
2627 3865 2746 3920 sino
2775 3866 2877 3921 che
2899 3868 2941 3921 si
2974 3867 3204 3923 abbiano
3245 3870 3364 3923 altri
3390 3870 3671 3926 riscontri.»

2099 3959 2224 4020 Huic
2262 3958 2653 4014 illustrissimus
2698 3972 2936 4025 senator,
2962 3962 3048 4032 qui
3078 3962 3240 4017 etiam
3275 3963 3517 4019 observat
3536 3962 3666 4033 ejus-

2099 4051 2220 4107 dem
2254 4051 2482 4122 pastoris
2525 4054 2760 4108 tunicam
2792 4053 2841 4108 in
2885 4052 3122 4109 inferiori
3167 4062 3319 4125 parte
3345 4052 3548 4111 duobus
3568 4069 3675 4109 05ςο

2100 4143 2339 4209 orbibus,
2373 4158 2465 4198 seu
2496 4143 2658 4199 bullis
2684 4156 2948 4211 ornatam,
2978 4161 3146 4216 eaque
3161 4146 3677 4204 ornamentaiuhiscc

2100 4235 2380 4305 Perpetua:
2406 4246 2457 4291 et
2488 4236 2782 4291 Felicitatis
2809 4238 2943 4292 actis
2970 4253 2999 4291 a
3026 4252 3199 4308 graeca
3227 4254 3361 4295 voce
3385 4245 3553 4301 κάλλος
3579 4238 3674 4293 0111-
3760 4310 3761 4315 η

2102 4329 2288 4385 liculas
2317 4331 2611 4401 appellari:
2666 4331 2936 4399 fuisseque
2971 4342 3028 4384 ut
3082 4332 3371 4400 plurimum
3423 4349 3577 4388 aurea
3606 4331 3675 4386 vel

2101 4431 2373 4493 argentea,
2406 4434 2461 4476 ut
2489 4438 2555 4477 ex
2584 4423 2786 4477 eisdem
2816 4423 2968 4476 Actis
2999 4431 3336 4492 compertum
3360 4437 3464 4493 est,
3495 4436 3547 4482 et
3573 4425 3676 4479 aliis

2101 4517 2337 4587 antiquis
2391 4516 2576 4586 figuris
2620 4515 2757 4585 apud
2805 4514 3150 4571 Latnbecium
3200 4516 3284 4588 (7)
3314 4561 3327 4582 ,
3372 4530 3427 4575 et
3479 4518 3674 4574 Petrum

2023 4622 2077 4686 ι)
2104 4609 2355 4666 Sanctam
2388 4609 2660 4664 Bartolum
2690 4607 2806 4679 (8),
2840 4619 2894 4663 et
2947 4609 3086 4679 apud
3136 4609 3449 4667 Vaticanum
3494 4609 3674 4681 Virgilii

2101 4702 2376 4772 exemplar
2425 4709 2664 4769 tempore
2694 4699 3034 4756 Constantini
3075 4701 3254 4774 magni
3281 4714 3557 4759 exaratum
3588 4701 3672 4773 (9).

2203 4990 2253 5059 l)
2274 4990 2458 5045 Servio
2481 5003 2638 5061 supra
2668 4990 2900 5062 l‘Egloga
2924 4994 2979 5051 ὅ.

2200 5063 2255 5121 2)
2282 5064 2485 5117 Ateneo
2507 5079 2611 5123 LXI,
2636 5064 2705 5118 cI.
2741 5065 2827 5119 M.

2203 5132 2257 5206 5)
2291 5132 2479 5206 §ervio
2504 5150 2656 5206 sopra
2690 5134 2923 5206 l’Egloga
2954 5136 3009 5200 7,
3042 5134 3231 5202 Nonio,
3263 5155 3312 5194 c.
3339 5139 3424 5194 15.

2200 5202 2506 5279 differta".
2544 5205 2606 5279 de
2633 5202 2886 5279 Spei-ioc.w
2899 5223 3019 5277 cap.
3054 5206 3146 5264 25.
3176 5208 3424 5265 Cornelio
3441 5221 3557 5279 app.

2104 5274 2216 5332 seli.
2239 5274 2467 5352 ⁷1111101),
2488 5276 2586 5352 lib.
2619 5294 2688 5340 v1,
2706 5277 2920 5352 0111145.
2954 5274 3173 5352 Dionys.
3198 5298 3320 5348 app.
3350 5274 3567 5339 Ensél»,
3594 5274 3671 5328 iib-

2103 5364 2197 5416 vn,
2247 5364 2365 5417 cap.
2397 5348 2449 5405 9.
2480 5350 2536 5405 S.
2587 5353 2769 5420 Agest.
2817 5350 2986 5405 Serm.
3042 5348 3107 5405 ad
3145 5355 3329 5435 infant.
3360 5355 3425 5407 de
3456 5352 3671 5433 Sacrum.

2105 5419 2164 5476 S.
2198 5422 2449 5476 Ambros.
2475 5422 2512 5476 1.
2547 5437 2597 5475 ιν
2638 5422 2699 5475 de
2729 5422 2995 5479 Sacramu
3025 5438 3142 5479 can.
3185 5425 3238 5479 5.
3273 5426 3330 5479 S.
3361 5420 3542 5479 Cvnll.
3582 5415 3672 5471 Ca-

2106 5426 2164 5476 S.
2198 5426 2449 5476 Ambros.
2475 5426 2512 5476 1.
2547 5437 2597 5475 ιν
2638 5426 2699 5475 de
2729 5426 2995 5487 Sacram,
3025 5438 3142 5495 cap.
3185 5426 3238 5479 5.
3273 5426 3330 5481 S.
3361 5426 3542 5499 Cyrill.

2106 5492 2240 5550 teclt.
2274 5491 2325 5547 5.
2360 5492 2393 5545 il
2424 5492 2629 5548 Coucil.
2662 5495 2715 5548 in
2736 5492 2942 5549 Trullo.
2966 5512 3087 5551 can.
3136 5495 3257 5551 102.

2205 5565 2259 5634 5)
2302 5563 2454 5620 (LL.
2500 5562 2565 5621 v.
2615 5565 2666 5621 1.

2200 5640 2255 5706 6)
2299 5638 2371 5691 De
2396 5638 2569 5699 Sam,
2600 5637 2632 5692 I.
2666 5653 2717 5703 v,
2747 5652 2867 5707 cap.
2890 5638 2943 5690 5.

2287 5709 2420 5785 βίω.
2445 5708 2747 5785 ϐίΐδοηιέξί).
2776 5709 3124 5785 d,__App_end.,
3152 5728 3214 5785 ι).
3234 5714 3358 5769 501.

2180 5771 2258 5855 (8)
2287 5779 2488 5855 Pitture
2526 5771 2741 5855 antichi:
2769 5771 2918 5855 delle
2942 5771 3129 5841 Crotte
3154 5771 3220 5842 'di
3260 5786 3444 5850 Roma,
3477 5784 3579 5831 tav.
3618 5771 3666 5827 ι.

2288 5856 2421 5908 Ante
2445 5852 2500 5907 2.
2524 5850 2741 5909 JEueid.
2772 5852 2987 5909 librum.
