  <div class='ocr_page' id='page_1' title='image "/cluster/home/n/w/nwhite01/storage/ocr_20150623/3/uva.x000669812/114.png"; bbox 0 0 3816 6276; ppageno 0'>
   <div class='ocr_carea' id='block_1_1' title="bbox 148 394 247 456">
    <p class='ocr_par' dir='ltr' id='par_1_1' title="bbox 148 394 247 456">
     <span class='ocr_line' id='line_1_1' title="bbox 148 394 247 456; baseline 0 0"><span class='ocrx_word' id='word_1_1' title='bbox 148 394 247 456; x_wconf 72' lang='grc'><strong>125</strong></span> 
     </span>
    </p>
   </div>
   <div class='ocr_carea' id='block_1_2' title="bbox 968 393 2504 468">
    <p class='ocr_par' dir='ltr' id='par_1_2' title="bbox 968 393 2504 468">
     <span class='ocr_line' id='line_1_2' title="bbox 968 393 2504 468; baseline 0.002 -11"><span class='ocrx_word' id='word_1_2' title='bbox 968 393 1100 457; x_wconf 81' lang='lat' dir='ltr'><strong>PRO</strong></span> <span class='ocrx_word' id='word_1_3' title='bbox 1133 395 1230 458; x_wconf 89' lang='lat' dir='ltr'><strong>SS.</strong></span> <span class='ocrx_word' id='word_1_4' title='bbox 1268 396 1660 468; x_wconf 75' lang='lat' dir='ltr'><strong>PERPETUA,</strong></span> <span class='ocrx_word' id='word_1_5' title='bbox 1698 396 2106 461; x_wconf 70' lang='lat' dir='ltr'><strong>FEUUITATE</strong></span> <span class='ocrx_word' id='word_1_6' title='bbox 2144 403 2231 461; x_wconf 86' lang='lat' dir='ltr'><strong>ET</strong></span> <span class='ocrx_word' id='word_1_7' title='bbox 2270 402 2504 463; x_wconf 82' lang='lat' dir='ltr'><strong>SOCIIS.</strong></span> 
     </span>
    </p>
   </div>
   <div class='ocr_carea' id='block_1_3' title="bbox 3286 405 3427 499">
    <p class='ocr_par' dir='ltr' id='par_1_3' title="bbox 3286 405 3427 499">
     <span class='ocr_line' id='line_1_3' title="bbox 3286 405 3427 499; baseline 0.014 -34"><span class='ocrx_word' id='word_1_8' title='bbox 3286 405 3427 499; x_wconf 72' lang='lat' dir='ltr'><strong>ne</strong></span> 
     </span>
    </p>
   </div>
   <div class='ocr_carea' id='block_1_4' title="bbox 208 514 3394 594">
    <p class='ocr_par' dir='ltr' id='par_1_4' title="bbox 208 514 3394 594">
     <span class='ocr_line' id='line_1_4' title="bbox 208 514 3394 594; baseline 0.003 -25"><span class='ocrx_word' id='word_1_9' title='bbox 208 515 311 573; x_wconf 78' lang='lat' dir='ltr'><strong>Sed</strong></span> <span class='ocrx_word' id='word_1_10' title='bbox 337 523 392 571; x_wconf 90' lang='lat' dir='ltr'><strong>at</strong></span> <span class='ocrx_word' id='word_1_11' title='bbox 416 523 518 589; x_wconf 65' lang='grc' dir='ltr'><strong>πρὸς</strong></span> <span class='ocrx_word' id='word_1_12' title='bbox 538 519 587 571; x_wconf 72' lang='grc' dir='ltr'><strong>τὸ</strong></span> <span class='ocrx_word' id='word_1_13' title='bbox 610 516 873 587; x_wconf 69' lang='grc' dir='ltr'><strong>πρόϐλημα.</strong></span> <span class='ocrx_word' id='word_1_14' title='bbox 919 517 1194 573; x_wconf 80' lang='lat' dir='ltr'><strong>redeamus</strong></span> <span class='ocrx_word' id='word_1_15' title='bbox 1218 557 1234 580; x_wconf 86' lang='lat'><strong><em>.</em></strong></span> <span class='ocrx_word' id='word_1_16' title='bbox 1268 518 1334 572; x_wconf 91' lang='lat' dir='ltr'><strong>iis</strong></span> <span class='ocrx_word' id='word_1_17' title='bbox 1357 531 1479 588; x_wconf 74' lang='lat' dir='ltr'><strong>qua:</strong></span> <span class='ocrx_word' id='word_1_18' title='bbox 1512 531 1542 570; x_wconf 88' lang='lat' dir='ltr'><strong>a</strong></span> <span class='ocrx_word' id='word_1_19' title='bbox 1571 516 1697 571; x_wconf 87' lang='lat' dir='ltr'><strong>viris</strong></span> <span class='ocrx_word' id='word_1_20' title='bbox 1723 514 1777 577; x_wconf 84' lang='lat' dir='ltr'><strong>A</strong></span> <span class='ocrx_word' id='word_1_21' title='bbox 1801 516 1918 583; x_wconf 87' lang='lat' dir='ltr'><strong>dos,</strong></span> <span class='ocrx_word' id='word_1_22' title='bbox 1961 518 2056 572; x_wconf 81' lang='lat' dir='ltr'><strong>sed</strong></span> <span class='ocrx_word' id='word_1_23' title='bbox 2100 521 2554 579; x_wconf 82' lang='lat' dir='ltr'><strong>consummandos</strong></span> <span class='ocrx_word' id='word_1_24' title='bbox 2608 523 2889 593; x_wconf 80' lang='lat' dir='ltr'><strong>martyrio.</strong></span> <span class='ocrx_word' id='word_1_25' title='bbox 2933 522 3059 579; x_wconf 63' lang='lat' dir='ltr'><strong>Haec</strong></span> <span class='ocrx_word' id='word_1_26' title='bbox 3101 523 3242 580; x_wconf 89' lang='lat' dir='ltr'><strong>enim</strong></span> <span class='ocrx_word' id='word_1_27' title='bbox 3272 530 3394 594; x_wconf 82' lang='lat' dir='ltr'><strong>post</strong></span> 
     </span>
    </p>
   </div>
   <div class='ocr_carea' id='block_1_5' title="bbox 151 607 1694 681">
    <p class='ocr_par' dir='ltr' id='par_1_5' title="bbox 151 607 1694 681">
     <span class='ocr_line' id='line_1_5' title="bbox 151 607 1694 681; baseline 0.001 -15"><span class='ocrx_word' id='word_1_28' title='bbox 151 607 458 666; x_wconf 74' lang='lat' dir='ltr'><strong>doctissimis</strong></span> <span class='ocrx_word' id='word_1_29' title='bbox 492 616 714 662; x_wconf 79' lang='lat' dir='ltr'><strong>annotata</strong></span> <span class='ocrx_word' id='word_1_30' title='bbox 768 617 914 664; x_wconf 86' lang='lat' dir='ltr'><strong>sunt</strong></span> <span class='ocrx_word' id='word_1_31' title='bbox 953 610 1080 666; x_wconf 90' lang='lat' dir='ltr'><strong>illud</strong></span> <span class='ocrx_word' id='word_1_32' title='bbox 1126 609 1285 666; x_wconf 82' lang='lat' dir='ltr'><strong>etiam</strong></span> <span class='ocrx_word' id='word_1_33' title='bbox 1333 609 1593 681; x_wconf 66' lang='lat' dir='ltr'><strong>adiungo,</strong></span> <span class='ocrx_word' id='word_1_34' title='bbox 1643 609 1694 667; x_wconf 97' lang='lat' dir='ltr'><strong>id</strong></span> 
     </span>
    </p>
   </div>
   <div class='ocr_carea' id='block_1_6' title="bbox 156 699 1690 778">
    <p class='ocr_par' dir='ltr' id='par_1_6' title="bbox 156 699 1690 778">
     <span class='ocr_line' id='line_1_6' title="bbox 156 699 1690 778; baseline 0 -19"><span class='ocrx_word' id='word_1_35' title='bbox 156 718 317 778; x_wconf 88' lang='lat' dir='ltr'><strong>genus</strong></span> <span class='ocrx_word' id='word_1_36' title='bbox 337 700 581 772; x_wconf 80' lang='lat' dir='ltr'><strong>imaginum</strong></span> <span class='ocrx_word' id='word_1_37' title='bbox 601 699 957 759; x_wconf 78' lang='lat' dir='ltr'><strong>Moatanistis</strong></span> <span class='ocrx_word' id='word_1_38' title='bbox 970 720 1072 758; x_wconf 91' lang='lat' dir='ltr'><strong>non</strong></span> <span class='ocrx_word' id='word_1_39' title='bbox 1089 703 1379 761; x_wconf 80' lang='lat' dir='ltr'><strong>admodum</strong></span> <span class='ocrx_word' id='word_1_40' title='bbox 1401 703 1690 774; x_wconf 83' lang='lat' dir='ltr'><strong>placuisse,</strong></span> 
     </span>
    </p>
   </div>
   <div class='ocr_carea' id='block_1_7' title="bbox 158 791 1694 861">
    <p class='ocr_par' dir='ltr' id='par_1_7' title="bbox 158 791 1694 861">
     <span class='ocr_line' id='line_1_7' title="bbox 158 791 1694 861; baseline 0.002 -10"><span class='ocrx_word' id='word_1_41' title='bbox 158 802 249 851; x_wconf 86' lang='lat' dir='ltr'><strong>aut</strong></span> <span class='ocrx_word' id='word_1_42' title='bbox 274 795 322 848; x_wconf 90' lang='lat' dir='ltr'><strong>in</strong></span> <span class='ocrx_word' id='word_1_43' title='bbox 341 808 420 848; x_wconf 88' lang='lat' dir='ltr'><strong>usu</strong></span> <span class='ocrx_word' id='word_1_44' title='bbox 444 793 599 847; x_wconf 89' lang='lat' dir='ltr'><strong>fuisse.</strong></span> <span class='ocrx_word' id='word_1_45' title='bbox 628 791 792 861; x_wconf 84' lang='lat' dir='ltr'><strong>Quod</strong></span> <span class='ocrx_word' id='word_1_46' title='bbox 826 810 898 850; x_wconf 81' lang='lat' dir='ltr'><strong>ex</strong></span> <span class='ocrx_word' id='word_1_47' title='bbox 939 796 1138 852; x_wconf 85' lang='lat' dir='ltr'><strong>eisdem</strong></span> <span class='ocrx_word' id='word_1_48' title='bbox 1179 796 1491 853; x_wconf 90' lang='lat' dir='ltr'><strong>Tertulliani</strong></span> <span class='ocrx_word' id='word_1_49' title='bbox 1515 799 1694 854; x_wconf 83' lang='lat' dir='ltr'><strong>verbis</strong></span> 
     </span>
    </p>
   </div>
   <div class='ocr_carea' id='block_1_8' title="bbox 158 886 1691 963">
    <p class='ocr_par' dir='ltr' id='par_1_8' title="bbox 158 886 1691 963">
     <span class='ocr_line' id='line_1_8' title="bbox 158 886 1691 963; baseline 0.001 -18"><span class='ocrx_word' id='word_1_50' title='bbox 158 886 538 945; x_wconf 72' lang='lat' dir='ltr'><strong>manifestissime</strong></span> <span class='ocrx_word' id='word_1_51' title='bbox 558 886 754 959; x_wconf 83' lang='lat' dir='ltr'><strong>colligo</strong></span> <span class='ocrx_word' id='word_1_52' title='bbox 780 905 797 941; x_wconf 85' lang='lat'><strong>:</strong></span> <span class='ocrx_word' id='word_1_53' title='bbox 838 907 861 941; x_wconf 69' lang='grc' dir='ltr'>ί</span> <span class='ocrx_word' id='word_1_54' title='bbox 895 889 1205 955; x_wconf 75' lang='lat' dir='ltr'><strong>Procedunt,</strong></span> <span class='ocrx_word' id='word_1_55' title='bbox 1232 892 1423 961; x_wconf 84' lang='lat' dir='ltr'><strong>inquit,</strong></span> <span class='ocrx_word' id='word_1_56' title='bbox 1455 892 1585 962; x_wconf 62' lang='lat' dir='ltr'><strong>ipsa?</strong></span> <span class='ocrx_word' id='word_1_57' title='bbox 1607 892 1691 963; x_wconf 80' lang='lat' dir='ltr'><strong>pi-</strong></span> 
     </span>
    </p>
   </div>
   <div class='ocr_carea' id='block_1_9' title="bbox 159 981 1690 1050">
    <p class='ocr_par' dir='ltr' id='par_1_9' title="bbox 159 981 1690 1050">
     <span class='ocr_line' id='line_1_9' title="bbox 159 981 1690 1050; baseline 0.002 -13"><span class='ocrx_word' id='word_1_58' title='bbox 159 991 315 1038; x_wconf 70' lang='lat' dir='ltr'><strong>cturae</strong></span> <span class='ocrx_word' id='word_1_59' title='bbox 337 981 518 1035; x_wconf 82' lang='lat' dir='ltr'><strong>calicum</strong></span> <span class='ocrx_word' id='word_1_60' title='bbox 547 988 861 1038; x_wconf 87' lang='lat' dir='ltr'><strong>vestrorum</strong></span> <span class='ocrx_word' id='word_1_61' title='bbox 894 1001 913 1035; x_wconf 71' lang='grc' dir='ltr'><strong><em>ι</em></strong></span> <span class='ocrx_word' id='word_1_62' title='bbox 943 1000 955 1037; x_wconf 91' lang='lat'><strong>:</strong></span> <span class='ocrx_word' id='word_1_63' title='bbox 986 999 1090 1038; x_wconf 84' lang='lat' dir='ltr'><strong>non</strong></span> <span class='ocrx_word' id='word_1_64' title='bbox 1119 984 1193 1038; x_wconf 86' lang='lat' dir='ltr'><strong>ait</strong></span> <span class='ocrx_word' id='word_1_65' title='bbox 1234 994 1521 1039; x_wconf 83' lang='lat' dir='ltr'><strong>nostrorum</strong></span> <span class='ocrx_word' id='word_1_66' title='bbox 1539 1026 1554 1050; x_wconf 96' lang='lat'><strong>,</strong></span> <span class='ocrx_word' id='word_1_67' title='bbox 1595 984 1690 1040; x_wconf 90' lang='lat' dir='ltr'><strong>sed</strong></span> 
     </span>
    </p>
   </div>
   <div class='ocr_carea' id='block_1_10' title="bbox 158 1070 1690 1146">
    <p class='ocr_par' dir='ltr' id='par_1_10' title="bbox 158 1070 1690 1146">
     <span class='ocr_line' id='line_1_10' title="bbox 158 1070 1690 1146; baseline 0.003 -18"><span class='ocrx_word' id='word_1_68' title='bbox 158 1086 407 1137; x_wconf 72' lang='lat' dir='ltr'><strong>vestrarm,</strong></span> <span class='ocrx_word' id='word_1_69' title='bbox 427 1070 477 1127; x_wconf 96' lang='lat' dir='ltr'><strong>id</strong></span> <span class='ocrx_word' id='word_1_70' title='bbox 499 1080 598 1135; x_wconf 89' lang='lat' dir='ltr'><strong>est,</strong></span> <span class='ocrx_word' id='word_1_71' title='bbox 626 1087 757 1144; x_wconf 78' lang='lat' dir='ltr'><strong>qua:</strong></span> <span class='ocrx_word' id='word_1_72' title='bbox 774 1076 946 1146; x_wconf 79' lang='lat' dir='ltr'><strong>vobis,</strong></span> <span class='ocrx_word' id='word_1_73' title='bbox 979 1091 1083 1131; x_wconf 84' lang='lat' dir='ltr'><strong>non</strong></span> <span class='ocrx_word' id='word_1_74' title='bbox 1108 1086 1286 1133; x_wconf 87' lang='lat' dir='ltr'><strong>autem</strong></span> <span class='ocrx_word' id='word_1_75' title='bbox 1319 1078 1494 1143; x_wconf 87' lang='lat' dir='ltr'><strong>nobis,</strong></span> <span class='ocrx_word' id='word_1_76' title='bbox 1511 1078 1564 1132; x_wconf 90' lang='lat' dir='ltr'><strong>in</strong></span> <span class='ocrx_word' id='word_1_77' title='bbox 1591 1092 1690 1133; x_wconf 86' lang='lat' dir='ltr'><strong>usu</strong></span> 
     </span>
    </p>
   </div>
   <div class='ocr_carea' id='block_1_11' title="bbox 158 1164 1688 1237">
    <p class='ocr_par' dir='ltr' id='par_1_11' title="bbox 158 1164 1688 1237">
     <span class='ocr_line' id='line_1_11' title="bbox 158 1164 1688 1237; baseline 0.003 -17"><span class='ocrx_word' id='word_1_78' title='bbox 158 1175 278 1220; x_wconf 85' lang='lat' dir='ltr'><strong>sunt.</strong></span> <span class='ocrx_word' id='word_1_79' title='bbox 300 1164 593 1234; x_wconf 76' lang='lat' dir='ltr'><strong>Etejusdem</strong></span> <span class='ocrx_word' id='word_1_80' title='bbox 646 1166 779 1221; x_wconf 87' lang='lat' dir='ltr'><strong>libri</strong></span> <span class='ocrx_word' id='word_1_81' title='bbox 834 1169 1004 1237; x_wconf 85' lang='lat' dir='ltr'><strong>capite</strong></span> <span class='ocrx_word' id='word_1_82' title='bbox 1038 1167 1287 1223; x_wconf 88' lang='lat' dir='ltr'><strong>decimo:</strong></span> <span class='ocrx_word' id='word_1_83' title='bbox 1327 1187 1346 1220; x_wconf 77' lang='grc' dir='ltr'>ι</span> <span class='ocrx_word' id='word_1_84' title='bbox 1382 1169 1477 1224; x_wconf 83' lang='lat' dir='ltr'><strong>Cui</strong></span> <span class='ocrx_word' id='word_1_85' title='bbox 1526 1169 1614 1224; x_wconf 89' lang='lat' dir='ltr'><strong>ille</strong></span> <span class='ocrx_word' id='word_1_86' title='bbox 1644 1169 1688 1225; x_wconf 85' lang='lat' dir='ltr'><strong>si</strong></span> 
     </span>
    </p>
   </div>
   <div class='ocr_carea' id='block_1_12' title="bbox 144 1259 1686 1333">
    <p class='ocr_par' dir='ltr' id='par_1_12' title="bbox 144 1259 1686 1333">
     <span class='ocr_line' id='line_1_12' title="bbox 144 1259 1686 1333; baseline 0.003 -20"><span class='ocrx_word' id='word_1_87' title='bbox 144 1259 260 1313; x_wconf 81' lang='lat' dir='ltr'><strong>forte</strong></span> <span class='ocrx_word' id='word_1_88' title='bbox 298 1259 708 1327; x_wconf 76' lang='lat' dir='ltr'><strong>patrocinabitur</strong></span> <span class='ocrx_word' id='word_1_89' title='bbox 736 1268 928 1331; x_wconf 80' lang='lat' dir='ltr'><strong>pastor</strong></span> <span class='ocrx_word' id='word_1_90' title='bbox 947 1275 1105 1328; x_wconf 85' lang='lat' dir='ltr'><strong>quem</strong></span> <span class='ocrx_word' id='word_1_91' title='bbox 1135 1262 1186 1314; x_wconf 89' lang='lat' dir='ltr'><strong>iu</strong></span> <span class='ocrx_word' id='word_1_92' title='bbox 1213 1259 1383 1317; x_wconf 83' lang='lat' dir='ltr'><strong>calice</strong></span> <span class='ocrx_word' id='word_1_93' title='bbox 1421 1261 1686 1333; x_wconf 84' lang='lat' dir='ltr'><strong>depingis,</strong></span> 
     </span>
    </p>
   </div>
   <div class='ocr_carea' id='block_1_13' title="bbox 133 1351 1690 1421">
    <p class='ocr_par' dir='ltr' id='par_1_13' title="bbox 133 1351 1690 1421">
     <span class='ocr_line' id='line_1_13' title="bbox 133 1351 1690 1421; baseline 0.004 -18"><span class='ocrx_word' id='word_1_94' title='bbox 133 1352 492 1421; x_wconf 83' lang='lat' dir='ltr'><strong>prostitutorem</strong></span> <span class='ocrx_word' id='word_1_95' title='bbox 524 1362 579 1407; x_wconf 85' lang='lat' dir='ltr'><strong>et</strong></span> <span class='ocrx_word' id='word_1_96' title='bbox 602 1351 795 1415; x_wconf 79' lang='lat' dir='ltr'><strong>ipsum</strong></span> <span class='ocrx_word' id='word_1_97' title='bbox 820 1354 1092 1409; x_wconf 79' lang='lat' dir='ltr'><strong>chriStiani</strong></span> <span class='ocrx_word' id='word_1_98' title='bbox 1119 1354 1466 1421; x_wconf 77' lang='lat' dir='ltr'><strong>sacramenti,</strong></span> <span class='ocrx_word' id='word_1_99' title='bbox 1496 1356 1690 1410; x_wconf 90' lang='lat' dir='ltr'><strong>merito</strong></span> 
     </span>
    </p>
   </div>
   <div class='ocr_carea' id='block_1_14' title="bbox 128 1442 1687 1520">
    <p class='ocr_par' dir='ltr' id='par_1_14' title="bbox 128 1442 1687 1520">
     <span class='ocr_line' id='line_1_14' title="bbox 128 1442 1687 1520; baseline 0.003 -22"><span class='ocrx_word' id='word_1_100' title='bbox 128 1453 175 1498; x_wconf 85' lang='lat' dir='ltr'><strong>et</strong></span> <span class='ocrx_word' id='word_1_101' title='bbox 192 1442 441 1499; x_wconf 82' lang='lat' dir='ltr'><strong>ebrietatis</strong></span> <span class='ocrx_word' id='word_1_102' title='bbox 467 1442 695 1513; x_wconf 88' lang='lat' dir='ltr'><strong>idolum,</strong></span> <span class='ocrx_word' id='word_1_103' title='bbox 722 1454 785 1502; x_wconf 88' lang='lat' dir='ltr'><strong>et</strong></span> <span class='ocrx_word' id='word_1_104' title='bbox 807 1446 1053 1502; x_wconf 65' lang='lat' dir='ltr'><strong>mtechiaa</strong></span> <span class='ocrx_word' id='word_1_105' title='bbox 1079 1447 1287 1520; x_wconf 81' lang='lat' dir='ltr'><strong>asylum</strong></span> <span class='ocrx_word' id='word_1_106' title='bbox 1318 1457 1437 1518; x_wconf 88' lang='lat' dir='ltr'><strong>post</strong></span> <span class='ocrx_word' id='word_1_107' title='bbox 1465 1448 1687 1504; x_wconf 79' lang='lat' dir='ltr'><strong>calicem</strong></span> 
     </span>
    </p>
   </div>
   <div class='ocr_carea' id='block_1_15' title="bbox 126 1535 1687 1612">
    <p class='ocr_par' dir='ltr' id='par_1_15' title="bbox 126 1535 1687 1612">
     <span class='ocr_line' id='line_1_15' title="bbox 126 1535 1687 1612; baseline 0.003 -20"><span class='ocrx_word' id='word_1_108' title='bbox 126 1535 475 1604; x_wconf 83' lang='lat' dir='ltr'><strong>subsecutarae,</strong></span> <span class='ocrx_word' id='word_1_109' title='bbox 504 1538 695 1609; x_wconf 88' lang='lat' dir='ltr'><strong>dequo</strong></span> <span class='ocrx_word' id='word_1_110' title='bbox 720 1539 856 1595; x_wconf 81' lang='lat' dir='ltr'><strong>nihil</strong></span> <span class='ocrx_word' id='word_1_111' title='bbox 879 1540 1132 1598; x_wconf 71' lang='lat' dir='ltr'><strong>libentius</strong></span> <span class='ocrx_word' id='word_1_112' title='bbox 1153 1541 1326 1608; x_wconf 83' lang='lat' dir='ltr'><strong>bibas,</strong></span> <span class='ocrx_word' id='word_1_113' title='bbox 1346 1557 1505 1612; x_wconf 87' lang='lat' dir='ltr'><strong>quam</strong></span> <span class='ocrx_word' id='word_1_114' title='bbox 1531 1558 1687 1600; x_wconf 89' lang='lat' dir='ltr'><strong>ovem</strong></span> 
     </span>
    </p>
   </div>
   <div class='ocr_carea' id='block_1_16' title="bbox 126 1628 1692 1705">
    <p class='ocr_par' dir='ltr' id='par_1_16' title="bbox 126 1628 1692 1705">
     <span class='ocr_line' id='line_1_16' title="bbox 126 1628 1692 1705; baseline 0.006 -24"><span class='ocrx_word' id='word_1_115' title='bbox 126 1628 416 1695; x_wconf 68' lang='lat' dir='ltr'><strong>ptenitentite</strong></span> <span class='ocrx_word' id='word_1_116' title='bbox 449 1629 728 1705; x_wconf 63' lang='lat' dir='ltr'><strong>secundae.</strong></span> <span class='ocrx_word' id='word_1_117' title='bbox 772 1632 844 1687; x_wconf 78' lang='lat' dir='ltr'><strong>At</strong></span> <span class='ocrx_word' id='word_1_118' title='bbox 881 1647 982 1702; x_wconf 87' lang='lat' dir='ltr'><strong>ego</strong></span> <span class='ocrx_word' id='word_1_119' title='bbox 1031 1632 1151 1704; x_wconf 84' lang='lat' dir='ltr'><strong>ejus</strong></span> <span class='ocrx_word' id='word_1_120' title='bbox 1179 1634 1413 1704; x_wconf 78' lang='lat' dir='ltr'><strong>pastoris</strong></span> <span class='ocrx_word' id='word_1_121' title='bbox 1459 1636 1692 1705; x_wconf 89' lang='lat' dir='ltr'><strong>scriptu-</strong></span> 
     </span>
    </p>
   </div>
   <div class='ocr_carea' id='block_1_17' title="bbox 124 1720 1692 1796">
    <p class='ocr_par' dir='ltr' id='par_1_17' title="bbox 124 1720 1692 1796">
     <span class='ocr_line' id='line_1_17' title="bbox 124 1720 1692 1796; baseline 0.006 -23"><span class='ocrx_word' id='word_1_122' title='bbox 124 1733 230 1774; x_wconf 85' lang='lat' dir='ltr'><strong>ram</strong></span> <span class='ocrx_word' id='word_1_123' title='bbox 260 1720 455 1787; x_wconf 88' lang='lat' dir='ltr'><strong>haurio,</strong></span> <span class='ocrx_word' id='word_1_124' title='bbox 478 1724 565 1794; x_wconf 89' lang='lat' dir='ltr'><strong>qui</strong></span> <span class='ocrx_word' id='word_1_125' title='bbox 591 1740 705 1778; x_wconf 89' lang='lat' dir='ltr'><strong>non</strong></span> <span class='ocrx_word' id='word_1_126' title='bbox 736 1732 917 1793; x_wconf 79' lang='lat' dir='ltr'><strong>potest</strong></span> <span class='ocrx_word' id='word_1_127' title='bbox 942 1724 1129 1796; x_wconf 82' lang='lat' dir='ltr'><strong>frangi.</strong></span> <span class='ocrx_word' id='word_1_128' title='bbox 1169 1745 1189 1777; x_wconf 75' lang='grc' dir='ltr'><strong><em>ι</em></strong></span> <span class='ocrx_word' id='word_1_129' title='bbox 1220 1725 1454 1781; x_wconf 80' lang='lat' dir='ltr'><strong>Rursum</strong></span> <span class='ocrx_word' id='word_1_130' title='bbox 1488 1741 1593 1782; x_wconf 87' lang='lat' dir='ltr'><strong>non</strong></span> <span class='ocrx_word' id='word_1_131' title='bbox 1613 1726 1692 1782; x_wconf 81' lang='lat' dir='ltr'><strong>ait</strong></span> 
     </span>
    </p>
   </div>
   <div class='ocr_carea' id='block_1_18' title="bbox 128 1814 1690 1890">
    <p class='ocr_par' dir='ltr' id='par_1_18' title="bbox 128 1814 1690 1890">
     <span class='ocr_line' id='line_1_18' title="bbox 128 1814 1690 1890; baseline 0.006 -25"><span class='ocrx_word' id='word_1_132' title='bbox 128 1830 149 1865; x_wconf 71' lang='grc' dir='ltr'><strong><em>ι</em></strong></span> <span class='ocrx_word' id='word_1_133' title='bbox 177 1828 322 1883; x_wconf 85' lang='lat' dir='ltr'><strong>quem</strong></span> <span class='ocrx_word' id='word_1_134' title='bbox 356 1815 402 1869; x_wconf 92' lang='lat' dir='ltr'><strong>ia</strong></span> <span class='ocrx_word' id='word_1_135' title='bbox 429 1815 587 1870; x_wconf 84' lang='lat' dir='ltr'><strong>calice</strong></span> <span class='ocrx_word' id='word_1_136' title='bbox 617 1814 1000 1888; x_wconf 74' lang='lat' dir='ltr'><strong>depingimus,</strong></span> <span class='ocrx_word' id='word_1_137' title='bbox 1025 1836 1047 1869; x_wconf 67' lang='grc' dir='ltr'><strong><em>ι</em></strong></span> <span class='ocrx_word' id='word_1_138' title='bbox 1076 1817 1168 1874; x_wconf 84' lang='lat' dir='ltr'><strong>sed</strong></span> <span class='ocrx_word' id='word_1_139' title='bbox 1201 1837 1221 1870; x_wconf 81' lang='grc' dir='ltr'>ι</span> <span class='ocrx_word' id='word_1_140' title='bbox 1248 1834 1407 1890; x_wconf 90' lang='lat' dir='ltr'><strong>quem</strong></span> <span class='ocrx_word' id='word_1_141' title='bbox 1441 1819 1493 1874; x_wconf 91' lang='lat' dir='ltr'><strong>in</strong></span> <span class='ocrx_word' id='word_1_142' title='bbox 1521 1820 1690 1875; x_wconf 82' lang='lat' dir='ltr'><strong>calice</strong></span> 
     </span>
    </p>
   </div>
   <div class='ocr_carea' id='block_1_19' title="bbox 1799 610 3381 682">
    <p class='ocr_par' dir='ltr' id='par_1_19' title="bbox 1799 610 3381 682">
     <span class='ocr_line' id='line_1_19' title="bbox 1799 610 3381 682; baseline 0.004 -19"><span class='ocrx_word' id='word_1_143' title='bbox 1799 610 2046 680; x_wconf 84' lang='lat' dir='ltr'><strong>superius</strong></span> <span class='ocrx_word' id='word_1_144' title='bbox 2084 610 2349 682; x_wconf 85' lang='lat' dir='ltr'><strong>descripta</strong></span> <span class='ocrx_word' id='word_1_145' title='bbox 2399 613 2584 681; x_wconf 79' lang='lat' dir='ltr'><strong>verba,</strong></span> <span class='ocrx_word' id='word_1_146' title='bbox 2610 614 2683 670; x_wconf 85' lang='lat' dir='ltr'><strong>ibi</strong></span> <span class='ocrx_word' id='word_1_147' title='bbox 2711 614 3008 670; x_wconf 83' lang='lat' dir='ltr'><strong>subdantur</strong></span> <span class='ocrx_word' id='word_1_148' title='bbox 3036 632 3050 667; x_wconf 93' lang='lat'><strong>:</strong></span> <span class='ocrx_word' id='word_1_149' title='bbox 3083 635 3103 668; x_wconf 73' lang='grc' dir='ltr'>ί</span> <span class='ocrx_word' id='word_1_150' title='bbox 3138 616 3205 671; x_wconf 85' lang='lat' dir='ltr'><strong>Et</strong></span> <span class='ocrx_word' id='word_1_151' title='bbox 3226 616 3381 672; x_wconf 90' lang='lat' dir='ltr'><strong>retuli</strong></span> 
     </span>
    </p>
   </div>
   <div class='ocr_carea' id='block_1_20' title="bbox 1798 703 3386 777">
    <p class='ocr_par' dir='ltr' id='par_1_20' title="bbox 1798 703 3386 777">
     <span class='ocr_line' id='line_1_20' title="bbox 1798 703 3386 777; baseline 0.006 -20"><span class='ocrx_word' id='word_1_152' title='bbox 1798 704 1977 757; x_wconf 80' lang='lat' dir='ltr'><strong>statim</strong></span> <span class='ocrx_word' id='word_1_153' title='bbox 2011 703 2162 760; x_wconf 81' lang='lat' dir='ltr'><strong>fratri</strong></span> <span class='ocrx_word' id='word_1_154' title='bbox 2195 707 2305 776; x_wconf 80' lang='lat' dir='ltr'><strong>(qui</strong></span> <span class='ocrx_word' id='word_1_155' title='bbox 2336 721 2531 776; x_wconf 84' lang='lat' dir='ltr'><strong>nempe</strong></span> <span class='ocrx_word' id='word_1_156' title='bbox 2560 707 2707 761; x_wconf 87' lang='lat' dir='ltr'><strong>illam</strong></span> <span class='ocrx_word' id='word_1_157' title='bbox 2737 720 3051 777; x_wconf 82' lang='lat' dir='ltr'><strong>rogaverat,</strong></span> <span class='ocrx_word' id='word_1_158' title='bbox 3081 720 3140 764; x_wconf 92' lang='lat' dir='ltr'><strong>ut</strong></span> <span class='ocrx_word' id='word_1_159' title='bbox 3174 710 3386 766; x_wconf 88' lang='lat' dir='ltr'><strong>ostendi</strong></span> 
     </span>
    </p>
   </div>
   <div class='ocr_carea' id='block_1_21' title="bbox 1797 795 3389 866">
    <p class='ocr_par' dir='ltr' id='par_1_21' title="bbox 1797 795 3389 866">
     <span class='ocr_line' id='line_1_21' title="bbox 1797 795 3389 866; baseline 0.004 -16"><span class='ocrx_word' id='word_1_160' title='bbox 1797 795 1901 851; x_wconf 87' lang='lat' dir='ltr'><strong>sibi</strong></span> <span class='ocrx_word' id='word_1_161' title='bbox 1957 795 2214 852; x_wconf 88' lang='lat' dir='ltr'><strong>divinitus</strong></span> <span class='ocrx_word' id='word_1_162' title='bbox 2270 810 2524 863; x_wconf 90' lang='lat' dir='ltr'><strong>curaret,</strong></span> <span class='ocrx_word' id='word_1_163' title='bbox 2556 799 2877 855; x_wconf 83' lang='lat' dir='ltr'><strong>morituriae</strong></span> <span class='ocrx_word' id='word_1_164' title='bbox 2916 809 3118 866; x_wconf 88' lang='lat' dir='ltr'><strong>essent,</strong></span> <span class='ocrx_word' id='word_1_165' title='bbox 3159 817 3226 856; x_wconf 89' lang='lat' dir='ltr'><strong>an</strong></span> <span class='ocrx_word' id='word_1_166' title='bbox 3254 803 3389 857; x_wconf 79' lang='lat' dir='ltr'><strong>salvi</strong></span> 
     </span>
    </p>
   </div>
   <div class='ocr_carea' id='block_1_22' title="bbox 1796 889 3387 963">
    <p class='ocr_par' dir='ltr' id='par_1_22' title="bbox 1796 889 3387 963">
     <span class='ocr_line' id='line_1_22' title="bbox 1796 889 3387 963; baseline 0.003 -19"><span class='ocrx_word' id='word_1_167' title='bbox 1796 889 2127 957; x_wconf 76' lang='lat' dir='ltr'><strong>emittendi),</strong></span> <span class='ocrx_word' id='word_1_168' title='bbox 2160 900 2211 945; x_wconf 87' lang='lat' dir='ltr'><strong>et</strong></span> <span class='ocrx_word' id='word_1_169' title='bbox 2241 892 2603 947; x_wconf 79' lang='lat' dir='ltr'><strong>intelleximus</strong></span> <span class='ocrx_word' id='word_1_170' title='bbox 2631 893 2934 963; x_wconf 78' lang='lat' dir='ltr'><strong>passionem</strong></span> <span class='ocrx_word' id='word_1_171' title='bbox 2960 908 3083 949; x_wconf 84' lang='lat' dir='ltr'><strong>esse</strong></span> <span class='ocrx_word' id='word_1_172' title='bbox 3130 893 3387 960; x_wconf 85' lang='lat' dir='ltr'><strong>futuram,</strong></span> 
     </span>
    </p>
   </div>
   <div class='ocr_carea' id='block_1_23' title="bbox 1796 983 3391 1056">
    <p class='ocr_par' dir='ltr' id='par_1_23' title="bbox 1796 983 3391 1056">
     <span class='ocr_line' id='line_1_23' title="bbox 1796 983 3391 1056; baseline 0.003 -18"><span class='ocrx_word' id='word_1_173' title='bbox 1796 990 1852 1038; x_wconf 90' lang='lat' dir='ltr'><strong>et</strong></span> <span class='ocrx_word' id='word_1_174' title='bbox 1880 984 2143 1053; x_wconf 85' lang='lat' dir='ltr'><strong>coepimus</strong></span> <span class='ocrx_word' id='word_1_175' title='bbox 2163 983 2364 1038; x_wconf 85' lang='lat' dir='ltr'><strong>nullam</strong></span> <span class='ocrx_word' id='word_1_176' title='bbox 2389 986 2495 1054; x_wconf 87' lang='lat' dir='ltr'><strong>jam</strong></span> <span class='ocrx_word' id='word_1_177' title='bbox 2520 1000 2669 1056; x_wconf 84' lang='lat' dir='ltr'><strong>spem</strong></span> <span class='ocrx_word' id='word_1_178' title='bbox 2703 986 2753 1039; x_wconf 90' lang='lat' dir='ltr'><strong>in</strong></span> <span class='ocrx_word' id='word_1_179' title='bbox 2785 987 2985 1040; x_wconf 83' lang='lat' dir='ltr'><strong>saeculo</strong></span> <span class='ocrx_word' id='word_1_180' title='bbox 3004 986 3219 1042; x_wconf 87' lang='lat' dir='ltr'><strong>habere.</strong></span> <span class='ocrx_word' id='word_1_181' title='bbox 3240 986 3391 1043; x_wconf 83' lang='lat' dir='ltr'><strong>Unde</strong></span> 
     </span>
    </p>
   </div>
   <div class='ocr_carea' id='block_1_24' title="bbox 1796 1075 3393 1150">
    <p class='ocr_par' dir='ltr' id='par_1_24' title="bbox 1796 1075 3393 1150">
     <span class='ocr_line' id='line_1_24' title="bbox 1796 1075 3393 1150; baseline 0.003 -20"><span class='ocrx_word' id='word_1_182' title='bbox 1796 1083 1974 1130; x_wconf 87' lang='lat' dir='ltr'><strong>autem</strong></span> <span class='ocrx_word' id='word_1_183' title='bbox 2033 1075 2085 1130; x_wconf 90' lang='lat' dir='ltr'><strong>id</strong></span> <span class='ocrx_word' id='word_1_184' title='bbox 2126 1076 2536 1145; x_wconf 79' lang='lat' dir='ltr'><strong>intellexerint,</strong></span> <span class='ocrx_word' id='word_1_185' title='bbox 2591 1078 2786 1134; x_wconf 88' lang='lat' dir='ltr'><strong>merito</strong></span> <span class='ocrx_word' id='word_1_186' title='bbox 2833 1079 3112 1150; x_wconf 83' lang='lat' dir='ltr'><strong>quaeritur.</strong></span> <span class='ocrx_word' id='word_1_187' title='bbox 3140 1079 3251 1149; x_wconf 79' lang='lat' dir='ltr'><strong>Ego</strong></span> <span class='ocrx_word' id='word_1_188' title='bbox 3276 1080 3393 1134; x_wconf 53' lang='lat' dir='ltr'><strong>exi.</strong></span> 
     </span>
    </p>
   </div>
   <div class='ocr_carea' id='block_1_25' title="bbox 1794 1157 3392 1243">
    <p class='ocr_par' dir='ltr' id='par_1_25' title="bbox 1794 1157 3392 1243">
     <span class='ocr_line' id='line_1_25' title="bbox 1794 1157 3392 1243; baseline 0.003 -22"><span class='ocrx_word' id='word_1_189' title='bbox 1794 1167 1976 1234; x_wconf 86' lang='lat' dir='ltr'><strong>stimo,</strong></span> <span class='ocrx_word' id='word_1_190' title='bbox 2008 1167 2134 1221; x_wconf 88' lang='lat' dir='ltr'><strong>inde</strong></span> <span class='ocrx_word' id='word_1_191' title='bbox 2176 1157 2319 1239; x_wconf 82' lang='lat' dir='ltr'><strong>quod</strong></span> <span class='ocrx_word' id='word_1_192' title='bbox 2368 1170 2419 1222; x_wconf 91' lang='lat' dir='ltr'><strong>in</strong></span> <span class='ocrx_word' id='word_1_193' title='bbox 2468 1170 2677 1226; x_wconf 79' lang='lat' dir='ltr'><strong>visione</strong></span> <span class='ocrx_word' id='word_1_194' title='bbox 2717 1170 3064 1226; x_wconf 85' lang='lat' dir='ltr'><strong>adumbratas</strong></span> <span class='ocrx_word' id='word_1_195' title='bbox 3107 1184 3232 1243; x_wconf 82' lang='lat' dir='ltr'><strong>erga</strong></span> <span class='ocrx_word' id='word_1_196' title='bbox 3260 1172 3392 1228; x_wconf 48' lang='lat' dir='ltr'><strong>Pot»</strong></span> 
     </span>
    </p>
   </div>
   <div class='ocr_carea' id='block_1_26' title="bbox 1793 1259 3389 1335">
    <p class='ocr_par' dir='ltr' id='par_1_26' title="bbox 1793 1259 3389 1335">
     <span class='ocr_line' id='line_1_26' title="bbox 1793 1259 3389 1335; baseline 0.004 -21"><span class='ocrx_word' id='word_1_197' title='bbox 1793 1268 2010 1329; x_wconf 87' lang='lat' dir='ltr'><strong>petuam</strong></span> <span class='ocrx_word' id='word_1_198' title='bbox 2042 1260 2176 1315; x_wconf 92' lang='lat' dir='ltr'><strong>ritus</strong></span> <span class='ocrx_word' id='word_1_199' title='bbox 2228 1259 2403 1317; x_wconf 79' lang='lat' dir='ltr'><strong>fuerat</strong></span> <span class='ocrx_word' id='word_1_200' title='bbox 2431 1262 2783 1319; x_wconf 75' lang='lat' dir='ltr'><strong>Eucharistias</strong></span> <span class='ocrx_word' id='word_1_201' title='bbox 2828 1262 3233 1319; x_wconf 58' lang='lat' dir='ltr'><strong>ministrandis:</strong></span> <span class='ocrx_word' id='word_1_202' title='bbox 3266 1276 3389 1335; x_wconf 82' lang='lat' dir='ltr'><strong>qum</strong></span> 
     </span>
    </p>
   </div>
   <div class='ocr_carea' id='block_1_27' title="bbox 1794 1352 3384 1428">
    <p class='ocr_par' dir='ltr' id='par_1_27' title="bbox 1794 1352 3384 1428">
     <span class='ocr_line' id='line_1_27' title="bbox 1794 1352 3384 1428; baseline 0.004 -22"><span class='ocrx_word' id='word_1_203' title='bbox 1794 1366 1918 1408; x_wconf 91' lang='lat' dir='ltr'><strong>cum</strong></span> <span class='ocrx_word' id='word_1_204' title='bbox 1949 1352 2234 1409; x_wconf 71' lang='lat' dir='ltr'><strong>notissimo</strong></span> <span class='ocrx_word' id='word_1_205' title='bbox 2290 1364 2417 1411; x_wconf 89' lang='lat' dir='ltr'><strong>tunc</strong></span> <span class='ocrx_word' id='word_1_206' title='bbox 2476 1370 2573 1410; x_wconf 90' lang='lat' dir='ltr'><strong>nsu</strong></span> <span class='ocrx_word' id='word_1_207' title='bbox 2603 1356 2718 1411; x_wconf 86' lang='lat' dir='ltr'><strong>dari</strong></span> <span class='ocrx_word' id='word_1_208' title='bbox 2761 1356 2961 1413; x_wconf 88' lang='lat' dir='ltr'><strong>soleret</strong></span> <span class='ocrx_word' id='word_1_209' title='bbox 3004 1358 3069 1413; x_wconf 89' lang='lat' dir='ltr'><strong>iis</strong></span> <span class='ocrx_word' id='word_1_210' title='bbox 3099 1373 3232 1428; x_wconf 84' lang='lat' dir='ltr'><strong>quos</strong></span> <span class='ocrx_word' id='word_1_211' title='bbox 3262 1372 3384 1413; x_wconf 92' lang='lat' dir='ltr'><strong>cer-</strong></span> 
     </span>
    </p>
   </div>
   <div class='ocr_carea' id='block_1_28' title="bbox 1795 1448 3388 1523">
    <p class='ocr_par' dir='ltr' id='par_1_28' title="bbox 1795 1448 3388 1523">
     <span class='ocr_line' id='line_1_28' title="bbox 1795 1448 3388 1523; baseline 0.006 -23"><span class='ocrx_word' id='word_1_212' title='bbox 1795 1455 1906 1501; x_wconf 91' lang='lat' dir='ltr'><strong>tum</strong></span> <span class='ocrx_word' id='word_1_213' title='bbox 1966 1456 2084 1502; x_wconf 89' lang='lat' dir='ltr'><strong>erat</strong></span> <span class='ocrx_word' id='word_1_214' title='bbox 2131 1448 2279 1504; x_wconf 89' lang='lat' dir='ltr'><strong>brevi</strong></span> <span class='ocrx_word' id='word_1_215' title='bbox 2335 1450 2666 1517; x_wconf 90' lang='lat' dir='ltr'><strong>morituros,</strong></span> <span class='ocrx_word' id='word_1_216' title='bbox 2720 1461 2868 1507; x_wconf 85' lang='lat' dir='ltr'><strong>recte</strong></span> <span class='ocrx_word' id='word_1_217' title='bbox 2916 1450 2968 1506; x_wconf 88' lang='lat' dir='ltr'><strong>id</strong></span> <span class='ocrx_word' id='word_1_218' title='bbox 3019 1452 3281 1523; x_wconf 83' lang='lat' dir='ltr'><strong>Perpetua</strong></span> <span class='ocrx_word' id='word_1_219' title='bbox 3334 1461 3388 1509; x_wconf 81' lang='lat' dir='ltr'><strong>et</strong></span> 
     </span>
    </p>
   </div>
   <div class='ocr_carea' id='block_1_29' title="bbox 1794 1540 3384 1616">
    <p class='ocr_par' dir='ltr' id='par_1_29' title="bbox 1794 1540 3384 1616">
     <span class='ocr_line' id='line_1_29' title="bbox 1794 1540 3384 1616; baseline 0.004 -21"><span class='ocrx_word' id='word_1_220' title='bbox 1794 1540 1962 1610; x_wconf 85' lang='lat' dir='ltr'><strong>ipsius</strong></span> <span class='ocrx_word' id='word_1_221' title='bbox 2009 1540 2177 1597; x_wconf 82' lang='lat' dir='ltr'><strong>frater</strong></span> <span class='ocrx_word' id='word_1_222' title='bbox 2216 1544 2552 1614; x_wconf 83' lang='lat' dir='ltr'><strong>interpretati</strong></span> <span class='ocrx_word' id='word_1_223' title='bbox 2603 1554 2748 1609; x_wconf 88' lang='lat' dir='ltr'><strong>sunt,</strong></span> <span class='ocrx_word' id='word_1_224' title='bbox 2803 1554 2862 1601; x_wconf 86' lang='lat' dir='ltr'><strong>ut</strong></span> <span class='ocrx_word' id='word_1_225' title='bbox 2912 1545 3266 1616; x_wconf 80' lang='lat' dir='ltr'><strong>signiﬁcatam</strong></span> <span class='ocrx_word' id='word_1_226' title='bbox 3314 1560 3384 1602; x_wconf 79' lang='lat' dir='ltr'><strong>eo</strong></span> 
     </span>
    </p>
   </div>
   <div class='ocr_carea' id='block_1_30' title="bbox 1794 1632 3388 1696">
    <p class='ocr_par' dir='ltr' id='par_1_30' title="bbox 1794 1632 3388 1696">
     <span class='ocr_line' id='line_1_30' title="bbox 1794 1632 3388 1696; baseline 0.005 -10"><span class='ocrx_word' id='word_1_227' title='bbox 1794 1635 1911 1689; x_wconf 87' lang='lat' dir='ltr'><strong>visu</strong></span> <span class='ocrx_word' id='word_1_228' title='bbox 1939 1632 2307 1691; x_wconf 81' lang='lat' dir='ltr'><strong>confessorum</strong></span> <span class='ocrx_word' id='word_1_229' title='bbox 2357 1652 2479 1692; x_wconf 73' lang='lat' dir='ltr'><strong>mox</strong></span> <span class='ocrx_word' id='word_1_230' title='bbox 2506 1650 2810 1693; x_wconf 76' lang='lat' dir='ltr'><strong>secutorem</strong></span> <span class='ocrx_word' id='word_1_231' title='bbox 2838 1655 3024 1696; x_wconf 84' lang='lat' dir='ltr'><strong>necem</strong></span> <span class='ocrx_word' id='word_1_232' title='bbox 3051 1641 3388 1696; x_wconf 81' lang='lat' dir='ltr'><strong>arbitraren-</strong></span> 
     </span>
    </p>
   </div>
   <div class='ocr_carea' id='block_1_31' title="bbox 1793 1725 3387 1799">
    <p class='ocr_par' dir='ltr' id='par_1_31' title="bbox 1793 1725 3387 1799">
     <span class='ocr_line' id='line_1_31' title="bbox 1793 1725 3387 1799; baseline 0.005 -20"><span class='ocrx_word' id='word_1_233' title='bbox 1793 1733 1900 1780; x_wconf 88' lang='lat' dir='ltr'><strong>tur.</strong></span> <span class='ocrx_word' id='word_1_234' title='bbox 1950 1725 2107 1782; x_wconf 83' lang='lat' dir='ltr'><strong>Ritus</strong></span> <span class='ocrx_word' id='word_1_235' title='bbox 2157 1729 2519 1799; x_wconf 86' lang='lat' dir='ltr'><strong>perceptionis</strong></span> <span class='ocrx_word' id='word_1_236' title='bbox 2548 1728 2902 1785; x_wconf 75' lang='lat' dir='ltr'><strong>Eucharistize</strong></span> <span class='ocrx_word' id='word_1_237' title='bbox 2949 1744 3016 1786; x_wconf 83' lang='lat' dir='ltr'><strong>eo</strong></span> <span class='ocrx_word' id='word_1_238' title='bbox 3038 1733 3387 1788; x_wconf 85' lang='lat' dir='ltr'><strong>adumbratas</strong></span> 
     </span>
    </p>
   </div>
   <div class='ocr_carea' id='block_1_32' title="bbox 1792 1820 3384 1896">
    <p class='ocr_par' dir='ltr' id='par_1_32' title="bbox 1792 1820 3384 1896">
     <span class='ocr_line' id='line_1_32' title="bbox 1792 1820 3384 1896; baseline 0.004 -22"><span class='ocrx_word' id='word_1_239' title='bbox 1792 1820 2053 1886; x_wconf 87' lang='lat' dir='ltr'><strong>cernitur,</strong></span> <span class='ocrx_word' id='word_1_240' title='bbox 2078 1821 2221 1891; x_wconf 91' lang='lat' dir='ltr'><strong>quod</strong></span> <span class='ocrx_word' id='word_1_241' title='bbox 2277 1823 2431 1893; x_wconf 84' lang='lat' dir='ltr'><strong>quasi</strong></span> <span class='ocrx_word' id='word_1_242' title='bbox 2484 1823 2720 1878; x_wconf 88' lang='lat' dir='ltr'><strong>buccella</strong></span> <span class='ocrx_word' id='word_1_243' title='bbox 2764 1823 3042 1893; x_wconf 58' lang='lat' dir='ltr'><strong>Perpetua;</strong></span> <span class='ocrx_word' id='word_1_244' title='bbox 3076 1826 3384 1896; x_wconf 72' lang='lat' dir='ltr'><strong>porrigitur,</strong></span> 
     </span>
    </p>
   </div>
   <div class='ocr_carea' id='block_1_33' title="bbox 126 1903 3388 1988">
    <p class='ocr_par' dir='ltr' id='par_1_33' title="bbox 126 1903 3388 1988">
     <span class='ocr_line' id='line_1_33' title="bbox 126 1903 3388 1988; baseline 0.004 -29"><span class='ocrx_word' id='word_1_245' title='bbox 126 1903 368 1976; x_wconf 78' lang='lat' dir='ltr'><strong>depingis.</strong></span> <span class='ocrx_word' id='word_1_246' title='bbox 404 1926 422 1959; x_wconf 76' lang='grc' dir='ltr'><strong><em>ι</em></strong></span> <span class='ocrx_word' id='word_1_247' title='bbox 470 1907 742 1965; x_wconf 74' lang='lat' dir='ltr'><strong>Praeterea</strong></span> <span class='ocrx_word' id='word_1_248' title='bbox 769 1946 784 1975; x_wconf 82' lang='lat'><strong>,</strong></span> <span class='ocrx_word' id='word_1_249' title='bbox 833 1910 978 1974; x_wconf 83' lang='lat' dir='ltr'><strong>piam</strong></span> <span class='ocrx_word' id='word_1_250' title='bbox 1022 1909 1163 1965; x_wconf 88' lang='lat' dir='ltr'><strong>hanc</strong></span> <span class='ocrx_word' id='word_1_251' title='bbox 1222 1909 1487 1982; x_wconf 86' lang='lat' dir='ltr'><strong>picturam</strong></span> <span class='ocrx_word' id='word_1_252' title='bbox 1541 1921 1697 1968; x_wconf 90' lang='lat' dir='ltr'><strong>vocat</strong></span> <span class='ocrx_word' id='word_1_253' title='bbox 1724 1917 1772 1977; x_wconf 83' lang='lat' dir='ltr'><strong>B</strong></span> <span class='ocrx_word' id='word_1_254' title='bbox 1800 1914 1941 1984; x_wconf 89' lang='lat' dir='ltr'><strong>quod</strong></span> <span class='ocrx_word' id='word_1_255' title='bbox 1972 1930 2090 1971; x_wconf 90' lang='lat' dir='ltr'><strong>eam</strong></span> <span class='ocrx_word' id='word_1_256' title='bbox 2118 1917 2228 1985; x_wconf 61' lang='lat' dir='ltr'><strong>ipsa</strong></span> <span class='ocrx_word' id='word_1_257' title='bbox 2268 1916 2463 1986; x_wconf 88' lang='lat' dir='ltr'><strong>accipit</strong></span> <span class='ocrx_word' id='word_1_258' title='bbox 2500 1917 2701 1977; x_wconf 83' lang='lat' dir='ltr'><strong>junctis</strong></span> <span class='ocrx_word' id='word_1_259' title='bbox 2727 1918 2996 1985; x_wconf 88' lang='lat' dir='ltr'><strong>manibus,</strong></span> <span class='ocrx_word' id='word_1_260' title='bbox 3028 1917 3169 1988; x_wconf 87' lang='lat' dir='ltr'><strong>quod</strong></span> <span class='ocrx_word' id='word_1_261' title='bbox 3193 1916 3388 1973; x_wconf 85' lang='lat' dir='ltr'><strong>deinde</strong></span> 
     </span>
    </p>
   </div>
   <div class='ocr_carea' id='block_1_34' title="bbox 135 1997 1690 2076">
    <p class='ocr_par' dir='ltr' id='par_1_34' title="bbox 135 1997 1690 2076">
     <span class='ocr_line' id='line_1_34' title="bbox 135 1997 1690 2076; baseline 0.005 -24"><span class='ocrx_word' id='word_1_262' title='bbox 135 2015 156 2052; x_wconf 72' lang='grc' dir='ltr'><strong>α</strong></span> <span class='ocrx_word' id='word_1_263' title='bbox 184 1997 425 2055; x_wconf 81' lang='lat' dir='ltr'><strong>ebrietatis</strong></span> <span class='ocrx_word' id='word_1_264' title='bbox 452 1997 653 2056; x_wconf 88' lang='lat' dir='ltr'><strong>idolum</strong></span> <span class='ocrx_word' id='word_1_265' title='bbox 686 2012 742 2057; x_wconf 91' lang='lat' dir='ltr'><strong>et</strong></span> <span class='ocrx_word' id='word_1_266' title='bbox 781 2002 1028 2058; x_wconf 66' lang='lat' dir='ltr'><strong>moechae</strong></span> <span class='ocrx_word' id='word_1_267' title='bbox 1057 2003 1286 2076; x_wconf 82' lang='lat' dir='ltr'><strong>asylum.</strong></span> <span class='ocrx_word' id='word_1_268' title='bbox 1322 2023 1343 2056; x_wconf 80' lang='grc' dir='ltr'><strong><em>ι</em></strong></span> <span class='ocrx_word' id='word_1_269' title='bbox 1378 2003 1528 2069; x_wconf 76' lang='lat' dir='ltr'><strong>Adeo</strong></span> <span class='ocrx_word' id='word_1_270' title='bbox 1553 2019 1690 2059; x_wconf 88' lang='lat' dir='ltr'><strong>con-</strong></span> 
     </span>
    </p>
   </div>
   <div class='ocr_carea' id='block_1_35' title="bbox 130 2089 1690 2166">
    <p class='ocr_par' dir='ltr' id='par_1_35' title="bbox 130 2089 1690 2166">
     <span class='ocr_line' id='line_1_35' title="bbox 130 2089 1690 2166; baseline 0.004 -22"><span class='ocrx_word' id='word_1_271' title='bbox 130 2089 390 2147; x_wconf 86' lang='lat' dir='ltr'><strong>tumeliosis</strong></span> <span class='ocrx_word' id='word_1_272' title='bbox 418 2093 591 2149; x_wconf 78' lang='lat' dir='ltr'><strong>verbis</strong></span> <span class='ocrx_word' id='word_1_273' title='bbox 617 2110 740 2149; x_wconf 89' lang='lat' dir='ltr'><strong>eam</strong></span> <span class='ocrx_word' id='word_1_274' title='bbox 765 2095 991 2151; x_wconf 89' lang='lat' dir='ltr'><strong>minime</strong></span> <span class='ocrx_word' id='word_1_275' title='bbox 1019 2096 1383 2166; x_wconf 83' lang='lat' dir='ltr'><strong>proscidisset,</strong></span> <span class='ocrx_word' id='word_1_276' title='bbox 1412 2098 1455 2151; x_wconf 91' lang='lat' dir='ltr'><strong>si</strong></span> <span class='ocrx_word' id='word_1_277' title='bbox 1482 2096 1690 2152; x_wconf 81' lang='lat' dir='ltr'><strong>Monta-</strong></span> 
     </span>
    </p>
   </div>
   <div class='ocr_carea' id='block_1_36' title="bbox 136 2182 1695 2259">
    <p class='ocr_par' dir='ltr' id='par_1_36' title="bbox 136 2182 1695 2259">
     <span class='ocr_line' id='line_1_36' title="bbox 136 2182 1695 2259; baseline 0.003 -21"><span class='ocrx_word' id='word_1_278' title='bbox 136 2182 264 2240; x_wconf 76' lang='lat' dir='ltr'><strong>sistis</strong></span> <span class='ocrx_word' id='word_1_279' title='bbox 284 2200 482 2257; x_wconf 86' lang='lat' dir='ltr'><strong>quoque</strong></span> <span class='ocrx_word' id='word_1_280' title='bbox 506 2187 556 2241; x_wconf 90' lang='lat' dir='ltr'><strong>in</strong></span> <span class='ocrx_word' id='word_1_281' title='bbox 585 2203 688 2243; x_wconf 86' lang='lat' dir='ltr'><strong>usu</strong></span> <span class='ocrx_word' id='word_1_282' title='bbox 713 2186 931 2253; x_wconf 79' lang='lat' dir='ltr'><strong>fuisset,</strong></span> <span class='ocrx_word' id='word_1_283' title='bbox 961 2204 1129 2259; x_wconf 88' lang='lat' dir='ltr'><strong>eaque</strong></span> <span class='ocrx_word' id='word_1_284' title='bbox 1158 2203 1309 2244; x_wconf 86' lang='lat' dir='ltr'><strong>sacra</strong></span> <span class='ocrx_word' id='word_1_285' title='bbox 1344 2203 1471 2244; x_wconf 85' lang='lat' dir='ltr'><strong>vasa</strong></span> <span class='ocrx_word' id='word_1_286' title='bbox 1501 2204 1695 2251; x_wconf 83' lang='lat' dir='ltr'><strong>ornas-</strong></span> 
     </span>
    </p>
   </div>
   <div class='ocr_carea' id='block_1_37' title="bbox 140 2277 1694 2352">
    <p class='ocr_par' dir='ltr' id='par_1_37' title="bbox 140 2277 1694 2352">
     <span class='ocr_line' id='line_1_37' title="bbox 140 2277 1694 2352; baseline 0.005 -22"><span class='ocrx_word' id='word_1_287' title='bbox 140 2286 239 2331; x_wconf 86' lang='lat' dir='ltr'><strong>seat</strong></span> <span class='ocrx_word' id='word_1_288' title='bbox 252 2277 429 2332; x_wconf 88' lang='lat' dir='ltr'><strong>Christi</strong></span> <span class='ocrx_word' id='word_1_289' title='bbox 453 2281 777 2352; x_wconf 82' lang='lat' dir='ltr'><strong>excipiendo</strong></span> <span class='ocrx_word' id='word_1_290' title='bbox 797 2281 1043 2352; x_wconf 80' lang='lat' dir='ltr'><strong>sanguini</strong></span> <span class='ocrx_word' id='word_1_291' title='bbox 1069 2278 1358 2337; x_wconf 86' lang='lat' dir='ltr'><strong>destinata.</strong></span> <span class='ocrx_word' id='word_1_292' title='bbox 1383 2280 1537 2338; x_wconf 86' lang='lat' dir='ltr'><strong>Unde</strong></span> <span class='ocrx_word' id='word_1_293' title='bbox 1561 2297 1694 2338; x_wconf 90' lang='lat' dir='ltr'><strong>con-</strong></span> 
     </span>
    </p>
   </div>
   <div class='ocr_carea' id='block_1_38' title="bbox 142 2368 1693 2437">
    <p class='ocr_par' dir='ltr' id='par_1_38' title="bbox 142 2368 1693 2437">
     <span class='ocr_line' id='line_1_38' title="bbox 142 2368 1693 2437; baseline 0.006 -16"><span class='ocrx_word' id='word_1_294' title='bbox 142 2368 313 2437; x_wconf 67' lang='lat' dir='ltr'><strong>iectura</strong></span> <span class='ocrx_word' id='word_1_295' title='bbox 361 2371 563 2436; x_wconf 71' lang='lat' dir='ltr'><strong>existit,</strong></span> <span class='ocrx_word' id='word_1_296' title='bbox 620 2371 911 2427; x_wconf 87' lang='lat' dir='ltr'><strong>catholicis</strong></span> <span class='ocrx_word' id='word_1_297' title='bbox 953 2373 1146 2426; x_wconf 89' lang='lat' dir='ltr'><strong>ritibus</strong></span> <span class='ocrx_word' id='word_1_298' title='bbox 1194 2384 1465 2427; x_wconf 85' lang='lat' dir='ltr'><strong>assuetam</strong></span> <span class='ocrx_word' id='word_1_299' title='bbox 1523 2374 1693 2431; x_wconf 86' lang='lat' dir='ltr'><strong>fuisse</strong></span> 
     </span>
    </p>
   </div>
   <div class='ocr_carea' id='block_1_39' title="bbox 149 2458 1696 2534">
    <p class='ocr_par' dir='ltr' id='par_1_39' title="bbox 149 2458 1696 2534">
     <span class='ocr_line' id='line_1_39' title="bbox 149 2458 1696 2534; baseline 0.006 -22"><span class='ocrx_word' id='word_1_300' title='bbox 149 2458 440 2528; x_wconf 83' lang='lat' dir='ltr'><strong>Perpetuam,</strong></span> <span class='ocrx_word' id='word_1_301' title='bbox 462 2479 576 2534; x_wconf 72' lang='lat' dir='ltr'><strong>qua:</strong></span> <span class='ocrx_word' id='word_1_302' title='bbox 604 2465 888 2520; x_wconf 86' lang='lat' dir='ltr'><strong>Christum</strong></span> <span class='ocrx_word' id='word_1_303' title='bbox 918 2464 1311 2521; x_wconf 84' lang='lat' dir='ltr'><strong>Eucharistiam</strong></span> <span class='ocrx_word' id='word_1_304' title='bbox 1335 2466 1565 2534; x_wconf 88' lang='lat' dir='ltr'><strong>sibi,aut</strong></span> <span class='ocrx_word' id='word_1_305' title='bbox 1586 2466 1696 2522; x_wconf 85' lang='lat' dir='ltr'><strong>Eu-</strong></span> 
     </span>
    </p>
   </div>
   <div class='ocr_carea' id='block_1_40' title="bbox 156 2548 1697 2629">
    <p class='ocr_par' dir='ltr' id='par_1_40' title="bbox 156 2548 1697 2629">
     <span class='ocr_line' id='line_1_40' title="bbox 156 2548 1697 2629; baseline 0.006 -26"><span class='ocrx_word' id='word_1_306' title='bbox 156 2548 385 2608; x_wconf 75' lang='lat' dir='ltr'><strong>charistite</strong></span> <span class='ocrx_word' id='word_1_307' title='bbox 407 2557 696 2627; x_wconf 78' lang='lat' dir='ltr'><strong>symbolum</strong></span> <span class='ocrx_word' id='word_1_308' title='bbox 740 2556 1163 2624; x_wconf 86' lang='lat' dir='ltr'><strong>ministrantem,</strong></span> <span class='ocrx_word' id='word_1_309' title='bbox 1193 2557 1296 2614; x_wconf 90' lang='lat' dir='ltr'><strong>sub</strong></span> <span class='ocrx_word' id='word_1_310' title='bbox 1334 2560 1568 2629; x_wconf 83' lang='lat' dir='ltr'><strong>pastoris</strong></span> <span class='ocrx_word' id='word_1_311' title='bbox 1596 2558 1697 2613; x_wconf 85' lang='lat' dir='ltr'><strong>ha-</strong></span> 
     </span>
    </p>
   </div>
   <div class='ocr_carea' id='block_1_41' title="bbox 164 2639 475 2714">
    <p class='ocr_par' dir='ltr' id='par_1_41' title="bbox 164 2639 475 2714">
     <span class='ocr_line' id='line_1_41' title="bbox 164 2639 475 2714; baseline 0.026 -20"><span class='ocrx_word' id='word_1_312' title='bbox 164 2639 266 2695; x_wconf 64' lang='lat' dir='ltr'><strong>bitu</strong></span> <span class='ocrx_word' id='word_1_313' title='bbox 288 2648 475 2714; x_wconf 70' lang='lat' dir='ltr'><strong>aspexit.</strong></span> 
     </span>
    </p>
   </div>
   <div class='ocr_carea' id='block_1_42' title="bbox 242 2730 1694 2816">
    <p class='ocr_par' dir='ltr' id='par_1_42' title="bbox 242 2730 1694 2816">
     <span class='ocr_line' id='line_1_42' title="bbox 242 2730 1694 2816; baseline 0.009 -31"><span class='ocrx_word' id='word_1_314' title='bbox 242 2730 461 2790; x_wconf 79' lang='lat' dir='ltr'><strong>Praeterea</strong></span> <span class='ocrx_word' id='word_1_315' title='bbox 486 2740 522 2794; x_wconf 89' lang='lat' dir='ltr'><strong>si</strong></span> <span class='ocrx_word' id='word_1_316' title='bbox 548 2739 790 2799; x_wconf 81' lang='lat' dir='ltr'><strong>Christus</strong></span> <span class='ocrx_word' id='word_1_317' title='bbox 840 2741 1073 2813; x_wconf 81' lang='lat' dir='ltr'><strong>pastoris</strong></span> <span class='ocrx_word' id='word_1_318' title='bbox 1114 2742 1349 2813; x_wconf 88' lang='lat' dir='ltr'><strong>speciem</strong></span> <span class='ocrx_word' id='word_1_319' title='bbox 1376 2742 1694 2816; x_wconf 78' lang='lat' dir='ltr'><strong>dedignatus</strong></span> 
     </span>
    </p>
   </div>
   <div class='ocr_carea' id='block_1_43' title="bbox 179 2828 1690 2908">
    <p class='ocr_par' dir='ltr' id='par_1_43' title="bbox 179 2828 1690 2908">
     <span class='ocr_line' id='line_1_43' title="bbox 179 2828 1690 2908; baseline 0.009 -28"><span class='ocrx_word' id='word_1_320' title='bbox 179 2839 272 2880; x_wconf 85' lang='lat' dir='ltr'><strong>non</strong></span> <span class='ocrx_word' id='word_1_321' title='bbox 290 2837 381 2894; x_wconf 82' lang='lat' dir='ltr'><strong>est,</strong></span> <span class='ocrx_word' id='word_1_322' title='bbox 405 2828 606 2889; x_wconf 80' lang='lat' dir='ltr'><strong>sedeam</strong></span> <span class='ocrx_word' id='word_1_323' title='bbox 637 2837 735 2891; x_wconf 86' lang='lat' dir='ltr'><strong>sibi</strong></span> <span class='ocrx_word' id='word_1_324' title='bbox 770 2847 880 2890; x_wconf 88' lang='lat' dir='ltr'><strong>tam</strong></span> <span class='ocrx_word' id='word_1_325' title='bbox 911 2837 1221 2908; x_wconf 85' lang='lat' dir='ltr'><strong>frequenter</strong></span> <span class='ocrx_word' id='word_1_326' title='bbox 1245 2839 1690 2905; x_wconf 81' lang='lat' dir='ltr'><strong>accommodavit,</strong></span> 
     </span>
    </p>
   </div>
   <div class='ocr_carea' id='block_1_44' title="bbox 187 2925 1695 3003">
    <p class='ocr_par' dir='ltr' id='par_1_44' title="bbox 187 2925 1695 3003">
     <span class='ocr_line' id='line_1_44' title="bbox 187 2925 1695 3003; baseline 0.011 -32"><span class='ocrx_word' id='word_1_327' title='bbox 187 2930 272 2972; x_wconf 90' lang='lat' dir='ltr'><strong>cur</strong></span> <span class='ocrx_word' id='word_1_328' title='bbox 291 2925 484 2991; x_wconf 81' lang='lat' dir='ltr'><strong>pastoris</strong></span> <span class='ocrx_word' id='word_1_329' title='bbox 499 2927 655 2982; x_wconf 77' lang='lat' dir='ltr'><strong>ofﬁcia</strong></span> <span class='ocrx_word' id='word_1_330' title='bbox 678 2930 1087 3002; x_wconf 84' lang='lat' dir='ltr'><strong>dedignaretur.</strong></span> <span class='ocrx_word' id='word_1_331' title='bbox 1122 2933 1262 2987; x_wconf 90' lang='lat' dir='ltr'><strong>inter</strong></span> <span class='ocrx_word' id='word_1_332' title='bbox 1286 2948 1406 3003; x_wconf 58' lang='lat' dir='ltr'><strong>quae</strong></span> <span class='ocrx_word' id='word_1_333' title='bbox 1434 2948 1541 2988; x_wconf 89' lang='lat' dir='ltr'><strong>non</strong></span> <span class='ocrx_word' id='word_1_334' title='bbox 1571 2933 1695 2987; x_wconf 86' lang='lat' dir='ltr'><strong>ulti-</strong></span> 
     </span>
    </p>
   </div>
   <div class='ocr_carea' id='block_1_45' title="bbox 184 3012 1694 3096">
    <p class='ocr_par' dir='ltr' id='par_1_45' title="bbox 184 3012 1694 3096">
     <span class='ocr_line' id='line_1_45' title="bbox 184 3012 1694 3096; baseline 0.011 -32"><span class='ocrx_word' id='word_1_335' title='bbox 184 3025 308 3066; x_wconf 87' lang='lat' dir='ltr'><strong>mum</strong></span> <span class='ocrx_word' id='word_1_336' title='bbox 332 3012 482 3072; x_wconf 83' lang='lat' dir='ltr'><strong>locum</strong></span> <span class='ocrx_word' id='word_1_337' title='bbox 510 3030 777 3079; x_wconf 78' lang='lat' dir='ltr'><strong>tenetoves</strong></span> <span class='ocrx_word' id='word_1_338' title='bbox 808 3023 1089 3093; x_wconf 82' lang='lat' dir='ltr'><strong>mulgere?</strong></span> <span class='ocrx_word' id='word_1_339' title='bbox 1111 3025 1192 3078; x_wconf 85' lang='lat' dir='ltr'><strong>Att</strong></span> <span class='ocrx_word' id='word_1_340' title='bbox 1218 3024 1487 3080; x_wconf 78' lang='lat' dir='ltr'><strong>Christum</strong></span> <span class='ocrx_word' id='word_1_341' title='bbox 1525 3025 1694 3096; x_wconf 89' lang='lat' dir='ltr'><strong>magis</strong></span> 
     </span>
    </p>
   </div>
   <div class='ocr_carea' id='block_1_46' title="bbox 172 3103 1696 3189">
    <p class='ocr_par' dir='ltr' id='par_1_46' title="bbox 172 3103 1696 3189">
     <span class='ocr_line' id='line_1_46' title="bbox 172 3103 1696 3189; baseline 0.012 -30"><span class='ocrx_word' id='word_1_342' title='bbox 172 3103 355 3164; x_wconf 75' lang='lat' dir='ltr'><strong>dedecet</strong></span> <span class='ocrx_word' id='word_1_343' title='bbox 402 3115 503 3170; x_wconf 63' lang='lat' dir='ltr'><strong>hac</strong></span> <span class='ocrx_word' id='word_1_344' title='bbox 540 3117 727 3189; x_wconf 82' lang='lat' dir='ltr'><strong>ﬁgura,</strong></span> <span class='ocrx_word' id='word_1_345' title='bbox 771 3133 934 3189; x_wconf 89' lang='lat' dir='ltr'><strong>quam</strong></span> <span class='ocrx_word' id='word_1_346' title='bbox 984 3118 1069 3172; x_wconf 90' lang='lat' dir='ltr'><strong>illa</strong></span> <span class='ocrx_word' id='word_1_347' title='bbox 1113 3117 1329 3189; x_wconf 62' lang='lat' dir='ltr'><strong>gallina:</strong></span> <span class='ocrx_word' id='word_1_348' title='bbox 1356 3118 1530 3189; x_wconf 89' lang='lat' dir='ltr'><strong>pullos</strong></span> <span class='ocrx_word' id='word_1_349' title='bbox 1567 3132 1696 3176; x_wconf 83' lang='lat' dir='ltr'><strong>suos</strong></span> 
     </span>
    </p>
   </div>
   <div class='ocr_carea' id='block_1_47' title="bbox 163 3200 1692 3283">
    <p class='ocr_par' dir='ltr' id='par_1_47' title="bbox 163 3200 1692 3283">
     <span class='ocr_line' id='line_1_47' title="bbox 163 3200 1692 3283; baseline 0.009 -29"><span class='ocrx_word' id='word_1_350' title='bbox 163 3200 248 3255; x_wconf 86' lang='lat' dir='ltr'><strong>sub</strong></span> <span class='ocrx_word' id='word_1_351' title='bbox 287 3202 385 3260; x_wconf 82' lang='lat' dir='ltr'><strong>alas</strong></span> <span class='ocrx_word' id='word_1_352' title='bbox 419 3213 786 3283; x_wconf 75' lang='lat' dir='ltr'><strong>coagrcganlis</strong></span> <span class='ocrx_word' id='word_1_353' title='bbox 812 3253 829 3278; x_wconf 87' lang='lat'><strong>,</strong></span> <span class='ocrx_word' id='word_1_354' title='bbox 877 3210 1207 3282; x_wconf 79' lang='lat' dir='ltr'><strong>eosdemque</strong></span> <span class='ocrx_word' id='word_1_355' title='bbox 1252 3210 1503 3275; x_wconf 83' lang='lat' dir='ltr'><strong>foventis,</strong></span> <span class='ocrx_word' id='word_1_356' title='bbox 1532 3227 1692 3283; x_wconf 91' lang='lat' dir='ltr'><strong>quam</strong></span> 
     </span>
    </p>
   </div>
   <div class='ocr_carea' id='block_1_48' title="bbox 1797 2008 3388 2079">
    <p class='ocr_par' dir='ltr' id='par_1_48' title="bbox 1797 2008 3388 2079">
     <span class='ocr_line' id='line_1_48' title="bbox 1797 2008 3388 2079; baseline 0.001 -16"><span class='ocrx_word' id='word_1_357' title='bbox 1797 2008 2055 2075; x_wconf 86' lang='lat' dir='ltr'><strong>comedit,</strong></span> <span class='ocrx_word' id='word_1_358' title='bbox 2095 2008 2568 2065; x_wconf 83' lang='lat' dir='ltr'><strong>circumstantibus</strong></span> <span class='ocrx_word' id='word_1_359' title='bbox 2594 2011 2766 2066; x_wconf 79' lang='lat' dir='ltr'><strong>Amen</strong></span> <span class='ocrx_word' id='word_1_360' title='bbox 2788 2010 3226 2067; x_wconf 83' lang='lat' dir='ltr'><strong>acclamantibus.</strong></span> <span class='ocrx_word' id='word_1_361' title='bbox 3256 2009 3388 2079; x_wconf 67' lang='lat' dir='ltr'><strong>Quis</strong></span> 
     </span>
    </p>
   </div>
   <div class='ocr_carea' id='block_1_49' title="bbox 1795 2101 3386 2159">
    <p class='ocr_par' dir='ltr' id='par_1_49' title="bbox 1795 2101 3386 2159">
     <span class='ocr_line' id='line_1_49' title="bbox 1795 2101 3386 2159; baseline 0.001 -3"><span class='ocrx_word' id='word_1_362' title='bbox 1795 2102 1976 2156; x_wconf 85' lang='lat' dir='ltr'><strong>omnia</strong></span> <span class='ocrx_word' id='word_1_363' title='bbox 2024 2103 2077 2156; x_wconf 92' lang='lat' dir='ltr'><strong>in</strong></span> <span class='ocrx_word' id='word_1_364' title='bbox 2111 2101 2466 2158; x_wconf 72' lang='lat' dir='ltr'><strong>Eucharistize</strong></span> <span class='ocrx_word' id='word_1_365' title='bbox 2496 2102 2624 2158; x_wconf 89' lang='lat' dir='ltr'><strong>olim</strong></span> <span class='ocrx_word' id='word_1_366' title='bbox 2650 2102 3048 2159; x_wconf 84' lang='lat' dir='ltr'><strong>ministratioue</strong></span> <span class='ocrx_word' id='word_1_367' title='bbox 3076 2103 3237 2159; x_wconf 86' lang='lat' dir='ltr'><strong>solita</strong></span> <span class='ocrx_word' id='word_1_368' title='bbox 3267 2114 3386 2159; x_wconf 87' lang='lat' dir='ltr'><strong>ser-</strong></span> 
     </span>
    </p>
   </div>
   <div class='ocr_carea' id='block_1_50' title="bbox 1792 2195 3385 2267">
    <p class='ocr_par' dir='ltr' id='par_1_50' title="bbox 1792 2195 3385 2267">
     <span class='ocr_line' id='line_1_50' title="bbox 1792 2195 3385 2267; baseline 0.001 -18"><span class='ocrx_word' id='word_1_369' title='bbox 1792 2195 1905 2249; x_wconf 75' lang='lat' dir='ltr'><strong>vari</strong></span> <span class='ocrx_word' id='word_1_370' title='bbox 1964 2200 2142 2251; x_wconf 84' lang='lat' dir='ltr'><strong>notius</strong></span> <span class='ocrx_word' id='word_1_371' title='bbox 2182 2206 2264 2252; x_wconf 86' lang='lat' dir='ltr'><strong>est</strong></span> <span class='ocrx_word' id='word_1_372' title='bbox 2307 2214 2338 2251; x_wconf 86' lang='lat' dir='ltr'><strong>e</strong></span> <span class='ocrx_word' id='word_1_373' title='bbox 2379 2197 2612 2267; x_wconf 90' lang='lat' dir='ltr'><strong>plurium</strong></span> <span class='ocrx_word' id='word_1_374' title='bbox 2644 2196 2985 2267; x_wconf 88' lang='lat' dir='ltr'><strong>antiquorum</strong></span> <span class='ocrx_word' id='word_1_375' title='bbox 3038 2196 3385 2262; x_wconf 80' lang='lat' dir='ltr'><strong>testimoniis,</strong></span> 
     </span>
    </p>
   </div>
   <div class='ocr_carea' id='block_1_51' title="bbox 1798 2288 3386 2359">
    <p class='ocr_par' dir='ltr' id='par_1_51' title="bbox 1798 2288 3386 2359">
     <span class='ocr_line' id='line_1_51' title="bbox 1798 2288 3386 2359; baseline -0.001 -16"><span class='ocrx_word' id='word_1_376' title='bbox 1798 2297 1853 2343; x_wconf 89' lang='lat' dir='ltr'><strong>et</strong></span> <span class='ocrx_word' id='word_1_377' title='bbox 1883 2288 2053 2343; x_wconf 83' lang='lat' dir='ltr'><strong>sancti</strong></span> <span class='ocrx_word' id='word_1_378' title='bbox 2086 2291 2382 2357; x_wconf 62' lang='lat' dir='ltr'><strong>prasertim</strong></span> <span class='ocrx_word' id='word_1_379' title='bbox 2436 2288 2706 2345; x_wconf 78' lang='lat' dir='ltr'><strong>Ambrosii</strong></span> <span class='ocrx_word' id='word_1_380' title='bbox 2731 2328 2744 2353; x_wconf 87' lang='lat'><em>.</em></span> <span class='ocrx_word' id='word_1_381' title='bbox 2768 2304 2928 2359; x_wconf 87' lang='lat' dir='ltr'><strong>quam</strong></span> <span class='ocrx_word' id='word_1_382' title='bbox 2955 2288 3386 2344; x_wconf 81' lang='lat' dir='ltr'><strong>utdemonSIrari</strong></span> 
     </span>
    </p>
   </div>
   <div class='ocr_carea' id='block_1_52' title="bbox 1794 2381 3389 2450">
    <p class='ocr_par' dir='ltr' id='par_1_52' title="bbox 1794 2381 3389 2450">
     <span class='ocr_line' id='line_1_52' title="bbox 1794 2381 3389 2450; baseline 0.001 -14"><span class='ocrx_word' id='word_1_383' title='bbox 1794 2381 2035 2450; x_wconf 88' lang='lat' dir='ltr'><strong>pluribus</strong></span> <span class='ocrx_word' id='word_1_384' title='bbox 2082 2396 2219 2450; x_wconf 89' lang='lat' dir='ltr'><strong>opus</strong></span> <span class='ocrx_word' id='word_1_385' title='bbox 2262 2383 2352 2437; x_wconf 86' lang='lat' dir='ltr'><strong>sit.</strong></span> <span class='ocrx_word' id='word_1_386' title='bbox 2385 2383 2545 2439; x_wconf 85' lang='lat' dir='ltr'><strong>Certe</strong></span> <span class='ocrx_word' id='word_1_387' title='bbox 2569 2383 2637 2438; x_wconf 88' lang='lat' dir='ltr'><strong>de</strong></span> <span class='ocrx_word' id='word_1_388' title='bbox 2681 2398 2779 2437; x_wconf 91' lang='lat' dir='ltr'><strong>usu</strong></span> <span class='ocrx_word' id='word_1_389' title='bbox 2808 2382 3184 2438; x_wconf 76' lang='lat' dir='ltr'><strong>Africanarum</strong></span> <span class='ocrx_word' id='word_1_390' title='bbox 3212 2383 3389 2438; x_wconf 84' lang='lat' dir='ltr'><strong>eccle-</strong></span> 
     </span>
    </p>
   </div>
   <div class='ocr_carea' id='block_1_53' title="bbox 1795 2473 3387 2542">
    <p class='ocr_par' dir='ltr' id='par_1_53' title="bbox 1795 2473 3387 2542">
     <span class='ocr_line' id='line_1_53' title="bbox 1795 2473 3387 2542; baseline 0.003 -16"><span class='ocrx_word' id='word_1_391' title='bbox 1795 2473 1994 2527; x_wconf 87' lang='lat' dir='ltr'><strong>siarum</strong></span> <span class='ocrx_word' id='word_1_392' title='bbox 2024 2473 2370 2542; x_wconf 84' lang='lat' dir='ltr'><strong>peculiariter</strong></span> <span class='ocrx_word' id='word_1_393' title='bbox 2386 2485 2597 2531; x_wconf 88' lang='lat' dir='ltr'><strong>constat</strong></span> <span class='ocrx_word' id='word_1_394' title='bbox 2619 2514 2634 2539; x_wconf 94' lang='lat'><strong>,</strong></span> <span class='ocrx_word' id='word_1_395' title='bbox 2665 2476 2855 2530; x_wconf 87' lang='lat' dir='ltr'><strong>solitas</strong></span> <span class='ocrx_word' id='word_1_396' title='bbox 2882 2490 2972 2530; x_wconf 85' lang='lat' dir='ltr'><strong>cas</strong></span> <span class='ocrx_word' id='word_1_397' title='bbox 2995 2475 3387 2531; x_wconf 82' lang='lat' dir='ltr'><strong>Eucharistiam</strong></span> 
     </span>
    </p>
   </div>
   <div class='ocr_carea' id='block_1_54' title="bbox 1793 2566 3389 2641">
    <p class='ocr_par' dir='ltr' id='par_1_54' title="bbox 1793 2566 3389 2641">
     <span class='ocr_line' id='line_1_54' title="bbox 1793 2566 3389 2641; baseline 0.002 -20"><span class='ocrx_word' id='word_1_398' title='bbox 1793 2566 2102 2622; x_wconf 89' lang='lat' dir='ltr'><strong>ministrare</strong></span> <span class='ocrx_word' id='word_1_399' title='bbox 2134 2567 2557 2624; x_wconf 83' lang='lat' dir='ltr'><strong>.confessoribus</strong></span> <span class='ocrx_word' id='word_1_400' title='bbox 2585 2569 2639 2623; x_wconf 91' lang='lat' dir='ltr'><strong>in</strong></span> <span class='ocrx_word' id='word_1_401' title='bbox 2681 2568 2925 2641; x_wconf 82' lang='lat' dir='ltr'><strong>martyrii</strong></span> <span class='ocrx_word' id='word_1_402' title='bbox 2954 2570 3230 2639; x_wconf 89' lang='lat' dir='ltr'><strong>procinctu</strong></span> <span class='ocrx_word' id='word_1_403' title='bbox 3256 2585 3389 2625; x_wconf 87' lang='lat' dir='ltr'><strong>con-</strong></span> 
     </span>
    </p>
   </div>
   <div class='ocr_carea' id='block_1_55' title="bbox 1795 2659 3392 2728">
    <p class='ocr_par' dir='ltr' id='par_1_55' title="bbox 1795 2659 3392 2728">
     <span class='ocr_line' id='line_1_55' title="bbox 1795 2659 3392 2728; baseline 0.003 -15"><span class='ocrx_word' id='word_1_404' title='bbox 1795 2659 2032 2716; x_wconf 88' lang='lat' dir='ltr'><strong>stitutis:</strong></span> <span class='ocrx_word' id='word_1_405' title='bbox 2064 2659 2224 2728; x_wconf 88' lang='lat' dir='ltr'><strong>idque</strong></span> <span class='ocrx_word' id='word_1_406' title='bbox 2274 2662 2342 2716; x_wconf 86' lang='lat' dir='ltr'><strong>ita</strong></span> <span class='ocrx_word' id='word_1_407' title='bbox 2397 2660 2763 2717; x_wconf 84' lang='lat' dir='ltr'><strong>necessarium</strong></span> <span class='ocrx_word' id='word_1_408' title='bbox 2812 2661 3101 2716; x_wconf 77' lang='lat' dir='ltr'><strong>arbitratae</strong></span> <span class='ocrx_word' id='word_1_409' title='bbox 3143 2676 3297 2727; x_wconf 88' lang='lat' dir='ltr'><strong>esse,</strong></span> <span class='ocrx_word' id='word_1_410' title='bbox 3330 2670 3392 2717; x_wconf 86' lang='lat' dir='ltr'><strong>ut</strong></span> 
     </span>
    </p>
   </div>
   <div class='ocr_carea' id='block_1_56' title="bbox 1795 2754 3383 2823">
    <p class='ocr_par' dir='ltr' id='par_1_56' title="bbox 1795 2754 3383 2823">
     <span class='ocr_line' id='line_1_56' title="bbox 1795 2754 3383 2823; baseline 0 -13"><span class='ocrx_word' id='word_1_411' title='bbox 1795 2754 1921 2810; x_wconf 88' lang='lat' dir='ltr'><strong>inde</strong></span> <span class='ocrx_word' id='word_1_412' title='bbox 1968 2761 2345 2823; x_wconf 79' lang='lat' dir='ltr'><strong>argumentum</strong></span> <span class='ocrx_word' id='word_1_413' title='bbox 2395 2755 2727 2822; x_wconf 88' lang='lat' dir='ltr'><strong>sumpserint</strong></span> <span class='ocrx_word' id='word_1_414' title='bbox 2768 2754 3038 2808; x_wconf 88' lang='lat' dir='ltr'><strong>scribendi</strong></span> <span class='ocrx_word' id='word_1_415' title='bbox 3066 2754 3132 2809; x_wconf 90' lang='lat' dir='ltr'><strong>ad</strong></span> <span class='ocrx_word' id='word_1_416' title='bbox 3184 2755 3383 2810; x_wconf 52' lang='lat' dir='ltr'><strong>Cerne.</strong></span> 
     </span>
    </p>
   </div>
   <div class='ocr_carea' id='block_1_57' title="bbox 1796 2843 3390 2915">
    <p class='ocr_par' dir='ltr' id='par_1_57' title="bbox 1796 2843 3390 2915">
     <span class='ocr_line' id='line_1_57' title="bbox 1796 2843 3390 2915; baseline -0.001 -13"><span class='ocrx_word' id='word_1_417' title='bbox 1796 2847 1926 2902; x_wconf 89' lang='lat' dir='ltr'><strong>lium</strong></span> <span class='ocrx_word' id='word_1_418' title='bbox 1955 2862 2092 2902; x_wconf 90' lang='lat' dir='ltr'><strong>rom.</strong></span> <span class='ocrx_word' id='word_1_419' title='bbox 2124 2844 2460 2915; x_wconf 88' lang='lat' dir='ltr'><strong>pontiﬁcem,</strong></span> <span class='ocrx_word' id='word_1_420' title='bbox 2493 2858 2657 2899; x_wconf 89' lang='lat' dir='ltr'><strong>manu</strong></span> <span class='ocrx_word' id='word_1_421' title='bbox 2687 2843 2901 2913; x_wconf 85' lang='lat' dir='ltr'><strong>quidem</strong></span> <span class='ocrx_word' id='word_1_422' title='bbox 2928 2853 2983 2899; x_wconf 91' lang='lat' dir='ltr'><strong>et</strong></span> <span class='ocrx_word' id='word_1_423' title='bbox 3027 2845 3235 2898; x_wconf 84' lang='lat' dir='ltr'><strong>calamo</strong></span> <span class='ocrx_word' id='word_1_424' title='bbox 3264 2860 3390 2900; x_wconf 83' lang='lat' dir='ltr'><strong>san-</strong></span> 
     </span>
    </p>
   </div>
   <div class='ocr_carea' id='block_1_58' title="bbox 1796 2937 3390 3013">
    <p class='ocr_par' dir='ltr' id='par_1_58' title="bbox 1796 2937 3390 3013">
     <span class='ocr_line' id='line_1_58' title="bbox 1796 2937 3390 3013; baseline -0.003 -16"><span class='ocrx_word' id='word_1_425' title='bbox 1796 2943 1866 2997; x_wconf 91' lang='lat' dir='ltr'><strong>cti</strong></span> <span class='ocrx_word' id='word_1_426' title='bbox 1894 2940 2169 3013; x_wconf 81' lang='lat' dir='ltr'><strong>Cypriani,</strong></span> <span class='ocrx_word' id='word_1_427' title='bbox 2219 2940 2437 2995; x_wconf 87' lang='lat' dir='ltr'><strong>nomine</strong></span> <span class='ocrx_word' id='word_1_428' title='bbox 2477 2948 2654 2994; x_wconf 88' lang='lat' dir='ltr'><strong>utem</strong></span> <span class='ocrx_word' id='word_1_429' title='bbox 2681 2937 2910 2993; x_wconf 84' lang='lat' dir='ltr'><strong>aliorum</strong></span> <span class='ocrx_word' id='word_1_430' title='bbox 2942 2950 3156 3008; x_wconf 89' lang='lat' dir='ltr'><strong>quoque</strong></span> <span class='ocrx_word' id='word_1_431' title='bbox 3184 2944 3390 3007; x_wconf 88' lang='lat' dir='ltr'><strong>septem</strong></span> 
     </span>
    </p>
   </div>
   <div class='ocr_carea' id='block_1_59' title="bbox 1796 3029 3391 3105">
    <p class='ocr_par' dir='ltr' id='par_1_59' title="bbox 1796 3029 3391 3105">
     <span class='ocr_line' id='line_1_59' title="bbox 1796 3029 3391 3105; baseline -0.003 -16"><span class='ocrx_word' id='word_1_432' title='bbox 1796 3043 1850 3089; x_wconf 91' lang='lat' dir='ltr'><strong>et</strong></span> <span class='ocrx_word' id='word_1_433' title='bbox 1873 3033 2088 3105; x_wconf 86' lang='lat' dir='ltr'><strong>triginta</strong></span> <span class='ocrx_word' id='word_1_434' title='bbox 2133 3032 2517 3103; x_wconf 87' lang='lat' dir='ltr'><strong>episcoporum</strong></span> <span class='ocrx_word' id='word_1_435' title='bbox 2570 3030 2971 3097; x_wconf 78' lang='lat' dir='ltr'><strong>Africanorum,</strong></span> <span class='ocrx_word' id='word_1_436' title='bbox 3006 3039 3062 3085; x_wconf 91' lang='lat' dir='ltr'><strong>ut</strong></span> <span class='ocrx_word' id='word_1_437' title='bbox 3088 3029 3225 3100; x_wconf 67' lang='lat' dir='ltr'><strong>asqui</strong></span> <span class='ocrx_word' id='word_1_438' title='bbox 3257 3043 3391 3085; x_wconf 88' lang='lat' dir='ltr'><strong>con-</strong></span> 
     </span>
    </p>
   </div>
   <div class='ocr_carea' id='block_1_60' title="bbox 1797 3121 3390 3198">
    <p class='ocr_par' dir='ltr' id='par_1_60' title="bbox 1797 3121 3390 3198">
     <span class='ocr_line' id='line_1_60' title="bbox 1797 3121 3390 3198; baseline -0.005 -15"><span class='ocrx_word' id='word_1_439' title='bbox 1797 3127 2018 3192; x_wconf 85' lang='lat' dir='ltr'><strong>suleret,</strong></span> <span class='ocrx_word' id='word_1_440' title='bbox 2045 3126 2272 3198; x_wconf 81' lang='lat' dir='ltr'><strong>gratiam</strong></span> <span class='ocrx_word' id='word_1_441' title='bbox 2318 3125 2433 3181; x_wconf 85' lang='lat' dir='ltr'><strong>ﬁeri</strong></span> <span class='ocrx_word' id='word_1_442' title='bbox 2461 3125 2591 3195; x_wconf 86' lang='lat' dir='ltr'><strong>legis</strong></span> <span class='ocrx_word' id='word_1_443' title='bbox 2616 3125 2764 3194; x_wconf 90' lang='lat' dir='ltr'><strong>prius</strong></span> <span class='ocrx_word' id='word_1_444' title='bbox 2793 3123 3018 3177; x_wconf 70' lang='lat' dir='ltr'><strong>saucitte</strong></span> <span class='ocrx_word' id='word_1_445' title='bbox 3052 3121 3121 3177; x_wconf 92' lang='lat' dir='ltr'><strong>de</strong></span> <span class='ocrx_word' id='word_1_446' title='bbox 3142 3137 3251 3177; x_wconf 88' lang='lat' dir='ltr'><strong>non</strong></span> <span class='ocrx_word' id='word_1_447' title='bbox 3295 3121 3390 3177; x_wconf 83' lang='lat' dir='ltr'><strong>atl-</strong></span> 
     </span>
    </p>
   </div>
   <div class='ocr_carea' id='block_1_61' title="bbox 1795 3202 3393 3291">
    <p class='ocr_par' dir='ltr' id='par_1_61' title="bbox 1795 3202 3393 3291">
     <span class='ocr_line' id='line_1_61' title="bbox 1795 3202 3393 3291; baseline -0.004 -15"><span class='ocrx_word' id='word_1_448' title='bbox 1795 3202 2074 3276; x_wconf 67' lang='lat' dir='ltr'><strong>mittendis</strong></span> <span class='ocrx_word' id='word_1_449' title='bbox 2109 3234 2362 3291; x_wconf 87' lang='lat' dir='ltr'><strong>umquam</strong></span> <span class='ocrx_word' id='word_1_450' title='bbox 2397 3219 2463 3274; x_wconf 88' lang='lat' dir='ltr'><strong>ad</strong></span> <span class='ocrx_word' id='word_1_451' title='bbox 2504 3218 2759 3275; x_wconf 70' lang='lat' dir='ltr'><strong>Ecclesiae</strong></span> <span class='ocrx_word' id='word_1_452' title='bbox 2785 3227 2838 3274; x_wconf 89' lang='lat' dir='ltr'><strong>et</strong></span> <span class='ocrx_word' id='word_1_453' title='bbox 2865 3215 3218 3272; x_wconf 68' lang='lat' dir='ltr'><strong>Eucharistiat</strong></span> <span class='ocrx_word' id='word_1_454' title='bbox 3242 3229 3393 3270; x_wconf 77' lang='lat' dir='ltr'><strong>com-</strong></span> 
     </span>
    </p>
   </div>
   <div class='ocr_carea' id='block_1_62' title="bbox 153 3291 1708 3385">
    <p class='ocr_par' dir='ltr' id='par_1_62' title="bbox 153 3291 1690 3377">
     <span class='ocr_line' id='line_1_62' title="bbox 153 3291 1690 3377; baseline 0.003 -22"><span class='ocrx_word' id='word_1_455' title='bbox 153 3291 512 3370; x_wconf 76' lang='lat' dir='ltr'><strong>benignissimus</strong></span> <span class='ocrx_word' id='word_1_456' title='bbox 552 3308 835 3374; x_wconf 84' lang='lat' dir='ltr'><strong>Dominus,</strong></span> <span class='ocrx_word' id='word_1_457' title='bbox 877 3309 1056 3377; x_wconf 86' lang='lat' dir='ltr'><strong>captui</strong></span> <span class='ocrx_word' id='word_1_458' title='bbox 1079 3320 1139 3361; x_wconf 89' lang='lat' dir='ltr'><strong>se</strong></span> <span class='ocrx_word' id='word_1_459' title='bbox 1168 3313 1359 3362; x_wconf 89' lang='lat' dir='ltr'><strong>nostro</strong></span> <span class='ocrx_word' id='word_1_460' title='bbox 1383 3320 1690 3363; x_wconf 84' lang='lat' dir='ltr'><strong>accommo-</strong></span> 
     </span>
    </p>
   </div>
   <div class='ocr_carea' id='block_1_63' title="bbox 1798 3291 3391 3385">
    <p class='ocr_par' dir='ltr' id='par_1_63' title="bbox 1798 3310 3391 3385">
     <span class='ocr_line' id='line_1_63' title="bbox 1798 3310 3391 3385; baseline -0.003 -15"><span class='ocrx_word' id='word_1_461' title='bbox 1798 3316 2104 3371; x_wconf 86' lang='lat' dir='ltr'><strong>mnnionem</strong></span> <span class='ocrx_word' id='word_1_462' title='bbox 2146 3315 2210 3370; x_wconf 86' lang='lat' dir='ltr'><strong>iis</strong></span> <span class='ocrx_word' id='word_1_463' title='bbox 2256 3315 2343 3385; x_wconf 89' lang='lat' dir='ltr'><strong>qui</strong></span> <span class='ocrx_word' id='word_1_464' title='bbox 2395 3316 2561 3370; x_wconf 83' lang='lat' dir='ltr'><strong>semel</strong></span> <span class='ocrx_word' id='word_1_465' title='bbox 2594 3316 2645 3370; x_wconf 90' lang='lat' dir='ltr'><strong>in</strong></span> <span class='ocrx_word' id='word_1_466' title='bbox 2674 3313 3049 3385; x_wconf 87' lang='lat' dir='ltr'><strong>persecutione</strong></span> <span class='ocrx_word' id='word_1_467' title='bbox 3089 3311 3224 3382; x_wconf 89' lang='lat' dir='ltr'><strong>lapsi</strong></span> <span class='ocrx_word' id='word_1_468' title='bbox 3259 3310 3391 3365; x_wconf 86' lang='lat' dir='ltr'><strong>fuis-</strong></span> 
     </span>
    </p>
   </div>
   <div class='ocr_carea' id='block_1_64' title="bbox 152 3385 1693 3470">
    <p class='ocr_par' dir='ltr' id='par_1_64' title="bbox 152 3385 1693 3470">
     <span class='ocr_line' id='line_1_64' title="bbox 152 3385 1693 3470; baseline 0.007 -28"><span class='ocrx_word' id='word_1_469' title='bbox 152 3385 276 3455; x_wconf 86' lang='lat' dir='ltr'><strong>dans,</strong></span> <span class='ocrx_word' id='word_1_470' title='bbox 302 3394 508 3454; x_wconf 85' lang='lat' dir='ltr'><strong>minime</strong></span> <span class='ocrx_word' id='word_1_471' title='bbox 554 3400 813 3469; x_wconf 83' lang='lat' dir='ltr'><strong>respuit?</strong></span> <span class='ocrx_word' id='word_1_472' title='bbox 839 3400 908 3455; x_wconf 85' lang='lat' dir='ltr'><strong>Et</strong></span> <span class='ocrx_word' id='word_1_473' title='bbox 929 3414 1059 3456; x_wconf 85' lang='lat' dir='ltr'><strong>sane</strong></span> <span class='ocrx_word' id='word_1_474' title='bbox 1099 3398 1405 3454; x_wconf 89' lang='lat' dir='ltr'><strong>imminenti</strong></span> <span class='ocrx_word' id='word_1_475' title='bbox 1434 3400 1693 3470; x_wconf 87' lang='lat' dir='ltr'><strong>martyrio</strong></span> 
     </span>
    </p>
   </div>
   <div class='ocr_carea' id='block_1_65' title="bbox 145 3483 1694 3563">
    <p class='ocr_par' dir='ltr' id='par_1_65' title="bbox 145 3483 1694 3563">
     <span class='ocr_line' id='line_1_65' title="bbox 145 3483 1694 3563; baseline 0.005 -25"><span class='ocrx_word' id='word_1_476' title='bbox 145 3483 486 3555; x_wconf 75' lang='lat' dir='ltr'><strong>pnetigurando</strong></span> <span class='ocrx_word' id='word_1_477' title='bbox 514 3493 661 3546; x_wconf 88' lang='lat' dir='ltr'><strong>nulla</strong></span> <span class='ocrx_word' id='word_1_478' title='bbox 692 3491 865 3563; x_wconf 86' lang='lat' dir='ltr'><strong>magis</strong></span> <span class='ocrx_word' id='word_1_479' title='bbox 892 3501 1013 3563; x_wconf 88' lang='lat' dir='ltr'><strong>apta</strong></span> <span class='ocrx_word' id='word_1_480' title='bbox 1042 3491 1241 3563; x_wconf 88' lang='lat' dir='ltr'><strong>ﬁgura,</strong></span> <span class='ocrx_word' id='word_1_481' title='bbox 1275 3506 1435 3561; x_wconf 88' lang='lat' dir='ltr'><strong>quam</strong></span> <span class='ocrx_word' id='word_1_482' title='bbox 1465 3493 1694 3562; x_wconf 86' lang='lat' dir='ltr'><strong>pastoris</strong></span> 
     </span>
    </p>
   </div>
   <div class='ocr_carea' id='block_1_66' title="bbox 144 3581 1695 3655">
    <p class='ocr_par' dir='ltr' id='par_1_66' title="bbox 144 3581 1695 3655">
     <span class='ocr_line' id='line_1_66' title="bbox 144 3581 1695 3655; baseline 0.008 -28"><span class='ocrx_word' id='word_1_483' title='bbox 144 3581 558 3653; x_wconf 74' lang='lat' dir='ltr'><strong>oresmulgentis.</strong></span> <span class='ocrx_word' id='word_1_484' title='bbox 589 3584 704 3654; x_wconf 82' lang='lat' dir='ltr'><strong>Qua</strong></span> <span class='ocrx_word' id='word_1_485' title='bbox 751 3584 895 3640; x_wconf 88' lang='lat' dir='ltr'><strong>enim</strong></span> <span class='ocrx_word' id='word_1_486' title='bbox 926 3585 1201 3642; x_wconf 86' lang='lat' dir='ltr'><strong>alacritate</strong></span> <span class='ocrx_word' id='word_1_487' title='bbox 1254 3595 1438 3655; x_wconf 82' lang='lat' dir='ltr'><strong>pastor</strong></span> <span class='ocrx_word' id='word_1_488' title='bbox 1464 3600 1497 3640; x_wconf 86' lang='lat' dir='ltr'><strong>e</strong></span> <span class='ocrx_word' id='word_1_489' title='bbox 1525 3600 1695 3639; x_wconf 89' lang='lat' dir='ltr'><strong>mam-</strong></span> 
     </span>
    </p>
   </div>
   <div class='ocr_carea' id='block_1_67' title="bbox 145 3667 1692 3750">
    <p class='ocr_par' dir='ltr' id='par_1_67' title="bbox 145 3667 1692 3750">
     <span class='ocr_line' id='line_1_67' title="bbox 145 3667 1692 3750; baseline 0.006 -28"><span class='ocrx_word' id='word_1_490' title='bbox 145 3667 222 3722; x_wconf 84' lang='lat' dir='ltr'><strong>mis</strong></span> <span class='ocrx_word' id='word_1_491' title='bbox 246 3673 401 3729; x_wconf 82' lang='lat' dir='ltr'><strong>ovium</strong></span> <span class='ocrx_word' id='word_1_492' title='bbox 444 3677 539 3732; x_wconf 85' lang='lat' dir='ltr'><strong>lac</strong></span> <span class='ocrx_word' id='word_1_493' title='bbox 591 3676 891 3750; x_wconf 79' lang='lat' dir='ltr'><strong>exprimit,</strong></span> <span class='ocrx_word' id='word_1_494' title='bbox 941 3678 1128 3733; x_wconf 87' lang='lat' dir='ltr'><strong>eadem</strong></span> <span class='ocrx_word' id='word_1_495' title='bbox 1152 3692 1183 3733; x_wconf 94' lang='lat' dir='ltr'><strong>e</strong></span> <span class='ocrx_word' id='word_1_496' title='bbox 1206 3677 1358 3733; x_wconf 83' lang='lat' dir='ltr'><strong>venis</strong></span> <span class='ocrx_word' id='word_1_497' title='bbox 1397 3687 1692 3749; x_wconf 84' lang='lat' dir='ltr'><strong>martyrum</strong></span> 
     </span>
    </p>
   </div>
   <div class='ocr_carea' id='block_1_68' title="bbox 145 3765 1328 3842">
    <p class='ocr_par' dir='ltr' id='par_1_68' title="bbox 145 3765 1328 3842">
     <span class='ocr_line' id='line_1_68' title="bbox 145 3765 1328 3842; baseline -0.007 -9"><span class='ocrx_word' id='word_1_498' title='bbox 145 3765 401 3832; x_wconf 63' lang='grc' dir='ltr'><strong>⁵³³ευὶοω</strong></span> <span class='ocrx_word' id='word_1_499' title='bbox 420 3768 684 3826; x_wconf 76' lang='lat' dir='ltr'><strong>Christus</strong></span> <span class='ocrx_word' id='word_1_500' title='bbox 705 3769 881 3827; x_wconf 89' lang='lat' dir='ltr'><strong>bonus</strong></span> <span class='ocrx_word' id='word_1_501' title='bbox 904 3770 1328 3842; x_wconf 78' lang='lat' dir='ltr'><strong>pastorexcepit.</strong></span> 
     </span>
    </p>
   </div>
   <div class='ocr_carea' id='block_1_69' title="bbox 194 3855 1697 3935">
    <p class='ocr_par' dir='ltr' id='par_1_69' title="bbox 194 3855 1697 3935">
     <span class='ocr_line' id='line_1_69' title="bbox 194 3855 1697 3935; baseline 0.007 -23"><span class='ocrx_word' id='word_1_502' title='bbox 194 3855 241 3912; x_wconf 91' lang='lat' dir='ltr'><strong>ll.</strong></span> <span class='ocrx_word' id='word_1_503' title='bbox 269 3861 404 3920; x_wconf 82' lang='lat' dir='ltr'><strong>Circa</strong></span> <span class='ocrx_word' id='word_1_504' title='bbox 437 3863 740 3921; x_wconf 83' lang='lat' dir='ltr'><strong>secundam</strong></span> <span class='ocrx_word' id='word_1_505' title='bbox 794 3862 1161 3922; x_wconf 85' lang='lat' dir='ltr'><strong>difficultatem</strong></span> <span class='ocrx_word' id='word_1_506' title='bbox 1194 3880 1359 3935; x_wconf 86' lang='lat' dir='ltr'><strong>pauca</strong></span> <span class='ocrx_word' id='word_1_507' title='bbox 1391 3865 1508 3921; x_wconf 65' lang='lat' dir='ltr'><strong>haec</strong></span> <span class='ocrx_word' id='word_1_508' title='bbox 1536 3866 1697 3922; x_wconf 86' lang='lat' dir='ltr'><strong>habet</strong></span> 
     </span>
    </p>
   </div>
   <div class='ocr_carea' id='block_1_70' title="bbox 142 3946 1694 4029">
    <p class='ocr_par' dir='ltr' id='par_1_70' title="bbox 142 3946 1694 4029">
     <span class='ocr_line' id='line_1_70' title="bbox 142 3946 1694 4029; baseline 0.006 -26"><span class='ocrx_word' id='word_1_509' title='bbox 142 3946 244 4005; x_wconf 85' lang='lat' dir='ltr'><strong>idem</strong></span> <span class='ocrx_word' id='word_1_510' title='bbox 268 3951 341 4011; x_wconf 84' lang='lat' dir='ltr'><strong>Cl.</strong></span> <span class='ocrx_word' id='word_1_511' title='bbox 380 3953 751 4013; x_wconf 82' lang='lat' dir='ltr'><strong>Holstenius:</strong></span> <span class='ocrx_word' id='word_1_512' title='bbox 786 3974 804 4008; x_wconf 77' lang='grc' dir='ltr'><strong><em>ι</em></strong></span> <span class='ocrx_word' id='word_1_513' title='bbox 841 3955 1004 4012; x_wconf 84' lang='lat' dir='ltr'><strong>Multa</strong></span> <span class='ocrx_word' id='word_1_514' title='bbox 1053 3957 1158 4013; x_wconf 89' lang='lat' dir='ltr'><strong>dici</strong></span> <span class='ocrx_word' id='word_1_515' title='bbox 1210 3968 1429 4029; x_wconf 88' lang='lat' dir='ltr'><strong>possent</strong></span> <span class='ocrx_word' id='word_1_516' title='bbox 1480 3958 1548 4013; x_wconf 88' lang='lat' dir='ltr'><strong>de</strong></span> <span class='ocrx_word' id='word_1_517' title='bbox 1593 3973 1694 4013; x_wconf 87' lang='lat' dir='ltr'><strong>usu</strong></span> 
     </span>
    </p>
   </div>
   <div class='ocr_carea' id='block_1_71' title="bbox 145 4039 1691 4121">
    <p class='ocr_par' dir='ltr' id='par_1_71' title="bbox 145 4039 1691 4121">
     <span class='ocr_line' id='line_1_71' title="bbox 145 4039 1691 4121; baseline 0.008 -27"><span class='ocrx_word' id='word_1_518' title='bbox 145 4039 255 4098; x_wconf 78' lang='lat' dir='ltr'><strong>iactis</strong></span> <span class='ocrx_word' id='word_1_519' title='bbox 272 4060 318 4102; x_wconf 89' lang='lat' dir='ltr'><strong>et</strong></span> <span class='ocrx_word' id='word_1_520' title='bbox 359 4049 547 4106; x_wconf 87' lang='lat' dir='ltr'><strong>mellis</strong></span> <span class='ocrx_word' id='word_1_521' title='bbox 595 4048 896 4121; x_wconf 79' lang='lat' dir='ltr'><strong>symbolice</strong></span> <span class='ocrx_word' id='word_1_522' title='bbox 923 4051 1326 4106; x_wconf 89' lang='lat' dir='ltr'><strong>catechumenis</strong></span> <span class='ocrx_word' id='word_1_523' title='bbox 1367 4053 1482 4106; x_wconf 87' lang='lat' dir='ltr'><strong>dari</strong></span> <span class='ocrx_word' id='word_1_524' title='bbox 1511 4052 1691 4116; x_wconf 86' lang='lat' dir='ltr'><strong>solito.</strong></span> 
     </span>
    </p>
   </div>
   <div class='ocr_carea' id='block_1_72' title="bbox 143 4135 1696 4213">
    <p class='ocr_par' dir='ltr' id='par_1_72' title="bbox 143 4135 1696 4213">
     <span class='ocr_line' id='line_1_72' title="bbox 143 4135 1696 4213; baseline 0.007 -23"><span class='ocrx_word' id='word_1_525' title='bbox 143 4145 187 4187; x_wconf 80' lang='lat' dir='ltr'><strong>ex</strong></span> <span class='ocrx_word' id='word_1_526' title='bbox 208 4135 480 4213; x_wconf 79' lang='lat' dir='ltr'><strong>Hesychia,</strong></span> <span class='ocrx_word' id='word_1_527' title='bbox 514 4142 568 4197; x_wconf 91' lang='lat' dir='ltr'><strong>in</strong></span> <span class='ocrx_word' id='word_1_528' title='bbox 594 4141 843 4197; x_wconf 78' lang='lat' dir='ltr'><strong>Exedunt</strong></span> <span class='ocrx_word' id='word_1_529' title='bbox 871 4158 991 4212; x_wconf 83' lang='lat' dir='ltr'><strong>pag.</strong></span> <span class='ocrx_word' id='word_1_530' title='bbox 1019 4142 1147 4209; x_wconf 69' lang='lat'><strong>257,</strong></span> <span class='ocrx_word' id='word_1_531' title='bbox 1187 4154 1243 4199; x_wconf 91' lang='lat' dir='ltr'><strong>et</strong></span> <span class='ocrx_word' id='word_1_532' title='bbox 1273 4144 1607 4203; x_wconf 87' lang='lat' dir='ltr'><strong>&#39;l‘ertulliano</strong></span> <span class='ocrx_word' id='word_1_533' title='bbox 1626 4145 1696 4201; x_wconf 83' lang='lat' dir='ltr'><strong>de</strong></span> 
     </span>
    </p>
   </div>
   <div class='ocr_carea' id='block_1_73' title="bbox 145 4222 1697 4305">
    <p class='ocr_par' dir='ltr' id='par_1_73' title="bbox 145 4222 1697 4305">
     <span class='ocr_line' id='line_1_73' title="bbox 145 4222 1697 4305; baseline 0.009 -26"><span class='ocrx_word' id='word_1_534' title='bbox 145 4222 325 4298; x_wconf 81' lang='lat' dir='ltr'><strong>Corona,</strong></span> <span class='ocrx_word' id='word_1_535' title='bbox 353 4249 484 4305; x_wconf 84' lang='lat' dir='ltr'><strong>pag.</strong></span> <span class='ocrx_word' id='word_1_536' title='bbox 531 4234 655 4301; x_wconf 74' lang='lat' dir='ltr'><strong>t2l,</strong></span> <span class='ocrx_word' id='word_1_537' title='bbox 687 4233 833 4290; x_wconf 83' lang='lat' dir='ltr'><strong>Edit.</strong></span> <span class='ocrx_word' id='word_1_538' title='bbox 866 4233 1088 4305; x_wconf 83' lang='lat' dir='ltr'><strong>Rigalt.,</strong></span> <span class='ocrx_word' id='word_1_539' title='bbox 1120 4236 1207 4291; x_wconf 91' lang='lat' dir='ltr'><strong>ubi</strong></span> <span class='ocrx_word' id='word_1_540' title='bbox 1237 4235 1364 4292; x_wconf 89' lang='lat' dir='ltr'><strong>dicit</strong></span> <span class='ocrx_word' id='word_1_541' title='bbox 1399 4254 1411 4289; x_wconf 89' lang='lat'><strong>:</strong></span> <span class='ocrx_word' id='word_1_542' title='bbox 1444 4237 1620 4293; x_wconf 84' lang='lat' dir='ltr'><strong>Laetis</strong></span> <span class='ocrx_word' id='word_1_543' title='bbox 1641 4249 1697 4294; x_wconf 89' lang='lat' dir='ltr'><strong>et</strong></span> 
     </span>
    </p>
   </div>
   <div class='ocr_carea' id='block_1_74' title="bbox 140 4322 1689 4404">
    <p class='ocr_par' dir='ltr' id='par_1_74' title="bbox 140 4322 1689 4404">
     <span class='ocr_line' id='line_1_74' title="bbox 140 4322 1689 4404; baseline 0.013 -34"><span class='ocrx_word' id='word_1_544' title='bbox 140 4322 279 4380; x_wconf 72' lang='lat' dir='ltr'><strong>maliis</strong></span> <span class='ocrx_word' id='word_1_545' title='bbox 295 4328 641 4386; x_wconf 89' lang='lat' dir='ltr'><strong>concordiam</strong></span> <span class='ocrx_word' id='word_1_546' title='bbox 675 4338 1088 4403; x_wconf 79' lang='lat' dir='ltr'><strong>praegustamus.</strong></span> <span class='ocrx_word' id='word_1_547' title='bbox 1111 4329 1244 4388; x_wconf 84' lang='lat' dir='ltr'><strong>Vide</strong></span> <span class='ocrx_word' id='word_1_548' title='bbox 1270 4331 1689 4404; x_wconf 72' lang='lat' dir='ltr'><strong>Albaspinteum,</strong></span> 
     </span>
    </p>
   </div>
   <div class='ocr_carea' id='block_1_75' title="bbox 149 4404 804 4479">
    <p class='ocr_par' dir='ltr' id='par_1_75' title="bbox 149 4404 804 4479">
     <span class='ocr_line' id='line_1_75' title="bbox 149 4404 804 4479; baseline 0.018 -16"><span class='ocrx_word' id='word_1_549' title='bbox 149 4404 210 4463; x_wconf 88' lang='lat' dir='ltr'><strong>lib</strong></span> <span class='ocrx_word' id='word_1_550' title='bbox 231 4429 277 4478; x_wconf 82' lang='grc' dir='ltr'><strong>ιι,</strong></span> <span class='ocrx_word' id='word_1_551' title='bbox 292 4418 562 4479; x_wconf 84' lang='lat' dir='ltr'><strong>Observat.</strong></span> <span class='ocrx_word' id='word_1_552' title='bbox 593 4422 804 4478; x_wconf 89' lang='lat' dir='ltr'><strong>ultima.</strong></span> 
     </span>
    </p>
   </div>
   <div class='ocr_carea' id='block_1_76' title="bbox 207 4506 1698 4589">
    <p class='ocr_par' dir='ltr' id='par_1_76' title="bbox 207 4506 1698 4589">
     <span class='ocr_line' id='line_1_76' title="bbox 207 4506 1698 4589; baseline 0.009 -26"><span class='ocrx_word' id='word_1_553' title='bbox 207 4506 295 4565; x_wconf 84' lang='lat' dir='ltr'><strong>Sed</strong></span> <span class='ocrx_word' id='word_1_554' title='bbox 314 4515 396 4571; x_wconf 80' lang='lat' dir='ltr'><strong>bis</strong></span> <span class='ocrx_word' id='word_1_555' title='bbox 422 4519 593 4573; x_wconf 88' lang='lat' dir='ltr'><strong>multo</strong></span> <span class='ocrx_word' id='word_1_556' title='bbox 610 4518 763 4588; x_wconf 80' lang='lat' dir='ltr'><strong>plura</strong></span> <span class='ocrx_word' id='word_1_557' title='bbox 791 4517 938 4573; x_wconf 88' lang='lat' dir='ltr'><strong>addit</strong></span> <span class='ocrx_word' id='word_1_558' title='bbox 960 4517 1012 4573; x_wconf 90' lang='lat' dir='ltr'><strong>in</strong></span> <span class='ocrx_word' id='word_1_559' title='bbox 1035 4517 1456 4589; x_wconf 87' lang='lat' dir='ltr'><strong>Paralipomeais</strong></span> <span class='ocrx_word' id='word_1_560' title='bbox 1478 4521 1543 4575; x_wconf 90' lang='lat' dir='ltr'><strong>ad</strong></span> <span class='ocrx_word' id='word_1_561' title='bbox 1566 4521 1698 4578; x_wconf 81' lang='lat' dir='ltr'><strong>Hol-</strong></span> 
     </span>
    </p>
   </div>
   <div class='ocr_carea' id='block_1_77' title="bbox 139 4605 1696 4693">
    <p class='ocr_par' dir='ltr' id='par_1_77' title="bbox 139 4605 1696 4693">
     <span class='ocr_line' id='line_1_77' title="bbox 139 4605 1696 4693; baseline 0.012 -42"><span class='ocrx_word' id='word_1_562' title='bbox 139 4605 265 4659; x_wconf 83' lang='lat' dir='ltr'><strong>steaii</strong></span> <span class='ocrx_word' id='word_1_563' title='bbox 303 4618 449 4666; x_wconf 85' lang='lat' dir='ltr'><strong>notas</strong></span> <span class='ocrx_word' id='word_1_564' title='bbox 488 4611 685 4668; x_wconf 87' lang='lat' dir='ltr'><strong>Petrus</strong></span> <span class='ocrx_word' id='word_1_565' title='bbox 734 4610 1030 4693; x_wconf 78' lang='lat' dir='ltr'><strong>Pessinus,</strong></span> <span class='ocrx_word' id='word_1_566' title='bbox 1058 4628 1283 4682; x_wconf 74' lang='lat' dir='ltr'><strong>qttteqae</strong></span> <span class='ocrx_word' id='word_1_567' title='bbox 1333 4615 1494 4668; x_wconf 90' lang='lat' dir='ltr'><strong>etiam</strong></span> <span class='ocrx_word' id='word_1_568' title='bbox 1524 4615 1696 4685; x_wconf 87' lang='lat' dir='ltr'><strong>magis</strong></span> 
     </span>
    </p>
   </div>
   <div class='ocr_carea' id='block_1_78' title="bbox 1796 3404 3390 3477">
    <p class='ocr_par' dir='ltr' id='par_1_78' title="bbox 1796 3404 3390 3477">
     <span class='ocr_line' id='line_1_78' title="bbox 1796 3404 3390 3477; baseline -0.003 -15"><span class='ocrx_word' id='word_1_569' title='bbox 1796 3418 1938 3471; x_wconf 86' lang='lat' dir='ltr'><strong>sent,</strong></span> <span class='ocrx_word' id='word_1_570' title='bbox 1972 3405 2222 3477; x_wconf 80' lang='lat' dir='ltr'><strong>quoniam</strong></span> <span class='ocrx_word' id='word_1_571' title='bbox 2257 3415 2381 3461; x_wconf 87' lang='lat' dir='ltr'><strong>tunc</strong></span> <span class='ocrx_word' id='word_1_572' title='bbox 2409 3423 2474 3461; x_wconf 83' lang='lat' dir='ltr'><strong>ex</strong></span> <span class='ocrx_word' id='word_1_573' title='bbox 2502 3408 2566 3461; x_wconf 91' lang='lat' dir='ltr'><strong>iis</strong></span> <span class='ocrx_word' id='word_1_574' title='bbox 2608 3406 2759 3462; x_wconf 85' lang='lat' dir='ltr'><strong>multi</strong></span> <span class='ocrx_word' id='word_1_575' title='bbox 2795 3406 2847 3460; x_wconf 93' lang='lat' dir='ltr'><strong>iu</strong></span> <span class='ocrx_word' id='word_1_576' title='bbox 2875 3404 3248 3476; x_wconf 65' lang='lat' dir='ltr'><strong>paenitentiam</strong></span> <span class='ocrx_word' id='word_1_577' title='bbox 3290 3418 3390 3457; x_wconf 85' lang='lat' dir='ltr'><strong>nu-</strong></span> 
     </span>
    </p>
   </div>
   <div class='ocr_carea' id='block_1_79' title="bbox 1795 3498 3387 3569">
    <p class='ocr_par' dir='ltr' id='par_1_79' title="bbox 1795 3498 3387 3569">
     <span class='ocr_line' id='line_1_79' title="bbox 1795 3498 3387 3569; baseline -0.004 -14"><span class='ocrx_word' id='word_1_578' title='bbox 1795 3514 1948 3555; x_wconf 90' lang='lat' dir='ltr'><strong>mero</strong></span> <span class='ocrx_word' id='word_1_579' title='bbox 1979 3499 2188 3569; x_wconf 87' lang='lat' dir='ltr'><strong>scripti,</strong></span> <span class='ocrx_word' id='word_1_580' title='bbox 2218 3515 2247 3553; x_wconf 90' lang='lat' dir='ltr'><strong>a</strong></span> <span class='ocrx_word' id='word_1_581' title='bbox 2275 3500 2433 3555; x_wconf 88' lang='lat' dir='ltr'><strong>novis</strong></span> <span class='ocrx_word' id='word_1_582' title='bbox 2458 3498 2893 3567; x_wconf 88' lang='lat' dir='ltr'><strong>persecutoribus</strong></span> <span class='ocrx_word' id='word_1_583' title='bbox 2940 3498 3387 3568; x_wconf 87' lang='lat' dir='ltr'><strong>periclitarentur,</strong></span> 
     </span>
    </p>
   </div>
   <div class='ocr_carea' id='block_1_80' title="bbox 1797 3587 3393 3662">
    <p class='ocr_par' dir='ltr' id='par_1_80' title="bbox 1797 3587 3393 3662">
     <span class='ocr_line' id='line_1_80' title="bbox 1797 3587 3393 3662; baseline -0.001 -16"><span class='ocrx_word' id='word_1_584' title='bbox 1797 3600 1872 3657; x_wconf 87' lang='lat' dir='ltr'><strong>et,</strong></span> <span class='ocrx_word' id='word_1_585' title='bbox 1902 3600 1959 3646; x_wconf 86' lang='lat' dir='ltr'><strong>ut</strong></span> <span class='ocrx_word' id='word_1_586' title='bbox 1987 3605 2075 3647; x_wconf 89' lang='lat' dir='ltr'><strong>res</strong></span> <span class='ocrx_word' id='word_1_587' title='bbox 2096 3605 2155 3646; x_wconf 89' lang='lat' dir='ltr'><strong>se</strong></span> <span class='ocrx_word' id='word_1_588' title='bbox 2203 3591 2489 3658; x_wconf 85' lang='lat' dir='ltr'><strong>habebant,</strong></span> <span class='ocrx_word' id='word_1_589' title='bbox 2506 3592 2653 3648; x_wconf 85' lang='lat' dir='ltr'><strong>brevi</strong></span> <span class='ocrx_word' id='word_1_590' title='bbox 2681 3587 2781 3662; x_wconf 75' lang='lat' dir='ltr'><strong>p‘ro</strong></span> <span class='ocrx_word' id='word_1_591' title='bbox 2800 3596 2803 3597; x_wconf 70' lang='lat'><strong><em>&#39;</em></strong></span> <span class='ocrx_word' id='word_1_592' title='bbox 2823 3590 3023 3646; x_wconf 67' lang='lat' dir='ltr'><strong>Christi</strong></span> <span class='ocrx_word' id='word_1_593' title='bbox 3057 3590 3393 3645; x_wconf 80' lang='lat' dir='ltr'><strong>confessione</strong></span> 
     </span>
    </p>
   </div>
   <div class='ocr_carea' id='block_1_81' title="bbox 1797 3681 3393 3753">
    <p class='ocr_par' dir='ltr' id='par_1_81' title="bbox 1797 3681 3393 3753">
     <span class='ocr_line' id='line_1_81' title="bbox 1797 3681 3393 3753; baseline -0.001 -15"><span class='ocrx_word' id='word_1_594' title='bbox 1797 3682 2152 3739; x_wconf 85' lang='lat' dir='ltr'><strong>interﬁciendi</strong></span> <span class='ocrx_word' id='word_1_595' title='bbox 2178 3684 2490 3740; x_wconf 86' lang='lat' dir='ltr'><strong>viderentur</strong></span> <span class='ocrx_word' id='word_1_596' title='bbox 2519 3701 2535 3747; x_wconf 84' lang='lat'><strong>;</strong></span> <span class='ocrx_word' id='word_1_597' title='bbox 2566 3683 2761 3753; x_wconf 88' lang='lat' dir='ltr'><strong>quibus</strong></span> <span class='ocrx_word' id='word_1_598' title='bbox 2793 3684 2843 3736; x_wconf 92' lang='lat' dir='ltr'><strong>in</strong></span> <span class='ocrx_word' id='word_1_599' title='bbox 2878 3684 3159 3752; x_wconf 83' lang='lat' dir='ltr'><strong>procinctu</strong></span> <span class='ocrx_word' id='word_1_600' title='bbox 3208 3681 3393 3752; x_wconf 86' lang='lat' dir='ltr'><strong>agonis</strong></span> 
     </span>
    </p>
   </div>
   <div class='ocr_carea' id='block_1_82' title="bbox 1799 3773 3393 3847">
    <p class='ocr_par' dir='ltr' id='par_1_82' title="bbox 1799 3773 3393 3847">
     <span class='ocr_line' id='line_1_82' title="bbox 1799 3773 3393 3847; baseline -0.003 -15"><span class='ocrx_word' id='word_1_601' title='bbox 1799 3778 2011 3846; x_wconf 86' lang='lat' dir='ltr'><strong>positis,</strong></span> <span class='ocrx_word' id='word_1_602' title='bbox 2037 3777 2292 3847; x_wconf 86' lang='lat' dir='ltr'><strong>denegari</strong></span> <span class='ocrx_word' id='word_1_603' title='bbox 2337 3788 2655 3832; x_wconf 85' lang='lat' dir='ltr'><strong>consuetum</strong></span> <span class='ocrx_word' id='word_1_604' title='bbox 2680 3776 2931 3831; x_wconf 85' lang='lat' dir='ltr'><strong>viaticam</strong></span> <span class='ocrx_word' id='word_1_605' title='bbox 2962 3775 3209 3847; x_wconf 86' lang='lat' dir='ltr'><strong>corporis</strong></span> <span class='ocrx_word' id='word_1_606' title='bbox 3234 3773 3393 3830; x_wconf 79' lang='lat' dir='ltr'><strong>Chri-</strong></span> 
     </span>
    </p>
   </div>
   <div class='ocr_carea' id='block_1_83' title="bbox 1797 3868 3369 3937">
    <p class='ocr_par' dir='ltr' id='par_1_83' title="bbox 1797 3868 3369 3937">
     <span class='ocr_line' id='line_1_83' title="bbox 1797 3868 3369 3937; baseline -0.003 -13"><span class='ocrx_word' id='word_1_607' title='bbox 1797 3868 1866 3924; x_wconf 87' lang='lat' dir='ltr'><strong>sti</strong></span> <span class='ocrx_word' id='word_1_608' title='bbox 1885 3870 2044 3925; x_wconf 87' lang='lat' dir='ltr'><strong>nimis</strong></span> <span class='ocrx_word' id='word_1_609' title='bbox 2069 3878 2186 3925; x_wconf 89' lang='lat' dir='ltr'><strong>erat</strong></span> <span class='ocrx_word' id='word_1_610' title='bbox 2234 3869 2607 3925; x_wconf 89' lang='lat' dir='ltr'><strong>inhumanam.</strong></span> <span class='ocrx_word' id='word_1_611' title='bbox 2640 3868 2716 3923; x_wconf 82' lang='lat' dir='ltr'><strong>Ex</strong></span> <span class='ocrx_word' id='word_1_612' title='bbox 2761 3869 2862 3924; x_wconf 84' lang='lat' dir='ltr'><strong>hac</strong></span> <span class='ocrx_word' id='word_1_613' title='bbox 2888 3868 3135 3937; x_wconf 82' lang='lat' dir='ltr'><strong>epistola,</strong></span> <span class='ocrx_word' id='word_1_614' title='bbox 3162 3882 3281 3934; x_wconf 70' lang='lat' dir='ltr'><strong>quae</strong></span> <span class='ocrx_word' id='word_1_615' title='bbox 3308 3880 3369 3920; x_wconf 87' lang='lat' dir='ltr'><strong>se</strong></span> 
     </span>
    </p>
   </div>
   <div class='ocr_carea' id='block_1_84' title="bbox 1797 3955 3395 4031">
    <p class='ocr_par' dir='ltr' id='par_1_84' title="bbox 1797 3955 3395 4031">
     <span class='ocr_line' id='line_1_84' title="bbox 1797 3955 3395 4031; baseline -0.004 -15"><span class='ocrx_word' id='word_1_616' title='bbox 1797 3960 1972 4016; x_wconf 70' lang='lat' dir='ltr'><strong>cunila</strong></span> <span class='ocrx_word' id='word_1_617' title='bbox 2000 3960 2091 4016; x_wconf 80' lang='lat' dir='ltr'><strong>lib.</strong></span> <span class='ocrx_word' id='word_1_618' title='bbox 2123 3974 2142 4019; x_wconf 82' lang='grc' dir='ltr'><strong><em>ι</em></strong></span> <span class='ocrx_word' id='word_1_619' title='bbox 2169 3961 2308 4031; x_wconf 85' lang='lat' dir='ltr'><strong>apud</strong></span> <span class='ocrx_word' id='word_1_620' title='bbox 2352 3960 2680 4031; x_wconf 86' lang='lat' dir='ltr'><strong>Cyprianum</strong></span> <span class='ocrx_word' id='word_1_621' title='bbox 2724 3970 2846 4025; x_wconf 90' lang='lat' dir='ltr'><strong>est,</strong></span> <span class='ocrx_word' id='word_1_622' title='bbox 2896 3957 3140 4028; x_wconf 70' lang='lat' dir='ltr'><strong>quaedam</strong></span> <span class='ocrx_word' id='word_1_623' title='bbox 3186 3955 3395 4011; x_wconf 88' lang='lat' dir='ltr'><strong>adscri-</strong></span> 
     </span>
    </p>
   </div>
   <div class='ocr_carea' id='block_1_85' title="bbox 1797 4051 3395 4125">
    <p class='ocr_par' dir='ltr' id='par_1_85' title="bbox 1797 4051 3395 4125">
     <span class='ocr_line' id='line_1_85' title="bbox 1797 4051 3395 4125; baseline -0.003 -15"><span class='ocrx_word' id='word_1_624' title='bbox 1797 4053 1945 4118; x_wconf 83' lang='lat' dir='ltr'><strong>bunt,</strong></span> <span class='ocrx_word' id='word_1_625' title='bbox 1980 4054 2046 4109; x_wconf 88' lang='lat' dir='ltr'><strong>ad</strong></span> <span class='ocrx_word' id='word_1_626' title='bbox 2071 4053 2233 4109; x_wconf 82' lang='lat' dir='ltr'><strong>fidem</strong></span> <span class='ocrx_word' id='word_1_627' title='bbox 2259 4055 2336 4110; x_wconf 90' lang='lat' dir='ltr'><strong>rei</strong></span> <span class='ocrx_word' id='word_1_628' title='bbox 2359 4069 2518 4125; x_wconf 87' lang='lat' dir='ltr'><strong>quam</strong></span> <span class='ocrx_word' id='word_1_629' title='bbox 2553 4063 2846 4109; x_wconf 86' lang='lat' dir='ltr'><strong>tractamus</strong></span> <span class='ocrx_word' id='word_1_630' title='bbox 2872 4051 3169 4108; x_wconf 84' lang='lat' dir='ltr'><strong>faciendam</strong></span> <span class='ocrx_word' id='word_1_631' title='bbox 3201 4065 3395 4115; x_wconf 82' lang='lat' dir='ltr'><strong>oppor-</strong></span> 
     </span>
    </p>
   </div>
   <div class='ocr_carea' id='block_1_86' title="bbox 1799 4145 3394 4217">
    <p class='ocr_par' dir='ltr' id='par_1_86' title="bbox 1799 4145 3394 4217">
     <span class='ocr_line' id='line_1_86' title="bbox 1799 4145 3394 4217; baseline -0.005 -14"><span class='ocrx_word' id='word_1_632' title='bbox 1799 4158 1924 4204; x_wconf 89' lang='lat' dir='ltr'><strong>tuna</strong></span> <span class='ocrx_word' id='word_1_633' title='bbox 1962 4170 1975 4205; x_wconf 91' lang='lat'><strong>:</strong></span> <span class='ocrx_word' id='word_1_634' title='bbox 2004 4166 2025 4200; x_wconf 74' lang='grc' dir='ltr'>ι</span> <span class='ocrx_word' id='word_1_635' title='bbox 2053 4148 2159 4203; x_wconf 88' lang='lat' dir='ltr'><strong>Sed</strong></span> <span class='ocrx_word' id='word_1_636' title='bbox 2208 4163 2330 4203; x_wconf 88' lang='lat' dir='ltr'><strong>cum</strong></span> <span class='ocrx_word' id='word_1_637' title='bbox 2356 4188 2371 4211; x_wconf 90' lang='lat'><strong>,</strong></span> <span class='ocrx_word' id='word_1_638' title='bbox 2399 4148 2664 4217; x_wconf 90' lang='lat' dir='ltr'><strong>inquiunt,</strong></span> <span class='ocrx_word' id='word_1_639' title='bbox 2708 4147 2983 4201; x_wconf 85' lang='lat' dir='ltr'><strong>videamus</strong></span> <span class='ocrx_word' id='word_1_640' title='bbox 3019 4145 3160 4199; x_wconf 88' lang='lat' dir='ltr'><strong>diem</strong></span> <span class='ocrx_word' id='word_1_641' title='bbox 3210 4159 3394 4198; x_wconf 82' lang='lat' dir='ltr'><strong>rursus</strong></span> 
     </span>
    </p>
   </div>
   <div class='ocr_carea' id='block_1_87' title="bbox 1796 4236 3396 4305">
    <p class='ocr_par' dir='ltr' id='par_1_87' title="bbox 1796 4236 3396 4305">
     <span class='ocr_line' id='line_1_87' title="bbox 1796 4236 3396 4305; baseline -0.006 -10"><span class='ocrx_word' id='word_1_642' title='bbox 1796 4240 2016 4295; x_wconf 82' lang='lat' dir='ltr'><strong>alterius</strong></span> <span class='ocrx_word' id='word_1_643' title='bbox 2057 4239 2413 4294; x_wconf 84' lang='lat' dir='ltr'><strong>infestationis</strong></span> <span class='ocrx_word' id='word_1_644' title='bbox 2445 4239 2873 4305; x_wconf 86' lang='lat' dir='ltr'><strong>appropinquare</strong></span> <span class='ocrx_word' id='word_1_645' title='bbox 2902 4236 3154 4302; x_wconf 80' lang='lat' dir='ltr'><strong>coepisse.</strong></span> <span class='ocrx_word' id='word_1_646' title='bbox 3195 4242 3251 4286; x_wconf 86' lang='lat' dir='ltr'><strong>et</strong></span> <span class='ocrx_word' id='word_1_647' title='bbox 3277 4248 3396 4287; x_wconf 81' lang='lat' dir='ltr'><strong>cre-</strong></span> 
     </span>
    </p>
   </div>
   <div class='ocr_carea' id='block_1_88' title="bbox 1797 4325 3393 4402">
    <p class='ocr_par' dir='ltr' id='par_1_88' title="bbox 1797 4325 3393 4402">
     <span class='ocr_line' id='line_1_88' title="bbox 1797 4325 3393 4402; baseline -0.006 -12"><span class='ocrx_word' id='word_1_648' title='bbox 1797 4335 1910 4390; x_wconf 86' lang='lat' dir='ltr'><strong>bris</strong></span> <span class='ocrx_word' id='word_1_649' title='bbox 1940 4342 2099 4402; x_wconf 86' lang='lat' dir='ltr'><strong>atque</strong></span> <span class='ocrx_word' id='word_1_650' title='bbox 2127 4332 2357 4385; x_wconf 83' lang='lat' dir='ltr'><strong>assiduis</strong></span> <span class='ocrx_word' id='word_1_651' title='bbox 2382 4328 2781 4384; x_wconf 77' lang='lat' dir='ltr'><strong>ostensioulbus</strong></span> <span class='ocrx_word' id='word_1_652' title='bbox 2804 4327 3215 4390; x_wconf 81' lang='lat' dir='ltr'><strong>adumnoamur,</strong></span> <span class='ocrx_word' id='word_1_653' title='bbox 3247 4334 3305 4380; x_wconf 92' lang='lat' dir='ltr'><strong>ut</strong></span> <span class='ocrx_word' id='word_1_654' title='bbox 3325 4325 3393 4380; x_wconf 91' lang='lat' dir='ltr'><strong>ad</strong></span> 
     </span>
    </p>
   </div>
   <div class='ocr_carea' id='block_1_89' title="bbox 1797 4416 3394 4492">
    <p class='ocr_par' dir='ltr' id='par_1_89' title="bbox 1797 4416 3394 4492">
     <span class='ocr_line' id='line_1_89' title="bbox 1797 4416 3394 4492; baseline -0.006 -11"><span class='ocrx_word' id='word_1_655' title='bbox 1797 4434 2093 4489; x_wconf 78' lang='lat' dir='ltr'><strong>certamen,</strong></span> <span class='ocrx_word' id='word_1_656' title='bbox 2123 4421 2264 4492; x_wconf 90' lang='lat' dir='ltr'><strong>quod</strong></span> <span class='ocrx_word' id='word_1_657' title='bbox 2321 4419 2472 4475; x_wconf 89' lang='lat' dir='ltr'><strong>nobis</strong></span> <span class='ocrx_word' id='word_1_658' title='bbox 2526 4417 2697 4473; x_wconf 87' lang='lat' dir='ltr'><strong>hostis</strong></span> <span class='ocrx_word' id='word_1_659' title='bbox 2759 4416 2967 4476; x_wconf 80' lang='lat' dir='ltr'><strong>indicit.</strong></span> <span class='ocrx_word' id='word_1_660' title='bbox 2997 4419 3196 4473; x_wconf 89' lang='lat' dir='ltr'><strong>armati</strong></span> <span class='ocrx_word' id='word_1_661' title='bbox 3222 4427 3275 4474; x_wconf 91' lang='lat' dir='ltr'><strong>et</strong></span> <span class='ocrx_word' id='word_1_662' title='bbox 3303 4434 3394 4488; x_wconf 90' lang='lat' dir='ltr'><strong>pa-</strong></span> 
     </span>
    </p>
   </div>
   <div class='ocr_carea' id='block_1_90' title="bbox 1796 4509 3394 4585">
    <p class='ocr_par' dir='ltr' id='par_1_90' title="bbox 1796 4509 3394 4585">
     <span class='ocr_line' id='line_1_90' title="bbox 1796 4509 3394 4585; baseline -0.005 -11"><span class='ocrx_word' id='word_1_663' title='bbox 1796 4520 1899 4574; x_wconf 85' lang='lat' dir='ltr'><strong>rati</strong></span> <span class='ocrx_word' id='word_1_664' title='bbox 1929 4518 2141 4573; x_wconf 85' lang='lat' dir='ltr'><strong>simus:</strong></span> <span class='ocrx_word' id='word_1_665' title='bbox 2196 4514 2406 4585; x_wconf 87' lang='lat' dir='ltr'><strong>plebem</strong></span> <span class='ocrx_word' id='word_1_666' title='bbox 2461 4512 2625 4568; x_wconf 85' lang='lat' dir='ltr'><strong>etiam</strong></span> <span class='ocrx_word' id='word_1_667' title='bbox 2681 4511 2838 4567; x_wconf 88' lang='lat' dir='ltr'><strong>nobis</strong></span> <span class='ocrx_word' id='word_1_668' title='bbox 2881 4509 3061 4565; x_wconf 84' lang='lat' dir='ltr'><strong>divina</strong></span> <span class='ocrx_word' id='word_1_669' title='bbox 3085 4510 3394 4580; x_wconf 86' lang='lat' dir='ltr'><strong>dignatione</strong></span> 
     </span>
    </p>
   </div>
   <div class='ocr_carea' id='block_1_91' title="bbox 1797 4605 3395 4683">
    <p class='ocr_par' dir='ltr' id='par_1_91' title="bbox 1797 4605 3395 4683">
     <span class='ocr_line' id='line_1_91' title="bbox 1797 4605 3395 4683; baseline -0.007 -14"><span class='ocrx_word' id='word_1_670' title='bbox 1797 4610 2140 4669; x_wconf 85' lang='lat' dir='ltr'><strong>commissam</strong></span> <span class='ocrx_word' id='word_1_671' title='bbox 2178 4606 2645 4665; x_wconf 80' lang='lat' dir='ltr'><strong>exhortationibus</strong></span> <span class='ocrx_word' id='word_1_672' title='bbox 2688 4605 2892 4663; x_wconf 80' lang='lat' dir='ltr'><strong>nostris</strong></span> <span class='ocrx_word' id='word_1_673' title='bbox 2924 4618 3310 4683; x_wconf 76' lang='lat' dir='ltr'><strong>pra-paremus,</strong></span> <span class='ocrx_word' id='word_1_674' title='bbox 3338 4611 3395 4658; x_wconf 89' lang='lat' dir='ltr'><strong>ot</strong></span> 
     </span>
    </p>
   </div>
   <div class='ocr_carea' id='block_1_92' title="bbox 137 4692 3390 4775">
    <p class='ocr_par' dir='ltr' id='par_1_92' title="bbox 137 4692 3390 4775">
     <span class='ocr_line' id='line_1_92' title="bbox 137 4692 3390 4775; baseline 0.002 -30"><span class='ocrx_word' id='word_1_675' title='bbox 137 4692 385 4755; x_wconf 77' lang='lat' dir='ltr'><strong>conferunt</strong></span> <span class='ocrx_word' id='word_1_676' title='bbox 412 4704 479 4757; x_wconf 88' lang='lat' dir='ltr'><strong>ad</strong></span> <span class='ocrx_word' id='word_1_677' title='bbox 525 4703 844 4758; x_wconf 82' lang='lat' dir='ltr'><strong>solvendam</strong></span> <span class='ocrx_word' id='word_1_678' title='bbox 872 4692 1139 4771; x_wconf 72' lang='lat' dir='ltr'><strong>obiectam</strong></span> <span class='ocrx_word' id='word_1_679' title='bbox 1192 4704 1348 4761; x_wconf 89' lang='lat' dir='ltr'><strong>nobis</strong></span> <span class='ocrx_word' id='word_1_680' title='bbox 1375 4720 1404 4759; x_wconf 86' lang='lat' dir='ltr'><strong>a</strong></span> <span class='ocrx_word' id='word_1_681' title='bbox 1438 4707 1699 4775; x_wconf 82' lang='lat' dir='ltr'><strong>Basnagio</strong></span> <span class='ocrx_word' id='word_1_682' title='bbox 1722 4707 1776 4767; x_wconf 91' lang='lat' dir='ltr'><strong>D</strong></span> <span class='ocrx_word' id='word_1_683' title='bbox 1801 4718 1992 4762; x_wconf 81' lang='lat' dir='ltr'><strong>omnes</strong></span> <span class='ocrx_word' id='word_1_684' title='bbox 2033 4705 2255 4760; x_wconf 90' lang='lat' dir='ltr'><strong>omnino</strong></span> <span class='ocrx_word' id='word_1_685' title='bbox 2294 4702 2492 4758; x_wconf 89' lang='lat' dir='ltr'><strong>milites</strong></span> <span class='ocrx_word' id='word_1_686' title='bbox 2517 4701 2721 4758; x_wconf 81' lang='lat' dir='ltr'><strong>Christi</strong></span> <span class='ocrx_word' id='word_1_687' title='bbox 2768 4703 2856 4773; x_wconf 89' lang='lat' dir='ltr'><strong>qui</strong></span> <span class='ocrx_word' id='word_1_688' title='bbox 2888 4717 3035 4757; x_wconf 86' lang='lat' dir='ltr'><strong>arma</strong></span> <span class='ocrx_word' id='word_1_689' title='bbox 3062 4699 3390 4761; x_wconf 88' lang='lat' dir='ltr'><strong>desiderant,</strong></span> 
     </span>
    </p>
   </div>
   <div class='ocr_carea' id='block_1_93' title="bbox 137 4783 1694 4868">
    <p class='ocr_par' dir='ltr' id='par_1_93' title="bbox 137 4783 1694 4868">
     <span class='ocr_line' id='line_1_93' title="bbox 137 4783 1694 4868; baseline 0.011 -31"><span class='ocrx_word' id='word_1_690' title='bbox 137 4783 479 4851; x_wconf 77' lang='lat' dir='ltr'><strong>difficultatem:</strong></span> <span class='ocrx_word' id='word_1_691' title='bbox 509 4815 530 4848; x_wconf 72' lang='grc' dir='ltr'>ί</span> <span class='ocrx_word' id='word_1_692' title='bbox 552 4795 619 4853; x_wconf 85' lang='lat' dir='ltr'><strong>Et</strong></span> <span class='ocrx_word' id='word_1_693' title='bbox 636 4795 707 4851; x_wconf 89' lang='lat' dir='ltr'><strong>de</strong></span> <span class='ocrx_word' id='word_1_694' title='bbox 734 4810 914 4860; x_wconf 86' lang='lat' dir='ltr'><strong>caseo,</strong></span> <span class='ocrx_word' id='word_1_695' title='bbox 931 4805 1036 4850; x_wconf 90' lang='lat' dir='ltr'><strong>etc.</strong></span> <span class='ocrx_word' id='word_1_696' title='bbox 1062 4814 1080 4848; x_wconf 78' lang='grc' dir='ltr'>ι</span> <span class='ocrx_word' id='word_1_697' title='bbox 1109 4797 1189 4851; x_wconf 81' lang='lat' dir='ltr'><strong>Ad</strong></span> <span class='ocrx_word' id='word_1_698' title='bbox 1218 4795 1331 4853; x_wconf 69' lang='lat' dir='ltr'><strong>haec</strong></span> <span class='ocrx_word' id='word_1_699' title='bbox 1354 4796 1694 4868; x_wconf 83' lang='lat' dir='ltr'><strong>verba,un</strong></span> 
     </span>
    </p>
   </div>
   <div class='ocr_carea' id='block_1_94' title="bbox 135 4889 1697 4960">
    <p class='ocr_par' dir='ltr' id='par_1_94' title="bbox 135 4889 1697 4960">
     <span class='ocr_line' id='line_1_94' title="bbox 135 4889 1697 4960; baseline 0.01 -29"><span class='ocrx_word' id='word_1_700' title='bbox 135 4891 345 4940; x_wconf 82' lang='lat' dir='ltr'><strong>notatum</strong></span> <span class='ocrx_word' id='word_1_701' title='bbox 399 4890 449 4944; x_wconf 90' lang='lat' dir='ltr'><strong>in</strong></span> <span class='ocrx_word' id='word_1_702' title='bbox 504 4890 773 4945; x_wconf 86' lang='lat' dir='ltr'><strong>llolstenii</strong></span> <span class='ocrx_word' id='word_1_703' title='bbox 829 4889 1050 4944; x_wconf 88' lang='lat' dir='ltr'><strong>schedis</strong></span> <span class='ocrx_word' id='word_1_704' title='bbox 1076 4890 1251 4960; x_wconf 89' lang='lat' dir='ltr'><strong>reperi</strong></span> <span class='ocrx_word' id='word_1_705' title='bbox 1293 4891 1362 4947; x_wconf 90' lang='lat' dir='ltr'><strong>de</strong></span> <span class='ocrx_word' id='word_1_706' title='bbox 1392 4892 1529 4947; x_wconf 89' lang='lat' dir='ltr'><strong>lacte</strong></span> <span class='ocrx_word' id='word_1_707' title='bbox 1549 4902 1697 4947; x_wconf 87' lang='lat' dir='ltr'><strong>cate-</strong></span> 
     </span>
    </p>
   </div>
   <div class='ocr_carea' id='block_1_95' title="bbox 138 4971 1695 5046">
    <p class='ocr_par' dir='ltr' id='par_1_95' title="bbox 138 4971 1695 5046">
     <span class='ocr_line' id='line_1_95' title="bbox 138 4971 1695 5046; baseline 0.005 -14"><span class='ocrx_word' id='word_1_708' title='bbox 138 4971 381 5037; x_wconf 76' lang='lat' dir='ltr'><strong>thumenis</strong></span> <span class='ocrx_word' id='word_1_709' title='bbox 405 4982 519 5038; x_wconf 89' lang='lat' dir='ltr'><strong>dari</strong></span> <span class='ocrx_word' id='word_1_710' title='bbox 547 4984 734 5046; x_wconf 88' lang='lat' dir='ltr'><strong>solito,</strong></span> <span class='ocrx_word' id='word_1_711' title='bbox 761 4996 868 5037; x_wconf 91' lang='lat' dir='ltr'><strong>non</strong></span> <span class='ocrx_word' id='word_1_712' title='bbox 914 4982 1114 5038; x_wconf 86' lang='lat' dir='ltr'><strong>sufficit</strong></span> <span class='ocrx_word' id='word_1_713' title='bbox 1151 4982 1218 5038; x_wconf 89' lang='lat' dir='ltr'><strong>ad</strong></span> <span class='ocrx_word' id='word_1_714' title='bbox 1245 4984 1566 5040; x_wconf 80' lang='lat' dir='ltr'><strong>sententiam</strong></span> <span class='ocrx_word' id='word_1_715' title='bbox 1592 4984 1695 5040; x_wconf 88' lang='lat' dir='ltr'><strong>loci</strong></span> 
     </span>
    </p>
   </div>
   <div class='ocr_carea' id='block_1_96' title="bbox 136 5065 1697 5146">
    <p class='ocr_par' dir='ltr' id='par_1_96' title="bbox 136 5065 1697 5146">
     <span class='ocr_line' id='line_1_96' title="bbox 136 5065 1697 5146; baseline 0.005 -21"><span class='ocrx_word' id='word_1_716' title='bbox 136 5065 495 5143; x_wconf 79' lang='lat' dir='ltr'><strong>declarandam,</strong></span> <span class='ocrx_word' id='word_1_717' title='bbox 524 5087 582 5132; x_wconf 90' lang='lat' dir='ltr'><strong>et</strong></span> <span class='ocrx_word' id='word_1_718' title='bbox 636 5077 741 5130; x_wconf 89' lang='lat' dir='ltr'><strong>alia</strong></span> <span class='ocrx_word' id='word_1_719' title='bbox 778 5076 862 5129; x_wconf 81' lang='lat' dir='ltr'><strong>his</strong></span> <span class='ocrx_word' id='word_1_720' title='bbox 898 5074 1275 5146; x_wconf 75' lang='lat' dir='ltr'><strong>adiuncturum</strong></span> <span class='ocrx_word' id='word_1_721' title='bbox 1305 5076 1470 5133; x_wconf 69' lang='lat' dir='ltr'><strong>fuisse</strong></span> <span class='ocrx_word' id='word_1_722' title='bbox 1513 5089 1697 5133; x_wconf 72' lang='lat' dir='ltr'><strong>aucto~</strong></span> 
     </span>
    </p>
   </div>
   <div class='ocr_carea' id='block_1_97' title="bbox 138 5165 1692 5242">
    <p class='ocr_par' dir='ltr' id='par_1_97' title="bbox 138 5165 1692 5242">
     <span class='ocr_line' id='line_1_97' title="bbox 138 5165 1692 5242; baseline 0.005 -26"><span class='ocrx_word' id='word_1_723' title='bbox 138 5170 245 5229; x_wconf 77' lang='lat' dir='ltr'><strong>rem,</strong></span> <span class='ocrx_word' id='word_1_724' title='bbox 273 5165 315 5220; x_wconf 88' lang='lat' dir='ltr'><strong>si</strong></span> <span class='ocrx_word' id='word_1_725' title='bbox 341 5166 581 5224; x_wconf 88' lang='lat' dir='ltr'><strong>ultimam</strong></span> <span class='ocrx_word' id='word_1_726' title='bbox 617 5170 743 5223; x_wconf 88' lang='lat' dir='ltr'><strong>huic</strong></span> <span class='ocrx_word' id='word_1_727' title='bbox 769 5168 921 5239; x_wconf 90' lang='lat' dir='ltr'><strong>operi</strong></span> <span class='ocrx_word' id='word_1_728' title='bbox 970 5184 1188 5224; x_wconf 87' lang='lat' dir='ltr'><strong>manum</strong></span> <span class='ocrx_word' id='word_1_729' title='bbox 1228 5170 1491 5240; x_wconf 86' lang='lat' dir='ltr'><strong>potuisset</strong></span> <span class='ocrx_word' id='word_1_730' title='bbox 1519 5173 1692 5242; x_wconf 84' lang='lat' dir='ltr'><strong>impa-</strong></span> 
     </span>
    </p>
   </div>
   <div class='ocr_carea' id='block_1_98' title="bbox 141 5258 1696 5332">
    <p class='ocr_par' dir='ltr' id='par_1_98' title="bbox 141 5258 1696 5332">
     <span class='ocr_line' id='line_1_98' title="bbox 141 5258 1696 5332; baseline 0.005 -22"><span class='ocrx_word' id='word_1_731' title='bbox 141 5265 259 5322; x_wconf 81' lang='lat' dir='ltr'><strong>nere,</strong></span> <span class='ocrx_word' id='word_1_732' title='bbox 284 5258 515 5317; x_wconf 85' lang='lat' dir='ltr'><strong>declarat</strong></span> <span class='ocrx_word' id='word_1_733' title='bbox 536 5262 780 5332; x_wconf 83' lang='lat' dir='ltr'><strong>spatium</strong></span> <span class='ocrx_word' id='word_1_734' title='bbox 810 5276 959 5332; x_wconf 65' lang='lat' dir='ltr'><strong>parte</strong></span> <span class='ocrx_word' id='word_1_735' title='bbox 992 5263 1195 5317; x_wconf 78' lang='lat' dir='ltr'><strong>charta:</strong></span> <span class='ocrx_word' id='word_1_736' title='bbox 1225 5263 1295 5316; x_wconf 89' lang='lat' dir='ltr'><strong>ab</strong></span> <span class='ocrx_word' id='word_1_737' title='bbox 1325 5279 1389 5319; x_wconf 89' lang='lat' dir='ltr'><strong>eo</strong></span> <span class='ocrx_word' id='word_1_738' title='bbox 1417 5262 1474 5318; x_wconf 88' lang='lat' dir='ltr'><strong>in</strong></span> <span class='ocrx_word' id='word_1_739' title='bbox 1501 5265 1696 5319; x_wconf 75' lang='lat' dir='ltr'><strong>adver-</strong></span> 
     </span>
    </p>
   </div>
   <div class='ocr_carea' id='block_1_99' title="bbox 141 5352 1698 5425">
    <p class='ocr_par' dir='ltr' id='par_1_99' title="bbox 141 5352 1698 5425">
     <span class='ocr_line' id='line_1_99' title="bbox 141 5352 1698 5425; baseline 0.006 -25"><span class='ocrx_word' id='word_1_740' title='bbox 141 5352 278 5418; x_wconf 78' lang='lat' dir='ltr'><strong>sariis,</strong></span> <span class='ocrx_word' id='word_1_741' title='bbox 322 5363 440 5425; x_wconf 86' lang='lat' dir='ltr'><strong>post</strong></span> <span class='ocrx_word' id='word_1_742' title='bbox 466 5354 586 5410; x_wconf 64' lang='lat' dir='ltr'><strong>haec</strong></span> <span class='ocrx_word' id='word_1_743' title='bbox 612 5370 734 5425; x_wconf 70' lang='lat' dir='ltr'><strong>qua:</strong></span> <span class='ocrx_word' id='word_1_744' title='bbox 761 5352 1143 5424; x_wconf 86' lang='lat' dir='ltr'><strong>descripsimus</strong></span> <span class='ocrx_word' id='word_1_745' title='bbox 1192 5364 1390 5410; x_wconf 70' lang='lat' dir='ltr'><strong>saneta:</strong></span> <span class='ocrx_word' id='word_1_746' title='bbox 1420 5355 1698 5425; x_wconf 76' lang='lat' dir='ltr'><strong>Perpetua:</strong></span> 
     </span>
    </p>
   </div>
   <div class='ocr_carea' id='block_1_100' title="bbox 141 5444 1695 5515">
    <p class='ocr_par' dir='ltr' id='par_1_100' title="bbox 141 5444 1695 5515">
     <span class='ocr_line' id='line_1_100' title="bbox 141 5444 1695 5515; baseline 0.002 -19"><span class='ocrx_word' id='word_1_747' title='bbox 141 5444 283 5509; x_wconf 70' lang='lat' dir='ltr'><strong>verba,</strong></span> <span class='ocrx_word' id='word_1_748' title='bbox 311 5448 586 5515; x_wconf 88' lang='lat' dir='ltr'><strong>relictum,</strong></span> <span class='ocrx_word' id='word_1_749' title='bbox 617 5445 823 5501; x_wconf 87' lang='lat' dir='ltr'><strong>ultimis</strong></span> <span class='ocrx_word' id='word_1_750' title='bbox 867 5445 1117 5502; x_wconf 87' lang='lat' dir='ltr'><strong>videlicet</strong></span> <span class='ocrx_word' id='word_1_751' title='bbox 1160 5447 1305 5501; x_wconf 85' lang='lat' dir='ltr'><strong>curis</strong></span> <span class='ocrx_word' id='word_1_752' title='bbox 1348 5446 1695 5514; x_wconf 61' lang='lat' dir='ltr'><strong>explendum.</strong></span> 
     </span>
    </p>
   </div>
   <div class='ocr_carea' id='block_1_101' title="bbox 146 5530 1701 5610">
    <p class='ocr_par' dir='ltr' id='par_1_101' title="bbox 146 5530 1701 5610">
     <span class='ocr_line' id='line_1_101' title="bbox 146 5530 1701 5610; baseline 0.003 -21"><span class='ocrx_word' id='word_1_753' title='bbox 146 5530 486 5604; x_wconf 76' lang='lat' dir='ltr'><strong>Explicandum</strong></span> <span class='ocrx_word' id='word_1_754' title='bbox 520 5542 739 5595; x_wconf 84' lang='lat' dir='ltr'><strong>scilicet</strong></span> <span class='ocrx_word' id='word_1_755' title='bbox 782 5539 1037 5605; x_wconf 67' lang='lat' dir='ltr'><strong>restabat,</strong></span> <span class='ocrx_word' id='word_1_756' title='bbox 1068 5536 1339 5610; x_wconf 89' lang='lat' dir='ltr'><strong>quomodo</strong></span> <span class='ocrx_word' id='word_1_757' title='bbox 1358 5555 1426 5595; x_wconf 85' lang='lat' dir='ltr'><strong>ex</strong></span> <span class='ocrx_word' id='word_1_758' title='bbox 1455 5538 1554 5593; x_wconf 88' lang='lat' dir='ltr'><strong>hac</strong></span> <span class='ocrx_word' id='word_1_759' title='bbox 1576 5555 1701 5609; x_wconf 90' lang='lat' dir='ltr'><strong>por-</strong></span> 
     </span>
    </p>
   </div>
   <div class='ocr_carea' id='block_1_102' title="bbox 152 5628 1694 5701">
    <p class='ocr_par' dir='ltr' id='par_1_102' title="bbox 152 5628 1694 5701">
     <span class='ocr_line' id='line_1_102' title="bbox 152 5628 1694 5701; baseline 0.005 -22"><span class='ocrx_word' id='word_1_760' title='bbox 152 5629 349 5688; x_wconf 85' lang='lat' dir='ltr'><strong>rectioae</strong></span> <span class='ocrx_word' id='word_1_761' title='bbox 385 5631 646 5689; x_wconf 70' lang='lat' dir='ltr'><strong>buccellm</strong></span> <span class='ocrx_word' id='word_1_762' title='bbox 676 5645 777 5701; x_wconf 87' lang='lat' dir='ltr'><strong>per</strong></span> <span class='ocrx_word' id='word_1_763' title='bbox 798 5628 964 5684; x_wconf 87' lang='lat' dir='ltr'><strong>visum</strong></span> <span class='ocrx_word' id='word_1_764' title='bbox 1020 5632 1354 5695; x_wconf 66' lang='lat' dir='ltr'><strong>ministratus,</strong></span> <span class='ocrx_word' id='word_1_765' title='bbox 1377 5642 1694 5700; x_wconf 81' lang='lat' dir='ltr'><strong>experrecta</strong></span> 
     </span>
    </p>
   </div>
   <div class='ocr_carea' id='block_1_103' title="bbox 159 5712 1694 5793">
    <p class='ocr_par' dir='ltr' id='par_1_103' title="bbox 159 5712 1694 5793">
     <span class='ocr_line' id='line_1_103' title="bbox 159 5712 1694 5793; baseline 0.003 -25"><span class='ocrx_word' id='word_1_766' title='bbox 159 5712 439 5780; x_wconf 78' lang='lat' dir='ltr'><strong>intellexerit</strong></span> <span class='ocrx_word' id='word_1_767' title='bbox 489 5732 680 5778; x_wconf 80' lang='lat' dir='ltr'><strong>saneta</strong></span> <span class='ocrx_word' id='word_1_768' title='bbox 730 5720 1028 5790; x_wconf 78' lang='lat' dir='ltr'><strong>Perpetua,</strong></span> <span class='ocrx_word' id='word_1_769' title='bbox 1078 5723 1311 5793; x_wconf 87' lang='lat' dir='ltr'><strong>itemque</strong></span> <span class='ocrx_word' id='word_1_770' title='bbox 1353 5722 1518 5776; x_wconf 75' lang='lat' dir='ltr'><strong>frater</strong></span> <span class='ocrx_word' id='word_1_771' title='bbox 1555 5721 1694 5793; x_wconf 77' lang='lat' dir='ltr'><strong>ejus,</strong></span> 
     </span>
    </p>
   </div>
   <div class='ocr_carea' id='block_1_104' title="bbox 154 5814 1697 5887">
    <p class='ocr_par' dir='ltr' id='par_1_104' title="bbox 154 5814 1697 5887">
     <span class='ocr_line' id='line_1_104' title="bbox 154 5814 1697 5887; baseline 0.005 -22"><span class='ocrx_word' id='word_1_772' title='bbox 154 5819 388 5884; x_wconf 74' lang='lat' dir='ltr'><strong>postquam</strong></span> <span class='ocrx_word' id='word_1_773' title='bbox 413 5815 463 5870; x_wconf 90' lang='lat' dir='ltr'><strong>ei</strong></span> <span class='ocrx_word' id='word_1_774' title='bbox 497 5828 614 5870; x_wconf 89' lang='lat' dir='ltr'><strong>rem</strong></span> <span class='ocrx_word' id='word_1_775' title='bbox 645 5816 898 5882; x_wconf 79' lang='lat' dir='ltr'><strong>narravit,</strong></span> <span class='ocrx_word' id='word_1_776' title='bbox 921 5814 1272 5887; x_wconf 86' lang='lat' dir='ltr'><strong>significatum</strong></span> <span class='ocrx_word' id='word_1_777' title='bbox 1301 5815 1580 5879; x_wconf 87' lang='lat' dir='ltr'><strong>divinitus,</strong></span> <span class='ocrx_word' id='word_1_778' title='bbox 1603 5831 1697 5872; x_wconf 90' lang='lat' dir='ltr'><strong>eos</strong></span> 
     </span>
    </p>
   </div>
   <div class='ocr_carea' id='block_1_105' title="bbox 151 5902 1700 5979">
    <p class='ocr_par' dir='ltr' id='par_1_105' title="bbox 151 5902 1700 5979">
     <span class='ocr_line' id='line_1_105' title="bbox 151 5902 1700 5979; baseline 0.005 -21"><span class='ocrx_word' id='word_1_779' title='bbox 151 5908 224 5974; x_wconf 81' lang='lat' dir='ltr'><strong>qui</strong></span> <span class='ocrx_word' id='word_1_780' title='bbox 250 5919 454 5963; x_wconf 84' lang='lat' dir='ltr'><strong>carcere</strong></span> <span class='ocrx_word' id='word_1_781' title='bbox 479 5902 845 5963; x_wconf 81' lang='lat' dir='ltr'><strong>attinebantur</strong></span> <span class='ocrx_word' id='word_1_782' title='bbox 891 5918 1224 5979; x_wconf 76' lang='lat' dir='ltr'><strong>nqutaquam</strong></span> <span class='ocrx_word' id='word_1_783' title='bbox 1276 5908 1401 5966; x_wconf 88' lang='lat' dir='ltr'><strong>inde</strong></span> <span class='ocrx_word' id='word_1_784' title='bbox 1424 5908 1700 5968; x_wconf 80' lang='lat' dir='ltr'><strong>dimitten-</strong></span> 
     </span>
    </p>
   </div>
   <div class='ocr_carea' id='block_1_106' title="bbox 1800 4793 3391 4870">
    <p class='ocr_par' dir='ltr' id='par_1_106' title="bbox 1800 4793 3391 4870">
     <span class='ocr_line' id='line_1_106' title="bbox 1800 4793 3391 4870; baseline -0.005 -15"><span class='ocrx_word' id='word_1_785' title='bbox 1800 4808 1854 4856; x_wconf 87' lang='lat' dir='ltr'><strong>et</strong></span> <span class='ocrx_word' id='word_1_786' title='bbox 1880 4799 2398 4870; x_wconf 73' lang='lat' dir='ltr'><strong>prteliumilagilant,</strong></span> <span class='ocrx_word' id='word_1_787' title='bbox 2431 4801 2567 4853; x_wconf 86' lang='lat' dir='ltr'><strong>intra</strong></span> <span class='ocrx_word' id='word_1_788' title='bbox 2592 4810 2768 4854; x_wconf 86' lang='lat' dir='ltr'><strong>castra</strong></span> <span class='ocrx_word' id='word_1_789' title='bbox 2798 4797 3008 4853; x_wconf 84' lang='lat' dir='ltr'><strong>Domini</strong></span> <span class='ocrx_word' id='word_1_790' title='bbox 3036 4793 3347 4865; x_wconf 86' lang='lat' dir='ltr'><strong>colligamus</strong></span> <span class='ocrx_word' id='word_1_791' title='bbox 3375 4807 3391 4855; x_wconf 86' lang='lat'><strong>;</strong></span> 
     </span>
    </p>
   </div>
   <div class='ocr_carea' id='block_1_107' title="bbox 1802 4884 3389 4959">
    <p class='ocr_par' dir='ltr' id='par_1_107' title="bbox 1802 4884 3389 4959">
     <span class='ocr_line' id='line_1_107' title="bbox 1802 4884 3389 4959; baseline -0.006 -12"><span class='ocrx_word' id='word_1_792' title='bbox 1802 4892 2129 4947; x_wconf 80' lang='lat' dir='ltr'><strong>necessitate</strong></span> <span class='ocrx_word' id='word_1_793' title='bbox 2179 4899 2407 4959; x_wconf 85' lang='lat' dir='ltr'><strong>cogente</strong></span> <span class='ocrx_word' id='word_1_794' title='bbox 2448 4891 2761 4947; x_wconf 88' lang='lat' dir='ltr'><strong>censuimus</strong></span> <span class='ocrx_word' id='word_1_795' title='bbox 2787 4891 2863 4943; x_wconf 87' lang='lat' dir='ltr'><strong>eis</strong></span> <span class='ocrx_word' id='word_1_796' title='bbox 2908 4890 2997 4951; x_wconf 79' lang='lat' dir='ltr'><strong>qui</strong></span> <span class='ocrx_word' id='word_1_797' title='bbox 3035 4885 3102 4940; x_wconf 88' lang='lat' dir='ltr'><strong>de</strong></span> <span class='ocrx_word' id='word_1_798' title='bbox 3153 4884 3389 4941; x_wconf 76' lang='lat' dir='ltr'><strong>Ecclesia</strong></span> 
     </span>
    </p>
   </div>
   <div class='ocr_carea' id='block_1_108' title="bbox 1803 4979 3394 5050">
    <p class='ocr_par' dir='ltr' id='par_1_108' title="bbox 1803 4979 3394 5050">
     <span class='ocr_line' id='line_1_108' title="bbox 1803 4979 3394 5050; baseline -0.004 -11"><span class='ocrx_word' id='word_1_799' title='bbox 1803 4984 2012 5040; x_wconf 77' lang='lat' dir='ltr'><strong>[lctniai</strong></span> <span class='ocrx_word' id='word_1_800' title='bbox 2047 4999 2153 5039; x_wconf 89' lang='lat' dir='ltr'><strong>non</strong></span> <span class='ocrx_word' id='word_1_801' title='bbox 2185 4992 2562 5049; x_wconf 85' lang='lat' dir='ltr'><strong>recesserunt,</strong></span> <span class='ocrx_word' id='word_1_802' title='bbox 2595 4983 2690 5038; x_wconf 86' lang='lat' dir='ltr'><strong>sed</strong></span> <span class='ocrx_word' id='word_1_803' title='bbox 2732 4979 3098 5050; x_wconf 69' lang='lat' dir='ltr'><strong>pmnitentiam</strong></span> <span class='ocrx_word' id='word_1_804' title='bbox 3127 4993 3310 5049; x_wconf 88' lang='lat' dir='ltr'><strong>agere,</strong></span> <span class='ocrx_word' id='word_1_805' title='bbox 3341 4986 3394 5033; x_wconf 88' lang='lat' dir='ltr'><strong>et</strong></span> 
     </span>
    </p>
   </div>
   <div class='ocr_carea' id='block_1_109' title="bbox 1797 5070 3394 5143">
    <p class='ocr_par' dir='ltr' id='par_1_109' title="bbox 1797 5070 3394 5143">
     <span class='ocr_line' id='line_1_109' title="bbox 1797 5070 3394 5143; baseline -0.005 -12"><span class='ocrx_word' id='word_1_806' title='bbox 1797 5075 2110 5140; x_wconf 85' lang='lat' dir='ltr'><strong>lamentari,</strong></span> <span class='ocrx_word' id='word_1_807' title='bbox 2164 5091 2228 5129; x_wconf 87' lang='lat' dir='ltr'><strong>ac</strong></span> <span class='ocrx_word' id='word_1_808' title='bbox 2280 5075 2565 5131; x_wconf 83' lang='lat' dir='ltr'><strong>Dominum</strong></span> <span class='ocrx_word' id='word_1_809' title='bbox 2615 5072 2948 5143; x_wconf 86' lang='lat' dir='ltr'><strong>deprecaria</strong></span> <span class='ocrx_word' id='word_1_810' title='bbox 2989 5070 3164 5141; x_wconf 89' lang='lat' dir='ltr'><strong>primo</strong></span> <span class='ocrx_word' id='word_1_811' title='bbox 3214 5071 3394 5139; x_wconf 88' lang='lat' dir='ltr'><strong>lapsus</strong></span> 
     </span>
    </p>
   </div>
   <div class='ocr_carea' id='block_1_110' title="bbox 1799 5165 3394 5238">
    <p class='ocr_par' dir='ltr' id='par_1_110' title="bbox 1799 5165 3394 5238">
     <span class='ocr_line' id='line_1_110' title="bbox 1799 5165 3394 5238; baseline -0.006 -12"><span class='ocrx_word' id='word_1_812' title='bbox 1799 5172 1881 5228; x_wconf 86' lang='lat' dir='ltr'><strong>sui</strong></span> <span class='ocrx_word' id='word_1_813' title='bbox 1910 5170 1998 5226; x_wconf 91' lang='lat' dir='ltr'><strong>die</strong></span> <span class='ocrx_word' id='word_1_814' title='bbox 2049 5185 2156 5225; x_wconf 92' lang='lat' dir='ltr'><strong>non</strong></span> <span class='ocrx_word' id='word_1_815' title='bbox 2204 5169 2547 5232; x_wconf 87' lang='lat' dir='ltr'><strong>destiterunt,</strong></span> <span class='ocrx_word' id='word_1_816' title='bbox 2576 5182 2760 5238; x_wconf 89' lang='lat' dir='ltr'><strong>pacem</strong></span> <span class='ocrx_word' id='word_1_817' title='bbox 2792 5165 3022 5221; x_wconf 84' lang='lat' dir='ltr'><strong>dandam</strong></span> <span class='ocrx_word' id='word_1_818' title='bbox 3048 5179 3190 5229; x_wconf 87' lang='lat' dir='ltr'><strong>esse,</strong></span> <span class='ocrx_word' id='word_1_819' title='bbox 3217 5174 3270 5217; x_wconf 91' lang='lat' dir='ltr'><strong>et</strong></span> <span class='ocrx_word' id='word_1_820' title='bbox 3299 5176 3394 5217; x_wconf 88' lang='lat' dir='ltr'><strong>eos</strong></span> 
     </span>
    </p>
   </div>
   <div class='ocr_carea' id='block_1_111' title="bbox 1801 5256 3396 5340">
    <p class='ocr_par' dir='ltr' id='par_1_111' title="bbox 1801 5256 3396 5340">
     <span class='ocr_line' id='line_1_111' title="bbox 1801 5256 3396 5340; baseline -0.008 -23"><span class='ocrx_word' id='word_1_821' title='bbox 1801 5262 1867 5317; x_wconf 89' lang='lat' dir='ltr'><strong>ad</strong></span> <span class='ocrx_word' id='word_1_822' title='bbox 1901 5261 2143 5332; x_wconf 73' lang='lat' dir='ltr'><strong>prmlium</strong></span> <span class='ocrx_word' id='word_1_823' title='bbox 2187 5260 2331 5329; x_wconf 83' lang='lat' dir='ltr'><strong>quod</strong></span> <span class='ocrx_word' id='word_1_824' title='bbox 2370 5261 2613 5316; x_wconf 85' lang='lat' dir='ltr'><strong>imminet</strong></span> <span class='ocrx_word' id='word_1_825' title='bbox 2653 5258 2851 5312; x_wconf 88' lang='lat' dir='ltr'><strong>armari</strong></span> <span class='ocrx_word' id='word_1_826' title='bbox 2899 5267 2955 5313; x_wconf 86' lang='lat' dir='ltr'><strong>et</strong></span> <span class='ocrx_word' id='word_1_827' title='bbox 2996 5256 3188 5314; x_wconf 85' lang='lat' dir='ltr'><strong>instrui</strong></span> <span class='ocrx_word' id='word_1_828' title='bbox 3236 5268 3396 5340; x_wconf 85' lang='lat' dir='ltr'><strong>opor-</strong></span> 
     </span>
    </p>
   </div>
   <div class='ocr_carea' id='block_1_112' title="bbox 1800 5344 3394 5422">
    <p class='ocr_par' dir='ltr' id='par_1_112' title="bbox 1800 5344 3394 5422">
     <span class='ocr_line' id='line_1_112' title="bbox 1800 5344 3394 5422; baseline -0.005 -15"><span class='ocrx_word' id='word_1_829' title='bbox 1800 5361 1933 5409; x_wconf 88' lang='lat' dir='ltr'><strong>tere.</strong></span> <span class='ocrx_word' id='word_1_830' title='bbox 1952 5350 2050 5407; x_wconf 77' lang='grc' dir='ltr'><strong>»Ει</strong></span> <span class='ocrx_word' id='word_1_831' title='bbox 2070 5352 2229 5422; x_wconf 81' lang='lat' dir='ltr'><strong>paulo</strong></span> <span class='ocrx_word' id='word_1_832' title='bbox 2257 5364 2379 5421; x_wconf 86' lang='lat' dir='ltr'><strong>post</strong></span> <span class='ocrx_word' id='word_1_833' title='bbox 2408 5365 2424 5405; x_wconf 87' lang='lat'><strong>:</strong></span> <span class='ocrx_word' id='word_1_834' title='bbox 2456 5353 2555 5404; x_wconf 68' lang='lat' dir='ltr'><strong>tAt</strong></span> <span class='ocrx_word' id='word_1_835' title='bbox 2582 5365 2708 5405; x_wconf 87' lang='lat' dir='ltr'><strong>vero</strong></span> <span class='ocrx_word' id='word_1_836' title='bbox 2729 5365 2875 5404; x_wconf 89' lang='lat' dir='ltr'><strong>nunc</strong></span> <span class='ocrx_word' id='word_1_837' title='bbox 2902 5366 3007 5403; x_wconf 89' lang='lat' dir='ltr'><strong>non</strong></span> <span class='ocrx_word' id='word_1_838' title='bbox 3034 5344 3394 5412; x_wconf 74' lang='lat' dir='ltr'><strong>infirmis,sed</strong></span> 
     </span>
    </p>
   </div>
   <div class='ocr_carea' id='block_1_113' title="bbox 1801 5439 3437 5515">
    <p class='ocr_par' dir='ltr' id='par_1_113' title="bbox 1801 5439 3437 5515">
     <span class='ocr_line' id='line_1_113' title="bbox 1801 5439 3437 5515; baseline -0.005 -14"><span class='ocrx_word' id='word_1_839' title='bbox 1801 5445 2032 5501; x_wconf 89' lang='lat' dir='ltr'><strong>fortibus</strong></span> <span class='ocrx_word' id='word_1_840' title='bbox 2060 5460 2167 5515; x_wconf 79' lang='lat' dir='ltr'><strong>pax</strong></span> <span class='ocrx_word' id='word_1_841' title='bbox 2194 5444 2496 5499; x_wconf 76' lang='lat' dir='ltr'><strong>necessaria</strong></span> <span class='ocrx_word' id='word_1_842' title='bbox 2526 5452 2630 5507; x_wconf 88' lang='lat' dir='ltr'><strong>est,</strong></span> <span class='ocrx_word' id='word_1_843' title='bbox 2661 5456 2761 5497; x_wconf 88' lang='lat' dir='ltr'><strong>nec</strong></span> <span class='ocrx_word' id='word_1_844' title='bbox 2785 5441 3158 5504; x_wconf 89' lang='lat' dir='ltr'><strong>morientibus,</strong></span> <span class='ocrx_word' id='word_1_845' title='bbox 3187 5440 3281 5494; x_wconf 83' lang='lat' dir='ltr'><strong>sed</strong></span> <span class='ocrx_word' id='word_1_846' title='bbox 3314 5439 3394 5494; x_wconf 88' lang='lat' dir='ltr'><strong>vi-</strong></span> <span class='ocrx_word' id='word_1_847' title='bbox 3428 5440 3437 5447; x_wconf 84' lang='grc'><em>’</em></span> 
     </span>
    </p>
   </div>
   <div class='ocr_carea' id='block_1_114' title="bbox 1801 5533 3396 5605">
    <p class='ocr_par' dir='ltr' id='par_1_114' title="bbox 1801 5533 3396 5605">
     <span class='ocr_line' id='line_1_114' title="bbox 1801 5533 3396 5605; baseline -0.004 -10"><span class='ocrx_word' id='word_1_848' title='bbox 1801 5538 2051 5595; x_wconf 70' lang='grc' dir='ltr'><strong>νειιιὶϋιιε</strong></span> <span class='ocrx_word' id='word_1_849' title='bbox 2103 5537 2523 5600; x_wconf 85' lang='lat' dir='ltr'><strong>communicatio</strong></span> <span class='ocrx_word' id='word_1_850' title='bbox 2547 5553 2577 5591; x_wconf 91' lang='lat' dir='ltr'><strong>a</strong></span> <span class='ocrx_word' id='word_1_851' title='bbox 2606 5536 2762 5591; x_wconf 88' lang='lat' dir='ltr'><strong>nobis</strong></span> <span class='ocrx_word' id='word_1_852' title='bbox 2806 5533 2983 5589; x_wconf 82' lang='lat' dir='ltr'><strong>danda</strong></span> <span class='ocrx_word' id='word_1_853' title='bbox 3027 5543 3137 5599; x_wconf 76' lang='lat' dir='ltr'><strong>est,</strong></span> <span class='ocrx_word' id='word_1_854' title='bbox 3165 5544 3221 5588; x_wconf 90' lang='lat' dir='ltr'><strong>ut</strong></span> <span class='ocrx_word' id='word_1_855' title='bbox 3259 5548 3396 5605; x_wconf 90' lang='lat' dir='ltr'><strong>quos</strong></span> 
     </span>
    </p>
   </div>
   <div class='ocr_carea' id='block_1_115' title="bbox 1803 5628 3394 5699">
    <p class='ocr_par' dir='ltr' id='par_1_115' title="bbox 1803 5628 3394 5699">
     <span class='ocr_line' id='line_1_115' title="bbox 1803 5628 3394 5699; baseline -0.004 -10"><span class='ocrx_word' id='word_1_856' title='bbox 1803 5630 2100 5689; x_wconf 78' lang='lat' dir='ltr'><strong>excitamus</strong></span> <span class='ocrx_word' id='word_1_857' title='bbox 2124 5639 2177 5681; x_wconf 84' lang='lat' dir='ltr'><strong>et</strong></span> <span class='ocrx_word' id='word_1_858' title='bbox 2205 5632 2562 5687; x_wconf 76' lang='lat' dir='ltr'><strong>exhortamur</strong></span> <span class='ocrx_word' id='word_1_859' title='bbox 2589 5629 2657 5686; x_wconf 86' lang='lat' dir='ltr'><strong>ad</strong></span> <span class='ocrx_word' id='word_1_860' title='bbox 2711 5628 2977 5699; x_wconf 75' lang='lat' dir='ltr'><strong>pratliutn,</strong></span> <span class='ocrx_word' id='word_1_861' title='bbox 3003 5642 3111 5682; x_wconf 90' lang='lat' dir='ltr'><strong>non</strong></span> <span class='ocrx_word' id='word_1_862' title='bbox 3158 5629 3394 5683; x_wconf 87' lang='lat' dir='ltr'><strong>inermes</strong></span> 
     </span>
    </p>
   </div>
   <div class='ocr_carea' id='block_1_116' title="bbox 1799 5718 3395 5793">
    <p class='ocr_par' dir='ltr' id='par_1_116' title="bbox 1799 5718 3395 5793">
     <span class='ocr_line' id='line_1_116' title="bbox 1799 5718 3395 5793; baseline -0.003 -14"><span class='ocrx_word' id='word_1_863' title='bbox 1799 5733 1853 5782; x_wconf 91' lang='lat' dir='ltr'><strong>et</strong></span> <span class='ocrx_word' id='word_1_864' title='bbox 1883 5720 2051 5777; x_wconf 89' lang='lat' dir='ltr'><strong>nudos</strong></span> <span class='ocrx_word' id='word_1_865' title='bbox 2081 5718 2488 5791; x_wconf 87' lang='lat' dir='ltr'><strong>relinquamus,</strong></span> <span class='ocrx_word' id='word_1_866' title='bbox 2534 5725 2628 5779; x_wconf 88' lang='lat' dir='ltr'><strong>sed</strong></span> <span class='ocrx_word' id='word_1_867' title='bbox 2683 5718 3014 5793; x_wconf 85' lang='lat' dir='ltr'><strong>preteetioae</strong></span> <span class='ocrx_word' id='word_1_868' title='bbox 3051 5720 3296 5789; x_wconf 84' lang='lat' dir='ltr'><strong>corporis</strong></span> <span class='ocrx_word' id='word_1_869' title='bbox 3340 5730 3395 5776; x_wconf 92' lang='lat' dir='ltr'><strong>et</strong></span> 
     </span>
    </p>
   </div>
   <div class='ocr_carea' id='block_1_117' title="bbox 1800 5807 3367 5883">
    <p class='ocr_par' dir='ltr' id='par_1_117' title="bbox 1800 5807 3367 5883">
     <span class='ocr_line' id='line_1_117' title="bbox 1800 5807 3367 5883; baseline -0.003 -11"><span class='ocrx_word' id='word_1_870' title='bbox 1800 5808 2074 5883; x_wconf 86' lang='lat' dir='ltr'><strong>sanguinis</strong></span> <span class='ocrx_word' id='word_1_871' title='bbox 2099 5807 2298 5864; x_wconf 74' lang='lat' dir='ltr'><strong>ChriSti</strong></span> <span class='ocrx_word' id='word_1_872' title='bbox 2328 5816 2638 5871; x_wconf 89' lang='lat' dir='ltr'><strong>muniamus</strong></span> <span class='ocrx_word' id='word_1_873' title='bbox 2669 5833 2680 5869; x_wconf 93' lang='lat'><strong>:</strong></span> <span class='ocrx_word' id='word_1_874' title='bbox 2714 5824 2764 5869; x_wconf 90' lang='lat' dir='ltr'><strong>et</strong></span> <span class='ocrx_word' id='word_1_875' title='bbox 2797 5828 2918 5868; x_wconf 86' lang='lat' dir='ltr'><strong>cum</strong></span> <span class='ocrx_word' id='word_1_876' title='bbox 2951 5810 3016 5866; x_wconf 86' lang='lat' dir='ltr'><strong>ad</strong></span> <span class='ocrx_word' id='word_1_877' title='bbox 3038 5810 3140 5865; x_wconf 88' lang='lat' dir='ltr'><strong>hoc</strong></span> <span class='ocrx_word' id='word_1_878' title='bbox 3172 5810 3262 5866; x_wconf 81' lang='lat' dir='ltr'><strong>fiat</strong></span> <span class='ocrx_word' id='word_1_879' title='bbox 3291 5812 3367 5868; x_wconf 78' lang='lat' dir='ltr'><strong>Eu</strong></span> 
     </span>
    </p>
   </div>
   <div class='ocr_carea' id='block_1_118' title="bbox 1804 5903 3395 5980">
    <p class='ocr_par' dir='ltr' id='par_1_118' title="bbox 1804 5903 3395 5980">
     <span class='ocr_line' id='line_1_118' title="bbox 1804 5903 3395 5980; baseline -0.006 -12"><span class='ocrx_word' id='word_1_880' title='bbox 1804 5903 2094 5968; x_wconf 83' lang='lat' dir='ltr'><strong>charistia,</strong></span> <span class='ocrx_word' id='word_1_881' title='bbox 2137 5910 2200 5959; x_wconf 75' lang='lat' dir='ltr'><strong>ut</strong></span> <span class='ocrx_word' id='word_1_882' title='bbox 2240 5903 2413 5974; x_wconf 84' lang='lat' dir='ltr'><strong>possit</strong></span> <span class='ocrx_word' id='word_1_883' title='bbox 2458 5906 2840 5980; x_wconf 86' lang='lat' dir='ltr'><strong>accipientibus</strong></span> <span class='ocrx_word' id='word_1_884' title='bbox 2880 5919 3003 5963; x_wconf 85' lang='lat' dir='ltr'><strong>esse</strong></span> <span class='ocrx_word' id='word_1_885' title='bbox 3044 5903 3232 5974; x_wconf 83' lang='lat' dir='ltr'><strong>tutela,</strong></span> <span class='ocrx_word' id='word_1_886' title='bbox 3258 5919 3395 5979; x_wconf 89' lang='lat' dir='ltr'><strong>quos</strong></span> 
     </span>
    </p>
   </div>
  </div>
