3818 6278
385 377 494 437 127

1545 373 1998 433 DISSERTATIO
2034 374 2514 434 APOLOGETICA

3602 375 3686 431 138

393 502 539 552 tutos
561 508 684 552 esse
729 499 912 550 contra
955 489 1325 547 adversarium
1354 492 1620 558 volumus,
1647 490 1983 547 munimento
2009 493 2064 553 Α
2160 491 2244 552 111.
2280 493 2515 548 Alteram
2547 492 2830 564 Perpetua
2857 490 3119 549 visionem
3160 492 3214 548 in
3260 489 3546 549 invidiam
3572 492 3686 548 Bas-
3752 489 3753 557 ξ

389 588 673 645 dominicae
704 582 993 642 saturitatis
1036 598 1331 640 armemus.
1362 584 1495 641 Nam
1524 583 1795 656 quomodo
1822 583 1985 639 doce-

390 697 514 738 mus
538 688 629 734 aut
659 689 1013 747 provocamus
1032 690 1128 732 eos
1155 676 1209 732 in
1231 675 1573 733 confessione
1600 676 1836 731 nominis
1860 689 1985 730 san—

388 773 603 844 guinem
632 783 787 824 suum
836 767 1083 836 fundere,
1125 771 1170 824 si
1190 769 1271 825 eis
1300 768 1608 825 militaturis
1626 769 1825 825 Christi
1853 783 1983 823 san-

387 865 603 936 guinem
633 862 998 935 denegamus?
1021 863 1128 918 Aut
1152 863 1424 934 quomodo
1448 863 1514 918 ad
1549 865 1792 937 martyrii
1822 877 1986 932 pocu-

386 956 500 1013 lum
548 955 775 1012 idoneos
805 955 1053 1024 facimus,
1085 957 1128 1010 si
1157 972 1265 1013 non
1310 971 1406 1012 eos
1429 960 1497 1012 ad
1526 956 1815 1013 bibendum
1840 955 1986 1027 prius

386 1050 442 1108 in
485 1051 727 1109 Ecclesia
769 1053 1020 1124 poculum
1053 1054 1285 1119 Domini,
1310 1054 1433 1125 jure
1483 1049 1987 1109 communicationis

386 1146 773 1203 admittimus?
823 1147 1097 1219 Siquidem
1141 1147 1245 1222 (ut
1265 1147 1538 1219 aliquanto
1568 1155 1691 1217 post
1745 1142 1985 1214 additur)

387 1240 619 1297 idoneus
643 1254 766 1296 esse
815 1255 921 1296 non
960 1251 1139 1312 potest
1168 1242 1234 1297 ad
1284 1240 1624 1314 martyrium,
1652 1238 1742 1309 qui
1797 1238 1865 1293 ab
1892 1236 1991 1292 Ec-

390 1332 559 1390 clesia
606 1349 715 1389 non
766 1342 1007 1390 armatur
1059 1334 1126 1389 ad
1157 1335 1397 1404 praelium
1442 1342 1544 1390 :et
1584 1345 1737 1388 mens
1784 1329 1984 1397 deficit,

390 1441 552 1499 quam
596 1442 704 1482 non
732 1436 952 1497 recepta
980 1426 1319 1483 Eucharistia
1349 1427 1507 1497 erigit
1531 1436 1585 1481 et
1610 1423 1873 1481 accendit.
1891 1442 1909 1475 ι

465 1519 592 1575 Haec
641 1535 764 1576 esse
793 1536 900 1576 non
952 1520 1133 1576 abnuo
1175 1519 1437 1590 praeclare
1466 1528 1625 1588 atque
1662 1517 1867 1587 optime
1894 1530 1989 1569 ex-

392 1612 650 1683 cogitata,
672 1622 729 1669 et
754 1628 873 1684 quae
897 1614 1106 1683 possint
1126 1611 1372 1682 Basnagii
1400 1610 1653 1679 scrupulo
1680 1606 1990 1679 plenissime

392 1704 924 1775 satisfacere,aliqna
975 1713 1153 1759 tamen
1203 1703 1452 1773 adjiciam
1481 1701 1567 1759 Cl.
1590 1702 1709 1757 viro
1752 1716 1858 1756 non
1887 1701 1988 1756 ob-

392 1807 606 1852 servata
634 1812 756 1868 quae
782 1810 999 1852 onmem
1026 1796 1095 1850 ah
1139 1795 1244 1851 hoc
1269 1795 1392 1851 loco
1408 1794 1764 1851 oﬂ'ensionem
1806 1809 1988 1849 remo-

2086 587 2278 657 nagius
2321 595 2478 641 vocat
2522 585 2608 641 his
2656 585 2885 643 verbis:
2919 605 2939 639 r
2995 586 3292 643 Notabilius
3352 583 3527 651 illud,
3566 590 3689 658 quod

2087 691 2205 748 cap.
2231 678 2319 739 111.
2348 676 2453 749 §2,
2478 677 2743 749 Perpetua
2761 688 2965 734 narrat.
2996 698 3019 732 ι
3048 679 3232 736 Exivit
3255 678 3500 752 quidam
3522 690 3687 737 contra
3752 676 3753 752 ξ

2086 768 2393 843 Egyptius,
2423 768 2600 826 foedus
2647 771 2850 841 specie,
2906 785 3028 826 cum
3080 770 3442 841 adjutoribus
3471 770 3586 824 suis
3611 787 3686 841 plt-

2085 874 2344 934 gnaturus
2372 878 2603 919 mecum.
2631 862 2866 919 Veniunt
2895 872 2951 919 et
2978 862 3045 919 ad
3074 879 3162 920 me
3185 863 3588 920 adolescentes
3612 865 3685 920 de-

2086 954 2221 1019 cori,
2252 955 2529 1024 adjutores
2554 965 2608 1011 et
2658 954 2916 1012 favitores
2943 956 3048 1012 mei
3078 973 3092 1009 :
3122 965 3178 1011 et
3205 956 3527 1029 exspoliata
3569 971 3686 1027 sum,
3752 980 3753 993 ι

2087 1057 2143 1103 et
2168 1047 2306 1103 facta
2356 1063 2478 1103 sum
2533 1049 2824 1105 masculus.
2860 1068 2879 1103 ι
2913 1049 3166 1106 Procedit
3187 1049 3359 1121 igitur
3389 1064 3522 1104 cum
3546 1049 3687 1124 [Egy-

2089 1141 2202 1213 ptio
2228 1142 2295 1197 ad
2317 1158 2550 1215 pugnam
2584 1143 2849 1215 Perpetua
2880 1158 3014 1199 sexu
3044 1153 3275 1209 mutato,
3304 1142 3568 1198 victoriae
3590 1160 3689 1213 prc-

2090 1235 2221 1290 tium
2265 1245 2550 1307 acceptura
2583 1255 2602 1288 r
2630 1252 2840 1292 ramum
2874 1237 3124 1301 viridem,
3155 1238 3207 1291 in
3237 1251 3352 1307 quo
3384 1248 3541 1292 erant
3563 1242 3688 1295 mala

2089 1342 2272 1383 aurea.
2298 1328 2364 1383 Et
2386 1328 2540 1399 petiit
2590 1328 2864 1385 silentium
2896 1338 2951 1384 et
2986 1327 3125 1384 dixit
3157 1345 3170 1382 :
3198 1328 3299 1384 Hic
3330 1327 3633 1399 Egyptius
3655 1336 3691 1388 si

2092 1420 2230 1475 hanc
2258 1420 2467 1486 vicerit,
2510 1419 2722 1477 occidet
2762 1420 2910 1476 illam
2965 1420 3146 1492 gladio
3175 1437 3191 1487 ;
3225 1430 3281 1476 et
3308 1420 3357 1476 si
3386 1418 3542 1476 hunc
3567 1423 3686 1478 vice-

2092 1513 2183 1580 rit,
2220 1513 2450 1583 accipiet
2478 1529 2685 1569 ramum
2711 1516 2893 1569 istum.
2922 1514 2990 1569 Et
3010 1515 3255 1571 recessit.
3287 1513 3364 1570 Et
3379 1514 3690 1573 accessimus

2092 1604 2159 1660 ad
2190 1605 2420 1661 invicem
2448 1648 2463 1673 ,
2511 1615 2569 1662 et
2595 1608 2860 1678 carpimus
2902 1608 3117 1663 mittere
3164 1622 3408 1678 pugnos.
3445 1605 3542 1662 Ille
3578 1610 3687 1665 milii
3752 1594 3753 1601 “

2094 1697 2260 1768 pedes
2286 1698 2697 1769 apprehendere
2734 1700 3033 1771 quaerebat,
3057 1714 3160 1772 ego
3205 1710 3399 1755 autem
3445 1699 3526 1755 illi
3555 1700 3688 1757 calci-

2094 1790 2195 1845 bus
2221 1789 2411 1848 faciem
2434 1792 2730 1848 ctedebam.
2769 1811 2789 1847 ο
2826 1792 3076 1850 Hatccine
3097 1805 3224 1850 sunt
3252 1794 3481 1865 Spiritu
3511 1794 3679 1853 Sancto

391 1890 615 1949 vehunt.
646 1889 832 1946 Primo
856 1890 1037 1961 itaque
1062 1892 1315 1954 observo,
1342 1890 1518 1945 simile
1540 1888 1670 1960 quid
1701 1901 1989 1943 occurrere
2020 1889 2068 1951 Β
2094 1883 2253 1956 digna
2281 1886 2305 1940 ?
2351 1885 2627 1943 Similiane
2677 1888 2955 1960 prophetis
2985 1891 3176 1947 obtulit
3208 1907 3483 1963 umquam
3510 1892 3685 1948 ?Scili-

393 1983 450 2040 in
476 1984 626 2039 Actis
649 1983 821 2038 sancti
839 1982 1069 2053 Philippl
1096 1983 1333 2054 episcopi
1364 1981 1728 2047 Heraclensis,
1772 1989 1829 2035 et
1848 1996 1992 2034 mar-

395 2078 552 2151 tyris,
586 2077 641 2132 in
670 2076 865 2147 quibus
893 2076 1123 2132 Hermes
1147 2077 1266 2148 ejus
1293 2076 1554 2131 diaconus
1600 2075 1694 2147 qui
1734 2089 1837 2129 una
1867 2088 1989 2129 cum

393 2171 513 2243 ipso
536 2170 850 2239 martyrium
879 2185 975 2242 per
1017 2171 1196 2243 ignem
1217 2169 1644 2237 consummavit,
1674 2184 1860 2225 necem
1890 2167 1993 2225 sibi

395 2272 546 2322 certo
584 2274 824 2335 paratam
870 2277 992 2320 esse
1037 2264 1160 2330 hac,
1199 2264 1275 2319 uti
1304 2273 1507 2331 narrat,
1536 2263 1869 2319 revelatione
1893 2277 1990 2318 co-

393 2356 581 2428 gnovit
602 2353 679 2426 (1)
714 2371 729 2413 :
761 2374 782 2408 ι
810 2354 925 2410 Hoc
950 2370 1039 2412 me
1081 2370 1386 2425 passurum,
1419 2355 1527 2410 Deo
1550 2370 1612 2409 ac
1634 2354 1863 2410 Domino
1880 2354 1992 2424 jam

395 2458 521 2506 ante
539 2450 916 2509 annuntiantc.
935 2464 1292 2521 cognoveram
1315 2448 1647 2505 revelatione
1667 2448 1991 2504 certissima.

396 2540 530 2598 Nam
562 2557 686 2597 cum
731 2541 877 2598 dulci
908 2557 1105 2613 sopore
1148 2541 1434 2598 devinctus
1454 2541 1717 2612 iacerem,
1742 2540 1993 2596 columba

395 2635 530 2693 mihi
558 2639 671 2692 visa
710 2645 794 2692 est
818 2639 977 2691 niveo
1005 2636 1242 2692 candore
1262 2633 1562 2707 perlucida,
1589 2633 1896 2689 cubiculum
1925 2631 1995 2687 il-

400 2728 495 2786 lud
550 2729 820 2800 ingressa,
872 2729 1052 2785 subito
1097 2731 1150 2784 in
1206 2726 1384 2784 medio
1422 2727 1597 2799 capite
1637 2725 1993 2782 consedisse:

398 2838 518 2897 qua:
542 2832 596 2880 et
623 2824 747 2880 inde
793 2822 1125 2880 descendens
1153 2824 1206 2879 in
1237 2832 1444 2894 pectus,
1474 2836 1626 2878 escas
1648 2821 1777 2877 mihi
1805 2820 1998 2891 gratis-

401 2914 525 2972 simi
564 2916 668 2971 cibi
701 2914 959 2981 offerens,
992 2916 1173 2971 statim
1201 2913 1591 2986 cognoviquod
1621 2928 1707 2968 me
1738 2912 1997 2968 Dominus

399 3020 594 3062 vocare
622 3006 874 3077 dignatus
902 3016 1005 3073 est,
1038 3018 1092 3062 et
1126 3006 1345 3075 dignum
1396 3005 1582 3062 habuit
1630 3005 1896 3075 passione.
1936 3023 1955 3057 ι

474 3099 728 3156 Secundo
757 3100 1013 3164 observo,
1057 3114 1164 3156 non
1204 3099 1386 3155 dicere
1428 3098 1749 3169 Perpetuam
1791 3113 1851 3154 se
1891 3096 2000 3181 fra-

401 3203 648 3266 tremque
674 3210 831 3251 suum
863 3210 928 3251 ex
958 3194 1074 3249 sola
1104 3193 1361 3249 buccellae
1377 3191 1718 3262 porrectione
1744 3192 1823 3273 (ut
1861 3190 1998 3246 Pos-

2092 1987 2177 2033 cet
2204 1993 2266 2034 ca
2286 1979 2396 2034 visa
2428 1990 2551 2035 sunt
2580 1979 2772 2051 quibus
2803 1997 3014 2038 sacrum
3041 1983 3210 2040 Joelis
3254 1986 3684 2042 accommodetur
3752 2016 3753 2059 ι

2094 2073 2393 2128 oraculum.
2423 2071 2659 2128 Montani
2706 2075 2883 2145 potius
2912 2074 3157 2131 redolent
3183 2076 3475 2133 officinam
3506 2080 3683 2135 somnia
3752 2068 3753 2097 λ

2095 2164 2383 2235 ejusmodi,
2413 2166 2641 2222 ecstasis
2671 2165 2787 2238 ejus
2837 2166 3106 2223 simillima
3132 2210 3148 2237 ,
3178 2184 3280 2241 qua
3327 2169 3678 2227 Tertullianus

2096 2257 2289 2328 probat
2312 2258 2547 2315 animam
2577 2273 2699 2317 esse
2718 2262 2861 2317 aerei
2883 2261 3080 2319 coloris
3102 2271 3157 2320 et
3182 2262 3383 2321 formae
3412 2279 3516 2338 per
3530 2269 3678 2321 omnia

2097 2348 2367 2406 humanae.
2416 2370 2436 2405 ι

2168 2443 2290 2499 Tria
2316 2452 2445 2499 sunt
2486 2445 2667 2516 igitur,
2697 2463 2818 2516 quzc
2862 2449 3130 2520 przecipue
3179 2450 3233 2507 in
3286 2450 3398 2508 hac
3432 2451 3680 2524 Perpetua:
3752 2460 3753 2471 ³

2096 2535 2309 2591 visione
2356 2535 2681 2608 Basnagium
2728 2539 2981 2597 videntur
3009 2541 3303 2598 olfendere.
3338 2542 3407 2599 1°
3437 2542 3529 2600 llla
3552 2561 3679 2601 sexus

2100 2629 2153 2684 in
2176 2629 2439 2700 Perpetua
2469 2633 2724 2700 mutatio;
2754 2632 2814 2687 2°
2841 2633 3091 2690 Victorize
3143 2636 3375 2706 pretium
3413 2652 3594 2693 ramus
3618 2639 3679 2692 \i-

2099 2722 2229 2778 ridis
2282 2738 2404 2778 cum
2456 2725 2612 2780 malis
2658 2727 2869 2794 aureis;
2925 2726 2984 2783 5⁸
3035 2726 3204 2784 Lucta
3245 2728 3538 2801 Perpetua:
3582 2745 3679 2784 cum
3752 2778 3753 2803 ι

2098 2813 2597 2889 ΕεγριὶοΛὸιιίεεο
2624 2817 2831 2888 singula
2855 2828 3141 2891 antequam
3172 2823 3679 2907 respondeam,illud
3752 2808 3753 2827 ¹

2100 2909 2397 2979 generatim
2428 2907 2626 2977 dicam,
2656 2911 2916 2981 plurimas
2967 2929 3075 2970 non
3108 2915 3269 2970 modo
3294 2931 3423 2987 qua:
3452 2917 3504 2970 in
3533 2917 3680 2972 since-

2101 3001 2176 3056 ris
2203 3010 2496 3074 martyrum
2519 3002 2664 3058 Actis
2681 3013 2737 3059 et
2758 3014 3065 3061 sanctorum
3089 3006 3347 3075 historiis,
3361 3008 3582 3077 aliisque
3608 3008 3682 3062 in-

2101 3094 2277 3151 dubia:
2303 3096 2422 3151 fidei
2453 3100 2836 3165 monumentis,
2864 3100 2955 3155 sed
2988 3100 3042 3155 in
3070 3103 3239 3157 sacris
3260 3117 3467 3173 quoque
3493 3102 3680 3157 utrius-

2102 3203 2207 3258 que
2234 3188 2563 3245 Testamenti
2613 3191 2763 3247 libris
2805 3203 3176 3257 recensentur,
3201 3194 3440 3251 visiones
3458 3210 3519 3248 ac
3542 3208 3683 3249 revc-

409 3289 532 3344 sino
553 3297 606 3342 et
654 3296 840 3357 postea
879 3286 1141 3357 Basnagio
1186 3286 1359 3340 visum
1390 3284 1495 3356 est)
1523 3299 1646 3339 mox
1694 3292 1996 3338 secuturam
2026 3288 2072 3352 ρ
2106 3280 2335 3337 lationes
2383 3285 2711 3353 contemptui
2741 3299 2901 3355 posse
2948 3301 3012 3341 ac
3040 3286 3274 3343 ludibrio
3305 3287 3467 3344 facile
3490 3287 3679 3358 exponi,
3752 3298 3753 3358 γ

406 3393 595 3436 necem
646 3379 1001 3442 intellexisse.
1034 3378 1225 3433 Omnia
1272 3392 1393 3449 quae
1434 3375 1661 3440 viderat,
1693 3374 1842 3430 fratri
1874 3375 2004 3430 Per-

406 3482 570 3545 petua
625 3472 853 3528 retulit:
890 3470 1060 3527 multo
1088 3480 1266 3526 autem
1320 3470 1548 3525 clariora
1592 3470 1744 3541 signa
1795 3468 2004 3523 viderat

406 3565 601 3622 futura:
626 3566 917 3636 passionis;
945 3582 1009 3621 ex
1052 3565 1242 3637 quibus
1271 3564 1456 3635 quidni
1504 3564 1702 3619 clarius
1724 3562 1999 3618 intellexe-

406 3661 535 3728 rint,
561 3682 580 3714 ι
605 3662 906 3732 passionem
938 3674 1059 3716 esse
1078 3659 1308 3715 futuram
1332 3660 1357 3714 ?
1385 3677 1404 3711 ι
1438 3657 1660 3715 Viderat
1686 3657 1882 3712 scalam
1905 3673 2003 3711 an-

405 3768 555 3809 ream
587 3752 739 3808 mirae
787 3751 1172 3822 magnitudinis
1204 3751 1592 3821 pertingentem
1615 3763 1783 3820 usque
1802 3748 1868 3803 ad
1894 3762 2007 3805 cus-

407 3844 541 3913 lum,
568 3853 624 3901 et
652 3845 704 3899 in
742 3845 996 3898 lateribus
1034 3842 1195 3899 scalae
1239 3856 1400 3896 omne
1427 3833 1595 3913 genus
1640 3840 2000 3896 ferramento-

407 3953 529 3995 rum
570 3938 815 3992 inﬁxum.
859 3937 1025 3991 Erant
1080 3934 1153 3990 ibi
1202 3934 1631 4006 gladii,lanceae,
1680 3932 1845 3998 hami,
1894 3947 2010 3987 ma-

411 4032 626 4087 chaerae.
661 4028 884 4085 Viderat
933 4028 1033 4083 sub
1074 4029 1186 4099 ipsa
1216 4027 1363 4082 scala
1402 4026 1692 4081 draconem
1723 4026 2006 4081 cubantem

412 4124 565 4180 mirae
593 4121 994 4193 magnitudinis,
1018 4123 1109 4190 qui
1160 4118 1576 4174 ascendentibus
1601 4115 1822 4172 insidias
1850 4131 2008 4186 para~

413 4216 506 4273 bat
534 4226 587 4271 et
614 4215 943 4278 exterrebat,
996 4227 1065 4268 ne
1103 4211 1483 4267 ascenderem.
1511 4208 1734 4264 Viderat
1757 4208 2010 4265 Saturum

414 4308 825 4376 ascendentem,
859 4307 912 4362 in
937 4316 1100 4377 caput
1132 4304 1295 4360 scala:
1343 4304 1774 4375 pervenientem,
1807 4312 1861 4357 et
1889 4300 2014 4357 inde

415 4418 476 4458 se
516 4402 677 4457 etiam
706 4399 776 4455 ad
825 4413 1111 4455 ascensum
1154 4397 1493 4451 invitantem.
1544 4394 1767 4449 Viderat
1807 4408 1866 4449 se
1890 4406 2013 4447 cum

415 4496 650 4567 primum
696 4494 857 4550 scalae
905 4490 1130 4564 gradum
1154 4490 1443 4555 calcasset,
1475 4496 1638 4559 caput
1682 4487 1843 4542 etiam
1876 4486 2017 4541 illius

415 4588 671 4647 draconis
717 4587 1037 4642 calcantem.
1089 4582 1311 4640 Viderat
1357 4581 1590 4652 denique
1633 4578 1907 4636 Christum
1959 4580 2013 4635 in

2104 3374 2149 3427 si
2179 3375 2289 3444 ipsa
2313 3390 2410 3447 per
2437 3390 2557 3433 sese
2584 3378 2825 3450 symhola
2856 3388 3189 3449 spectentur.
3210 3389 3263 3436 et
3290 3395 3402 3437 non
3436 3396 3607 3436 eorum
3631 3378 3681 3433 ad
3752 3374 3753 3449 Ε

2106 3484 2195 3525 res
2250 3469 2458 3526 divinas
2506 3481 2560 3527 et
2585 3472 2931 3544 incorporeas
2965 3484 3122 3545 σχέσις
3161 3485 3215 3531 et
3260 3474 3543 3530 habitudo.
3590 3472 3679 3528 lmo
3752 3506 3753 3521 ξ

2107 3574 2213 3616 non
2255 3560 2309 3617 in
2333 3563 2633 3620 visionibus
2660 3573 2870 3620 tantum
2909 3576 2965 3623 et
3011 3568 3238 3624 internis
3269 3567 3679 3631 revelationibus,

2106 3656 2202 3712 sed
2251 3658 2301 3712 in
2326 3657 2625 3714 actionibus
2653 3674 2866 3731 quoque
2914 3660 3242 3731 propheticis
3280 3670 3336 3717 et
3395 3662 3532 3732 legis
3560 3674 3680 3715 cerc-

2109 3749 2303 3805 mouiis
2329 3750 2495 3805 multa
2521 3762 2663 3817 sunt,
2695 3769 2814 3821 quae
2841 3754 2966 3809 vani
2987 3763 3041 3810 et
3066 3755 3284 3826 superbi
3317 3756 3566 3811 homines
3585 3764 3679 3807 cum

2108 3843 2219 3899 risu
2250 3844 2376 3897 olim
2424 3854 2770 3913 exceperunt,
2825 3855 2878 3902 et
2933 3848 3227 3904 etiamnum
3280 3848 3551 3915 derident,
3570 3843 3682 3917 quod
3752 3836 3753 3839 “

2112 3950 2204 3991 cas
2232 3951 2328 4006 per
2365 3951 2485 3993 sese
2523 3946 2836 4009 spectarunt
2891 3954 2990 3996 nec
3035 3941 3103 3996 ad
3143 3956 3327 3996 rarum
3356 3942 3603 4015 mysticas
3620 3954 3685 3992 ra~
3752 3956 3753 4001 ι

2113 4029 2289 4084 tiones
2316 4030 2680 4087 atlenderunt.
2699 4030 2855 4088 Unde
2879 4031 3074 4089 factum
3105 4043 3211 4098 est,
3237 4044 3433 4107 utquae
3455 4034 3566 4089 aliis
3585 4030 3685 4099 Spi-

2114 4120 2221 4176 ritu
2250 4132 2438 4178 sancto
2465 4124 2681 4194 indigna
2704 4166 2717 4189 ,
2754 4125 2929 4197 inepta
2961 4135 3015 4181 et
3046 4126 3277 4182 ridicula
3300 4128 3412 4183 visa
3448 4134 3582 4190 sunt,
3612 4121 3687 4176 alii

2118 4214 2308 4269 honori
2338 4226 2392 4271 et
2422 4216 2763 4272 admirationi
2805 4217 3125 4285 habuerint,
3166 4228 3222 4276 et
3264 4235 3465 4277 summa
3486 4231 3691 4274 venera-

2117 4306 2265 4363 tione
2286 4309 2553 4377 prosecuti
2576 4308 2704 4377 sint,
2727 4309 2868 4380 quod
2896 4310 2969 4365 illi
2998 4311 3203 4367 scilicet
3219 4327 3326 4368 non
3356 4312 3486 4368 ultra
3504 4311 3553 4366 id
3567 4305 3690 4380 quod

2119 4399 2370 4455 sensibus
2391 4400 2662 4470 objectum
2713 4411 2819 4468 est,
2851 4404 3088 4458 animum
3124 4404 3477 4473 intenderint,
3508 4402 3561 4460 hi
3587 4412 3688 4456 vero

2120 4492 2349 4550 latentia
2386 4510 2601 4566 quoque
2632 4496 2684 4550 in
2718 4495 2866 4551 hisce
2896 4488 3382 4571 liguris'mysteria
3430 4495 3686 4555 seduloin-

2119 4586 2532 4656 vestigavcrint.
2564 4586 2621 4642 ld
2662 4588 2806 4659 quod
2850 4589 3011 4645 etiam
3040 4589 3283 4646 videmus
3313 4591 3367 4647 in
3416 4592 3518 4647 hac
3553 4591 3684 4644 inter-

417 4684 608 4740 habitu
654 4680 888 4751 pastoris
932 4693 1061 4735 oves
1120 4677 1448 4747 mulgentem
1474 4716 1490 4741 ,
1535 4684 1644 4730 etc.
1678 4676 1869 4729 Annon
1901 4673 2017 4731 haec
2043 4689 2096 4751 ι)
2125 4681 2381 4750 pretanda
2446 4680 2730 4753 Perpetua:
2796 4684 3127 4740 revelatione
3191 4684 3503 4756 contigisse.
3567 4674 3685 4749 Quod

419 4776 603 4831 omnia
655 4773 807 4843 signa
838 4779 995 4826 erant
1043 4776 1310 4826 secutura:
1356 4767 1507 4823 necis
1538 4765 2018 4823 manifestissima?

420 4868 529 4925 Cur
554 4883 684 4938 ergo
714 4866 982 4930 volumus,
1014 4879 1079 4919 ex
1108 4862 1223 4918 sola
1247 4861 1590 4932 porrectione
1616 4861 1870 4917 buccellae
1891 4876 2021 4916 san-

423 4972 543 5019 ctos
572 4969 839 5033 martyres
892 4956 1224 5013 intellexisse
1260 4955 1363 5010 sibi
1412 4964 1644 5010 mortem
1695 4955 2023 5011 imminere?

423 5054 705 5127 Subjungit
760 5050 998 5124 quidem,
1042 5060 1100 5104 ut
1142 5048 1400 5104 Possinus
1449 5048 1724 5114 observat,
1758 5058 1881 5119 post
1934 5047 2022 5101 illa

422 5151 609 5214 verba,
643 5167 662 5201 ι
701 5156 755 5203 et
783 5146 852 5202 de
872 5158 1055 5210 caseo,
1079 5142 1223 5214 quod
1249 5141 1541 5213 mulgebat,
1578 5150 1710 5206 etc.,
1748 5161 1769 5195 ι
1799 5139 2025 5211 subjun-

424 5246 522 5318 git,
553 5245 794 5314 inquam,
825 5239 1084 5309 Perpetua
1119 5254 1131 5289 :
1172 5255 1192 5290 ι
1218 5237 1285 5293 Et
1307 5236 1468 5292 retuli
1486 5237 1670 5292 statim
1695 5234 1847 5290 fratri
1878 5247 2023 5310 meo,

429 5350 479 5395 et
515 5335 877 5394 intelleximus
908 5332 1211 5404 passionem
1239 5346 1361 5387 esse
1407 5329 1664 5386 futuram.
1699 5346 1718 5380 ι
1746 5331 1814 5382 At
1836 5342 2028 5397 quem-

436 5429 728 5489 admodum
759 5441 865 5482 non
907 5424 959 5480 id
991 5434 1193 5480 tantum
1243 5424 1428 5479 retulit
1468 5421 1620 5477 fratri
1668 5419 1809 5490 quod
1838 5419 2029 5475 ultimo

431 5526 555 5582 loco
583 5523 810 5588 viderat,
848 5520 1042 5592 porrigi
1073 5533 1266 5590 nempe
1287 5517 1394 5572 sibi
1424 5513 1721 5570 huccellam
1748 5513 1922 5580 lactis,
1954 5514 2028 5569 ita

432 5633 538 5674 non
568 5631 634 5673 ex
660 5614 762 5671 hoc
811 5614 965 5686 signo
995 5622 1201 5670 tantum
1235 5608 1614 5665 intellexerunt
1657 5623 1676 5659 ι
1723 5605 2026 5678 passionem

432 5727 553 5769 esse
577 5710 827 5768 futuram.
860 5726 881 5763 ι

508 5915 588 5989 (1)
631 5914 783 5986 Apud
804 5910 1050 5967 Ruinart.
1076 5907 1129 5965 in
1156 5905 1295 5963 Actis
1320 5908 1499 5963 sincer.
1533 5907 1561 5979 ς
1590 5908 1678 5965 15.

2124 4774 2267 4828 enim
2299 4773 2459 4828 modo
2492 4774 2812 4848 Basnagium
2835 4776 3079 4844 offendit,
3110 4778 3240 4833 olim
3272 4774 3545 4849 Augustini
3572 4788 3689 4828 mcu-

2128 4875 2234 4920 tem
2263 4866 2491 4929 mirifice
2518 4866 2824 4923 delectabat
2854 4867 2932 4942 (l)
2967 4885 2981 4922 :
3023 4887 3041 4921 ι
3078 4868 3336 4935 Delectat,
3363 4869 3549 4941 inquit,
3578 4865 3684 4935 piam

2128 4970 2362 5013 mentem
2397 4960 2503 5016 tale
2552 4961 2917 5032 spectaculum
2958 4964 3226 5027 contueri,
3250 4962 3411 5031 quale
3435 4962 3530 5018 sibi
3566 4960 3686 5013 beata

2127 5049 2391 5122 Perpetua
2433 5052 2503 5107 de
2539 5067 2599 5108 se
2639 5054 2751 5124 ipsa
2803 5054 3097 5109 revelatum
3124 5068 3243 5109 esse
3271 5055 3525 5118 narravit,
3550 5051 3685 5104 virum

2128 5159 2190 5200 se
2211 5144 2403 5200 factam
2431 5153 2669 5202 certasse
2698 5161 2817 5201 cum
2848 5146 3082 5202 diabolo.
3105 5145 3201 5201 lllo
3222 5148 3419 5217 quippe
3437 5140 3686 5202 certamine

2129 5241 2184 5295 in
2212 5241 2386 5296 virum
2415 5240 2709 5311 perfectum
2729 5239 2890 5296 etiam
2916 5240 3030 5310 ipsa
3054 5238 3324 5303 currebat.
3350 5239 3402 5294 in
3425 5242 3686 5294 mensuram

2132 5336 2311 5390 :rtatis
2340 5335 2689 5406 plenitudinis
2713 5333 2937 5390 Christi.
2970 5351 2991 5387 ι
3037 5332 3108 5388 Ει
3133 5332 3185 5387 in
3232 5332 3340 5387 alio
3374 5342 3607 5388 sermone
3637 5319 3686 5376 ad

2134 5428 2383 5486 eamdem
2431 5428 2709 5499 Perpetua:
2744 5427 3008 5483 visionem
3045 5425 3309 5488 alludens,
3344 5424 3532 5479 similia
3563 5428 3685 5486 repe-

2135 5522 2200 5576 tit
2240 5519 2345 5590 (2).
2383 5540 2402 5572 ί
2437 5519 2575 5588 Quid
2608 5519 2749 5574 enim
2781 5519 3067 5590 gloriosius
3095 5518 3177 5572 his
3203 5515 3441 5582 feminis,
3477 5525 3596 5586 quas
3612 5501 3683 5558 viri

2138 5614 2402 5670 mirantur
2442 5611 2649 5667 facilius
2717 5628 2876 5683 quam
2927 5610 3253 5667 imitantur?
3292 5608 3397 5665 Sed
3439 5607 3538 5662 hoc
3578 5598 3685 5656 illius

2138 5705 2478 5779 potissimum
2524 5705 2639 5760 laus
2674 5712 2776 5770 est,
2814 5704 2866 5759 in
2895 5720 3053 5775 quem
3082 5704 3380 5768 credentes,
3415 5710 3467 5758 et
3489 5700 3537 5756 in
3570 5691 3683 5762 Cujus

2242 5827 2293 5893 1)
2324 5824 2500 5881 Serm.
2530 5825 2657 5891 9.8-1,
2688 5825 2762 5882 al.
2792 5824 2859 5880 de
2885 5824 3136 5893 diversis,
3163 5825 3286 5881 101.

2242 5828 2262 5880 1
2324 5824 2500 5881 Serm.
2530 5825 2657 5891 9.8-1,
2688 5825 2762 5882 al.
2792 5824 2859 5880 de
2885 5824 3136 5893 diversis,
3163 5825 3266 5881 101

2214 5824 2299 5970 ξεξ
2317 5897 2494 5989 Serm.
2520 5895 2652 5966 280,
2672 5894 2745 5952 al.
2774 5896 2847 5952 de
2864 5895 3114 5962 diversis,
3144 5896 3269 5952 405.
