3818 6278
78 249 175 306 129

933 251 1074 311 PRO
1101 253 1198 312 SS.
1240 250 1631 318 PERPETUA,
1673 248 2082 311 FELICITATE
2119 251 2214 312 ET
2245 254 2484 316 SOCIIS.

3267 265 3371 324 I50

80 363 281 420 nomine
319 361 462 420 fideli
499 364 690 422 studio
732 377 1141 436 concurrentes,
1190 369 1485 425 secundum
1536 369 1676 424 inte-
1700 366 1752 426 A
1778 367 2070 426 mandante
2121 370 2325 442 Spiritu
2348 377 2535 426 sancto
2581 378 2848 441 suscepta,
2877 370 2945 426 ab
2985 371 3266 452 impiorum
3295 376 3374 431 ir-

83 458 268 513 riorcm
292 457 566 514 hominem
595 473 699 514 nec
719 461 991 516 masculus
1020 476 1118 517 nec
1146 461 1342 517 femina
1390 463 1673 518 inveniun-

83 558 189 617 tur,
217 561 272 606 ut
297 552 454 606 etiam
487 552 539 606 in
564 551 649 606 his
675 567 798 622 quae
822 563 951 608 sunt
988 554 1202 609 femina:
1228 569 1478 625 corpore,
1502 555 1672 610 virtus

85 648 280 701 mentis
302 662 480 702 sexum
503 647 675 702 carnis
701 647 1022 715 abscondat,
1050 658 1104 704 et
1133 649 1185 703 in
1218 650 1475 706 membris
1500 650 1676 721 pigeat

94 739 336 808 cogitare,
366 737 502 808 quod
535 738 588 792 in
617 737 776 794 factis
807 753 916 794 non
947 740 1116 810 potuit
1138 755 1418 822 apparere.
1470 761 1490 794 ι

163 832 268 888 Cur
290 847 407 887 vero
435 831 702 904 Basnagio
747 831 1087 904 displicuerit
1120 834 1359 888 victoria:
1393 832 1671 904 przemium

103 942 241 983 ramo
262 927 407 982 viridi
433 926 586 982 malis
615 927 798 982 aureis
822 937 1016 982 ornato
1040 927 1334 998 designari,
1362 926 1491 982 satis
1519 927 1673 997 equi-

106 1019 216 1074 dem
241 1020 499 1090 percipere
543 1035 653 1074 non
709 1035 953 1090 possum.
1000 1021 1193 1075 Annon
1241 1019 1384 1074 enim
1437 1019 1675 1075 Joannes

99 1115 397 1184 evangelista
422 1113 472 1166 in
508 1123 808 1184 martyrum
842 1111 1092 1168 manibus
1117 1113 1325 1184 palmas
1353 1113 1524 1168 vidit?
1561 1133 1580 1165 ‹
1609 1112 1678 1169 Et

91 1207 306 1276 palmas,
348 1207 559 1277 inquit,
591 1207 646 1261 in
707 1208 956 1262 manibus
1005 1223 1214 1264 eorum.
1249 1228 1269 1262 ι
1312 1207 1370 1265 Si
1421 1209 1676 1266 victorias

81 1309 360 1369 martyrum
389 1298 442 1352 in
470 1298 665 1368 palmis
693 1297 1030 1354 adnmbravit
1062 1299 1294 1372 Spiritus
1317 1311 1554 1368 sanctus,
1579 1317 1678 1358 cur

75 1405 248 1445 ramus
275 1390 462 1446 viridis
483 1391 727 1462 ejusdem
757 1391 994 1448 victoriae
1023 1403 1177 1466 typus
1207 1410 1326 1450 esse
1354 1411 1457 1450 non
1485 1398 1680 1465 potuit?

146 1482 257 1538 Non
287 1494 405 1539 erat
429 1483 592 1540 etiam
642 1499 740 1540 cur
793 1485 1072 1554 Perpetua
1115 1487 1256 1542 lucta
1300 1503 1422 1543 cum
1463 1487 1680 1546 diabolo

98 1575 214 1631 adeo
239 1576 537 1648 Basnagius
582 1575 971 1646 offenderetur,
1002 1588 1060 1633 ut
1103 1579 1196 1650 qui
1244 1579 1432 1635 Jacobi
1478 1581 1678 1637 lnctam

104 1687 211 1726 cum
257 1672 448 1742 angelo
492 1672 682 1742 saepius
713 1670 926 1742 legerit.
959 1675 1153 1728 Annon
1195 1675 1371 1742 enim,
1401 1675 1448 1730 si
1472 1691 1579 1733 non
1609 1674 1680 1732 ad

1776 461 2070 521 risionibus
2120 475 2378 530 tueretur,
2412 465 2644 522 similem
2696 474 2753 522 et
2778 482 2876 521 nos
2897 480 3110 536 semper
3137 479 3192 524 et
3217 470 3374 526 facile

1775 557 2202 626 cxcogitabimus
2241 559 2307 614 ad
2336 558 2618 630 Perpetua:
2646 560 2909 615 visionem
2954 561 3024 616 ab
3045 561 3208 630 ipsius
3239 563 3375 618 Bas-

1776 648 1918 716 nagii
1977 651 2410 707 cavillationibus
2463 650 2833 706 vindicandam
2869 670 2882 707 :
2911 652 3014 707 nisi
3047 655 3181 710 forte
3211 656 3379 726 majo-

1683 790 1704 806 ,
1777 756 1890 796 rem
1942 742 1996 796 in
2053 742 2378 800 dormientis
2456 745 2702 815 quamvis
2756 744 3088 815 propheticis
3130 749 3376 816 somniis,

1777 847 1936 904 quam
1967 833 2020 887 in
2055 835 2386 906 vigilantium
2417 835 2746 906 pr0pheticis
2783 838 2911 892 item
2955 838 3255 894 actionibus
3279 839 3378 895 de-

1777 928 2010 981 centiam
2035 929 2463 999 gravitatemque
2490 929 2749 999 requirat.

1849 1016 2186 1088 Quamquam
2208 1028 2264 1074 et
2294 1017 2426 1073 illud
2451 1020 2672 1075 minime
2702 1021 3238 1091 praetermittendum,
3274 1025 3377 1079 im-

1779 1110 2075 1182 prudenter
2097 1121 2280 1181 petere
2295 1111 2637 1183 Basnagium,
2663 1123 2719 1166 ut
2740 1115 2862 1168 huic
2875 1113 3156 1183 Perpetua:
3181 1115 3375 1171 visioni

1779 1202 1938 1256 aliam
1966 1203 2189 1258 omnino
2228 1203 2462 1260 similem
2496 1204 2552 1259 in
2579 1205 2752 1261 sacris
2798 1206 2951 1262 libris
2999 1208 3374 1264 exhibeamus.

1781 1293 1894 1349 Hoc
1949 1297 2090 1351 enim
2142 1308 2458 1368 argumento
2499 1314 2690 1355 omnes
2716 1298 2890 1356 ferme
2930 1301 2982 1356 in
3012 1302 3376 1372 suspicionem

1781 1387 2052 1444 adducere
2084 1391 2280 1460 poterit
2305 1402 2616 1448 sanctorum
2647 1394 2880 1450 visiones
2908 1409 3028 1465 quae
3061 1397 3114 1449 in
3143 1396 3382 1453 historiis

1781 1481 2161 1537 ecclesiasticis
2215 1481 2541 1539 referuntur.
2571 1485 2686 1541 Non
2734 1485 2929 1542 multas
2966 1487 3109 1542 enim
3148 1489 3384 1558 reperiet

1785 1576 2070 1631 recensitis
2119 1577 2170 1630 in
2227 1579 2398 1634 sacris
2435 1579 2584 1634 libris
2612 1580 2836 1636 omnino
2883 1581 3109 1637 similes.
3134 1583 3382 1638 Oblatam

1785 1677 1972 1722 sancto
1992 1667 2265 1740 Cypriane
2295 1670 2459 1724 futuri
2493 1671 2736 1744 martyrii
2764 1673 3148 1730 revelationem
3179 1676 3232 1731 in
3264 1677 3382 1748 ejus

111 1764 351 1835 mygﬁus
382 1762 538 1834 huius
565 1764 678 1820 [δοιῇ
728 1765 966 1822 rationes
993 1767 1352 1833 attendamus,
1386 1770 1556 1840 mung
1585 1770 1678 1826 ab.
1707 1769 1755 1829 Β
1785 1758 1904 1813 Vili]
1945 1759 2168 1815 Pontius
2197 1761 2457 1817 diaconus
2486 1764 2672 1831 refert,
2705 1764 2793 1819 CIII
2829 1765 3028 1820 nullam
3057 1769 3281 1823 omnino
3309 1769 3385 1824 εἰ·

112 1859 322 1914 surdum
349 1858 508 1914 videri
549 1858 758 1930 poterit.
794 1859 1066 1916 hominem
1101 1877 1206 1916 non
1237 1862 1553 1927 insomniis,
1583 1863 1678 1919 sed

103 1950 412 2022 vigilantem,
439 1960 595 2006 totam
644 1961 862 2008 noctem
908 1953 1099 2009 luctari
1138 1970 1261 2010 cum
1294 1955 1436 2011 bono
1465 1956 1674 2027 angelo,

97 2059 246 2115 quam
269 2057 500 2101 sanctam
543 2047 800 2102 feminam
833 2047 1022 2104 luctari
1056 2049 1108 2104 in
1153 2050 1380 2106 somniis
1410 2066 1530 2106 cum
1560 2051 1677 2106 dia-

90 2139 245 2196 bolo?
269 2141 419 2207 Quod
468 2143 512 2196 si
544 2157 653 2198 non
678 2143 953 2214 indignum
988 2143 1086 2198 fuit
1113 2143 1316 2214 Spiritu
1346 2154 1556 2214 sancto,
1597 2147 1682 2203 lu-

95 2243 172 2288 cta
214 2233 387 2290 Jacobi
437 2249 560 2289 cum
599 2235 793 2305 angelo
843 2237 1128 2308 mySIicum
1158 2237 1282 2308 quid
1311 2237 1632 2295 adumbrare
1659 2281 1674 2306 ,

101 2344 185 2382 cur
201 2330 386 2398 qua-rit
414 2327 709 2400 Basnagius
739 2345 806 2385 an
847 2330 1006 2401 digna
1051 2331 1209 2386 fuerit
1257 2331 1459 2402 Spiritu
1494 2343 1683 2390 sancto

104 2421 258 2476 oblata
291 2422 564 2490 Perpetua;
588 2423 746 2489 visio,
777 2439 881 2495 qua
936 2424 1036 2479 sibi
1089 2425 1372 2481 videbatur
1419 2428 1682 2482 adversus

107 2513 353 2568 diabolum
403 2514 730 2570 decertare?
780 2515 889 2571 Cur
931 2516 1091 2572 etiam
1119 2519 1314 2588 quaerit
1374 2534 1440 2572 an
1487 2520 1682 2576 similia

111 2619 341 2675 umquam
367 2607 644 2678 prophetis
694 2607 925 2677 Spiritus
955 2609 1094 2664 idem
1134 2624 1352 2666 sanctus
1383 2611 1636 2668 obtulerit
1661 2613 1685 2666 ?

120 2695 303 2752 Obtulit
327 2700 474 2763 enim,
505 2694 567 2755 ut
607 2700 860 2756 vidimus.
884 2701 1021 2770 Quid
1077 2704 1218 2758 enim
1279 2704 1530 2770 interest,
1558 2705 1685 2759 dor-

115 2791 314 2846 miendo
338 2807 397 2845 an
439 2791 708 2863 vigilando
732 2792 966 2849 Jacobus
992 2804 1045 2849 et
1065 2796 1328 2864 Perpetua
1360 2797 1539 2852 luctati
1573 2798 1684 2854 fue-

111 2883 248 2948 rint,
270 2884 358 2939 ille
380 2900 484 2939 cum
511 2886 727 2958 angelo,
763 2887 848 2942 illa
897 2903 1016 2943 cum
1075 2888 1291 2947 diabolo
1319 2892 1341 2943 ‘?
1371 2891 1570 2947 Ramus
1601 2893 1681 2947 vi-

107 2975 255 3030 ridis
297 2986 518 3047 lanquam
555 2979 801 3036 victoria:
846 2982 1076 3051 pretium
1127 2983 1405 3053 Perpetua:
1453 2987 1682 3057 oblatus,

102 3069 284 3125 simile
309 3071 422 3140 quid
448 3071 604 3127 etiam
639 3072 820 3136 habet,
851 3083 907 3129 ut
936 3073 1164 3130 vidimus
1226 3076 1277 3130 in
1310 3079 1585 3134 canonicis
1633 3089 1687 3136 et

1782 1850 1966 1904 milem
2016 1851 2299 1921 prophetis
2343 1852 2537 1907 obtulit
2567 1869 2820 1925 umquam
2869 1857 3100 1925 Spiritus
3138 1867 3380 1914 sanctus.

1782 1939 1932 1997 Hanc
1980 1943 2142 2014 igitur
2184 1944 2239 1998 in
2287 1945 2590 2014 exemplqu
2645 1946 2954 2003 adducam:
2991 1966 3010 1999 ‹
3050 1948 3130 2004 Eo
3166 1951 3252 2006 die
3275 1965 3384 2022 quo

1783 2035 2015 2105 primum
2045 2041 2096 2090 in
2125 2037 2272 2091 exilii
2298 2038 2419 2094 loco
2440 2039 2737 2094 mansimus
2763 2038 2909 2111 (nam
2926 2051 2981 2096 et
3005 2057 3091 2098 me
3120 2043 3261 2098 inter
3281 2045 3382 2098 do-

1783 2130 2038 2184 mesticos
2089 2131 2316 2185 comites
2359 2132 2598 2202 dignatio
2643 2131 2922 2189 charitatis
2949 2133 3067 2206 ejus
3107 2136 3386 2208 delegerat

1783 2222 1999 2276 exulem
2047 2222 2445 2291 voluntarium,
2495 2223 2639 2295 quod
2689 2227 2894 2282 utinam
2938 2237 2994 2283 et
3046 2228 3100 2284 in
3131 2231 3386 2300 passione

1786 2312 2029 2369 licuisset
2059 2315 2073 2368 Σ
2109 2316 2153 2384 ),
2190 2317 2437 2388 apparuit
2493 2317 2622 2372 mihi
2647 2359 2662 2384 ,
2715 2321 2904 2390 inquit,
2937 2323 3173 2378 nondum
3208 2326 3384 2383 somni

1784 2404 1964 2475 quiete
1994 2406 2205 2476 scpito,
2258 2408 2472 2479 juvenis
2519 2410 2658 2466 ultra
2708 2413 2925 2468 modum
2972 2417 3257 2470 enormis:
3291 2419 3384 2488 qui

1785 2516 1907 2556 cum
1953 2518 2040 2558 me
2079 2506 2233 2575 quasi
2263 2505 2330 2560 ad
2355 2507 2665 2575 praetorium
2713 2506 2956 2573 duceret,
2994 2510 3213 2565 videbar
3250 2513 3384 2568 mihi

1789 2598 2042 2655 tribunali
2090 2601 2328 2657 sedentis
2375 2611 2483 2656 tum
2535 2605 2871 2672 proconsulis
2918 2605 3216 2663 admoveri.
3247 2609 3296 2664 Is
3328 2618 3388 2666 ut

1789 2695 1840 2747 in
1870 2708 1960 2748 me
2001 2696 2255 2765 respexit,
2291 2705 2552 2750 annotare
2581 2696 2762 2751 statim
2789 2698 2950 2767 C(Bpit
2979 2699 3030 2752 in
3062 2701 3239 2756 tabula
3261 2718 3386 2758 sen-

1789 2787 2010 2840 tentiam
2053 2801 2211 2856 quam
2245 2801 2352 2842 non
2397 2788 2655 2843 sciebam.
2687 2787 2831 2843 Nihil
2858 2791 3000 2844 enim
3023 2790 3090 2846 de
3111 2807 3199 2847 me
3227 2795 3387 2852 solita

1789 2879 2207 2950 interrogatione
2260 2880 2566 2951 quaesierat.
2621 2880 2727 2936 Sed
2781 2883 2924 2937 enim
2973 2883 3207 2953 juvenis,
3235 2887 3326 2957 qui
3357 2903 3386 2941 a

1792 2979 1939 3042 tergo
1967 2972 2087 3044 ejus
2115 2973 2316 3041 stabat,
2352 2973 2642 3030 admodum
2686 2976 2933 3032 curiosus
2974 2977 3097 3049 legit
3127 2980 3388 3052 quidquid

1790 3067 1968 3124 fuerat
2015 3081 2349 3127 annotatnm.
2389 3071 2456 3126 Et
2483 3073 2606 3143 quia
2635 3072 2760 3128 inde
2792 3075 2969 3130 verbis
2991 3079 3233 3146 proferre
3279 3095 3389 3136 non

90 3164 570 3236 genuinisSpiritus
585 3167 756 3222 sancti
785 3167 1219 3236 revelationibus,
1243 3171 1443 3240 palmas
1465 3174 1688 3240 scilicet,

1849 3172 2029 3230 iterat,
2063 3174 2194 3218 nutu
2248 3163 2553 3221 declarante
2605 3169 2942 3234 monstravit,
2967 3169 3091 3238 quid
3119 3169 3170 3224 in
3195 3172 3392 3228 litteris

84 3269 228 3325 quas
257 3256 306 3310 in
336 3259 578 3313 manibus
613 3271 913 3332 martyrum
941 3259 1178 3317 Joannes
1209 3263 1360 3318 vidit.
1392 3264 1564 3321 Sexus
1591 3265 1682 3320 de-

84 3349 250 3420 nique
274 3353 497 3407 mutatio
531 3352 664 3406 nihil
691 3353 832 3408 aliud
875 3353 1117 3420 denotat,
1149 3364 1206 3410 ut
1237 3358 1563 3428 Augustinus
1589 3359 1686 3415 ob-

83 3453 284 3508 servat,
312 3461 470 3514 quam
503 3444 649 3516 quod
693 3447 983 3516 Apostolus
1035 3449 1246 3521 scripsit
1281 3467 1294 3502 ε
1331 3469 1350 3503 t
1382 3449 1437 3505 In
1471 3452 1685 3509 Christo

84 3537 231 3607 Jesu,
261 3558 439 3612 neque
458 3544 758 3599 masculum
786 3560 908 3601 esse
937 3561 1110 3618 neque
1152 3545 1402 3602 feminam
1425 3564 1439 3614 ;
1463 3567 1482 3599 ι
1503 3555 1557 3602 et
1577 3563 1687 3602 non

91 3634 252 3688 solum
283 3636 580 3701 masculos,
603 3635 697 3692 sed
728 3637 887 3693 etiam
922 3637 1149 3693 feminas
1199 3638 1430 3694 evadere
1458 3655 1554 3710 per
1581 3640 1686 3694 vir-

97 3725 211 3778 tutis
249 3728 726 3794 exercitationem,
757 3747 776 3780 (
822 3728 1118 3784 secundum
1175 3729 1483 3785 interiorem
1513 3731 1687 3786 homi-

103 3832 208 3872 nem
239 3821 288 3876 in
309 3821 484 3876 virum
520 3820 840 3891 perfectum,
870 3823 922 3877 in
965 3837 1270 3878 mensuram
1314 3825 1486 3880 aetatis
1517 3823 1692 3894 pleni-

105 3909 278 3969 tudinis
302 3913 533 3969 Christi.
581 3915 664 3968 An
694 3929 822 3985 ergo
849 3915 1120 3986 indignum
1152 3915 1248 3970 fuit
1273 3914 1476 3986 Spiritu
1504 3928 1690 3973 sancto

109 4007 303 4072 mystica
332 4006 546 4061 visione
573 4007 873 4077 significare
901 4007 1042 4079 quod
1086 4007 1326 4079 mysticis
1348 4009 1524 4065 verbis
1549 4009 1690 4064 Pau-

119 4094 183 4151 lus
222 4094 570 4171 expresserat
594 4100 617 4154 ἲ
643 4099 748 4155 Sed
791 4116 968 4156 annon
1019 4102 1158 4158 idem
1201 4101 1431 4172 Spiritus
1472 4112 1693 4160 sanctus

122 4190 231 4254 quod
261 4207 351 4260 per
389 4190 587 4246 Isaiam
617 4191 686 4246 de
714 4193 952 4262 gentium
985 4195 1339 4250 conversione
1384 4196 1485 4250 sub
1512 4195 1694 4252 diver-

123 4279 180 4333 sis
223 4285 484 4341 variorum
543 4286 856 4340 animalium
911 4287 1098 4358 ﬁguris
1131 4330 1145 4354 ,
1201 4278 1694 4361 metaphoricisqtie

131 4374 294 4430 verbis
337 4379 682 4447 praedixerat,
737 4380 1078 4450 postmodum
1131 4381 1516 4450 Apostolorum
1545 4383 1692 4453 prin-

136 4465 248 4539 cipi,
267 4469 424 4524 linteo
444 4475 534 4543 ipsi
562 4475 615 4530 in
643 4475 852 4529 visione
876 4473 1115 4530 exhibito
1157 4476 1332 4532 omnis
1359 4477 1574 4548 generis
1595 4477 1694 4532 im-

1790 3253 1983 3309 tabula:
2029 3255 2170 3310 illius
2202 3256 2510 3314 haberetur.
2545 3258 2702 3315 Manu
2730 3262 2874 3317 enim
2905 3279 3140 3333 expansa
3161 3277 3214 3321 et
3235 3281 3389 3322 com-

1789 3347 1998 3418 planata
2031 3348 2098 3404 ad
2142 3362 2310 3420 spata)
2359 3352 2601 3418 modum,
2634 3356 2795 3411 ictum
2827 3358 2999 3414 solita:
3044 3361 3390 3419 animadver-

1789 3440 1956 3496 sionis
1986 3442 2244 3510 imitatus,
2281 3445 2423 3514 quod
2471 3446 2692 3502 volebat
2745 3449 2992 3522 intelligi,
3027 3452 3095 3508 ad
3125 3455 3293 3510 instar
3322 3455 3389 3510 li-

1789 3533 1938 3604 quidi
1987 3536 2255 3590 sermonis
2299 3539 2586 3607 expressit.
2621 3537 2872 3596 Intellexi
2901 3546 3229 3600 sententiam
3269 3562 3395 3617 pas-

1790 3629 1959 3682 sionis
2004 3625 2264 3684 futuram.
2315 3630 2532 3702 Rogare
2564 3635 2704 3704 ctepi
2734 3645 2790 3690 et
2823 3649 3004 3706 petere
3034 3639 3311 3709 continuo,
3338 3651 3396 3698 ut

1791 3719 1978 3775 dilatio
2022 3722 2154 3777 mihi
2183 3722 2278 3802 vel
2309 3725 2468 3778 unius
2514 3724 2620 3781 diei
2669 3736 3071 3798 prorOgaretur,
3103 3731 3275 3787 donec
3304 3747 3394 3788 res

1794 3831 1941 3872 meas
1970 3816 2203 3888 legitima
2217 3818 2553 3875 ordinatione
2579 3819 2944 3890 disponerem.
2968 3821 3036 3877 Et
3060 3838 3183 3879 cum
3208 3839 3396 3894 preces

1794 3908 2107 3980 frequenter
2155 3912 2463 3973 iterassem.
2498 3927 2684 3969 rursus
2735 3914 2788 3969 in
2828 3915 3008 3971 tabula
3032 3927 3271 3987 coeperat
3298 3933 3397 3975 ne-

1794 4002 1907 4057 scio
1933 4003 2062 4063 quid
2111 4016 2393 4061 annotare.
2427 4006 2586 4062 Sensi
2644 4015 2824 4063 tamen
2855 4007 2924 4064 de
2955 4009 3134 4064 vultus
3184 4011 3395 4068 sereni-

1797 4103 1903 4148 tate
1919 4092 2118 4164 judicis
2137 4107 2375 4152 mentem
2404 4100 2556 4168 quasi
2583 4097 2727 4168 justa
2759 4101 3016 4169 petitione
3046 4112 3394 4159 commotam.

1794 4184 1898 4241 Sed
1930 4195 1986 4241 et
2013 4187 2104 4242 ille
2129 4188 2363 4258 juvenis,
2393 4189 2485 4259 qui
2510 4190 2825 4261 jamdudum
2853 4192 2920 4247 de
2962 4193 3228 4262 passionis
3254 4195 3396 4251 indi-

1796 4281 1900 4344 cio,
1933 4289 2086 4350 gestu
2115 4281 2310 4350 potius,
2340 4298 2501 4352 quam
2559 4297 2809 4339 sermone
2859 4285 3168 4355 prodiderat
3196 4304 3210 4354 ;
3240 4287 3396 4345 clan-

1796 4372 2009 4429 destino
2037 4372 2329 4428 identidem
2353 4385 2487 4429 nutu
2516 4389 2828 4432 concessam
2858 4377 3170 4435 dilationem
3203 4398 3322 4452 qum
3342 4382 3398 4440 in

1801 4467 2098 4522 crastinum
2144 4467 2446 4538 petebatur,
2475 4469 2735 4525 contortis
2784 4480 2907 4542 post
2962 4471 3190 4529 invicem
3218 4474 3398 4546 digitis

120 4563 325 4620 mundis
367 4567 675 4625 animalibus
702 4569 902 4625 referto
929 4569 1300 4640 significavit?
1339 4572 1532 4626 Annon
1586 4587 1689 4627 sae-
1720 4565 1774 4626 D
1800 4559 2104 4630 signiﬁcare
2133 4560 2461 4630 properavit
2493 4580 2513 4614 ι
2541 4560 2678 4617 Huic
2699 4564 2923 4621 omnino
2943 4565 3175 4622 similem
3202 4567 3399 4626 frustra

110 4651 219 4719 pius
247 4657 387 4713 idem
414 4662 632 4732 spiritus
673 4671 892 4718 sanctus
913 4704 927 4728 ,
961 4663 1100 4732 quod
1135 4677 1233 4733 per
1263 4663 1551 4733 prophetas
1579 4679 1700 4720 ver-

105 4740 180 4802 bis
217 4753 506 4823 aliquando
537 4755 807 4824 praedixit,
833 4756 974 4810 idem
1005 4764 1059 4810 et
1101 4755 1428 4827 propheticis
1466 4758 1695 4812 actioni-

93 4833 192 4898 bus
221 4845 590 4913 adumbravit,
621 4863 746 4917 quas
773 4847 949 4917 primo
987 4856 1206 4918 aspectu
1239 4864 1343 4903 non
1375 4849 1510 4932 satis
1530 4847 1699 4904 videri

78 4941 320 4996 Possunt
346 4953 472 4993 cum
501 4938 750 4994 decentia
778 4938 941 4994 fuisse
976 4939 1348 5010 gravitateque
1376 4939 1701 5010 conjuncta?

77 5015 136 5073 [τί
187 5046 311 5084 cum
340 5030 512 5087 Isaias
543 5029 716 5086 nudus
733 5030 951 5101 jubetur
985 5031 1282 5096 ambulare,
1320 5030 1571 5088 Ezechiel
1603 5048 1697 5104 pa-

66 5126 215 5176 nem
266 5123 581 5186 comedere,
639 5132 731 5178 aut
775 5134 1022 5193 apertum
1049 5142 1069 5176 ‹
1105 5133 1344 5180 stercore
1374 5123 1516 5194 quod
1541 5139 1698 5196 egre-

64 5207 152 5264 dil
169 5232 239 5269 ur
267 5216 338 5270 de
368 5215 610 5280 homine,
645 5236 663 5269 ι
698 5225 789 5270 aut
837 5219 890 5270 in
920 5217 1078 5272 boum
1107 5215 1236 5272 fimo
1269 5214 1571 5272 confectum
1598 5234 1614 5284 ;
1647 5227 1701 5273 et

62 5298 142 5356 Us
157 5322 240 5362 ce
265 5323 484 5363 sumere
521 5308 622 5363 sibi
667 5324 892 5363 uxorem
946 5308 1310 5377 fornicariam,
1353 5318 1408 5364 et
1439 5308 1576 5363 filios
1599 5309 1702 5366 sibi

67 5392 280 5455 facere
327 5399 762 5456 fornicationum.
795 5399 933 5470 Quid
981 5399 1336 5470 responderet
1381 5400 1698 5471 Basnagins,

73 5490 116 5542 si
167 5493 375 5548 atheus
408 5494 600 5564 aliquis
649 5494 822 5562 ipsum
867 5493 1263 5564 interrogaret:
1300 5492 1550 5549 ":‘IECCIIIO
1580 5502 1705 5548 sunt

72 5581 318 5652 Spiritu
369 5597 554 5644 sancto
596 5585 805 5658 digna?
845 5585 1083 5642 haeccine
1127 5587 1221 5642 tibi
1275 5587 1525 5642 videntur
1573 5569 1743 5642 satis.

76 5691 240 5734 cum)
267 5685 525 5752 gravitate
545 5681 896 5753 decentiaque
920 5681 1206 5752 conjuncta
1230 5682 1254 5735 ?
1299 5682 1708 5752 Quamcumque

59 5765 274 5835 ίεῑιιιι·
299 5779 563 5835 rationem
588 5775 914 5849 excogitaret
938 5783 996 5832 ut
1037 5775 1350 5848 prephelica
1401 5775 1518 5834 haec
1557 5783 1707 5847 gesta

1799 4652 2038 4721 requiret
2058 4651 2349 4722 Basnagius
2375 4652 2515 4709 inter
2534 4653 2877 4726 pr0pheticas
2901 4672 3022 4713 cum
3042 4663 3257 4727 veteris,
3284 4670 3399 4719 tum

1799 4741 1934 4797 Novi
1969 4743 2300 4799 'l‘estamenti
2329 4746 2708 4802 revelationes.
2731 4746 3023 4819 Scriptura:
3054 4750 3174 4807 loca
3203 4751 3400 4822 quibus

1803 4849 1924 4890 cum
1979 4834 2094 4889 base
2122 4835 2378 4907 Cypriani
2432 4839 2569 4894 visio
2597 4841 2829 4912 aliquam
2860 4843 3071 4898 videtur
3098 4842 3296 4901 habere
3322 4847 3398 4902 si-

1805 4926 2166 4983 militudinem
2199 4930 2402 4985 notavit
2445 4929 2708 4998 Pontius;
2739 4932 2833 4988 sed
2863 4948 2972 4989 non
3027 4920 3164 4991 adeo
3216 4937 3402 4996 al‘ﬁnia

1806 5029 1932 5074 sunt
1979 5029 2036 5073 ut
2077 5035 2200 5090 quae
2247 5024 2494 5091 superius
2541 5025 2914 5081 annotavimus
2941 5041 3063 5082 cum
3108 5042 3170 5082 ea
3201 5029 3267 5084 de
3295 5045 3401 5100 qua

1805 5127 1948 5168 nunc
1981 5116 2208 5184 agimus,
2233 5113 2518 5186 Perpetua:
2542 5119 2903 5188 revelatione;
2931 5121 3009 5178 sic
3035 5123 3180 5178 enim
3205 5123 3400 5182 habet:

1812 5223 1832 5258 ι
1869 5205 2006 5274 Quid
2051 5208 2151 5263 hac
2187 5209 2526 5266 revelatione
2577 5210 2967 5269 manifestius?
3017 5217 3143 5287 quid
3192 5217 3293 5273 hac
3323 5217 3405 5274 di-

1806 5301 2064 5370 gnatione
2106 5300 2317 5359 felicius
2346 5301 2370 5355 ?
2396 5305 2537 5360 Ante
2592 5303 2670 5359 illi
2726 5307 2982 5375 praedicta
3038 5317 3163 5364 sunt
3200 5310 3402 5379 omnia,

1807 5409 2158 5466 quaecumque
2181 5396 2520 5467 postmodum
2548 5396 2839 5456 subsecuta
2867 5409 3011 5457 sunt.
3041 5401 3185 5458 Nihil
3216 5406 3282 5459 de
3308 5405 3405 5462 Dei

1807 5489 1985 5544 verbis
2040 5489 2404 5555 imminutum,
2436 5489 2570 5544 nihil
2599 5490 2669 5548 de
2701 5505 2808 5548 tam
2839 5507 3024 5550 sancta
3048 5496 3406 5565 promissione

1807 5585 2135 5641 mutilatum.
2169 5583 2391 5655 Singula
2424 5584 2658 5658 denique
2682 5587 2977 5644 secundum
3016 5591 3160 5660 quod
3188 5606 3405 5649 ostensa

1809 5689 1954 5744 sunt,
1982 5677 2371 5749 recognoscite.
2398 5677 2722 5737 Dilationem
2753 5683 2887 5752 petit
2914 5683 3156 5753 crastini,
3183 5700 3305 5741 cum
3333 5687 3406 5743 de

1811 5771 2078 5846 passionis
2103 5771 2366 5830 sententia
2393 5773 2742 5846 cogitaretur,
2765 5775 3044 5848 postulans
3065 5785 3126 5836 ut
3169 5794 3258 5840 res
3277 5791 3405 5844 sua!
