3816 6276
426 307 521 379 tat
1565 306 2020 370 Dissen'rA'r-to
2060 285 2536 361 APULOGETlCA
3603 291 3686 350 132

428 439 516 492 die
561 435 656 491 illo
685 450 841 506 quem
875 433 1256 504 impetraverat
1293 428 1586 486 ordinaret.
1618 430 1713 483 l-lic
1741 427 1855 482 dics
1885 439 2022 480 unus
2052 435 2097 493 Α
2128 419 2477 475 militudines.
2519 411 2832 471 Audiendus
2889 409 3048 482 igitur
3103 407 3264 478 longe
3319 421 3430 478 prae
3454 405 3688 480 Basnagio

431 529 768 600 significabat
787 539 984 579 annum
1016 539 1122 593 quo
1155 524 1244 577 ille
1288 533 1407 592 post
1437 525 1694 577 visionem
1728 528 1940 574 acturus
1972 519 2023 572 in
2128 511 2467 570 commodior
2519 510 2738 578 lmjusce
2786 505 3010 561 visionis
3037 519 3098 559 ac
3127 503 3407 574 benignior
3459 502 3688 570 interpres

435 594 632 675 sat-culo
657 618 846 670 fuerat.
875 615 1005 669 Nam
1033 625 1089 668 ut
1120 614 1450 668 manifestius
1475 614 1668 676 dicam,
1702 628 1768 666 eo
1796 611 1884 666 die
1908 617 2027 681 post
2131 605 2458 676 Augustinus
2489 601 2571 674 (l)
2605 619 2618 654 :
2655 621 2674 652 ι
2711 601 2905 655 Sancta
2946 597 3210 668 Perpetua
3251 597 3365 649 visa
3418 594 3515 648 sibi
3541 607 3612 648 est
3648 595 3688 650 in

431 725 677 768 exactum
706 725 904 763 annum
949 719 1238 763 coronatus
1264 717 1374 769 est.
1400 723 1507 777 quo
1531 706 1632 759 hoc
1683 705 1755 762 illi
1781 715 1904 758 ante
1932 719 2026 756 an-
2135 700 2343 755 somnis
2370 713 2490 752 cum
2519 695 2751 767 quodam
2783 691 3035 764 Egypth
3067 690 3118 744 in
3151 689 3322 744 virum
3365 702 3607 743 conversa
3630 689 3690 742 lu-

433 823 556 862 num
589 807 760 859 fuerat
802 814 1100 858 ostensum.
1133 803 1279 856 Diem
1309 814 1486 855 autem
1523 801 1756 865 Durnini,
1787 799 1885 853 etsi
1921 813 2025 850 non
2105 797 2285 849 -t.-tari.
2335 792 2467 862 Quis
2515 801 2693 846 autem
2726 789 2954 853 dubitet,
2983 786 3036 841 in
3085 786 3173 841 illa
3214 783 3557 840 similitudine
3600 800 3692 839 cor-

431 916 628 955 annum
664 899 719 952 in
750 898 946 952 divinis
977 899 1168 953 litteris
1201 899 1446 968 legimus,
1475 893 1819 966 promissioni
1847 904 2026 945 tamen
2135 889 2281 959 poris
2324 888 2556 942 animam
2583 885 2698 956 ejus
2727 883 2916 948 fuisse,
2949 896 3053 938 non
3088 879 3331 952 corpus?
3369 877 3517 948 Quod
3546 881 3691 949 utique

436 996 733 1046 futurorum
781 993 1018 1047 debitum
1067 991 1225 1047 illud'
1256 999 1465 1058 tempus
1511 988 1823 1057 incipimus.
1876 983 2030 1040 Unde
2137 984 2187 1037 in
2219 998 2317 1037 suo
2349 981 2580 1035 femineo
2627 995 2757 1034 sexu
2791 991 3036 1038 manens,
3095 975 3283 1043 sepitis
3327 973 3567 1027 sensibus
3603 988 3692 1026 ma-

436 1085 565 1138 nihil
602 1085 826 1140 interest
853 1086 896 1139 si
920 1099 1061 1138 nunc
1085 1084 1184 1138 sub
1205 1084 1307 1138 diei
1335 1081 1727 1151 significatione
1757 1078 1906 1132 solus
1935 1091 2032 1130 an-
2138 1075 2301 1130 nebat
2330 1075 2382 1128 in
2414 1072 2618 1140 stratis,
2644 1070 2857 1140 quando
2885 1069 3062 1123 anima
3089 1067 3207 1140 ejus
3235 1067 3288 1121 in
3313 1064 3400 1120 illa
3428 1065 3585 1120 virilis
3604 1082 3693 1120 cur-

436 1192 538 1230 nus
560 1188 808 1231 ostensus
835 1185 950 1242 est,
982 1177 1103 1247 quia
1155 1175 1278 1229 illud
1309 1175 1515 1244 plenius
1558 1173 1716 1227 debet
1741 1186 1860 1226 csse
1890 1167 2033 1240 quod
2141 1167 2283 1238 poris
2310 1165 2663 1222 similitudine
2688 1164 3011 1219 luctabatur.
3050 1181 3068 1213 ›

438 1269 608 1339 majus
642 1278 743 1325 est.
767 1269 924 1336 Quod
973 1283 1103 1323 vero
1145 1279 1275 1322 nutu
1334 1268 1527 1336 potius,
1556 1276 1609 1320 et
1639 1281 1742 1319 non
1785 1276 2034 1317 sermone
2211 1261 2276 1316 ν.
2305 1259 2633 1330 Temperare
2664 1257 2752 1313 hic
2792 1256 2922 1312 mihi
2952 1271 3058 1311 non
3087 1269 3330 1328 possunt,
3362 1253 3482 1324 quin
3512 1269 3569 1308 ea
3595 1268 3697 1322 quo-

437 1365 777 1433 cxpluuatum
811 1373 913 1429 est,
946 1362 1405 1432 repraesentationi
1437 1361 1695 1430 temporis
1723 1359 2035 1413 servabatur
2141 1369 2244 1424 que
2290 1353 2529 1408 breviter
2568 1352 2831 1417 refellant,
2873 1366 2992 1421 qua:
3037 1350 3102 1404 ad
3135 1349 3404 1404 celebrem
3435 1347 3563 1402 illam
3595 1345 3697 1400 Per-

437 1458 708 1510 sermonis
737 1457 1034 1526 expressio.
1053 1456 1196 1511 Solet
1218 1456 1358 1509 enim
1390 1463 1516 1508 tunc
1540 1449 2032 1520 verbisqnodcnm-
2142 1457 2317 1517 petitae
2341 1446 2408 1502 de
2458 1446 2622 1502 fratre
2670 1460 2769 1501 suo
2812 1445 3097 1500 Dinocrate
3127 1443 3512 1499 rcvelationem
3540 1439 3700 1495 BaSua-

439 1565 545 1615 que
569 1550 815 1618 proferri,
855 1549 1102 1618 quotiens
1131 1546 1387 1617 quidquid
1421 1545 1704 1614 profertur,
1756 1543 2033 1612 impletur.
2142 1541 2260 1611 gius
2276 1547 2512 1594 annotat.
2551 1540 2880 1608 Quamquam
2909 1538 3053 1592 enim
3082 1537 3148 1590 ad
3181 1532 3590 1605 impugnaudam
3617 1547 3707 1585 sau-

439 1639 573 1694 Nam
603 1650 658 1695 et
690 1656 815 1695 vere
853 1655 1010 1694 nemo
1051 1641 1298 1710 cognovit
1340 1653 1506 1707 quare
1551 1636 1652 1688 hoc
1681 1637 1727 1689 ei
1759 1646 2034 1690 ostensum
2145 1640 2354 1686 ctortnn
2422 1643 2717 1702 martyrum
2763 1629 3138 1684 ortltodoxiam
3204 1635 3576 1698 argumentum
3615 1623 3710 1678 inde

443 1734 652 1798 fuisset,
688 1733 789 1788 nisi
818 1733 940 1802 quia
973 1739 1093 1801 post
1118 1733 1307 1786 eodem
1339 1731 1448 1794 die,
1478 1747 1583 1798 quo
1611 1729 1664 1783 id
1693 1727 1917 1791 viderat,
1947 1743 2040 1782 eo-
2145 1743 2252 1784 non
2281 1728 2456 1796 capiat
2484 1743 2498 1793 ;
2525 1742 2590 1781 ex
2640 1725 2753 1796 ejus
2797 1733 2976 1780 tamen
3025 1721 3498 1780 observationibus
3549 1719 3705 1773 illibata

443 1836 664 1880 renatus
715 1835 822 1903 est.
856 1824 1030 1880 Medio
1059 1824 1406 1878 nihilominus
1455 1833 1697 1892 tempore
1755 1802 2118 1873 imminensB
2148 1819 2464 1888 sinceraque
2527 1818 2824 1891 Martyrum
2867 1817 2997 1873 fides
3051 1817 3349 1872 admodum
3403 1813 3705 1886 periclitatur.

453 1920 630 1988 passio
661 1934 756 1987 pro
784 1927 934 1972 certo
973 1918 1041 1971 ab
1065 1917 1312 1970 omnibus
1336 1904 1639 1968 sciebatur:
1667 1913 1930 1983 passionis
1962 1921 2043 1965 ta-
2150 1913 2243 1966 list
2273 1923 2452 1967 autem
2504 1912 2772 1980 ejusmodi
2804 1913 2938 1967 visio
2969 1925 2983 1965 :
3021 1931 3038 1963 ι
3070 1911 3236 1965 Video
3286 1909 3616 1963 Diuocralctn
3641 1921 3708 1959 ex-

445 2028 567 2066 men
599 2011 716 2065 dies
741 2021 922 2065 certus
952 2010 1020 2063 ab
1051 2009 1237 2063 iisdem
1293 2007 1542 2062 omnibus
1569 2007 1718 2076 quasi
1752 2005 2045 2073 lgnoranti-
2148 2013 2362 2058 euntem
2395 2005 2464 2058 de
2498 2005 2614 2058 loco
2671 2005 2976 2067 tenebroso,
3009 2005 3094 2058 ubi
3137 2014 3188 2056 cl.
3235 2000 3541 2072 complures
3570 2003 3708 2060 erant,

447 2103 545 2159 bus
575 2104 873 2157 tacebatur.
909 2102 1052 2156 Sane
1073 2110 1126 2155 et
1156 2101 1206 2154 lu
1235 2100 1526 2169 Scripturis
1549 2098 1651 2152 tale
1668 2099 1868 2168 aliquid
1898 2099 2042 2152 inve-
2149 2109 2464 2154 aestuantem
2493 2107 2547 2153 et
2573 2099 2842 2152 sitientem
2873 2087 3049 2165 valde,
3073 2094 3290 2150 sordido
3321 2094 3472 2147 vultu
3495 2101 3541 2146 et
3561 2090 3710 2145 colore

447 2198 556 2252 nio.
592 2195 727 2252 Nam
779 2195 1066 2250 Zacharias
1091 2194 1367 2260 sacerdos,
1398 2195 1662 2263 promisso
1684 2193 1783 2246 sibi
1826 2207 1921 2263 per
1950 2209 2045 2247 au-
2151 2192 2368 2263 pallido,
2403 2203 2457 2246 et
2497 2191 2690 2246 vulnus
2722 2193 2771 2245 in
2803 2190 2937 2245 facie
2970 2191 3107 2260 ejus,
3141 2187 3279 2258 quod
3300 2202 3424 2243 cum
3454 2192 3711 2242 moreretur

445 2287 624 2357 gelum
652 2285 781 2352 filio,
815 2286 938 2356 quia
972 2301 1074 2339 non
1122 2285 1468 2351 crediderant,
1501 2285 1808 2351 obmutuit;
1863 2286 1932 2340 ita
1988 2296 2046 2342 ιιι
2151 2289 2561 2344 lialmit.....Pro
2591 2290 2692 2344 hoc
2723 2302 2852 2359 ergo
2878 2290 3176 2344 orationem
3209 2285 3446 2343 feceram
3480 2305 3492 2342 :
3520 2294 3570 2340 et
3605 2284 3709 2337 inter

450 2379 540 2434 lilii
590 2395 782 2434 nomen
830 2382 1126 2448 scripturus
1158 2379 1338 2448 potius
1383 2395 1542 2448 quam
1579 2379 1867 2444 relaturus,
1897 2389 2044 2435 metu
2151 2398 2236 2437 me
2263 2392 2316 2438 et
2345 2382 2490 2436 illum
2520 2382 2722 2451 grande
2781 2389 2898 2436 crat
2929 2381 3172 2436 diadema
3210 2379 3315 2451 (vel
3364 2375 3635 2445 diastema)
3660 2375 3710 2429 ita

448 2473 656 2528 tabulas
709 2473 1025 2542 postularet.
1079 2471 1268 2527 Merito
1311 2482 1364 2527 et
1407 2471 1512 2538 hic,
1545 2473 1632 2527 ubi
1678 2473 1772 2528 Dei
1828 2476 2046 2531 nuntius
2152 2489 2207 2531 ut
2259 2487 2483 2547 uterque
2511 2477 2575 2530 ad
2606 2475 2834 2530 invicem
2869 2475 3124 2530 accedere
3149 2491 3252 2528 non
3292 2490 3587 2544 possemus.
3611 2469 3711 2524 Erat

450 2569 755 2639 passionem
779 2567 1034 2621 antistitis
1060 2567 1429 2621 imminentem
1478 2575 1607 2620 nutu
1632 2567 1807 2635 potius
1829 2581 2046 2637 expres-
2149 2567 2343 2624 deinde
2392 2568 2442 2621 in
2509 2569 2623 2638 ipso
2679 2567 2798 2621 loco
2846 2567 2930 2622 ubi
2982 2567 3298 2620 Dinocrates
3357 2575 3507 2630 erat,
3545 2560 3710 2634 piscina

448 2659 553 2724 sit,
591 2668 640 2714 et
701 2657 859 2713 fidem
917 2657 1232 2723 admonuit,
1262 2668 1316 2712 et
1367 2657 1702 2712 sacerdotem
1733 2658 1955 2714 munivit

2211 2680 2308 2718 cna
2362 2679 2520 2734 aqua,
2553 2663 2798 2718 altiorem
2859 2663 3150 2731 marginem
3205 2659 3412 2715 habens
3445 2674 3598 2730 quam
3627 2660 3715 2709 erat

451 2749 576 2805 llaec
626 2750 814 2806 habuit
841 2752 1068 2806 omnino
1101 2751 1342 2819 Pontius,
1375 2761 1432 2807 ut
1476 2751 1812 2823 Cypriauicte
1839 2756 2047 2809 revela-
2152 2767 2350 2812 statura
2384 2760 2531 2826 pueri
2555 2800 2569 2823 ,
2601 2766 2654 2812 et
2699 2756 3023 2813 extendebat
3049 2772 3107 2812 se
3137 2755 3452 2811 Dinocrates
3482 2751 3620 2825 quasi
3650 2750 3718 2804 bi-

451 2843 611 2902 tionis
639 2843 797 2898 fidem
825 2853 1066 2900 tueretur
1101 2853 1154 2899 et
1185 2845 1532 2914 dignitatem;
1567 2845 1760 2915 quibus
1789 2863 1891 2900 non
1917 2846 2045 2900 mihi
2151 2849 2376 2908 bitnrus.
2401 2851 2513 2921 Ego
2533 2851 2802 2916 dolebam,
2831 2849 2970 2920 quod
3003 2858 3057 2906 et
3088 2850 3286 2918 piscina
3315 2847 3402 2903 illa
3436 2840 3721 2918 aqaamha-

453 2939 641 2993 videor
669 2954 765 3007 pro
795 2938 1075 3007 Perpetua:
1101 2937 1436 2992 revelatione
1479 2938 1654 2991 minus
1685 2948 2045 2993 consentanea
2152 2944 2330 3008 bebat,
2364 2953 2418 2998 et
2447 2954 2625 2999 tamen
2651 2956 2868 3014 propter
2902 2943 3236 2998 altitudinetn
3267 2943 3524 3013 marginis
3550 2937 3719 2993 bibitu-

451 3028 792 3099 pt‘oduxisse.
825 3029 933 3082 Aut
979 3042 1111 3097 ergo
1164 3035 1445 3098 utramque
1493 3027 1690 3098 pariter
1721 3029 2042 3100 repudiabit.
2154 3053 2243 3092 rus
2271 3052 2375 3091 non
2409 3045 2571 3090 eSSet..
2599 3037 2664 3090 Et
2692 3047 3006 3105 experrecta
3035 3051 3175 3099 sum,
3196 3044 3248 3086 et
3276 3033 3505 3101 cognovi
3537 3031 3720 3085 fratrem

455 3130 511 3176 ut
553 3120 754 3191 Spiritu
787 3130 974 3176 sancto
1009 3121 1231 3176 minime
1269 3122 1481 3192 dignam
1512 3139 1525 3188 ;
1555 3134 1642 3177 aut
1666 3134 1813 3180 certe
1843 3135 2046 3179 utram-
2153 3144 2329 3184 meum
2361 3127 2625 3181 laborare.
2654 3124 2759 3181 Sed
2798 3123 3135 3179 conlidebam
3188 3120 3523 3192 profuturam
3555 3119 3721 3174 oratiu-

453 3232 556 3286 qne
589 3215 831 3286 recipiet,
862 3227 917 3270 et
946 3215 1193 3270 eumdem
1226 3215 1481 3285 Spiritum
1499 3232 1773 3274 auctorem
1795 3217 2046 3272 habuisse
2073 3197 2116 3259 C
2154 3235 2276 3273 nem
2330 3232 2504 3272 meam
2551 3216 2721 3271 labori
2753 3215 2890 3285 ejus,
2943 3226 2994 3269 et
3024 3215 3242 3269 orabam
3268 3228 3365 3286 pro
3394 3228 3460 3267 eo
3504 3211 3722 3266 omnibus

456 3311 728 3366 fatebitur.
783 3311 1058 3378 Praecipue
1105 3310 1229 3380 quia
1267 3310 1410 3382 quod
1454 3311 1522 3366 de
1546 3310 1797 3384 Cypriani
1843 3312 2051 3366 revela-
2152 3312 2340 3367 diebus
2368 3326 2650 3383 quousque
2699 3310 3050 3365 transivimus
3099 3309 3458 3364 incarcerem
3506 3318 3722 3362 castreu‘

457 3402 600 3457 tione
656 3403 883 3460 sollicite
928 3402 1166 3457 ostendit
1188 3403 1428 3469 Pontius,
1463 3405 1603 3460 idem
1647 3415 1700 3460 et
1751 3419 1850 3459 nos
1877 3404 2051 3472 capite
2154 3419 2290 3461 sem.
2323 3404 2543 3460 Munere
2583 3405 2726 3460 enim
2776 3403 3040 3459 castrensi
3069 3417 3284 3458 eramus
3313 3403 3617 3471 pugnaturi,
3645 3398 3722 3453 Na-

459 3499 704 3566 sequenti
763 3495 831 3552 de
879 3496 1163 3566 Perpetua:
1194 3499 1616 3554 revelatiouibus
1657 3497 2052 3552 demonstrabi-
2157 3498 2264 3553 tale
2306 3507 2430 3551 tunc
2458 3495 2608 3552 Geta:
2657 3495 2925 3561 Caesaris;
2958 3502 3013 3550 et
3060 3493 3160 3549 feci
3193 3510 3292 3565 pro
3342 3491 3431 3545 illo
3458 3493 3718 3546 orationem

457 3602 612 3653 mus;
640 3602 734 3644 eas
753 3588 1008 3644 nimirum
1039 3588 1204 3646 fuisse
1234 3591 1394 3647 rebus
1422 3591 1554 3662 ipsis
1585 3601 1639 3646 ct
1665 3592 1862 3645 secutis
1889 3605 2052 3645 even-
2157 3591 2243 3648 die
2271 3601 2318 3648 et
2351 3599 2507 3646 nocte
2528 3604 2749 3662 gemens
2770 3602 2824 3644 et
2843 3589 3174 3662 lacrymans,
3207 3597 3262 3642 ut
3289 3586 3418 3642 mihi
3442 3585 3718 3641 donaretur.

459 3680 596 3736 tibus
623 3695 742 3736 com
749 3680 912 3750 proba
921 3689 1020 3737 tas.

2215 3687 2255 3740 ie
2282 3695 2491 3750 autem,
2523 3699 2629 3754 quo
2679 3683 2730 3738 in
2775 3697 2941 3737 nervo
2989 3681 3314 3746 mansimus,
3366 3690 3632 3736 ostensum
3661 3681 3722 3730 est

531 3773 620 3830 IV.
654 3773 807 3840 Quod
839 3775 1001 3830 etiam
1050 3775 1198 3831 addit
1245 3777 1539 3848 Basnagitts
1568 3794 1578 3829 :
1609 3775 1842 3832 Montani
1900 3776 2058 3832 redo-
2161 3777 2289 3832 mihi
2320 3777 2442 3832 hoc.
2471 3776 2641 3831 Video
2687 3775 2864 3830 locum
2893 3775 3065 3840 illum,
3091 3790 3250 3844 quem
3310 3772 3550 3827 videram
3599 3781 3722 3825 tene-

459 3866 571 3923 lere
600 3865 866 3924 officinam
895 3867 1172 3938 Perpetua:
1202 3870 1430 3932 somnia,
1459 3881 1512 3923 et
1541 3869 1768 3925 exstasis
1798 3871 1912 3938 ejus
1937 3883 2058 3925 esse
2163 3868 2405 3935 brosutn,
2441 3883 2563 3924 esse
2617 3867 2851 3923 lucidum
2881 3884 2894 3931 ;
2926 3879 2980 3922 et
3035 3866 3376 3921 Diuoeratem
3411 3863 3600 3920 mundo
3624 3875 3723 3916 cor-

461 3962 733 4018 simillima
780 4003 796 4029 ,
855 3979 956 4034 qua
1015 3963 1375 4018 Tertullianus
1418 3963 1607 4033 probat
1656 3964 1888 4018 animam
1939 3978 2058 4019 esse
2166 3977 2315 4030 pore,
2370 3961 2505 4015 bene
2565 3959 2857 4027 vestitum,
2886 3959 3316 4032 reirigerantem,
3347 3967 3450 4014 etc.
3481 3955 3617 4012 Tunc
3655 3953 3725 4006 iu-

467 4072 488 4108 r
527 4055 670 4111 aerei
730 4055 962 4120 coloris,
1021 4064 1075 4110 et
1119 4054 1306 4109 forma:
1363 4069 1456 4124 per
1499 4055 1678 4111 omnia
1731 4053 1999 4122 humanm,
2035 4076 2054 4109 ι
2166 4056 2345 4112 tellexi
2379 4057 2695 4110 translatum
2729 4070 2850 4110 eum
2881 4069 3000 4110 esse
3025 4054 3092 4110 de
3121 4068 3296 4123 poena.

463 4165 614 4220 teque
638 4150 835 4220 poterit
855 4148 1107 4206 omnibus
1131 4148 1428 4202 visiOnibus
1449 4147 1844 4203 accommodari
1866 4149 1916 4202 in
1939 4148 2060 4219 qui-
2236 4151 2326 4206 Vl,
2353 4149 2490 4205 Male
2523 4150 2682 4205 habet
2721 4149 2807 4203 hic
2839 4150 2988 4204 locus
3036 4157 3414 4216 protestantes,
3448 4155 3504 4202 ut
3532 4158 3627 4216 quo
3645 4139 3724 4194 Ec~

463 4243 562 4299 bus
587 4254 678 4300 aut
699 4243 900 4310 anima,
933 4252 1026 4296 aut
1063 4241 1307 4314 angelus,
1331 4243 1411 4297 vel
1441 4242 1556 4313 ipse
1589 4241 1728 4297 Deus
1755 4241 1853 4294 sub
1883 4255 2062 4296 rerum
2165 4243 2345 4299 clcsim
2395 4258 2632 4299 romane
2688 4241 2820 4297 fides
2869 4242 2934 4296 de
2967 4238 3292 4312 purgatorio,
3321 4248 3378 4295 et
3431 4237 3496 4294 de
3523 4237 3723 4293 vivorum

465 4337 825 4406 corporalium
855 4335 1037 4406 figuris
1089 4345 1570 4403 repraesentantur.
1601 4337 1681 4389 An
1720 4350 1910 4404 reapse
1939 4335 2064 4388 Per-
2167 4337 2415 4407 precibus
2467 4351 2560 4405 pro
2590 4335 2854 4390 del‘unCtis
2886 4334 3233 4386 invictissime
3264 4331 3540 4398 astruitur,
3596 4324 3723 4380 adeo-

468 4437 624 4497 petua
655 4427 886 4483 credidit
921 4427 974 4481 in
1005 4425 1239 4481 lmmano
1261 4427 1452 4496 spiritu
1472 4442 1633 4481 sexus
1658 4425 2064 4481 diversitatem?
2169 4447 2272 4500 que
2325 4445 2428 4483 non
2478 4431 2695 4493 mirum,
2727 4429 2770 4481 si
2801 4427 2918 4494 ejus
2948 4429 3320 4481 attetoritatcm
3350 4423 3722 4495 Basnagiusnu-

469 4523 550 4576 An
603 4536 756 4582 suam
792 4521 1026 4576 animum
1072 4521 1128 4574 in
1157 4521 1366 4576 vit-ileon
1403 4535 1589 4575 wxum
1629 4519 1857 4574 credidit
1903 4519 2065 4573 fuisse
2168 4525 2249 4594 gis
2286 4524 2527 4594 pluribus
2573 4531 2625 4575 ct
2670 4519 3101 4573 cavillationibus
3127 4528 3351 4574 cimatus
3382 4529 3467 4574 est
3506 4516 3720 4571 elevare:
3768 4561 3769 4578 χ

470 4614 768 4669 mutatam?
793 4615 876 4668 An
905 4628 1063 4681 quam
1093 4613 1222 4667 vidit
1250 4612 1486 4684 Egyptii
1511 4612 1759 4674 formant,
1793 4613 2061 4682 propriam
2087 4601 2140 4660 1)
2177 4636 2195 4668 ι
2236 4617 2309 4671 De
2337 4632 2437 4686 qua
2491 4614 2696 4667 visione
2723 4655 2736 4675 ,
2770 4611 2940 4682 inquit
2969 4610 3047 4684 (Ξ)
3088 4610 3387 4667 audiendus
3414 4623 3497 4665 est
3525 4599 3724 4676 Augusti-

471 4703 734 4760 damnouis
757 4699 962 4772 putavit
991 4720 1114 4760 esse
1160 4704 1425 4773 figuram?
1451 4707 1532 4757 An
1573 4703 1848 4758 (ibt-istum
1882 4720 2069 4760 verum
2175 4725 2273 4763 nus
2302 4705 2380 4778 (5)
2411 4724 2423 4759 :
2468 4723 2486 4758 ‹
2528 4704 2603 4758 De
2643 4703 2807 4758 fratre
2838 4715 3012 4758 autem
3047 4714 3245 4757 sancta)
3295 4701 3571 4776 Perpetua:
3601 4693 3724 4752 Diac-

471 4810 593 4851 esse
623 4794 893 4864 lanistam,
923 4808 978 4852 et
1003 4797 1238 4865 Angelos
1273 4810 1396 4849 esse
1443 4795 1670 4851 decores
1701 4796 2071 4853 adolescentes
2183 4818 2201 4852 ι
2239 4809 2417 4860 crate,
2449 4811 2547 4850 nec
2575 4795 2835 4863 scriptura
2873 4796 2983 4865 ipsa
3023 4797 3279 4852 canonica
3309 4805 3424 4862 est,
3458 4811 3550 4851 nec
3578 4789 3650 4846 illa
3672 4784 3726 4838 sic

474 4887 833 4946 existimavit?
861 4907 928 4946 an
952 4890 1288 4959 sejudicavit
1321 4889 1426 4943 isse
1458 4905 1643 4945 revera
1670 4907 1790 4947 curn
1819 4893 1985 4963 gloria
2005 4893 2072 4948 ad
2185 4910 2204 4944 ι
2244 4890 2478 4959 scripsit,
2510 4888 2591 4943 vel
2623 4889 2945 4959 quicumque
2976 4889 3103 4945 illud
3127 4890 3362 4961 scripsit,
3384 4900 3439 4944 ut
3463 4889 3600 4944 illum
3627 4893 3725 4952 puc-

476 4990 683 5051 portam
709 4983 1144 5039 Sanavivariam:
1166 4982 1613 5050 quemadnmdnm
1634 4985 1816 5039 inSana
1842 4985 1928 5038 illa
1953 4983 2078 5039 Ter-
2186 5005 2203 5036 I
2248 4998 2362 5037 rum
2381 4982 2764 5054 quisepteunis
2783 4994 3024 5038 mortuus
3048 4983 3374 5050 lucrat,sine
3395 4982 3642 5054 baptismo
3665 4970 3726 5024 ἀί·

476 5074 680 5130 tulliaui
711 5073 1052 5138 muliercula,
1088 5073 1322 5128 animam
1341 5091 1467 5130 vere
1494 5089 1616 5132 esse
1646 5077 1874 5131 credidit
1917 5085 1966 5129 ct
1997 5077 2074 5128 af-
2188 5095 2206 5128 ι
2245 5086 2389 5131 ceret
2421 5077 2584 5130 fuisse
2617 5076 2928 5132 defunctum
2981 5095 2994 5130 :
3050 5091 3146 5148 pro
3197 5093 3302 5147 quo
3341 5075 3429 5130 illa
3464 5070 3727 5130 imminente

476 5167 708 5221 lirmavit
738 5166 912 5222 «aerei
933 5165 1133 5221 coloris
1153 5177 1206 5221 et
1223 5166 1409 5223 formae
1433 5183 1530 5240 per
1546 5171 1721 5224 nuntia
1743 5168 2026 5222 humana}?
2047 5184 2066 5219 ι
2183 5187 2200 5220 ι
2236 5170 2514 5240 martyrio,
2541 5169 2775 5225 creditur
2804 5170 3075 5238 exaudita,
3098 5181 3192 5224 uta
3210 5169 3380 5242 pmnis
3400 5166 3727 5224 transferretur

476 5258 616 5328 Quid
657 5273 786 5330 ergo
831 5273 1117 5314 commune
1169 5259 1329 5317 habet
1367 5261 1644 5334 Perpetua.
1673 5261 1805 5315 visio
1826 5275 1944 5313 cum
1977 5259 2074 5314 de-
2183 5279 2202 5313 ι
2237 5261 2302 5316 ad
2332 5265 2592 5334 requiem.
2625 5262 2757 5317 Nam
2791 5263 2931 5319 illius
2961 5265 3134 5318 inlatis
3166 5265 3336 5336 pueri,
3372 5276 3427 5318 et
3455 5253 3666 5319 mentiri,
3691 5253 3727 5301 ei

478 5351 591 5407 lirte
651 5350 874 5421 hujusce
929 5352 1140 5408 leminaa
1183 5354 1491 5419 insomniis,
1545 5363 1601 5407 ut
1652 5352 1839 5405 lteram
1879 5350 1968 5404 illa
2000 5349 2077 5404 εἰ·
2185 5375 2203 5410 ι
2241 5373 2428 5412 verum
2456 5358 2618 5428 loqui,
2652 5368 2704 5412 et
2731 5359 2993 5424 confiteri,
3027 5371 3077 5414 et
3102 5374 3296 5430 negare
3316 5339 3726 5429 jam‘possuntﬁi

481 5445 699 5501 utillima
728 5462 851 5503 esse
876 5446 1122 5503 dicatur?
1147 5447 1282 5504 Cum
1305 5461 1411 5503 tam
1440 5447 1560 5502 sine
1588 5459 1748 5498 causa
1800 5444 2075 5499 existime—
2185 5469 2203 5503 ι
2243 5449 2361 5505 ideo
2383 5466 2502 5504 cum
2535 5451 2891 5520 baptizantur,
2912 5451 3018 5522 jam
3047 5462 3097 5505 et
3122 5450 3424 5522 symbolum
3450 5444 3669 5502 reddunt,
3690 5437 3726 5484 οι

483 5545 589 5604 tur,
635 5539 931 5596 credidisse
960 5541 1281 5612 Perpetuam
1310 5554 1431 5594 esse
1477 5551 1663 5593 revera
1697 5539 1746 5590 in
1777 5537 1949 5591 anima
1981 5553 2079 5592 no—
2187 5561 2206 5597 ι
2243 5545 2342 5615 ipsi
2373 5558 2468 5613 pro
2486 5559 2544 5599 sc
2561 5545 2626 5599 ad
2651 5546 2971 5616 interrogata
2993 5545 3336 5616 respondent.
3361 5542 3486 5612 Quis
3504 5538 3641 5610 igitur
3657 5523 3725 5584 scil

484 5641 594 5689 atra
637 5650 794 5689 serus
821 5635 1208 5702 diversitatem,
1255 5649 1418 5704 quam
1467 5633 1585 5688 sine
1609 5647 1769 5688 causa
1809 5633 2078 5704 judicare—
2261 5675 2338 5744 (ι)
2369 5677 2466 5734 Lib
2514 5695 2562 5732 Iv
2593 5679 2656 5730 de
2686 5678 2810 5744 Orig
2860 5679 3056 5734 Anium
3107 5692 3205 5744 cui)
3256 5678 3323 5734 18

637 5678 794 5758 ῖς
822 5678 1208 5742 “””ἶ“’““””’“”
1257 5678 1418 5760 7:“
1467 5678 1585 5688 """
1611 5678 1776 5740 “".'“.
1809 5678 2052 5756 "‘f'f“
2261 5678 2338 5750 (ι)
2369 5678 2486 5734 Lib.
2514 5695 2562 5732 ιν
2593 5679 2656 5730 de
2686 5678 2831 5749 Orig.
2860 5679 3076 5742 Antium,
3107 5692 3225 5747 cap.
3256 5678 3344 5734 t8.

491 5821 496 5822 γ
608 5739 925 5790 .atstimasse
951 5731 1096 5786 illam
1146 5741 1364 5788 cratim,
1389 5743 1508 5798 quae
1539 5741 1645 5782 tntn
1675 5729 1826 5793 Vidit,
1853 5743 1940 5784 res
1963 5743 2082 5785 esse
2259 5745 2338 5822 (ηε)
2372 5753 2522 5803 Amm
2542 5751 2667 5812 9.03,
2693 5765 2837 5804 unm.
2870 5765 2958 5808 ml.

485 5821 651 5904 ipsas.
681 5840 788 5882 non
834 5833 1014 5880 enim
1043 5837 1222 5880 rerum
1247 5831 1301 5878 et
1334 5820 1635 5879 futurorum
1677 5832 1962 5881 eventuum
2007 5824 2085 5882 si-
2871 5794 2978 5894 éjiis
3003 5819 3218 5896 origine,
3248 5834 3366 5895 cap.
3395 5818 3479 5878 10.
