3818 6278
124 358 236 435 lsé

1026 354 1164 431 imo
1199 372 1293 431 ss.
1338 356 1728 441 eclipsim,
1762 354 2168 431 [animus
2208 362 2295 432 er
2340 366 2573 434 secus.

3343 370 3444 435 134

127 510 148 546 ι
185 500 374 547 utrum
407 504 545 563 puer
569 489 661 545 ille
699 496 821 558 post
842 486 1165 558 baptismum
1189 488 1578 558 persecutionis
1609 500 1745 544 tem-
1770 488 1822 547 Α
1850 485 1904 539 iu
1948 488 2258 543 memoriam
2279 505 2530 545 revocare
2551 489 2831 555 doctrinm,
2856 504 3010 563 quam
3034 490 3227 561 saepius
3251 489 3447 562 legisse

133 606 153 638 ι
200 601 339 658 pore
365 603 398 642 a
417 597 570 656 patre
597 584 759 655 impio
790 598 886 655 per
906 581 1262 639 idololatriam
1295 580 1459 639 fuerit
1482 584 1743 639 alienatus

138 698 159 731 ι
202 698 233 737 a
248 680 493 745 Christo,
517 689 729 750 propter
746 675 889 744 quod
914 676 964 730 in
979 675 1373 731 damnationem
1395 676 1738 746 mortisierit,

146 793 168 826 ι
206 773 451 831 necinde
471 772 569 827 nisi
597 787 691 841 pro
717 768 933 825 Christo
960 770 1233 825 moritura:
1261 769 1466 825 sororis
1491 770 1740 841 precibus

151 886 171 919 ‹
205 861 672 923 donatusexierit?
712 882 733 915 ι
776 855 1233 932 Baptismumnon
1274 863 1526 929 adeptum
1575 863 1741 917 fuisse

146 960 497 1023 Dinocratem,
526 957 615 1028 qui
649 956 928 1025 septennis
947 954 1054 1009 fato
1082 958 1292 1010 iunctus
1313 964 1450 1023 erat,
1481 971 1545 1010 eo
1574 956 1741 1025 liquet

150 1053 291 1124 quod
319 1063 372 1109 et
402 1066 549 1106 soror
572 1049 692 1120 ejus
713 1049 827 1121 jam
855 1061 1036 1118 Impia,
1055 1048 1167 1119 jam
1214 1065 1386 1104 annos
1413 1049 1549 1107 duos
1577 1060 1628 1105 et
1654 1048 1737 1102 vi-

148 1147 276 1218 ginti
303 1155 436 1212 nata,
471 1155 649 1199 tamen
694 1149 815 1198 erat
866 1142 1005 1196 inter
1034 1141 1469 1206 catechumenos,
1503 1153 1556 1198 et
1586 1153 1738 1213 pater

148 1254 176 1294 a
200 1239 448 1308 religione
480 1236 778 1293 christiana
820 1235 955 1291 foret
1004 1236 1233 1290 aiienus.
1265 1234 1383 1304 Quo
1410 1251 1535 1292 casu
1562 1238 1734 1306 preci-

141 1330 234 1385 bus
254 1329 540 1400 Perpetua:
573 1327 888 1383 Dinocrates
922 1326 1136 1383 liberari
1172 1343 1277 1382 non
1307 1329 1498 1398 potuit.
1536 1329 1736 1386 Deinde

133 1439 192 1481 ex
229 1422 335 1480 hac
380 1424 598 1480 visione
648 1423 993 1492 purgatorius
1044 1421 1178 1491 ignis
1215 1421 1564 1492 extinguitur.
1617 1422 1734 1478 Non

132 1520 181 1575 in
204 1518 470 1585 ﬂammis,
499 1516 593 1572 sed
614 1515 667 1570 in
696 1517 817 1570 loco
844 1515 1127 1569 tenebroso
1143 1525 1445 1569 versantem
1478 1515 1734 1570 Dinocra-

135 1620 239 1667 tem
264 1608 406 1665 vidit
438 1609 727 1678 Perpetua,
760 1606 863 1661 soli
895 1621 1088 1676 pmilll',
1131 1621 1247 1674 qua:
1272 1605 1453 1660 damni
1482 1616 1600 1673 est,
1627 1624 1731 1662 non

142 1720 337 1761 sensus
384 1702 665 1759 subditum.
698 1701 885 1771 itaque
936 1699 1254 1755 Ruinartnm
1293 1700 1361 1753 nil
1406 1711 1558 1770 ptvat
1600 1702 1732 1756 \isio

148 1798 268 1855 lucc
305 1796 577 1869 probando
619 1806 854 1849 mortuos
887 1809 1043 1864 posse
1086 1808 1114 1847 a
1157 1794 1329 1863 ptenis
1356 1809 1489 1863 quas
1519 1795 1729 1862 patiun-

1848 576 2096 631 θιΜίιιιυ
2136 580 2274 649 apud
2299 582 2590 639 nobiliores
2620 583 2896 654 theologos
2919 626 2933 651 ,
2975 591 3027 638 et
3057 583 3446 639 catltuliCarum

1847 670 2077 737 partium
2117 674 2407 729 acerrimus
2438 673 2753 731 defensores
2779 693 2793 730 :
2823 675 3012 746 dogma
3045 676 3168 732 ﬁdei
3192 694 3297 734 non
3326 693 3447 733 esse

1846 756 2039 830 ignenc
2071 776 2351 833 corporeo,
2384 783 2450 823 an
2483 767 2603 825 aliis
2641 770 2833 839 ptenis,
2871 770 3106 826 tenebris
3136 782 3280 839 puta,
3314 785 3447 826 moe-

1845 865 1965 906 rore
1984 894 1998 918 ,
2028 855 2242 910 tristitia
2268 860 2591 924 crucientur,
2621 861 2815 931 quibus
2845 875 2963 915 cum
2992 878 3061 918 ex
3095 863 3194 920 hac
3214 866 3316 922 vita
3347 864 3448 920 de-

1843 942 2041 998 cedunt
2066 988 2078 1008 ,
2110 946 2309 1018 aliquid
2355 963 2602 1020 superest
2642 953 2693 1007 in
2735 953 2911 1007 futura
2943 955 3048 1009 vita
3087 961 3443 1030 purgandum.

1842 1033 1981 1090 Sane
2011 1037 2062 1090 in
2087 1040 2315 1095 concilio
2341 1040 2653 1098 Florentino
2694 1043 2836 1098 nulla
2865 1046 3032 1103 ferme
3062 1036 3282 1105 Latinos
3309 1052 3449 1110 inter

1842 1138 1895 1181 et
1940 1125 2158 1185 Graecos
2187 1132 2256 1188 de
2284 1133 2598 1205 Purgatorio
2626 1142 2991 1196 controversia
3036 1141 3132 1197 fuit
3154 1186 3169 1210 ,
3202 1149 3448 1217 quamvis

1841 1215 2034 1286 Grieci,
2059 1238 2078 1273 ε
2100 1222 2603 1294 Purgatorium,non
2624 1231 2821 1301 ignem,
2841 1231 2934 1287 sed
2955 1215 3242 1291 obscurum
3260 1254 3450 1309 quem-

1840 1311 1963 1367 datn
1995 1312 2172 1369 locum
2217 1333 2280 1373 ac
2306 1319 2548 1376 laborum
2575 1324 2786 1392 plenum
2814 1340 2935 1381 esse
2971 1338 3256 1385 censerent
3286 1351 3297 1385 :
3339 1351 3358 1385 ι
3392 1342 3448 1389 et

1841 1407 1966 1461 dum
1991 1407 2360 1481 Purgaturiuin
2384 1415 2751 1485 admitterent,
2777 1419 2856 1490 (l)
2884 1437 2903 1469 ‹
2936 1421 3050 1476 sive
3091 1422 3253 1495 ignis,
3278 1427 3444 1495 illud,

1839 1501 1952 1559 sive
1980 1501 2305 1574 obscuritas,
2336 1512 2449 1563 sive
2478 1509 2655 1576 turbo,
2688 1512 2809 1575 sive
2838 1512 2889 1567 id
2917 1529 3088 1584 genus
3110 1517 3254 1571 aliud
3287 1518 3375 1586 sit,
3407 1538 3426 1572 ι

1838 1611 1944 1652 non
1963 1601 2161 1655 referre
2178 1611 2447 1670 putarent.
2464 1600 2615 1670 Quod
2632 1605 2790 1657 etiam
2810 1622 2914 1659 non
2930 1605 3220 1664 admodum
3236 1607 3443 1669 referre

1838 1703 1988 1747 sacra
2024 1693 2135 1763 ipsa
2165 1694 2402 1765 synodus
2433 1699 2679 1763 censuit,
2713 1713 2835 1752 cum
2867 1699 2918 1752 in
2951 1700 3262 1759 delinitione
3291 1702 3441 1775 iidei,

1835 1783 1923 1841 cui
1960 1788 2204 1842 ecclesia:
2246 1790 2522 1858 utriusque
2558 1791 2826 1847 antistites
2851 1794 3309 1867 subscripserunt,
3341 1799 3445 1860 hoc

147 1902 235 1947 tur
268 1907 371 1963 per
409 1892 632 1946 vivorum
682 1903 871 1958 preces
892 1887 1129 1943 liberari.
1162 1887 1372 1943 Etenim
1414 1903 1477 1942 ex
1511 1885 1730 1942 Latino-
1759 1889 1807 1949 Β
1839 1885 2038 1929 tantum
2065 1879 2298 1931 l'ueritde
2316 1878 3133 1958 Purgatoriodecretum.....(2)
3164 1907 3184 1941 ί
3220 1890 3446 1948 Animas

137 2000 257 2041 rum
290 1982 551 2040 sententia
574 1996 729 2052 paena
755 1994 949 2036 sensus
976 1981 1064 2050 qui
1095 1979 1423 2049 Baptismum
1457 1980 1729 2034 consecuti

124 2084 252 2133 sunt
302 2076 408 2131 soli
450 2090 546 2145 per
566 2074 814 2130 vivorum
857 2072 1107 2143 suffragia
1155 2072 1469 2129 liberantur.
1503 2072 1730 2141 Quodsi

123 2174 239 2238 pust
283 2166 626 2237 Baptismum
659 2165 973 2220 Dinocrates
1018 2163 1317 2219 idololatria
1353 2164 1585 2232 pollutus
1610 2162 1728 2230 iuit,

124 2271 178 2315 ut
211 2261 401 2315 innuit
452 2259 805 2330 Augustinus,
849 2256 1044 2311 nullius
1078 2270 1209 2311 snne
1251 2256 1501 2326 precibus
1526 2258 1732 2311 meritis

120 2354 295 2426 pinnis
335 2352 509 2409 eximi
561 2354 751 2424 potuit.
784 2350 1022 2420 Denique
1070 2350 1392 2406 tenebrosus
1435 2350 1525 2404 ille
1556 2351 1728 2419 locus,

117 2447 199 2501 ubi
262 2446 593 2502 Dinocrates
647 2443 1040 2508 includebatur,
1074 2442 1449 2515 a'Purgatorio
1508 2459 1731 2514 prorsus

114 2541 378 2598 diversus
406 2554 753 2597 communem
781 2537 929 2593 illum
961 2552 1232 2593 carcerein
1275 2545 1454 2604 sonat,
1486 2538 1542 2592 in
1570 2552 1728 2608 quem

120 2649 323 2691 omnes
364 2644 564 2705 praeter
604 2642 904 2703 martyrum
956 2631 1164 2686 animas
1207 2629 1437 2702 conjici,
1484 2631 1733 2687 Patribus

121 2726 267 2783 bene
293 2726 476 2784 multis
516 2725 964 2796 Montanistisque
998 2723 1282 2780 creditum.
1315 2725 1448 2779 llinc
1472 2725 1731 2795 scriptum

120 2817 665 2877 Tertullianoz'l‘ota
695 2818 927 2890 paradisi
978 2818 1145 2873 clavis
1199 2825 1324 2872 tuus
1372 2817 1588 2888 sanguis
1626 2828 1732 2873 cst.

122 2914 198 2969 Et
214 2915 387 2983 ipsos
405 2913 730 2984 patriarchas
776 2911 1001 2968 inferius
1045 2910 1273 2967 detineri
1305 2912 1529 2983 putavit,
1559 2912 1734 2968 donec

131 3021 163 3062 a
190 3005 425 3062 Christo
465 3006 827 3064 liberarentur.
859 3004 913 3062 in
941 3021 1007 3063 eo
1036 3020 1273 3073 carcere,
1295 3021 1454 3078 quem
1483 3005 1733 3063 Limbum

124 3101 467 3156 recentiores
484 3100 684 3167 dicunt,
711 3101 1022 3157 Dinocrates
1050 3100 1305 3156 collocari
1338 3102 1679 3157 censebatur.
1698 3120 1728 3155 ·›

192 3188 315 3246 ἫΙ.
352 3189 457 3246 Tot
475 3206 642 3262 nugas
669 3207 982 3261 numquam,
1014 3200 1164 3262 puto,
1195 3192 1277 3247 vir
1300 3192 1488 3248 doctus
1505 3190 1731 3247 eifutiis-

1838 1971 2010 2038 ptenis
2034 1973 2353 2041 purgatortis
2382 1984 2503 2042 post
2528 1987 2757 2030 mortem
2784 1978 3022 2048 purgari,
3054 1990 3107 2033 et
3130 1991 3236 2035 uta
3268 1987 3443 2055 pmuis

1836 2063 2143 2132 bujusmodi
2172 2065 2478 2120 releventur
2499 2109 2515 2135 ,
2565 2069 2828 2137 prodesse
2857 2071 2936 2125 eis
2969 2072 3211 2130 vivorum
3252 2079 3444 2134 suifra-

1834 2158 1916 2226 gia
1944 2197 1960 2223 ,
1992 2157 2276 2211 missarum
2307 2159 2512 2214 scilicet
2540 2160 2800 2215 sacrilicia
2827 2205 2842 2229 ,
2893 2164 3166 2237 orationes
3216 2178 3269 2222 ci.
3296 2170 3444 2227 eice-

1833 2261 2128 2320 mosyuas,
2168 2260 2269 2305 etc.
2311 2269 2330 2303 ι
2384 2250 2618 2324 Nilergo
2661 2255 2863 2310 faceret
2900 2256 2968 2311 ad
3008 2255 3167 2329 hujus
3195 2259 3299 2316 loci
3333 2264 3441 2319 vim

1836 2339 2148 2398 elevandum
2170 2345 2417 2417 Basnagii
2437 2347 2762 2415 observatio,
2792 2352 2913 2405 licet
2937 2352 3094 2407 nullis
3119 2350 3438 2415 Dinocrates

1835 2440 2106 2508 corporeis
2125 2435 2353 2495 ilautntis
2373 2442 2628 2496 arsisset:
2657 2459 2777 2498 cum
2807 2442 2959 2501 locus
2981 2447 3072 2503 ille
3093 2450 3433 2521 tenebrosus,

1836 2528 1888 2583 in
1918 2545 2025 2601 quo
2048 2546 2170 2587 eum
2197 2552 2216 2585 ι
2238 2542 2554 2589 :(Stuantem
2580 2536 2733 2591 valde
2755 2546 2809 2592 et
2829 2538 3099 2599 sitientem
3122 2560 3143 2595 ι
3173 2542 3439 2616 Perpetua

1837 2622 2007 2690 vidit,
2040 2628 2242 2695 optime
2268 2637 2527 2699 congruat
2561 2643 2682 2683 cum
2718 2630 3060 2704 Purgatorio,
3089 2636 3233 2705 quod
3263 2637 3440 2697 Grtcci

1838 2715 1888 2769 in
1914 2714 2221 2774 Fiorentina
2239 2722 2468 2792 synodo,
2489 2719 2694 2779 Latinis
2710 2741 3044 2797 nequaquam
3063 2733 3439 2791 contradicen-

1838 2809 1977 2864 tibus
2001 2851 2016 2877 ,
2041 2812 2390 2869 admiserunt.
2435 2814 2502 2870 Et
2530 2819 2775 2890 quamvis
2798 2818 3112 2877 Latinorum
3142 2823 3210 2879 de
3232 2840 3436 2896 corpo-

1839 2904 1945 2959 reis
1962 2902 2261 2976 Purgatorii
2286 2906 2513 2962 ﬂammis
2535 2910 2716 2980 opinio
2733 2951 2750 2978 ,
2774 2920 2833 2967 ut
2852 2910 3210 2973 Beliarntinus
3228 2918 3301 2975 ait
3332 2918 3436 2992 (ὅ),

1838 2994 2263 3065 probabilissima
2293 2998 2382 3063 sit,
2415 2998 2467 3052 in
2491 3014 2555 3053 eo
2585 3009 2795 3070 tamen,
2825 2993 2882 3058 ut
2909 3001 3053 3060 idem
3082 3005 3439 3067 Bellarminus

1838 3088 1991 3143 docet
2016 3086 2121 3162 (4),
2172 3087 2297 3145 ﬁdei
2328 3106 2536 3148 summa
2568 3108 2673 3149 non
2698 3096 2959 3153 vertitur:
2992 3109 3045 3157 et
3069 3116 3189 3157 cuin
3217 3101 3439 3161 Latino-

1838 3196 1954 3236 rum
1997 3182 2249 3253 opiuione
2288 3182 2570 3257 Perpetua:
2600 3188 2762 3245 verba
2786 3232 2804 3260 ,
2850 3202 2909 3248 ut
2958 3195 3267 3255 observavit
3301 3198 3438 3255 Hol-

114 3289 224 3346 εει,
250 3281 364 3336 nisi
406 3281 796 3338 catholicorum
837 3282 1085 3355 dogmata
1137 3282 1482 3354 impugnandi
1511 3282 1732 3339 libidine
1759 3286 1805 3351 C
1839 3274 2060 3339 Stemus,
2096 3278 2336 3348 apprime
2362 3292 2680 3351 congruunt.

109 3383 271 3429 actus
306 3374 502 3431 fuisset
529 3377 581 3430 in
627 3391 886 3447 prmeeps.
918 3376 1149 3448 Liquere
1174 3377 1439 3448 imprimis
1468 3377 1728 3447 putatad-

108 3479 320 3522 versus
350 3468 640 3538 Augustini
669 3468 999 3538 opinionem,
1019 3467 1360 3525 Dinocratem
1393 3468 1482 3540 qui
1522 3479 1735 3538 septen-

110 3558 394 3622 nisobiit,
438 3559 773 3631 Baptismum
827 3577 932 3617 non
993 3559 1155 3618 fuisse
1206 3562 1488 3634 adeptum,
1515 3563 1737 3633 quodet

124 3652 341 3708 sororis
372 3654 622 3725 exemplo
663 3655 871 3726 probat,
902 3663 956 3711 et
985 3671 1050 3712 ex
1093 3670 1159 3711 eo
1197 3655 1338 3727 quod
1368 3668 1520 3726 pater
1549 3672 1578 3711 a
1608 3658 1735 3712 reli-

124 3747 290 3817 gione
324 3747 623 3805 christiana
674 3748 819 3806 foret
867 3750 1093 3807 alienus.
1150 3751 1262 3823 Ego
1307 3760 1485 3807 autem
1528 3751 1735 3823 liquere

132 3850 290 3909 puto,
321 3841 652 3898 salutaribus
680 3842 838 3899 undis
870 3843 1207 3899 Dinocratem
1240 3844 1407 3900 luisse
1435 3843 1730 3915 perfusum;

135 3932 279 4002 quod
306 3948 427 3989 cum
479 3942 592 3989 tota
619 3934 900 4006 Perpetute
940 3933 1163 4003 familia,
1212 3942 1272 3991 ut
1315 3937 1427 4007 ipsa
1454 3936 1736 4007 perspicue

138 4032 383 4092 tegatur,
397 4025 600 4083 Christi
613 4026 925 4098 religionem
939 4027 1162 4097 coleret,
1183 4029 1489 4086 verosimile
1510 4046 1616 4085 non
1641 4028 1729 4096 sit,

154 4116 395 4176 sollicitos
420 4136 516 4176 eos
567 4136 673 4175 non
715 4120 900 4187 fuisse,
935 4132 990 4175 ut
1025 4136 1196 4194 puero
1249 4121 1607 4192 periclitanti,
1634 4137 1737 4195 per

156 4206 389 4279 baptismi
414 4222 830 4278 sacramentum,
862 4223 1149 4285 antequam
1198 4213 1505 4279 decederet,
1538 4214 1738 4270 subve-

161 4299 373 4359 niretur.
395 4303 545 4362 Unde
576 4305 784 4360 nullum
813 4316 896 4362 est
937 4304 1157 4362 omnino
1187 4319 1561 4379 argumentum
1594 4307 1737 4379 quod

172 4407 237 4447 ex
276 4398 457 4452 sororis
494 4399 746 4470 exemplo
791 4399 1026 4455 coniicit.
1080 4398 1275 4456 Fateor
1305 4399 1471 4468 enim,
1505 4400 1732 4455 diiatutn

182 4487 357 4543 multis
391 4491 501 4547 oliui
544 4494 714 4550 fuisse
758 4493 1086 4566 Baptismum
1106 4536 1120 4559 ,
1150 4493 1252 4549 nisi
1286 4495 1409 4549 vitae
1442 4495 1736 4564 periculum

176 4577 457 4640 immineret
484 4592 569 4643 ξεί
594 4587 689 4645 ubi
720 4587 774 4643 in
815 4589 1061 4659 proximo
1099 4588 1410 4645 discrimine
1426 4588 1739 4645 versabatur

1909 3367 2042 3423 illud
2068 3372 2235 3441 magis
2257 3372 2582 3441 mirandum,
2620 3376 2762 3446 quod
2788 3376 3085 3451 Basnagius
3124 3382 3436 3443 immediate

1836 3460 2141 3533 subjungit:
2168 3463 2484 3535 Perpetuam
2507 3468 2605 3521 soli
2630 3482 2826 3539 patrne,
2851 3488 2971 3542 qua:
2986 3473 3170 3533 damni
3194 3487 3299 3547 est,
3329 3493 3440 3536 non

1837 3568 2030 3610 sensus
2051 3596 2066 3619 ,
2096 3555 2368 3611 subditum
2397 3557 2594 3614 vidisse
2616 3559 2976 3620 Dinocratem.
3005 3567 3142 3634 Quid
3169 3571 3339 3641 ergo?
3367 3580 3447 3630 te-

1838 3648 2041 3717 nebrae,
2065 3648 2182 3705 sitis
2201 3693 2217 3719 ,
2259 3664 2422 3709 aesms
2442 3696 2455 3721 ,
2488 3655 2736 3711 sordidus
2766 3659 2976 3727 vultus,
3009 3662 3160 3719 color
3188 3663 3452 3733 pallidus,

1837 3741 2032 3796 vulnus
2056 3742 2108 3797 in
2135 3742 2273 3818 facie
2296 3785 2313 3810 ,
2343 3755 2452 3801 etc.
2481 3789 2497 3815 ,
2531 3747 2595 3803 ad
2640 3765 2854 3819 poenam
2876 3793 2892 3819 ,
2940 3769 3058 3824 qua:
3106 3754 3289 3813 damni
3322 3766 3443 3825 est,

1830 3848 1944 3910 pun
1962 3848 2173 3901 sensus,
2189 3837 2457 3907 pertinere
2470 3839 2569 3895 sibi
2585 3840 2853 3898 videntur?
2868 3843 3033 3903 Pana
3050 3846 3234 3906 damni
3247 3867 3276 3903 ει
3296 3850 3450 3907 theo-

1840 3924 1973 3996 IOgis
1998 3928 2250 3983 delinitur
2276 3947 2292 3985 :
2322 3929 2548 4001 privatio
2577 3932 2772 3991 divinae
2799 3937 3040 4007 visionis;
3067 3956 3135 3997 an
3162 3938 3317 3998 istam
3348 3958 3443 3999 so-

1841 4017 1948 4073 lum
1984 4021 2297 4080 Dinocrates
2322 4027 2657 4084 sustinebat?
2689 4027 2745 4085 Si
2773 4030 2847 4085 ita
2873 4044 2989 4102 est;
3020 4049 3149 4105 ergo
3174 4052 3296 4092 cum
3323 4051 3450 4107 pos-

1843 4122 1923 4167 tea
1947 4108 2493 4185 Perpetuaiintellexit
2512 4123 2824 4177 translatum
2848 4139 2971 4179 eum
2993 4126 3156 4184 fuisse
3172 4127 3241 4182 de
3263 4142 3443 4199 ptena,

1840 4204 2021 4262 divina
2067 4208 2272 4265 visione
2311 4223 2585 4266 recreatus
2621 4223 2722 4268 est.
2764 4215 2917 4282 Quod
2958 4227 3104 4274 certe
3146 4218 3445 4290 Basuagius

1841 4313 1947 4355 non
1975 4301 2252 4370 admittet;
2276 4319 2420 4369 cuin,
2446 4314 2501 4359 ut
2526 4314 2700 4374 notat,
2724 4306 3188 4380 Montanistarum,
3213 4331 3443 4386 quorum

1842 4391 2061 4447 nefaria:
2080 4405 2240 4449 secta:
2261 4397 2577 4466 Perpetuam
2594 4396 2815 4465 addicit,
2836 4401 3077 4459 doctrina
3103 4406 3283 4477 fuerit,
3299 4410 3446 4468 solos

1844 4494 1969 4539 ante
1992 4484 2133 4540 diem
2153 4485 2341 4557 judicii
2364 4489 2620 4547 solemnis
2644 4492 2695 4548 in
2720 4493 2918 4550 cmlum
2936 4506 3199 4571 martyres
3224 4502 3413 4575 recipi.

1916 4576 2044 4632 Illud
2073 4579 2232 4633 etiam
2266 4581 2426 4653 longe
2452 4583 2786 4655 mirabilius,
2841 4587 2983 4658 quod
3024 4589 3341 4651 iiuinarttnn
3368 4594 3447 4651 nil

172 4668 384 4731 hominis
404 4678 541 4734 satus
575 4721 592 4748 ,
618 4680 741 4751 quis
789 4689 992 4736 tantam
1044 4679 1227 4737 credat
1255 4678 1308 4735 in
1355 4680 1550 4737 familia
1594 4682 1793 4746 cbri—I

1903 4682 1983 4725 me
2033 4671 2291 4731 visionem
2346 4675 2541 4745 juvare
2608 4677 2752 4736 dicat
2804 4683 3086 4755 probando
3146 4705 3164 4739 ι
3204 4701 3446 4747 mortuos

176 4766 316 4823 illam
340 4768 620 4839 desidiam,
654 4780 713 4827 ut
742 4771 887 4828 nulla
917 4788 1011 4827 eos
1037 4774 1186 4843 pueri
1218 4773 1272 4827 in
1299 4773 1557 4828 extremis
1576 4788 1740 4843 agen-

178 4858 224 4914 iis
245 4874 366 4920 cura
395 4866 655 4939 tetigerit,
682 4866 885 4923 nullam
929 4864 1150 4924 omnino
1177 4865 1590 4924 sollicitudinem
1623 4882 1744 4938 ges-

177 4955 329 5025 ierint,
361 4970 418 5015 ut
442 4962 869 5032 regenerationis
897 4962 1112 5017 lavacro
1141 4946 1193 5016 in
1249 4969 1498 5017 extremo
1528 4956 1740 5017 'saltem

176 5049 354 5119 ‘i‘iritu,
383 5053 471 5109 vel
492 5054 662 5109 invito
691 5062 863 5125 intre,
888 5053 1346 5126 perfunderetur?

226 5142 418 5201 Deinde
473 5145 548 5200 ait
605 5148 976 5218 purgator-ium
1028 5145 1129 5202 hac
1187 5145 1472 5218 Perpetua:
1538 5146 1744 5204 visione

169 5222 320 5296 ίεηειη
346 5238 611 5309 extingui.
638 5237 758 5293 Non
790 5239 861 5293 ita
891 5239 1065 5294 visum
1095 5247 1178 5295 est
1211 5239 1275 5295 Cl
1301 5279 1316 5294 .
1350 5237 1629 5297 iloisteuio
1653 5241 1743 5311 qui

160 5324 215 5381 αα
244 5328 355 5384 bac
392 5329 678 5400 Perpetua;
706 5332 906 5387 verba:
946 5350 967 5386 ι
998 5331 1335 5389 λΕειιιίιιιῐειη
1365 5328 1523 5390 valde
1542 5378 1557 5402 ,
1588 5343 1642 5390 et
1669 5335 1743 5390 si-

150 5409 384 5488 "entem,
412 5441 433 5474 ι
468 5421 607 5477 hanc
631 5422 767 5478 satis
795 5426 1037 5494 apposite
1066 5434 1248 5480 notam
1270 5425 1548 5496 adjunxit:
1591 5446 1610 5479 α
1635 5428 1743 5498 Ap-

126 5505 764 5594 Ρῖίωειίποωπεωωιι
782 5530 906 5572 cum
925 5517 1163 5573 doctrina
1185 5518 1440 5576 Ecclesize
1459 5520 1525 5576 de
1550 5522 1748 5594 Purga-

120 5592 295 5665 'Qrio
318 5648 331 5669 .
355 5608 444 5664 ubi
479 5620 617 5663 metu
643 5618 698 5664 et
716 5609 843 5679 igne
872 5608 1063 5663 animae
1090 5618 1422 5680 torquentur.
1455 5630 1473 5665 ι
1522 5592 1743 5679 Deinde,

90 5686 264 5775 Quia
297 5717 402 5757 non
425 5702 491 5758 ad
516 5701 940 5771 extinguendum
971 5702 1132 5757 modo
1154 5706 1511 5773 purgatorium
1544 5706 1740 5775 ignem,

68 5770 233 5865 δηθά
257 5797 434 5865 Ῐνθυη
454 5770 1064 5864 quoqueiPorgatorinm
1087 5770 1452 5864 avertendum,
1476 5770 1595 5853 haec
1621 5770 1747 5854 Bas-

54 5864 333 5975 KIasius
362 5889 656 5958 observat,
689 5901 868 5962 Operae
894 5887 1124 5963 pretium
1156 5889 1259 5947 erit
1280 5930 1296 5961 ,
1323 5889 1467 5951 illius
1502 5890 1742 5952 animum

1849 4776 2005 4833 posse
2043 4780 2071 4817 a
2104 4767 2312 4835 pinnis,
2344 4782 2476 4838 quas
2502 4769 2796 4841 patiuntur,
2838 4790 2935 4847 per
2974 4779 3215 4833 vivorum
3258 4795 3447 4850 preces

1846 4856 2082 4912 liberari.
2119 4876 2138 4911 ›
2172 4857 2305 4915 Cum
2334 4875 2392 4915 se
2420 4859 2685 4937 Perpetua
2720 4868 2898 4922 verbis
2939 4868 3074 4925 adeo
3114 4869 3331 4929 disertis
3369 4873 3449 4928 af-

1845 4950 2019 5006 firmet
2071 4952 2182 5007 suis
2214 4954 2459 5024 precibus
2491 4956 2809 5027 impetraSse
2831 5000 2844 5023 ,
2881 4969 2930 5014 ut
2961 4961 3027 5015 de
3052 4961 3226 5033 poenis
3254 4964 3452 5034 quibus

1847 5046 2228 5116 torquebatur,
2282 5047 2599 5105 Dinoerates
2644 5046 3024 5108 transfert-etin-
3050 5095 3063 5119 ,
3093 5056 3287 5111 mirum
3320 5074 3450 5127 pro-

1846 5136 1990 5194 iecto
2033 5151 2114 5195 est
2176 5141 2446 5209 quomodo
2487 5140 2804 5197 Ruinartum
2860 5144 2931 5199 nil
2978 5145 3129 5215 juvet
3169 5149 3303 5205 visio
3329 5150 3445 5207 haec

1851 5232 2164 5302 probando:
2202 5248 2220 5283 ι
2254 5242 2495 5288 mortuos
2525 5248 2683 5305 posse
2712 5250 2740 5290 a
2765 5236 2963 5306 poenis,
2997 5251 3103 5295 etc.
3156 5259 3176 5293 ι
3211 5239 3310 5299 Hic
3331 5241 3445 5314 jam

2042 5396 2155 5475 Εἲς-ι
2185 5397 2281 5475 ἶῑῧρ
2294 5380 2739 5475 ἐστινκξῖδιιςιφδς
2763 5402 2848 5447 καὶ
2870 5399 3058 5464 οὗιλλιι,
3082 5401 3176 5454 εἴτε
3200 5424 3250 5456 τι
3275 5406 3449 5475 ἕτερον,

1852 5466 1904 5517 οὖ
1932 5465 2265 5533 διαφερόμθιι.
2292 5462 2440 5518 Sess.
2468 5461 2634 5516 XXV.

1925 5533 2006 5605 (2)
2047 5541 2146 5615 Τὰς
2172 5537 2669 5615 ψυζάςικαθαρι-υειῖς
2706 5547 2958 5615 τιμφρίαις
2988 5549 3295 5612 nudat/pawn
3325 5551 3455 5615 μετὰ

1850 5611 2068 5662 θάνατον.
2100 5613 2217 5659 ὥστε
2249 5609 2296 5657 δὲ
2324 5607 2727 5673 ἀποκουρίζςσθσιι
2754 5612 2903 5670 «hac;
2926 5628 3019 5664 τῶν
3046 5607 3275 5668 estcorona
3297 5607 3450 5685 τίμω-

1848 5695 1960 5749 ριῶν
1993 5682 2249 5731 lacinias
2291 5678 2460 5736 αὗταις
2493 5686 2576 5739 τὰς
2602 5695 2690 5732 τῶν
2716 5686 2894 5741 ζώντων
2940 5699 3116 5737 πιστῶν
3148 5678 3451 5760 ἐπικθυρὶαςθ

1853 5752 2068 5828 initiis:
2093 5755 2181 5828 κάς
2201 5755 2335 5828 istic
2372 5756 2550 5828 μίαν
2573 5755 2658 5802 ηδ
2685 5754 2859 5828 ιῦκάςι
2882 5766 2960 5805 καί
2981 5752 3452 5828 mmmam.

2197 5817 2331 5875 ll'de
2363 5817 2584 5893 Purgct.
2610 5817 2768 5895 capp.
2798 5823 2942 5884 Wet
2968 5825 3059 5883 il.

1926 5918 1941 5950 ι
2170 5932 2184 5950 ο

1926 5894 2004 5969 (4)
2045 5894 2184 5952 Ibid.
2226 5960 2229 5963 λ
