3818 6278
401 347 510 405 155

1546 323 1996 387 DISSERTATIO
2034 317 2513 378 APOLOGETICA
3609 309 3690 369 ης

401 461 664 536 proiecto,
695 459 778 514 vel
805 456 1061 514 Actorum
1087 452 1342 523 ννησιὸτης
1363 491 1378 517 ,
1401 456 1493 504 aut
1519 445 1770 518 martyris
1793 441 1925 496 ﬁdes
1953 441 2005 494 in
2034 438 2089 500 Α
2115 436 2311 491 tudinis
2334 433 2622 505 longinquo
2643 445 2738 502 per
2765 430 3080 486 immensam
3109 427 3252 484 illam
3291 424 3600 482 distantiam
3626 440 3694 479 sn-

407 551 826 612 controversiam
846 554 1087 603 vocatur.
1114 543 1447 598 Iluinartium
1473 555 1642 610 neque
1659 537 1727 592 de
1751 539 2005 592 Actorum

406 645 732 706 sinceritate,
771 653 945 709 neque
974 635 1043 692 de
1076 634 1330 706 martyris
1373 632 1476 688 ﬁde
1501 630 1739 701 suspicio
1765 629 1868 683 ulla
1891 636 2007 681 tan-

407 738 587 810 gebat.
635 731 923 802 Basnagius
953 737 1131 785 autem
1160 770 1174 794 ,
1212 727 1303 798 qui
1330 726 1528 781 nullam
1560 723 1628 779 de
1655 721 1803 778 Actis
1831 733 2005 790 quaes-

402 830 601 884 tionem
625 832 823 891 movet,
849 822 1128 877 videamus
1149 819 1346 891 quibus
1375 817 1707 890 argumentis
1729 815 2007 884 Perpetuos

401 919 563 977 ﬁdem
591 917 851 988 abrogare
897 922 1161 970 conetur:
1197 931 1217 964 ι
1260 911 1340 966 Ex
1369 911 1682 966 Latinorum
1716 905 2005 971 sententia,

400 1013 605 1086 inquit,
650 1027 807 1083 pcena
847 1025 1042 1066 sensus
1069 1009 1160 1080 qui
1187 1007 1515 1080 Baptismum
1544 1005 1815 1061 consecuti
1845 1011 2004 1069 sunt,

403 1106 502 1162 soli
527 1121 624 1176 per
647 1105 894 1159 vivorum
933 1101 1182 1172 suffragia
1230 1100 1544 1154 liberantur.
1590 1117 1608 1150 ι
1639 1100 1707 1152 At
1739 1111 1855 1162 nos,
1877 1093 2010 1164 bap-

403 1201 623 1256 tizatum
655 1198 818 1255 fuisse
846 1198 1186 1252 Dinocratem
1205 1238 1220 1263 ,
1252 1210 1373 1250 cum
1405 1193 1708 1264 Augustino
1736 1207 1834 1262 pro
1858 1199 2011 1245 certo

406 1293 686 1358 habemus,
711 1300 766 1347 et
790 1306 961 1362 poenae
981 1303 1173 1344 sensus
1207 1286 1372 1342 fuisse
1396 1285 1687 1348 subditum,
1712 1283 2010 1338 clarissime

401 1383 913 1442 demonstravimus.
969 1401 987 1433 ‹
1017 1380 1170 1448 Quod
1192 1382 1260 1446 si,
1306 1378 1616 1448 subjungit,
1658 1384 1779 1446 post
1807 1373 2011 1443 Baptis-

402 1495 548 1536 mum
570 1480 878 1534 Dinocrates
897 1475 1200 1531 idololatria
1219 1472 1446 1544 pollutus
1462 1471 1581 1537 fuit,
1631 1468 1872 1524 utinnuit
1903 1469 2011 1522 Au-

403 1572 652 1645 gustinus
672 1614 688 1640 ,
740 1570 938 1626 nullius
964 1584 1095 1624 sane
1127 1565 1377 1638 precibus
1404 1563 1613 1618 meritis
1638 1560 1814 1632 pmnis
1842 1558 2011 1613 eximi

406 1667 601 1740 potuit.
633 1686 654 1720 ι
687 1668 760 1722 At
796 1666 878 1733 si,
921 1664 1158 1733 inquam,
1191 1671 1312 1731 post
1335 1658 1666 1729 Baptismum
1701 1656 2012 1711 Dinocrates

405 1762 705 1818 idololatria
737 1759 969 1830 pollutus
1021 1757 1160 1825 fuit,
1215 1763 1273 1810 ut
1302 1754 1477 1808 innuit
1523 1751 1875 1822 Augustinus,
1909 1748 2010 1804 soli

2113 528 2391 584 blimitatis
2411 536 2466 582 et
2495 523 2892 596 profunditatis.
2923 521 3075 578 Unde
3101 529 3327 591 apparet
3354 516 3582 589 sapienti
3601 518 3694 571 cui-

2110 640 2255 696 que,
2308 623 2397 694 qui
2453 619 2736 692 aliquando
2783 617 2997 690 Elysios
3027 615 3290 679 audierit,
3333 627 3460 668 esse
3491 611 3695 681 aliquam

2113 720 2340 775 Iocalcm
2366 716 2872 774 determinationem
2899 729 3017 784 qum
3039 713 3187 768 sinus
3207 710 3351 766 dicta
3377 709 3450 764 sit
3469 707 3694 776 Abrahae,

2114 813 2178 867 ad
2209 810 2544 882 recipiendas
2575 808 2783 864 animas
2815 807 3046 860 filiorum
3071 804 3188 875 ejus
3211 805 3374 860 etiam
3399 817 3468 856 ex
3496 799 3694 856 nationi-

2113 909 2358 965 bus......
2404 907 2532 960 Eam
2571 907 2749 976 itaque
2782 905 3053 974 regionem
3093 901 3269 956 sinum
3305 900 3430 955 dico
3468 896 3697 963 Abrabz,

2113 1004 2214 1059 etsi
2231 1019 2333 1058 non
2357 1003 2653 1064 cmlestem,
2671 999 3036 1054 sublimiorem
3065 1008 3242 1052 tamen
3265 994 3476 1059 inferis,
3507 994 3700 1050 interim

2113 1098 2449 1169 refrigerium
2466 1096 2804 1168 pra':bituram
2821 1095 3100 1150 animabus
3114 1094 3702 1164 justorum,doneccon-

2114 1193 2400 1248 summatio
2426 1207 2604 1247 rerum
2640 1192 3092 1247 resurrectionem
3123 1191 3362 1246 omnium
3391 1189 3704 1260 plenitudine

2113 1286 2382 1341 mercedis
2412 1296 2715 1355 expungat,
2747 1293 2872 1339 tunc
2897 1285 3201 1354 apparitura
3245 1283 3453 1339 cmlesti
3491 1283 3704 1353 promis-

2114 1379 2285 1444 sione,
2312 1389 2413 1434 etc.
2439 1379 2598 1434 Salva
2619 1393 2681 1433 ea
2707 1378 3084 1449 promissione,
3110 1393 3205 1432 cur
3227 1393 3334 1432 non
3357 1378 3533 1446 capiat
3546 1379 3703 1431 sinum

2115 1473 2348 1530 Abraha:
2387 1473 2491 1529 dici
2517 1517 2531 1539 ,
2577 1473 2867 1544 temporale
2895 1471 3108 1542 aliquod
3148 1471 3448 1525 animarum
3486 1471 3702 1526 ﬁdelium

2115 1567 2510 1637 receptaculum
2537 1609 2549 1633 ,
2585 1567 2636 1620 iu
2669 1581 2774 1636 quo
2805 1567 2914 1634 jam
2946 1563 3238 1618 delinietur
3275 1562 3437 1617 futuri
3470 1564 3638 1632 imago
3655 1578 3704 1618 ac

2115 1661 2342 1716 candida
2393 1661 2638 1732 quzedam
2707 1659 2985 1729 utriusque
3027 1658 3214 1729 judicii
3263 1659 3700 1729 prosjiiciaturii

2116 1755 2274 1810 Juxta
2326 1754 2465 1811 hanc
2494 1753 2783 1810 secundam
2823 1753 3133 1822 Opinionem
3175 1751 3280 1807 dici
3310 1765 3413 1804 non
3446 1760 3620 1820 puleSl
3645 1761 3704 1806 te-

405 1870 599 1926 Ραῖηων
631 1867 751 1924 (ιιιεε
785 1870 805 1904 ί
835 1849 1018 1905 damni
1045 1857 1150 1916 θεῖν
1178 1862 1285 1902 ηοιι
1313 1859 1538 1911 sensus.
1568 1862 1588 1896 ³
1624 1842 1869 1898 ευῦιῖίιυε
1892 1855 2015 1896 esse
2043 1838 2091 1898 Β
2121 1851 2408 1905 nebrosum
2444 1848 2594 1902 illum
2627 1847 2821 1910 locum,
2850 1847 2901 1901 iu
2933 1862 3040 1918 quo
3068 1845 3383 1901 Dinocrates
3415 1845 3700 1903 includeba-

404 1963 512 2002 non
545 1944 735 2016 potuit.
770 1941 971 2000 Deibde
1001 1957 1106 1994 non
1129 1939 1240 2010 jam
1274 1938 1363 1992 hic
1391 1936 1566 2008 agitur
1607 1935 1673 1990 de
1707 1935 1969 2004 Perpetua
1994 1975 2010 2000 ,

405 2038 501 2094 sed
527 2037 595 2094 de
628 2037 907 2109 Augustini
936 2035 1209 2106 opinione.
1240 2031 1431 2087 Fuisse
1456 2030 1524 2085 ab
1550 2029 1714 2099 impio
1743 2036 1892 2097 patre
1921 2042 2014 2096 per

407 2131 768 2188 idololatriam
799 2131 1091 2186 alienatum
1120 2143 1150 2180 a
1175 2125 1414 2190 Christo,
1447 2133 1500 2178 et
1530 2122 1595 2177 ad
1617 2121 1896 2192 gentilium
1919 2135 2012 2175 sa-

410 2225 628 2296 crilegia
685 2231 994 2279 revocatum
1023 2262 1039 2288 ,
1095 2229 1148 2274 ut
1199 2217 1530 2286 Augustinus
1561 2214 1751 2278 innuit,
1787 2212 1875 2266 illa
1911 2227 2013 2266 non

411 2317 648 2388 scripsit.
677 2315 840 2371 Multa
867 2323 991 2369 sunt
1014 2311 1115 2366 alia
1147 2319 1389 2382 peccata,
1420 2318 1478 2361 ut
1499 2306 1640 2361 idem
1685 2305 2016 2376 Augustinus

409 2411 700 2471 observat,
729 2408 798 2463 ob
839 2423 958 2478 qua:
984 2419 1104 2460 esse
1134 2402 1306 2472 potuit
1345 2400 1655 2455 Dinocrates
1693 2397 2016 2468 purgatoriis

410 2502 588 2576 poenis
613 2499 858 2556 addictus
891 2517 904 2553 :
934 2497 1147 2553 mentiri
1178 2494 1368 2566 potuit,
1400 2493 1580 2558 irasci,
1613 2489 1798 2546 ludere
1821 2500 2018 2560 praeter

413 2594 702 2655 deCorutn,
734 2602 839 2648 etc.
869 2590 1235 2660 Quaecumque
1275 2595 1452 2641 autem
1482 2583 1678 2639 fuerint
1708 2599 1773 2638 ex
1807 2587 2013 2652 Augus-

413 2686 507 2742 tini
537 2685 810 2755 opinione,
843 2681 910 2737 de
926 2696 1028 2753 qua
1055 2679 1216 2735 modo
1243 2678 1511 2732 disserere
1541 2691 1648 2730 non
1677 2675 1824 2737 libet,
1852 2672 2016 2728 Dino-

414 2779 578 2836 cratis
606 2786 842 2848 peccata,
873 2783 967 2830 aut
995 2774 1424 2845 quibuscumque
1452 2772 1625 2840 poenis
1654 2779 2015 2837 torqueretur,

416 2887 526 2929 non
552 2871 762 2927 dubitat
789 2881 1006 2926 sanctus
1045 2868 1270 2930 doctor,
1303 2867 1430 2937 quin
1469 2884 1487 2916 ι
1523 2863 1645 2919 inde
1678 2879 1774 2933 pro
1801 2862 2018 2917 Christo

413 2965 690 3021 moriturae
714 2964 918 3018 Sororis
942 2959 1189 3030 precibus
1215 2958 1444 3012 donatus
1467 2955 1679 3010 exierit.
1709 2973 1728 3006 ι
1760 2955 2018 3022 Adeoque

415 3071 524 3112 non
565 3055 721 3108 video
747 3095 761 3120 ,
807 3065 975 3123 quare
1020 3048 1336 3105 Iiuiuartum
1389 3061 1494 3100 non
1538 3045 1688 3116 juvet
1731 3044 1866 3098 visio
1903 3043 2018 3097 lucc

416 3147 695 3220 probando
717 3189 730 3211 ,
763 3155 1002 3200 mortuos
1033 3157 1192 3214 posse
1243 3156 1272 3194 a
1308 3141 1479 3210 pinnis
1505 3181 1520 3207 ,
1560 3153 1692 3210 quas
1723 3138 2012 3208 patiuntur,

416 3255 512 3314 per
540 3241 781 3295 vivorum
811 3252 999 3308 preces
1023 3231 1258 3291 liberari.

494 3332 625 3388 VIII.
669 3333 757 3387 Ait
799 3330 1032 3400 denique
1090 3326 1413 3395 Basuagius,
1475 3324 1817 3380 tenebrosum
1868 3323 2020 3378 illum

421 3431 598 3485 locum
629 3470 643 3493 ,
693 3427 784 3483 ubi
838 3427 1148 3481 Dinocrates
1194 3421 1607 3487 includebatur,
1655 3437 1684 3475 a
1714 3419 2021 3491 purgatorio

421 3536 644 3594 prorsus
659 3520 954 3586 diversum,
978 3531 1317 3574 communem
1343 3515 1491 3570 illum
1509 3529 1783 3570 carcerem
1806 3529 2020 3581 sonare,

422 3617 477 3672 in
508 3631 665 3686 quem
692 3629 885 3670 omnes
907 3620 1102 3682 prtetcr
1129 3620 1420 3681 martyrum
1451 3609 1655 3665 animas
1677 3607 1900 3678 conjici,
1918 3607 2022 3662 Pa-

421 3709 599 3764 tribus
625 3708 762 3764 bene
788 3706 1008 3772 multis,
1049 3703 1490 3774 Montanistisque
1537 3701 1826 3757 creditum.
1870 3698 2024 3755 Circa

421 3802 722 3858 animarum
746 3841 759 3865 ,
793 3810 849 3856 ut
891 3807 1104 3865 vocant,
1135 3798 1466 3868 receptacula
1487 3838 1502 3862 ,
1535 3811 1638 3850 non
1669 3809 1771 3848 una
1807 3806 2026 3862 semper

424 3893 720 3965 eademque
766 3891 864 3948 fuit
917 3883 1230 3947 Tertulliani
1275 3889 1563 3945 sententia.
1594 3887 1650 3942 In
1699 3886 1836 3942 libro
1878 3885 2022 3939 enim

424 3988 494 4045 de
515 3989 706 4044 Anima
738 3985 818 4060 (1)
843 4002 910 4041 ex
938 3984 1219 4050 Paracleti,
1249 3983 1350 4039 hoc
1380 3993 1462 4038 est
1489 3979 1727 4036 Montani
1758 3977 2022 4043 doctrina,

431 4096 666 4138 ronmes
711 4081 917 4136 animas
963 4093 1124 4149 penes
1165 4077 1366 4132 inferos
1396 4093 1415 4126 ι
1462 4072 1711 4135 collocat,
1769 4088 1787 4122 ι
1817 4080 1872 4125 et
1917 4069 2026 4124 illic

426 4177 685 4248 supplicia
729 4174 941 4231 interim
965 4216 980 4240 ,
1014 4183 1070 4229 et
1118 4170 1431 4242 refrigeria:
1461 4166 1569 4222 Cur
1593 4167 1735 4222 enim
1757 4209 1771 4230 ,
1819 4166 1988 4236 inquit
2009 4205 2023 4228 ,

426 4284 534 4325 non
591 4279 745 4340 putes
774 4267 1004 4322 animam
1035 4276 1086 4322 et
1125 4263 1332 4335 puniri,
1357 4270 1413 4316 et
1443 4258 1611 4316 foveri
1645 4259 1699 4314 in
1731 4257 1914 4314 inferis
1941 4258 2025 4311 in-

427 4364 582 4420 terim
609 4363 708 4419 sub
729 4361 1132 4432 exspectatione
1164 4357 1441 4428 utriusque
1471 4353 1661 4427 judicii
1701 4354 1752 4409 in
1797 4352 2028 4425 quadam

428 4455 774 4529 usurpatione
801 4467 854 4512 et
882 4453 1109 4511 candida
1141 4450 1296 4521 ejus?
1321 4449 1426 4506 Sed
1456 4449 1580 4506 alibi
1606 4453 1742 4504 hanc
1773 4448 1848 4502 uti
1891 4446 2028 4501 Mar-

427 4551 602 4606 cionis
627 4550 935 4620 opinionem
989 4544 1274 4612 scripturae
1297 4543 1619 4598 auctoritate
1657 4539 1898 4596 confutat
1933 4537 2013 4612 (Ξ)

2121 1955 2226 2012 tur,
2247 1959 2584 2000 communem
2612 1943 2842 2013 aliquem
2866 1941 3029 1996 fuisse
3050 1957 3322 1996 carcerem
3349 1943 3398 1995 in
3423 1958 3587 2010 quem
3611 1959 3701 1997 om-

2120 2053 2215 2093 nes
2243 2047 2437 2108 praeter
2468 2046 2766 2107 martyrum
2793 2035 2998 2089 animas
3024 2035 3215 2102 conjici
3239 2076 3255 2100 ,
3296 2033 3545 2090 Patribus
3585 2035 3704 2091 bene

2119 2131 2304 2186 multis
2333 2129 2780 2198 Mnutanistisque
2804 2128 3064 2182 creditum
3091 2145 3104 2180 :
3138 2142 3259 2181 cum
3288 2129 3467 2182 sinum
3495 2130 3700 2185 Abrabz

2119 2222 2187 2277 ad
2213 2221 2546 2292 recipiendas
2576 2222 2781 2274 animas
2823 2219 3050 2273 filiorum
3091 2219 3208 2289 ejus
3250 2218 3605 2284 destinatum,
3632 2237 3700 2276 re-

2119 2316 2328 2386 gionem
2362 2313 2527 2368 fuisse
2556 2313 2746 2368 doceat
2771 2311 3150 2377 Tertullianus,
3169 2312 3268 2366 etsi
3290 2327 3396 2366 non
3419 2312 3695 2372 calestem.

2120 2410 2486 2464 sublimiorem
2517 2417 2696 2464 tamen
2725 2408 2942 2474 inferis,
2978 2408 3197 2466 interim
3221 2408 3561 2478 refrigerium
3589 2423 3694 2478 pra:-

2121 2503 2357 2558 bituram
2402 2503 2682 2557 animabus
2703 2501 2992 2572 justorum.
3024 2501 3131 2556 Sed
3153 2501 3304 2570 juxta
3332 2500 3564 2571 primam
3596 2515 3692 2554 sea-

2123 2598 2378 2662 tentiam,
2455 2595 2608 2651 sicuti
2670 2607 2837 2664 penes
2899 2595 3098 2648 inferos
3152 2602 3209 2648 et
3258 2593 3516 2662 supplicia
3573 2601 3694 2648 erant

2121 2700 2176 2746 et
2211 2689 2485 2759 refrigeria
2511 2704 2526 2751 ;
2571 2689 2643 2742 ita
2667 2702 2834 2759 penes
2864 2686 3065 2742 inferos
3090 2695 3207 2741 erat
3235 2696 3291 2741 et
3312 2686 3696 2756 Purgatorium:

2121 2783 2361 2853 adeoque
2405 2781 2564 2836 statui
2616 2797 2720 2836 non
2762 2789 2936 2850 potest
2985 2781 3159 2836 locum
3196 2780 3347 2835 illum
3377 2780 3699 2836 tenebrosum

2122 2878 2174 2932 in
2197 2893 2302 2947 quo
2331 2877 2648 2930 Dinocrates
2677 2873 3070 2941 includebatur,
3100 2890 3127 2927 a
3163 2873 3480 2946 Purgatorio
3505 2889 3703 2943 prorsus

2123 2969 2287 3025 fuisse
2330 2969 2621 3023 diversum.
2671 2967 2879 3022 Etenim
2908 2966 3210 3038 Purgatorii
3256 2969 3471 3023 nomine
3500 2967 3702 3022 alterius

2121 3062 2242 3116 vita:
2270 3076 2455 3127 pinnas
2483 3059 2829 3132 intelligimus
2858 3060 3014 3130 justis
3046 3069 3167 3130 post
3193 3060 3401 3132 aliquod
3426 3069 3648 3130 tempus
3669 3062 3706 3114 in

2123 3154 2457 3223 refrigerium
2489 3151 2922 3207 commutandus:
2965 3167 3140 3223 neque
3182 3153 3250 3206 ad
3291 3153 3402 3207 tidei
3429 3152 3626 3222 dogma
3654 3153 3710 3208 de

2043 3239 2086 3301 C
2121 3245 2438 3316 Purgatorio
2485 3244 2710 3316 quaestio
2762 3246 2846 3299 illa
2881 3247 3146 3316 pertinet,
3175 3262 3244 3301 an
3285 3246 3399 3301 loco
3434 3245 3500 3300 ab
3539 3247 3710 3301 inferis

2128 3347 2404 3408 separetur
2435 3335 2531 3409 (I).
2575 3338 2707 3392 Cum
2741 3337 2899 3409 igitur
2941 3337 3217 3392 Dinocrati
3257 3338 3409 3394 locus
3453 3339 3543 3392 ille
3574 3348 3709 3394 teneo

2127 3430 2322 3486 brosus
2354 3431 2404 3484 iu
2447 3447 2553 3500 quo
2581 3431 2752 3500 ipsum
2801 3439 3117 3484 :estuantem
3151 3430 3305 3486 valde
3359 3440 3417 3486 et
3461 3431 3707 3488 sitientem

2129 3525 2390 3595 Perpetua
2417 3522 2548 3579 vidit
2573 3566 2588 3588 ,
2624 3523 2783 3593 paulo
2813 3531 2933 3595 post
2969 3523 3024 3577 in
3052 3523 3286 3578 lucidum
3316 3522 3478 3579 fuerit
3500 3540 3704 3580 commu-

2130 3625 2290 3683 tatus,
2320 3619 2495 3687 inquo
2516 3632 2638 3672 eum
2663 3617 2998 3672 sanctissima
3023 3631 3179 3672 soror
3210 3636 3228 3666 ‹
3257 3617 3462 3672 mundo
3484 3632 3705 3688 corpore.
3785 3655 3787 3688 τ

2129 3710 2265 3765 bene
2295 3711 2545 3765 vestitum
2595 3718 2649 3764 et
2692 3708 3097 3780 refrigerantem
3133 3728 3150 3760 ι
3194 3710 3438 3780 aspexit,
3465 3710 3705 3766 adhucex

2130 3811 2372 3858 veterum
2414 3801 2766 3872 quorumdam
2794 3801 3010 3857 Patrum
3037 3811 3091 3857 et
3131 3801 3572 3858 Montanistarum
3605 3817 3707 3858 sen-

2130 3897 2294 3950 tentia
2322 3895 2576 3949 aﬁirmari
2607 3894 2756 3950 nullo
2783 3893 2942 3951 modo
2971 3903 3167 3964 potest,
3197 3893 3377 3949 locum
3409 3894 3558 3951 illum
3579 3903 3711 3950 tene-

2131 3987 2349 4042 brosum
2371 4028 2386 4053 ,
2419 3987 2470 4041 iu
2510 4004 2617 4054 quo
2645 3989 2874 4057 primum
2909 3987 3224 4042 Dinocrates
3260 3987 3655 4054 includebatur,
3684 4002 3712 4040 a

2131 4079 2444 4149 Purgatorio
2473 4095 2691 4151 prorsus
2722 4078 2887 4135 fuisse
2913 4080 3205 4136 diversum.

2201 4175 2260 4232 Si
2310 4184 2420 4231 rata
2471 4186 2615 4232 esset
2655 4184 2710 4230 et
2757 4185 2905 4231 certa
2941 4173 3022 4234 CI.
3054 4175 3318 4231 Holstenii
3349 4177 3533 4241 lectio;
3577 4190 3718 4231 como

2132 4269 2310 4324 munis
2342 4269 2715 4340 theologorum
2748 4268 2816 4323 de
2859 4268 3216 4340 receptaculis
3261 4269 3544 4324 animarum
3591 4282 3718 4322 sen-

2134 4363 2295 4420 tentia
2321 4404 2337 4428 ,
2377 4362 2622 4433 egregie,
2663 4369 2721 4416 ut
2764 4361 3022 4416 Possinus
3048 4361 3302 4418 observat
3329 4360 3442 4436 (2),
3470 4359 3575 4416 hac
3599 4359 3719 4415 Per-

2134 4467 2310 4529 petua:
2341 4457 2546 4513 visione
2575 4455 3007 4512 conﬁrmaretur.
3060 4457 3137 4512 Ita
3167 4459 3314 4514 enim
3344 4458 3502 4515 habet
3530 4475 3544 4512 :
3582 4475 3602 4508 ι
3632 4455 3714 4510 Vi-

2133 4551 2234 4608 deo
2263 4552 2601 4606 Dinocratem
2625 4560 2907 4607 exeuntem
2937 4551 3006 4607 de
3037 4551 3154 4606 loco
3200 4553 3490 4608 tenebroso
3510 4594 3523 4617 ,
3551 4550 3631 4606 ubi
3668 4558 3715 4604 et

435 4664 454 4701 ι
483 4646 589 4704 Sed
612 4646 844 4702 MartiiOn
868 4645 1124 4700 aliorsum
1147 4639 1309 4710 008“.
1336 4637 1544 4694 SCi'icel
1571 4645 1850 4705 ιιινεηιίιιιθ
1888 4651 2030 4691 mel“
2055 4641 2108 4703 D
2136 4645 2410 4716 complura
2439 4655 2592 4699 erant
2619 4645 2734 4700 loca
2767 4645 3070 4711 tenebrosa,
3097 4652 3203 4700 etc.
3240 4664 3260 4696 ι
3305 4644 3512 4701 Docent
3530 4642 3715 4699 scilicet

427 4741 618 4798 cedem
663 4739 945 4802 creatoris,
987 4736 1102 4792 sive
1130 4732 1402 4797 tormenti,
1434 4731 1547 4786 sive
1588 4727 1848 4800 refrigerii
1888 4728 2028 4798 apud

430 4839 650 4901 inferos,
683 4835 1008 4894 determinat
1035 4832 1114 4888 eis
1141 4829 1366 4900 positam
1390 4869 1404 4891 ,
1433 4826 1522 4898 qui
1555 4825 1680 4896 Legi
1709 4834 1763 4881 et
1788 4825 2026 4895 Prophe‘

431 4936 499 4990 tis
525 4934 839 4990 obedirent:
863 4929 1081 4990 Christo
1110 4940 1240 4981 vero
1253 4933 1306 4980 et
1328 4924 1421 4980 Dei
1445 4924 1524 4978 sui
1552 4924 1826 4979 caelestem
1847 4921 2032 4977 deﬁnit

431 5029 605 5084 sinum
647 5037 701 5084 et
720 5033 956 5098 portum.
987 5017 1472 5092 Respondebimus,
1507 5025 1561 5073 et
1590 5017 1689 5070 hac
1717 5016 1828 5086 ipsa
1851 5013 2034 5084 Scrip-

431 5131 548 5179 tura
593 5121 905 5177 revincente
949 5115 1134 5172 oculos
1159 5113 1294 5183 ejus,
1338 5130 1456 5184 quae
1494 5114 1561 5168 ab
1602 5111 1789 5168 inferis
1831 5111 2032 5166 discer-

435 5215 513 5270 nit
546 5209 778 5269 Abrahae
821 5209 996 5262 sinum
1043 5206 1285 5279 pauperi.
1334 5205 1489 5261 Aliud
1533 5207 1677 5260 enim
1737 5201 1931 5266 inferi,
1976 5211 2033 5256 ut

435 5315 565 5376 puto
588 5345 602 5369 ,
633 5301 772 5355 aliud
801 5314 1013 5370 quoque
1040 5299 1268 5355 Abrahae
1297 5297 1467 5353 sinus.
1500 5295 1632 5352 Nam
1665 5304 1719 5350 et
1741 5309 1991 5365 magnum
2015 5336 2030 5362 ,

433 5402 528 5466 ait,
545 5399 874 5475 intercedere
897 5395 1140 5466 regiones
1159 5395 1286 5450 istas
1308 5391 1653 5464 profundum,
1679 5398 1733 5445 et
1751 5388 2030 5444 transitum

437 5493 688 5561 utrinque
718 5488 1023 5560 prohibere.
1056 5488 1164 5547 Sed
1203 5504 1300 5546 nec
1327 5487 1614 5543 allevasset
1648 5487 1800 5539 dives
1830 5483 2032 5550 oculos,

439 5593 495 5641 et
521 5581 734 5655 quidem
767 5582 835 5640 de
875 5582 1192 5655 longinquo,
1228 5581 1332 5637 nisi
1359 5580 1412 5635 in
1440 5577 1718 5650 superiora
1741 5585 1795 5634 et
1815 5574 1884 5634 de
1914 5575 2037 5631 alti-

511 5747 591 5834 (I)
610 5756 740 5834 gap.
769 5759 858 5814 57.
889 5757 1000 5814 vid.
1019 5767 1089 5834 et
1114 5771 1233 5834 cap.
1263 5755 1334 5813 55
1353 5755 1516 5834 et5ﬁ.

514 5827 593 5909 (‘2)
620 5827 737 5888 Lib.
771 5845 823 5886 tv
847 5839 984 5884 cont.
1009 5827 1293 5896 Marciam,
1324 5843 1443 5900 cap.
1466 5829 1559 5886 34.

2137 4736 2407 4808 theologi,
2454 4745 2686 4806 quatuor
2713 4751 2838 4792 esse.
2879 4736 2977 4793 sub
3009 4745 3150 4792 terra
3181 4736 3331 4792 locos
3371 4738 3639 4794 distinctos
3667 4734 3714 4786 in

2135 4832 2328 4902 quibus
2371 4832 2564 4886 anima:
2613 4842 2949 4886 mortuorum
2995 4831 3308 4886 detinentur
3341 4848 3356 4885 :
3391 4844 3581 4901 nempe
3613 4840 3714 4880 om-

2136 4922 2282 4977 nium
2314 4922 2556 4977 inﬁmum
2586 4921 2675 4976 ubi
2697 4921 2972 4979 dminoues
2991 4924 3250 4978 etani‘mte
3269 4923 3715 4988 damnatze;supra

2138 5018 2301 5083 hunc,
2330 5015 2834 5087 Purgatorium,ubi
2853 5017 3044 5070 anima:
3063 5025 3358 5088 purgantur
3387 5017 3454 5072 ad
3487 5024 3712 5082 tempus;

2136 5111 2330 5167 deinde
2376 5111 2624 5168 Limbum
2672 5127 2959 5183 puerorum
3023 5126 3131 5182 quo
3180 5111 3490 5168 detinentur
3543 5108 3718 5163 animae
3784 5149 3785 5154 η

2135 5214 2467 5260 mortuorum
2501 5207 2553 5261 in
2582 5206 2704 5262 solo
2733 5215 2951 5274 peccato
2978 5205 3259 5277 originali;
3290 5216 3559 5278 postremo
3576 5199 3716 5256 Limo

2135 5299 2258 5356 bum
2291 5299 2528 5364 Patrum,
2575 5314 2719 5355 nunc
2759 5314 2986 5354 vacuum
3013 5315 3042 5354 a
3082 5308 3324 5369 tempore
3352 5298 3534 5354 mortis
3559 5299 3608 5349 et
3634 5303 3714 5345 re-

2137 5394 2490 5450 surrectionis
2535 5393 2734 5449 Christi
2756 5436 2770 5461 ,
2804 5405 2909 5450 etc.
2952 5393 3113 5460 Ilaec,
3146 5392 3420 5463 subjungit
3455 5387 3712 5449 Possinus,

2143 5487 2308 5542 fuisse
2339 5485 2586 5542 videntur
2611 5487 2703 5540 illa
2731 5486 3007 5557 complura
3039 5486 3154 5541 loca
3177 5485 3456 5542 tenebrosa
3474 5524 3488 5549 ,
3517 5492 3629 5552 qua:
3656 5490 3713 5531 se
3784 5499 3785 5506 η

2147 5581 2346 5637 vidisse
2392 5579 2622 5636 laudatis
2652 5581 2831 5637 verbis
2873 5591 3060 5637 sancta
3097 5579 3359 5650 Perpetua
3390 5585 3617 5634 testatur.
3648 5573 3715 5626 At

2152 5831 2161 5838 .
2222 5757 2304 5892 (ἐξ
2326 5755 2448 5812 Vid.
2477 5757 2790 5840 Dellarmin.
2822 5757 2914 5813 Iib.
2947 5775 3006 5827 ll,
3039 5759 3102 5815 de
3127 5757 3368 5831 Purgat.,
3394 5773 3502 5830 cap.
3532 5753 3584 5812 6.

2223 5833 2238 5892 (
2327 5826 2794 5892 Parahpomeu.ad
2822 5829 3057 5888 Holsten.
3089 5843 3254 5887 notas.

2223 5826 2301 5903 (‘2)
2327 5826 2794 5900 Paralipomeu.ad
2822 5829 3057 5888 Holsten.
3089 5826 3254 5887 notas.
