3816 6276
411 313 519 372 159

1593 292 2046 366 msseararto
2075 303 2559 365 APOL‘OGETICA
3573 311 3654 374 tut

407 429 623 495 torium,
649 435 705 484 ut
730 425 800 484 ibi
829 425 1040 480 mallem
1067 437 1189 479 esse
1215 435 1373 492 quam
1401 424 1582 480 alibi.»
1613 425 1753 492 Quot
1780 426 1866 480 hic
1893 426 1998 480 viro
2026 424 2081 485 Α
2105 441 2291 496 corpus
2336 443 2503 482 meum
2532 436 2588 483 ut
2617 426 2830 483 ardeam
2849 469 2864 494 ,
2893 437 3000 484 etc.
3029 444 3043 494 ;
3092 428 3185 486 sed
3227 429 3358 486 tales
3400 440 3524 502 quos
3545 432 3656 491 Vere

404 527 548 575 tutes
586 519 846 576 emicant!
893 515 1201 571 Constantia
1231 514 1488 571 adversus
1521 517 1686 586 patris
1716 516 1917 584 minas,
1951 523 2006 572 et

405 613 721 678 blanditias;
751 612 1045 666 constantia
1092 612 1217 668 item
1245 612 1502 669 adversus
1534 613 1792 670 humanas
1819 629 2005 670 omnes

405 706 753 769 aﬂ‘cctiones,
790 705 959 775 pietas
989 720 1114 776 erga
1147 714 1428 776 parentes,
1475 719 1716 763 materna
1756 724 1854 779 pro
1896 709 2004 764 [ilio

402 799 734 864 sollicitudo,
767 799 819 853 in
847 800 1081 854 carceris
1106 801 1462 857 incommodis
1487 802 1783 859 tolerandis
1807 803 2004 858 invicta

399 893 694 965 patientia:
726 893 1129 965 ltypocritarum
1161 912 1348 965 more,
1395 899 1564 954 stoica
1599 899 1863 969 gravitate
1906 899 2004 953 ltu-

398 1003 592 1045 manos
616 987 838 1044 affectus
868 1005 972 1044 non
1007 990 1330 1057 dissimulat,
1364 992 1457 1046 sed
1489 992 1779 1047 christiana
1811 993 2004 1047 virtute

399 1091 620 1153 superat
645 1097 708 1138 ac
737 1081 1081 1138 moderatur:
1110 1083 1338 1138 Domino
1365 1085 1564 1155 gratias
1593 1085 1734 1155 agit,
1767 1084 2002 1139 divinam

400 1193 558 1248 opem
593 1177 880 1247 implorat,
913 1177 1118 1232 alienas
1159 1177 1329 1248 magis
1366 1178 1641 1249 angustias
1678 1194 1836 1250 quam
1880 1193 2004 1236 suas

401 1271 579 1335 dolet,
609 1270 748 1325 miro
781 1269 1060 1340 religionis
1090 1269 1144 1324 in
1180 1270 1346 1325 Deum
1377 1281 1430 1326 et
1459 1272 1702 1326 caritatis
1735 1271 1786 1324 itt
1819 1272 2005 1340 proxi-

398 1379 547 1418 mum
564 1364 906 1418 documento.
929 1363 1142 1418 Eaedem
1161 1363 1389 1420 virtutes
1406 1364 1457 1418 in
1486 1365 1606 1419 aliis
1637 1379 1849 1435 quoque
1874 1364 2004 1418 locis

401 1455 768 1526 resplendent,
795 1471 913 1526 esp.
931 1471 989 1520 ll,
1015 1455 1042 1526 ᾗ
1067 1457 1113 1512 l.
1131 1474 1150 1507 ‹
1177 1456 1519 1527 Postpaucos
1550 1457 1666 1512 dies
1696 1471 1878 1510 rumor
1906 1471 2004 1512 cu-

399 1549 602 1615 currit,
634 1559 691 1602 ut
714 1548 1042 1602 audiremur.
1073 1546 1394 1616 Supervenit
1415 1558 1594 1603 autem
1617 1558 1672 1603 et
1696 1549 1764 1603 de
1788 1550 2004 1604 civitate

397 1651 550 1714 pater
579 1657 733 1698 meus
757 1650 1110 1711 consumptus
1139 1642 1319 1706 taedio,
1352 1644 1595 1697 ascendit
1621 1643 1686 1696 ad
1719 1658 1805 1697 me
1835 1653 1890 1697 ut
1917 1659 2006 1698 me

397 1735 675 1806 dejiceret,
699 1736 913 1791 dicens:
937 1736 1224 1802 Miserere,
1250 1737 1377 1801 lilia,
1402 1738 1550 1791 canis
1571 1738 1725 1802 meis,
1749 1749 1853 1792 etc.
1881 1738 2005 1792 llaec

2104 519 2302 576 Christi
2331 531 2389 576 et
2415 523 2663 578 veritatis
2691 525 2889 578 caritas
2920 523 3238 593 perduceret
3273 525 3338 580 ad
3364 527 3654 595 passionem:

2103 615 2230 685 qttid
2254 615 2331 670 eis
2355 616 2597 672 fecerunt
2623 618 3025 687 persecutiones
3049 618 3422 673 smvientiu'm?
3443 619 3656 689 Majot‘em

2107 709 2422 765 violentiam
2457 711 2760 766 habuerunt
2785 712 2925 767 oculi
2956 712 3198 767 flentium
3239 727 3453 766 suorum
3475 753 3489 775 ,
3529 722 3656 782 quam

2105 802 2511 872 persecutiones
2540 805 2937 858 insectantium.
2967 804 3136 872 Quam
3169 805 3366 860 multos
3393 805 3525 858 enim
3550 813 3660 863 tene-

2106 895 2235 950 bant
2264 898 2393 964 ﬁlii,
2439 913 2506 953 ne
2553 898 2904 967 paterentur?
2933 898 3103 964 Quam
3153 897 3436 951 multorum
3477 899 3659 966 gentibus

2106 993 2565 1063 provolvebantur
2611 1005 2807 1049 uxores
2834 1037 2847 1060 ,
2900 1007 2967 1048 ue
3010 993 3182 1048 vidum
3225 992 3660 1062 relinquerentur?

2105 1087 2276 1155 Quam
2307 1086 2504 1140 multos
2535 1097 2787 1154 parentes
2811 1085 2921 1156 ,lilii
2955 1085 3315 1155 prohibebant
3361 1086 3491 1139 mori
3517 1125 3531 1148 ,
3555 1086 3662 1140 sicut

2106 1180 2353 1234 novimus
2373 1180 2700 1249 etlegiturin
2724 1179 2980 1247 passione
3002 1195 3190 1234 suam
3204 1176 3520 1235 PEKPETUE?
3534 1176 3663 1234 Facta

2107 1282 2231 1326 sunt
2283 1272 2406 1326 ista.
2461 1271 2567 1325 Sed
2620 1271 2874 1341 lacrymae
2931 1269 3318 1341 quantwlibet,
3364 1278 3421 1324 et
3477 1278 3663 1339 quanto-

2109 1363 2240 1418 libet
2253 1364 2449 1433 impetu
2466 1362 2710 1428 (luerent,
2728 1363 2943 1434 quando
2967 1365 3216 1419 ardorem
3235 1362 3508 1418 charitatis
3527 1363 3666 1416 extin-

2109 1461 2396 1531 guerent?»
2417 1475 2593 1530 cap.v,
2611 1459 2704 1531 §2,
2725 1459 2877 1527 plura
2904 1459 3057 1513 nobis
3078 1460 3364 1514 confertim
3390 1457 3668 1512 exhibentur

2108 1565 2306 1608 mutuae
2358 1554 2635 1608 charitatis
2664 1554 2778 1623 spei
2829 1564 2883 1607 et
2935 1553 3393 1624 magnanimitatis
3419 1551 3664 1619 exetnpla:

2115 1668 2133 1698 ι
2165 1650 2318 1704 Circa
2351 1648 2685 1704 Felicitatem
2719 1663 2848 1703 vero
2879 1647 3043 1720 (nam
3073 1657 3126 1702 et
3165 1648 3242 1702 illi
3285 1649 3458 1718 gratia
3497 1647 3670 1701 Domini

2107 1743 2372 1812 ejusmodi
2417 1742 2713 1816 contigit),
2765 1759 2886 1798 cum
2932 1754 3054 1799 octo
3091 1746 3201 1813 jam
3245 1745 3509 1799 mensium
3547 1759 3671 1798 suum

393 1827 609 1883 dicebat
636 1837 785 1897 pater
813 1842 912 1898 pro
943 1845 1036 1883 sua
1068 1829 1265 1899 pietate
1290 1829 1509 1884 basians
1534 1831 1663 1883 mihi
1697 1845 1884 1884 manus
1905 1871 1918 1894 ,
1949 1840 2001 1885 et
2030 1827 2078 1887 B
2110 1847 2350 1892 ventrem
2381 1838 2604 1891 haberet
2631 1835 2776 1910 (nam
2812 1850 3092 1907 prmgnans
3120 1836 3291 1892 fuerat
3323 1838 3670 1908 apprehensa),

396 1934 455 1975 se
485 1919 552 1974 ad
584 1919 749 1990 pedes
789 1935 939 1975 meos
973 1919 1218 1989 jactans,
1261 1929 1316 1974 et
1356 1921 1609 1990 lacrymis
1646 1938 1753 1975 non
1793 1921 1954 1976 tiliam
1980 1965 1994 1987 ,

389 2000 487 2068 sed
518 2012 789 2066 dominam
819 2027 906 2066 me
932 2011 1178 2066 vocabat.
1213 2010 1282 2065 Et
1309 2027 1408 2082 ego
1437 2012 1685 2068 dolebam
1717 2030 1882 2069 canos
1908 2029 2001 2084 pa-

393 2109 490 2163 tris
521 2108 666 2175 mei,
693 2107 837 2178 quod
867 2107 1014 2161 solus
1053 2106 1122 2161 de
1152 2107 1398 2176 passione
1429 2124 1547 2163 mea
1577 2111 1861 2180 gavisurus
1893 2125 1997 2165 non

392 2209 536 2258 esset
563 2201 629 2256 de
653 2209 764 2256 toto
783 2216 982 2271 genere
1001 2216 1122 2256 meo
1145 2219 1158 2256 :
1181 2210 1236 2256 et
1260 2203 1558 2257 confortavi
1591 2219 1715 2258 eum
1740 2245 1755 2269 ,
1787 2203 1996 2261 dicens:

391 2295 507 2350 lloc
551 2295 644 2350 [iet
684 2295 736 2350 in
777 2295 868 2350 illa
909 2303 1147 2360 catasta,
1196 2296 1341 2366 quod
1384 2297 1528 2352 Deus
1565 2299 1818 2354 voluerit.
1853 2300 2000 2356 Scito

393 2390 537 2444 enim
581 2403 682 2445 nos
727 2405 831 2445 non
873 2390 926 2446 in
967 2399 1150 2445 nostra
1196 2399 1465 2462 potestate
1493 2406 1615 2449 esse
1641 2395 1996 2463 constitutos,

395 2483 491 2538 sed
523 2483 574 2538 in
609 2483 722 2538 Dei.
747 2502 766 2537 ι
813 2483 1018 2540 Similia
1064 2493 1118 2539 et
1159 2484 1336 2538 lilialis
1381 2500 1506 2554 erga
1551 2495 1760 2556 patrem
1801 2489 1994 2542 obser-

389 2576 584 2630 vantia:
607 2617 621 2640 ,
663 2584 718 2632 et
755 2577 1062 2631 christiana:
1104 2577 1428 2632 fortitudinis
1458 2581 1702 2648 exempla
1736 2579 2002 2635 habentur

399 2670 430 2742 §
460 2670 514 2736 ἓ,
541 2671 633 2741 qui
662 2679 807 2726 totus
833 2672 1081 2742 quamvis
1118 2671 1510 2727 describendas
1548 2683 1726 2738 esset,
1777 2674 1892 2729 hzrc
1935 2689 2000 2729 ex

397 2779 465 2820 eo
495 2774 673 2821 tamen
706 2781 876 2834 pauca
905 2766 1221 2836 subjiciam:
1259 2786 1278 2822 ι
1309 2766 1377 2822 Et
1407 2768 1710 2824 llilarianus
1741 2784 2000 2840 procura-

395 2867 499 2914 lor.
524 2897 537 2911 .
561 2898 575 2912 .
597 2874 790 2928 parce,
824 2861 1028 2930 inquit,
1057 2861 1208 2915 canis
1229 2863 1394 2930 patris
1427 2865 1498 2915 tui
1523 2881 1538 2928 ;
1570 2877 1730 2931 parce
1760 2863 2001 2916 infantiae

393 2955 565 3022 pueri.
596 2955 705 3008 Fac
731 2969 946 3008 sacrum
993 2968 1089 3023 pro
1129 2955 1304 3008 salute
1344 2955 1753 3022 lmperatorum.
1797 2955 1862 3007 Et
1901 2969 2001 3024 ego

390 3045 674 3116 respondi:
705 3043 827 3098 Non
849 3046 1002 3115 facio.
1031 3044 1335 3098 Hilarianus
1355 3063 1368 3099 :
1392 3044 1681 3098 Christiana
1704 3045 1791 3098 es?
1817 3046 1880 3097 Et
1901 3059 2000 3114 ego

391 3138 674 3208 respondi:
706 3139 1000 3193 Christiana
1027 3153 1163 3192 sum.
1196 3137 1260 3190 Et
1291 3151 1410 3189 cum
1440 3145 1605 3189 Staret
1636 3143 1786 3205 pater
1813 3136 1879 3189 ad
1913 3149 1999 3190 me

394 3230 787 3301 dejiciendum,
827 3231 1007 3298 jussus
1035 3237 1117 3283 est
1147 3227 1214 3281 ab
1243 3227 1513 3280 ililariano
1543 3227 1699 3296 dejici
1726 3267 1740 3296 ,
1773 3238 1827 3283 et
1852 3229 1999 3299 virga
2027 3218 2071 3281 C

396 3338 678 3392 percussus
697 3333 798 3376 est.
820 3322 886 3375 Et
903 3321 1070 3375 doluit
1085 3319 1215 3374 mihi
1238 3333 1392 3372 casus
1411 3321 1577 3387 patris
1594 3321 1720 3389 mei,
1740 3322 1889 3391 quasi
1908 3336 2007 3392 ego

394 3418 614 3472 luissem
645 3430 924 3487 percussa:
969 3415 1048 3469 sic
1073 3414 1217 3468 dolui
1245 3427 1345 3485 pro
1383 3423 1596 3470 senecta
1628 3416 1744 3485 ejus
1784 3417 2001 3472 misera.

397 3511 548 3567 Tunc
573 3524 672 3564 nos
694 3512 975 3564 universos
1019 3510 1327 3577 pronuntiat
1361 3517 1414 3564 et
1441 3509 1655 3563 damnat
1684 3511 1750 3564 ad
1781 3510 2000 3575 bestias,

397 3615 449 3661 ct
477 3604 673 3658 hilares
699 3601 1075 3658 descendimus
1102 3602 1167 3656 ad
1193 3617 1520 3658 carcerem.)
1558 3603 1703 3658 ll‘anc
1724 3605 2006 3675 Perpetute

400 3696 616 3751 tilialem
644 3710 769 3765 erga
786 3703 986 3763 patrem
1019 3696 1412 3750 observantiam
1445 3695 1529 3750 bis
1559 3711 1772 3750 sanctus
1798 3700 2005 3767 Augus-

353 3815 362 3824 -
399 3791 540 3845 tinus
563 3789 743 3845 verbis
763 3791 1102 3844 commendat
1125 3790 1230 3862 (l):
1263 3809 1281 3841 ι
1298 3789 1470 3843 Doluit
1492 3789 1576 3843 illa
1601 3790 1745 3845 senis
1769 3789 2006 3860 parentis

395 3884 669 3954 injuriam;
691 3891 746 3938 et
763 3882 846 3938 cui
875 3897 980 3936 non
997 3883 1223 3953 praebuit
1251 3895 1550 3948 assensum,
1578 3885 1814 3937 servavit
1845 3884 2003 3939 all‘eco

397 3982 530 4030 tum.
573 3974 772 4031 Oderat
805 3976 1004 4045 quippe
1041 3975 1092 4028 in
1117 3974 1212 4028 illo
1235 3975 1535 4040 stultitiam,
1581 3989 1685 4028 non
1733 3985 2002 4043 naturam,

400 4077 455 4125 et
480 4068 596 4141 ejtts
621 4069 985 4124 inﬁdelitatem
1009 4110 1025 4135 ,
1054 4079 1161 4123 non
1192 4067 1452 4136 originem
1479 4079 1652 4121 suam.
1681 4067 1882 4138 Majore
1909 4068 2004 4140 igi-

402 4172 489 4218 tur
508 4163 679 4233 gloria
709 4172 816 4216 tam
846 4161 1099 4215 dilectam
1123 4169 1329 4229 patrem
1353 4159 1491 4215 male
1515 4160 1827 4215 suadentem
1855 4161 2005 4215 torti-

402 4268 483 4312 ter
503 4257 723 4328 repulit,
742 4271 902 4325 quem
926 4255 1266 4324 vapulantem
1291 4252 1473 4307 videre
1499 4253 1615 4307 sine
1637 4267 1872 4308 maerore
1896 4268 2001 4307 non

400 4353 594 4421 potuit.
630 4350 861 4405 Proinde
888 4357 943 4404 et
971 4349 1128 4404 dolor
1159 4347 1248 4401 ille
1273 4345 1406 4400 nihil
1436 4346 1656 4400 retraxit
1684 4347 1865 4401 robori
1897 4345 2004 4400 fer-

399 4445 675 4509 titudinis,
705 4457 762 4498 et
790 4442 986 4510 aliquid
1014 4441 1221 4495 addidit
1241 4439 1489 4493 laudibus
1519 4438 1820 4508 passionis:
1855 4459 1872 4490 ι
1909 4437 2002 4491 Di—

400 4535 675 4608 ligentibus
731 4538 864 4590 enim
909 4534 1074 4588 Deum
1122 4535 1293 4587 omnia
1337 4544 1678 4603 conparantur
1704 4531 1757 4583 in
1791 4534 1999 4585 bonum.

402 4629 729 4684 Earumdem
760 4629 1018 4680 virtutum
1035 4627 1196 4688 aliud,
1215 4640 1334 4694 cap.
1357 4640 1433 4687 ut,
1451 4623 1478 4693 §
1494 4625 1515 4676 l
1531 4665 1545 4690 ,
1562 4624 1795 4678 occurrit
1811 4639 1996 4678 exem-
2029 4621 2081 4682 Ι)

406 4724 549 4792 plum
578 4743 590 4776 :
629 4739 648 4772 ι
674 4721 741 4776 Ut
766 4729 944 4774 autem
976 4719 1298 4788 proxitnavit
1326 4718 1442 4773 dies
1474 4721 1749 4778 muneris.
1785 4718 2000 4774 intravit

402 4819 468 4871 ad
501 4832 587 4871 me
614 4823 764 4885 pater
789 4828 940 4868 meus
962 4819 1314 4880 consumptus
1341 4811 1517 4874 tte-dio,
1536 4812 2000 4882 etcoepitbarbam

404 4923 554 4962 suam
585 4909 839 4974 evellere,
859 4916 911 4962 et
943 4923 1001 4961 se
1035 4907 1085 4960 in
1119 4907 1568 4971 terranimittere,
1593 4916 2001 4976 etprosternerc

405 5005 528 5059 sein
551 5004 759 5070 facient,
783 5005 1220 5074 etimpmperare
1245 5003 1396 5056 anuis
1420 5004 1550 5069 suis.
1570 5013 1624 5058 et
1647 5005 1829 5058 dicere
1858 5014 2000 5056 tanta

402 5104 561 5158 verba
589 5119 705 5172 qua:
738 5110 1015 5157 moverent
1044 5101 1345 5154 universam
1369 5109 1690 5155 creaturam.
1718 5099 1831 5168 Ego
1851 5099 2002 5152 dole-

402 5197 525 5252 bam
552 5212 646 5266 pro
669 5195 864 5249 infelici
896 5203 1112 5248 senecta
1145 5193 1280 5263 ejus.
1310 5212 1326 5244 ι
1359 5193 1452 5248 Hic
1481 5193 1673 5246 iterum
1705 5191 2001 5245 audiendus

401 5299 616 5345 sanctus
646 5287 972 5357 Augustinus
1001 5285 1118 5358 (‘2):
1156 5306 1174 5336 ε
1201 5284 1302 5340 l’er
1343 5287 1621 5340 caritatem
1663 5283 1812 5336 multi
1857 5300 2000 5336 utor-

403 5384 475 5436 tui
515 5392 639 5438 sunt
678 5381 908 5448 saeculo,
953 5393 1009 5435 ttt
1051 5383 1292 5437 viverent
1334 5382 1463 5434 Deo.
1505 5379 1616 5433 llac
1649 5379 1873 5433 caritate
1912 5395 2002 5434 ac-

399 5478 545 5531 censi
573 5487 861 5547 martyres,
895 5491 999 5530 non
1032 5474 1299 5537 simulati,
1333 5489 1438 5527 nou
1472 5487 1610 5526 vana
1631 5472 1798 5541 gloria
1829 5472 2000 5524 venti-

399 5571 489 5625 lati
518 5613 532 5638 ,
567 5587 670 5625 non
701 5573 863 5637 tales,
896 5571 963 5626 de
998 5569 1192 5642 quibus
1231 5567 1431 5621 dictum
1474 5579 1585 5623 est:
1634 5567 1693 5622 Si
1743 5567 2000 5621 tradidero

466 5733 542 5805 (ι)
573 5734 747 5789 Serm.
781 5730 1019 5805 28l,__al._
1043 5727 1108 5780 tle
1132 5727 1329 5779 divers.
1369 5723 1491 5779 illi.

463 5795 538 5879 (2)
577 5810 799 5860 linarrat
830 5805 880 5855 in
905 5801 1102 5854 Psilnt.
1142 5813 1306 5862 .\'L\ll,
1337 5812 1486 5850 nunt.
1519 5795 1602 5853 15.
1672 5828 1674 5831 -

2107 1932 2341 1986 instante
2371 1930 2663 1999 spectaculi
2693 1931 2801 1996 die,
2837 1930 2892 1984 in
2925 1947 3119 2000 magno
3145 1942 3260 1985 erat
3292 1932 3459 1998 luctu,
3492 1947 3554 1984 ue
3579 1943 3674 1999 pro-

2107 2035 2225 2093 pter
2258 2031 2503 2079 ventrem
2535 2022 2884 2088 dill'crretur;
2920 2026 3044 2094 quia
3075 2040 3181 2079 non
3214 2026 3340 2081 licet
3374 2034 3676 2097 przegnantcs
3768 2015 3769 2070 ἶ

2106 2135 2277 2190 poenae
2310 2119 2719 2191 repraesentari,
2763 2129 2816 2174 et
2845 2135 2912 2173 ne
2943 2121 3082 2174 inter
3111 2121 3323 2190 aliquos
3363 2131 3544 2192 postea
3578 2134 3676 2173 sce-
3768 2131 3769 2134 ‘

2105 2215 2322 2280 leratos,
2353 2223 2599 2269 sanctum
2633 2224 2687 2268 et
2717 2215 3060 2268 innocentem
3093 2216 3410 2285 sanguinem
3442 2215 3675 2269 funderet.

2103 2310 2207 2365 Sed
2255 2320 2309 2364 ct
2351 2318 2740 2378 contntartyres
2785 2306 2902 2377 ejus
2945 2308 3186 2376 graviter
3229 2308 3677 2374 contristabantur,

2105 2423 2172 2462 ne
2206 2417 2308 2462 tam
2344 2408 2535 2461 bonam
2567 2405 2800 2468 sociant,
2834 2405 2986 2475 quasi
3027 2406 3279 2461 comitem
3319 2405 3491 2460 solam
3533 2406 3578 2458 in
3614 2405 3679 2456 via

2105 2502 2346 2572 ejusdem
2373 2501 2487 2571 spei
2507 2499 2892 2568 relinquerent.
2911 2498 3214 2566 Conjuncto
3243 2499 3423 2568 itaque
3450 2499 3591 2550 unito
3609 2511 3680 2565 ge.

2105 2601 2237 2654 mitu
2259 2641 2272 2664 ,
2303 2598 2373 2653 ad
2405 2598 2686 2651 Dominum
2714 2595 3011 2649 orationem
3043 2592 3291 2650 fuderunt
3321 2602 3450 2650 ante
3493 2596 3682 2650 tertium

2105 2697 2247 2751 dietn
2290 2696 2548 2750 muneris.
2591 2693 2783 2749 Statim
2827 2701 2946 2760 post
2983 2693 3282 2746 orationem
3328 2694 3546 2748 dolores
3583 2701 3686 2748 eam

2105 2795 2438 2846 invaserunt.
2492 2788 2556 2842 Et
2595 2801 2714 2842 euut
2765 2800 2862 2856 pro
2905 2787 3136 2839 naturali
3176 2785 3492 2841 dill'lcultate
3529 2784 3688 2839 oetavi

2105 2884 2329 2943 mensis,
2364 2883 2414 2933 in
2447 2888 2599 2948 partu
2631 2879 2904 2939 laborans,
2936 2878 3163 2940 doleret,
3189 2880 3262 2932 ait
3291 2880 3366 2934 illi
3394 2879 3609 2948 quidam
3637 2891 3695 2929 ev

2105 2974 2369 3028 ministris
2395 2970 2869 3040 mttaractariorum
2891 2987 2901 3020 :
2927 2971 3053 3033 Qum
3088 2971 3166 3022 sic
3197 2973 3356 3024 modo
3385 2972 3563 3036 doles,
3587 2969 3698 3041 quid

2107 3065 2271 3120 facies
2303 3063 2512 3130 objecta
2564 3061 2748 3115 bestiis
2788 3073 2920 3127 quas
2947 3062 3354 3127 contempsisti,
3382 3075 3511 3115 eum
3543 3065 3699 3119 sacri-

2106 3155 2266 3209 licare
2295 3151 2557 3208 noluisti?
2592 3153 2657 3205 Et
2683 3151 2771 3205 illa
2813 3151 3129 3219 respondit:
3181 3151 3338 3206 Modo
3383 3165 3488 3222 ego
3539 3160 3702 3224 patior

2109 3249 2254 3320 quod
2287 3249 2478 3319 patior;
2509 3249 2616 3303 illic
2646 3258 2824 3302 autem
2854 3248 2992 3300 alius
3022 3248 3124 3301 erit
3157 3249 3206 3301 in
3240 3263 3326 3302 me
3353 3249 3444 3317 qui
3480 3253 3700 3318 patietur
3768 3277 3769 3316 ξ

2111 3357 2210 3414 pro
2238 3356 2324 3396 me
2349 3385 2363 3408 ,
2397 3343 2518 3412 quia
2549 3350 2602 3396 et
2632 3357 2731 3412 ego
2758 3357 2852 3410 pro
2881 3341 2971 3395 illo
3005 3357 3223 3410 passura
3253 3358 3391 3396 sum.
3439 3343 3514 3397 Ita
3557 3346 3694 3400 enixa
3768 3333 3769 3408 ἢ

2109 3450 2196 3497 est
2227 3440 2454 3511 puellam
2477 3483 2491 3505 ,
2515 3453 2676 3510 quam
2707 3439 2806 3493 sibi
2839 3438 3082 3508 quaedam
3115 3454 3270 3493 soror
3291 3440 3343 3493 in
3373 3438 3547 3494 tiliam
3577 3437 3693 3496 edn.

2111 3536 2273 3592 cavit.
2307 3555 2325 3588 ι
2358 3534 2537 3590 Nihilo
2561 3534 2811 3589 inferiora
2856 3543 3001 3597 sunt,
3031 3548 3204 3604 neque
3247 3535 3440 3589 minori
3479 3536 3693 3590 admira-

2111 3634 2257 3687 tione
2306 3630 2462 3701 digna
2508 3644 2626 3698 quae
2673 3629 3050 3683 describuntur
3095 3629 3120 3697 ξ
3159 3629 3196 3683 ’ὅ
3248 3637 3300 3682 et
3343 3630 3376 3684 4
3429 3619 3691 3699 Perpetua:

2112 3737 2166 3781 et
2203 3725 2378 3780 Saturi
2424 3723 2633 3777 infracti
2675 3721 2980 3791 excelsique
3021 3721 3182 3775 animi
3222 3721 3564 3777 documenta.
3599 3718 3690 3776 Sed

2112 3835 2218 3874 non
2271 3827 2353 3873 est
2398 3817 2727 3873 omittendus
2755 3831 2871 3885 cap.
2897 3823 2972 3881 vt,
3008 3816 3034 3888 §
3067 3818 3118 3881 l,
3149 3826 3206 3870 ttt
3233 3832 3295 3871 ex
3335 3818 3687 3872 universarum
3768 3885 3769 3900 χ

2114 3912 2369 3965 virtutum
2399 3910 2734 3965 eonnexionc
2763 3920 2815 3964 et
2845 3910 3100 3966 varietate
3120 3918 3404 3964 contextus
3436 3929 3448 3964 :
3484 3928 3502 3961 ι
3528 3907 3691 3961 Illuxit

2109 4004 2225 4057 dies
2254 4003 2489 4056 vietorizc
2521 4002 2762 4065 illorum,
2798 4011 2852 4056 et
2880 4012 3256 4070 processerunt
3287 4000 3352 4055 de
3394 4007 3599 4056 careere
3635 3998 3687 4050 in
3768 4029 3769 4032 η

2109 4095 2582 4167 amphitheatrum,
2607 4083 2756 4163 quasi
2785 4095 2835 4148 itt
2858 4093 3314 4164 cmium,§hilares,
3339 4091 3489 4147 vultu
3505 4088 3690 4156 decori,

2110 4191 2152 4245 si
2184 4188 2320 4244 forte
2347 4187 2544 4258 gaudio
2579 4195 2849 4255 paventes,
2879 4202 2982 4240 non
3009 4189 3219 4252 timore;
3245 4183 3566 4256 sequebatur
3580 4181 3693 4237 Pcr-

2109 4293 2267 4355 pctua
2298 4283 2505 4353 placido
2538 4281 2681 4336 vultu
2707 4325 2720 4348 ,
2755 4290 2808 4336 et
2849 4281 3043 4351 pedum
3088 4281 3330 4347 incessu,
3361 4277 3421 4333 'm
3465 4284 3690 4334 matrem

2109 4380 2307 4435 Christi
2353 4381 2442 4436 Dei
2481 4383 2702 4442 dilecta,
2747 4380 2982 4447 vigorem
3016 4375 3290 4430 oculorum
3323 4389 3547 4429 suorum
3577 4372 3691 4440 deji-

2109 4478 2258 4532 ciens
2287 4477 2352 4529 ab
2379 4477 2616 4531 omnium
2640 4482 2952 4541 C(lllSpCClll.
2978 4471 3104 4525 ltent
3136 4469 3384 4524 Felicitas
3417 4469 3615 4524 salvam
3640 4479 3687 4519 se

2109 4571 2380 4642 peperisse
2403 4569 2670 4639 gaudens,
2706 4575 2758 4619 ιιι
2791 4563 2854 4618 :td
2886 4563 3082 4618 bestias
3111 4574 3398 4633 pugnaret,
3434 4577 3465 4618 a
3494 4557 3688 4630 sangui-

2112 4684 2207 4731 ne,
2238 4666 2304 4719 ab
2336 4665 2622 4716 obstetrice
2662 4661 2726 4714 ad
2772 4660 3081 4722 retiarium,
3136 4658 3307 4711 lotura
3347 4669 3470 4728 post
3503 4667 3690 4727 partum

2109 4763 2375 4832 baptismo
2415 4757 2666 4811 secundo.
2717 4756 2780 4808 Et
2817 4770 2936 4808 cum
2979 4753 3140 4808 delati
3170 4755 3350 4807 essent
3381 4755 3432 4807 in
3463 4761 3686 4824 p‘ortam,

2109 4866 2161 4909 et
2189 4861 2505 4923 cogerentur
2563 4848 2798 4902 habitum
2853 4848 3105 4908 induere,
3161 4845 3256 4898 viri
3287 4844 3502 4916 quidem
3545 4856 3692 4899 sacer-

2109 4950 2292 5002 dotum
2317 4944 2563 5007 Saturni,
2599 4942 2830 4998 licinium
2856 4957 2984 4996 vero
3012 4947 3339 4995 sacrataruut
3369 4938 3584 4995 Cereri:
3612 4945 3689 5007 g‘c-

2113 5058 2304 5097 uorosa
2321 5041 2408 5094 illa
2429 5042 2476 5092 itt
2495 5039 2652 5094 ﬁnem
2676 5054 2843 5108 usque.
2868 5037 3166 5091 constantia
3195 5036 3534 5104 repugnavit.
3557 5032 3692 5087 Dice-

2109 5141 2233 5192 bant
2265 5139 2435 5191 enim:
2468 5135 2591 5188 Ideo
2621 5135 2687 5188 ad
2720 5134 2813 5186 hoc
2841 5149 3018 5200 Sponte
3047 5133 3381 5202 peruenimus,
3417 5149 3478 5186 ne
3510 5130 3691 5183 libertas

2109 5243 2280 5285 nostra
2306 5231 2656 5285 abduceretur.
2693 5229 2795 5282 Deo
2826 5230 3022 5282 artiums
3055 5235 3254 5282 nostras
3283 5226 3603 5289 addiximus,
3638 5235 3689 5273 ηε

2109 5325 2207 5378 (ale
2229 5325 2422 5392 aliquit!
2446 5327 2755 5394 [acet-cutus:
2773 5323 2864 5376 hoc
2888 5323 3139 5376 vobiscum
3164 5321 3296 5390 parti
3321 5337 3513 5374 sumus.
3531 5317 3690 5388 Agno-

2107 5421 2179 5472 vit
2229 5419 2484 5488 ihjttstitia
2521 5418 2814 5486 justitiam:
2861 5415 3130 5470 concessit
3172 5413 3452 5477 tribu-nus,
3482 5421 3535 5467 ut
3565 5425 3685 5480 quo-

2110 5515 2267 5568 modo
2294 5525 2438 5567 erant
2461 5554 2475 5576 ,
2506 5511 2820 5581 simpliciter
2848 5511 3246 5566 inducerentur.
3277 5507 3536 5579 Perpetua
3566 5502 3686 5575 psal-

2109 5609 2270 5670 lebat,
2303 5616 2461 5675 caput
2482 5607 2591 5674 jam
2623 5605 2853 5676 xligyptii
2883 5605 3115 5659 caleans.
3153 5603 3490 5668 ιὶργορειῐιιε,
3517 5609 3568 5655 et
3595 5596 3684 5651 Sa-

2107 5702 2352 5757 turninus
2383 5712 2435 5755 et
2459 5701 2700 5768 Saturus,
2725 5700 2920 5771 populo
2950 5699 3208 5767 spectanti
3239 5698 3686 5753 committebantur

2107 5797 2172 5852 de
2223 5796 2340 5851 hoc.
2400 5793 2466 5850 Ut
2512 5795 2611 5850 sub
2669 5800 2958 5865 con5pectu
3006 5791 3268 5849 Hilariani
3319 5791 3683 5865 pervenerunt,
