  <div class='ocr_page' id='page_1' title='image "/cluster/home/n/w/nwhite01/storage/ocr_20150623/3/uva.x000669812/122.png"; bbox 0 0 3818 6278; ppageno 0'>
   <div class='ocr_carea' id='block_1_1' title="bbox 127 321 229 380">
    <p class='ocr_par' dir='ltr' id='par_1_1' title="bbox 127 321 229 380">
     <span class='ocr_line' id='line_1_1' title="bbox 127 321 229 380; baseline 0.01 -1"><span class='ocrx_word' id='word_1_1' title='bbox 127 321 229 380; x_wconf 71' lang='lat' dir='ltr'><strong>HI</strong></span> 
     </span>
    </p>
   </div>
   <div class='ocr_carea' id='block_1_2' title="bbox 1010 316 2569 398">
    <p class='ocr_par' dir='ltr' id='par_1_2' title="bbox 1010 316 2569 398">
     <span class='ocr_line' id='line_1_2' title="bbox 1010 316 2569 398; baseline 0.009 -18"><span class='ocrx_word' id='word_1_2' title='bbox 1010 316 1149 381; x_wconf 79' lang='lat' dir='ltr'><strong>PRO</strong></span> <span class='ocrx_word' id='word_1_3' title='bbox 1186 324 1285 384; x_wconf 88' lang='lat' dir='ltr'><strong>SS.</strong></span> <span class='ocrx_word' id='word_1_4' title='bbox 1324 320 1716 398; x_wconf 81' lang='lat' dir='ltr'><strong>PEBPETUA,</strong></span> <span class='ocrx_word' id='word_1_5' title='bbox 1758 322 2170 391; x_wconf 78' lang='lat' dir='ltr'><strong>FELICITATE</strong></span> <span class='ocrx_word' id='word_1_6' title='bbox 2208 328 2297 392; x_wconf 84' lang='lat' dir='ltr'><strong>ET</strong></span> <span class='ocrx_word' id='word_1_7' title='bbox 2333 335 2569 396; x_wconf 85' lang='lat' dir='ltr'><strong>SOCIIS.</strong></span> 
     </span>
    </p>
   </div>
   <div class='ocr_carea' id='block_1_3' title="bbox 3326 351 3432 410">
    <p class='ocr_par' dir='ltr' id='par_1_3' title="bbox 3326 351 3432 410">
     <span class='ocr_line' id='line_1_3' title="bbox 3326 351 3432 410; baseline -0.019 0"><span class='ocrx_word' id='word_1_8' title='bbox 3326 351 3432 410; x_wconf 74' lang='lat' dir='ltr'><strong>M2</strong></span> 
     </span>
    </p>
   </div>
   <div class='ocr_carea' id='block_1_4' title="bbox 122 439 3433 534">
    <p class='ocr_par' dir='ltr' id='par_1_4' title="bbox 122 439 3433 534">
     <span class='ocr_line' id='line_1_4' title="bbox 122 439 3433 534; baseline 0.008 -39"><span class='ocrx_word' id='word_1_9' title='bbox 122 447 274 512; x_wconf 86' lang='lat' dir='ltr'><strong>gestu</strong></span> <span class='ocrx_word' id='word_1_10' title='bbox 301 446 361 496; x_wconf 83' lang='lat' dir='ltr'><strong>et</strong></span> <span class='ocrx_word' id='word_1_11' title='bbox 387 450 519 517; x_wconf 72' lang='lat' dir='ltr'><strong>nutu</strong></span> <span class='ocrx_word' id='word_1_12' title='bbox 541 447 831 534; x_wconf 72' lang='lat' dir='ltr'><strong>cmperunt</strong></span> <span class='ocrx_word' id='word_1_13' title='bbox 858 439 1136 497; x_wconf 82' lang='lat' dir='ltr'><strong>Hilariano</strong></span> <span class='ocrx_word' id='word_1_14' title='bbox 1163 443 1375 499; x_wconf 78' lang='lat' dir='ltr'><strong>dicere:</strong></span> <span class='ocrx_word' id='word_1_15' title='bbox 1399 444 1481 499; x_wconf 89' lang='lat' dir='ltr'><strong>Tu</strong></span> <span class='ocrx_word' id='word_1_16' title='bbox 1512 462 1626 509; x_wconf 81' lang='lat' dir='ltr'><strong>nos,</strong></span> <span class='ocrx_word' id='word_1_17' title='bbox 1656 447 1736 501; x_wconf 92' lang='lat' dir='ltr'><strong>in-</strong></span> <span class='ocrx_word' id='word_1_18' title='bbox 1761 447 1814 509; x_wconf 81' lang='grc' dir='ltr'><strong>Α</strong></span> <span class='ocrx_word' id='word_1_19' title='bbox 1840 449 1961 505; x_wconf 86' lang='lat' dir='ltr'><strong>dam</strong></span> <span class='ocrx_word' id='word_1_20' title='bbox 1994 453 2293 510; x_wconf 78' lang='lat' dir='ltr'><strong>sanctitatis</strong></span> <span class='ocrx_word' id='word_1_21' title='bbox 2318 456 2563 512; x_wconf 80' lang='lat' dir='ltr'><strong>umbram</strong></span> <span class='ocrx_word' id='word_1_22' title='bbox 2614 455 2845 525; x_wconf 83' lang='lat' dir='ltr'><strong>aﬂ&#39;ectet,</strong></span> <span class='ocrx_word' id='word_1_23' title='bbox 2880 468 2938 516; x_wconf 91' lang='lat' dir='ltr'><strong>ut</strong></span> <span class='ocrx_word' id='word_1_24' title='bbox 2977 460 3076 517; x_wconf 88' lang='lat' dir='ltr'><strong>hos</strong></span> <span class='ocrx_word' id='word_1_25' title='bbox 3101 464 3294 534; x_wconf 79' lang='lat' dir='ltr'><strong>gestiat</strong></span> <span class='ocrx_word' id='word_1_26' title='bbox 3317 467 3433 523; x_wconf 89' lang='lat' dir='ltr'><strong>vir-</strong></span> 
     </span>
    </p>
   </div>
   <div class='ocr_carea' id='block_1_5' title="bbox 127 531 1739 608">
    <p class='ocr_par' dir='ltr' id='par_1_5' title="bbox 127 531 1739 608">
     <span class='ocr_line' id='line_1_5' title="bbox 127 531 1739 608; baseline 0.006 -23"><span class='ocrx_word' id='word_1_27' title='bbox 127 533 346 605; x_wconf 82' lang='lat' dir='ltr'><strong>qniunt,</strong></span> <span class='ocrx_word' id='word_1_28' title='bbox 382 542 430 587; x_wconf 83' lang='lat' dir='ltr'><strong>te</strong></span> <span class='ocrx_word' id='word_1_29' title='bbox 456 543 616 587; x_wconf 71' lang='lat' dir='ltr'><strong>autem</strong></span> <span class='ocrx_word' id='word_1_30' title='bbox 642 531 787 587; x_wconf 77' lang='lat' dir='ltr'><strong>Deus</strong></span> <span class='ocrx_word' id='word_1_31' title='bbox 806 534 1082 603; x_wconf 81' lang='lat' dir='ltr'><strong>judicabit.</strong></span> <span class='ocrx_word' id='word_1_32' title='bbox 1108 534 1188 590; x_wconf 84' lang='lat' dir='ltr'><strong>Ad</strong></span> <span class='ocrx_word' id='word_1_33' title='bbox 1217 536 1318 592; x_wconf 89' lang='lat' dir='ltr'><strong>hoc</strong></span> <span class='ocrx_word' id='word_1_34' title='bbox 1338 540 1566 608; x_wconf 89' lang='lat' dir='ltr'><strong>populus</strong></span> <span class='ocrx_word' id='word_1_35' title='bbox 1585 554 1739 596; x_wconf 83' lang='lat' dir='ltr'><strong>exas-</strong></span> 
     </span>
    </p>
   </div>
   <div class='ocr_carea' id='block_1_6' title="bbox 132 623 1739 701">
    <p class='ocr_par' dir='ltr' id='par_1_6' title="bbox 132 623 1739 701">
     <span class='ocr_line' id='line_1_6' title="bbox 132 623 1739 701; baseline 0.007 -23"><span class='ocrx_word' id='word_1_36' title='bbox 132 635 374 695; x_wconf 79' lang='lat' dir='ltr'><strong>peratus.</strong></span> <span class='ocrx_word' id='word_1_37' title='bbox 393 623 604 695; x_wconf 86' lang='lat' dir='ltr'><strong>ﬂagellis</strong></span> <span class='ocrx_word' id='word_1_38' title='bbox 623 638 719 679; x_wconf 88' lang='lat' dir='ltr'><strong>eos</strong></span> <span class='ocrx_word' id='word_1_39' title='bbox 741 626 924 680; x_wconf 78' lang='lat' dir='ltr'><strong>vexari</strong></span> <span class='ocrx_word' id='word_1_40' title='bbox 950 641 1048 695; x_wconf 90' lang='lat' dir='ltr'><strong>pro</strong></span> <span class='ocrx_word' id='word_1_41' title='bbox 1070 626 1258 682; x_wconf 84' lang='lat' dir='ltr'><strong>ordine</strong></span> <span class='ocrx_word' id='word_1_42' title='bbox 1279 638 1590 685; x_wconf 89' lang='lat' dir='ltr'><strong>venatorum</strong></span> <span class='ocrx_word' id='word_1_43' title='bbox 1616 646 1739 701; x_wconf 86' lang='lat' dir='ltr'><strong>pos-</strong></span> 
     </span>
    </p>
   </div>
   <div class='ocr_carea' id='block_1_7' title="bbox 141 717 1737 792">
    <p class='ocr_par' dir='ltr' id='par_1_7' title="bbox 141 717 1737 792">
     <span class='ocr_line' id='line_1_7' title="bbox 141 717 1737 792; baseline 0.004 -19"><span class='ocrx_word' id='word_1_44' title='bbox 141 720 348 773; x_wconf 80' lang='lat' dir='ltr'><strong>tulavit.</strong></span> <span class='ocrx_word' id='word_1_45' title='bbox 375 718 438 772; x_wconf 81' lang='lat' dir='ltr'><strong>Et</strong></span> <span class='ocrx_word' id='word_1_46' title='bbox 463 719 637 787; x_wconf 81' lang='lat' dir='ltr'><strong>utique</strong></span> <span class='ocrx_word' id='word_1_47' title='bbox 664 717 739 772; x_wconf 90' lang='lat' dir='ltr'><strong>illi</strong></span> <span class='ocrx_word' id='word_1_48' title='bbox 762 718 1015 788; x_wconf 78' lang='lat' dir='ltr'><strong>gratulati</strong></span> <span class='ocrx_word' id='word_1_49' title='bbox 1043 729 1187 785; x_wconf 90' lang='lat' dir='ltr'><strong>sunt,</strong></span> <span class='ocrx_word' id='word_1_50' title='bbox 1211 721 1352 790; x_wconf 88' lang='lat' dir='ltr'><strong>quod</strong></span> <span class='ocrx_word' id='word_1_51' title='bbox 1375 722 1572 792; x_wconf 86' lang='lat' dir='ltr'><strong>aliquid</strong></span> <span class='ocrx_word' id='word_1_52' title='bbox 1596 733 1650 778; x_wconf 91' lang='lat' dir='ltr'><strong>et</strong></span> <span class='ocrx_word' id='word_1_53' title='bbox 1668 725 1737 780; x_wconf 85' lang='lat' dir='ltr'><strong>de</strong></span> 
     </span>
    </p>
   </div>
   <div class='ocr_carea' id='block_1_8' title="bbox 144 811 1739 879">
    <p class='ocr_par' dir='ltr' id='par_1_8' title="bbox 144 811 1739 879">
     <span class='ocr_line' id='line_1_8' title="bbox 144 811 1739 879; baseline 0.003 -13"><span class='ocrx_word' id='word_1_54' title='bbox 144 812 412 867; x_wconf 64' lang='lat' dir='ltr'><strong>dominicis</strong></span> <span class='ocrx_word' id='word_1_55' title='bbox 443 811 774 879; x_wconf 83' lang='lat' dir='ltr'><strong>passionibus</strong></span> <span class='ocrx_word' id='word_1_56' title='bbox 804 822 986 866; x_wconf 86' lang='lat' dir='ltr'><strong>essent</strong></span> <span class='ocrx_word' id='word_1_57' title='bbox 1009 813 1302 867; x_wconf 82' lang='lat' dir='ltr'><strong>consecuti.</strong></span> <span class='ocrx_word' id='word_1_58' title='bbox 1329 832 1348 865; x_wconf 76' lang='grc' dir='ltr'><strong><em>ι</em></strong></span> <span class='ocrx_word' id='word_1_59' title='bbox 1382 813 1654 868; x_wconf 81' lang='lat' dir='ltr'><strong>Videndns</strong></span> <span class='ocrx_word' id='word_1_60' title='bbox 1682 825 1739 871; x_wconf 89' lang='lat' dir='ltr'><strong>et</strong></span> 
     </span>
    </p>
   </div>
   <div class='ocr_carea' id='block_1_9' title="bbox 146 903 1733 980">
    <p class='ocr_par' dir='ltr' id='par_1_9' title="bbox 146 903 1733 980">
     <span class='ocr_line' id='line_1_9' title="bbox 146 903 1733 980; baseline 0.001 -18"><span class='ocrx_word' id='word_1_61' title='bbox 146 922 262 977; x_wconf 84' lang='lat' dir='ltr'><strong>cap.</strong></span> <span class='ocrx_word' id='word_1_62' title='bbox 290 922 359 971; x_wconf 76' lang='lat' dir='ltr'><strong>v1,</strong></span> <span class='ocrx_word' id='word_1_63' title='bbox 387 903 414 976; x_wconf 70' lang='grc' dir='ltr'><strong>ς</strong></span> <span class='ocrx_word' id='word_1_64' title='bbox 440 907 496 970; x_wconf 83' lang='grc'><strong>5,</strong></span> <span class='ocrx_word' id='word_1_65' title='bbox 525 906 602 959; x_wconf 87' lang='lat' dir='ltr'><strong>uti</strong></span> <span class='ocrx_word' id='word_1_66' title='bbox 630 915 829 974; x_wconf 83' lang='lat' dir='ltr'><strong>praeter</strong></span> <span class='ocrx_word' id='word_1_67' title='bbox 856 905 1107 962; x_wconf 82' lang='lat' dir='ltr'><strong>invictam</strong></span> <span class='ocrx_word' id='word_1_68' title='bbox 1135 909 1298 963; x_wconf 88' lang='lat' dir='ltr'><strong>animi</strong></span> <span class='ocrx_word' id='word_1_69' title='bbox 1328 908 1733 980; x_wconf 86' lang='lat' dir='ltr'><strong>fortitudinem,</strong></span> 
     </span>
    </p>
   </div>
   <div class='ocr_carea' id='block_1_10' title="bbox 146 998 1732 1071">
    <p class='ocr_par' dir='ltr' id='par_1_10' title="bbox 146 998 1732 1071">
     <span class='ocr_line' id='line_1_10' title="bbox 146 998 1732 1071; baseline 0.004 -20"><span class='ocrx_word' id='word_1_70' title='bbox 146 1016 246 1070; x_wconf 84' lang='lat' dir='ltr'><strong>qua</strong></span> <span class='ocrx_word' id='word_1_71' title='bbox 270 998 671 1053; x_wconf 66' lang='lat' dir='ltr'><strong>seferocissimaa</strong></span> <span class='ocrx_word' id='word_1_72' title='bbox 696 1013 872 1054; x_wconf 80' lang='lat' dir='ltr'><strong>vacca:</strong></span> <span class='ocrx_word' id='word_1_73' title='bbox 889 1010 1087 1055; x_wconf 76' lang='lat' dir='ltr'><strong>sancta:</strong></span> <span class='ocrx_word' id='word_1_74' title='bbox 1119 1001 1374 1057; x_wconf 72' lang='lat' dir='ltr'><strong>mulieres</strong></span> <span class='ocrx_word' id='word_1_75' title='bbox 1404 1002 1732 1071; x_wconf 81' lang='lat' dir='ltr'><strong>obtulerunt,</strong></span> 
     </span>
    </p>
   </div>
   <div class='ocr_carea' id='block_1_11' title="bbox 150 1091 1732 1164">
    <p class='ocr_par' dir='ltr' id='par_1_11' title="bbox 150 1091 1732 1164">
     <span class='ocr_line' id='line_1_11' title="bbox 150 1091 1732 1164; baseline 0.001 -14"><span class='ocrx_word' id='word_1_76' title='bbox 150 1091 455 1163; x_wconf 82' lang='lat' dir='ltr'><strong>suscipienda</strong></span> <span class='ocrx_word' id='word_1_77' title='bbox 471 1092 618 1147; x_wconf 84' lang='lat' dir='ltr'><strong>venit</strong></span> <span class='ocrx_word' id='word_1_78' title='bbox 633 1105 689 1149; x_wconf 88' lang='lat' dir='ltr'><strong>et</strong></span> <span class='ocrx_word' id='word_1_79' title='bbox 702 1093 979 1164; x_wconf 75' lang='lat' dir='ltr'><strong>Perpetuze</strong></span> <span class='ocrx_word' id='word_1_80' title='bbox 994 1095 1255 1150; x_wconf 82' lang='lat' dir='ltr'><strong>modestia</strong></span> <span class='ocrx_word' id='word_1_81' title='bbox 1272 1113 1316 1149; x_wconf 74' lang='grc' dir='ltr'><strong>ε(</strong></span> <span class='ocrx_word' id='word_1_82' title='bbox 1327 1095 1529 1151; x_wconf 85' lang='lat' dir='ltr'><strong>Jactata</strong></span> <span class='ocrx_word' id='word_1_83' title='bbox 1546 1116 1562 1149; x_wconf 73' lang='grc' dir='ltr'><strong>ι</strong></span> <span class='ocrx_word' id='word_1_84' title='bbox 1590 1098 1732 1152; x_wconf 90' lang='lat' dir='ltr'><strong>enim</strong></span> 
     </span>
    </p>
   </div>
   <div class='ocr_carea' id='block_1_12' title="bbox 147 1184 1736 1260">
    <p class='ocr_par' dir='ltr' id='par_1_12' title="bbox 147 1184 1736 1260">
     <span class='ocr_line' id='line_1_12' title="bbox 147 1184 1736 1260; baseline 0.004 -22"><span class='ocrx_word' id='word_1_85' title='bbox 147 1184 495 1242; x_wconf 81' lang='lat' dir='ltr'><strong>afemcissima</strong></span> <span class='ocrx_word' id='word_1_86' title='bbox 521 1184 695 1241; x_wconf 80' lang='lat' dir='ltr'><strong>bestia</strong></span> <span class='ocrx_word' id='word_1_87' title='bbox 719 1203 739 1237; x_wconf 78' lang='grc' dir='ltr'>ι</span> <span class='ocrx_word' id='word_1_88' title='bbox 753 1186 985 1242; x_wconf 87' lang='lat' dir='ltr'><strong>concidit</strong></span> <span class='ocrx_word' id='word_1_89' title='bbox 1001 1186 1053 1242; x_wconf 92' lang='lat' dir='ltr'><strong>in</strong></span> <span class='ocrx_word' id='word_1_90' title='bbox 1073 1188 1305 1256; x_wconf 89' lang='lat' dir='ltr'><strong>lumbos,</strong></span> <span class='ocrx_word' id='word_1_91' title='bbox 1319 1198 1373 1243; x_wconf 90' lang='lat' dir='ltr'><strong>et</strong></span> <span class='ocrx_word' id='word_1_92' title='bbox 1386 1198 1442 1243; x_wconf 92' lang='lat' dir='ltr'><strong>ut</strong></span> <span class='ocrx_word' id='word_1_93' title='bbox 1456 1190 1736 1260; x_wconf 83' lang='lat' dir='ltr'><strong>conspexit</strong></span> 
     </span>
    </p>
   </div>
   <div class='ocr_carea' id='block_1_13' title="bbox 144 1277 1732 1347">
    <p class='ocr_par' dir='ltr' id='par_1_13' title="bbox 144 1277 1732 1347">
     <span class='ocr_line' id='line_1_13' title="bbox 144 1277 1732 1347; baseline 0.004 -16"><span class='ocrx_word' id='word_1_94' title='bbox 144 1279 355 1332; x_wconf 72' lang='lat' dir='ltr'><strong>tunicam</strong></span> <span class='ocrx_word' id='word_1_95' title='bbox 383 1292 414 1330; x_wconf 89' lang='lat' dir='ltr'><strong>a</strong></span> <span class='ocrx_word' id='word_1_96' title='bbox 438 1277 619 1333; x_wconf 80' lang='lat' dir='ltr'><strong>latere</strong></span> <span class='ocrx_word' id='word_1_97' title='bbox 646 1277 946 1347; x_wconf 84' lang='lat' dir='ltr'><strong>discissam,</strong></span> <span class='ocrx_word' id='word_1_98' title='bbox 976 1280 1044 1334; x_wconf 90' lang='lat' dir='ltr'><strong>ad</strong></span> <span class='ocrx_word' id='word_1_99' title='bbox 1074 1281 1435 1336; x_wconf 86' lang='lat' dir='ltr'><strong>velamentum</strong></span> <span class='ocrx_word' id='word_1_100' title='bbox 1470 1282 1732 1342; x_wconf 71' lang='lat' dir='ltr'><strong>femorum</strong></span> 
     </span>
    </p>
   </div>
   <div class='ocr_carea' id='block_1_14' title="bbox 135 1370 1514 1446">
    <p class='ocr_par' dir='ltr' id='par_1_14' title="bbox 135 1370 1514 1446">
     <span class='ocr_line' id='line_1_14' title="bbox 135 1370 1514 1446; baseline 0.003 -21"><span class='ocrx_word' id='word_1_101' title='bbox 135 1370 359 1436; x_wconf 77' lang='lat' dir='ltr'><strong>adduxit,</strong></span> <span class='ocrx_word' id='word_1_102' title='bbox 393 1371 622 1440; x_wconf 87' lang='lat' dir='ltr'><strong>pudoris</strong></span> <span class='ocrx_word' id='word_1_103' title='bbox 648 1375 824 1444; x_wconf 83' lang='lat' dir='ltr'><strong>potius</strong></span> <span class='ocrx_word' id='word_1_104' title='bbox 841 1390 1049 1430; x_wconf 87' lang='lat' dir='ltr'><strong>memor</strong></span> <span class='ocrx_word' id='word_1_105' title='bbox 1069 1392 1227 1446; x_wconf 80' lang='lat' dir='ltr'><strong>quam</strong></span> <span class='ocrx_word' id='word_1_106' title='bbox 1257 1375 1514 1433; x_wconf 65' lang='lat' dir='ltr'><strong>doloris.)</strong></span> 
     </span>
    </p>
   </div>
   <div class='ocr_carea' id='block_1_15' title="bbox 203 1462 1737 1539">
    <p class='ocr_par' dir='ltr' id='par_1_15' title="bbox 203 1462 1737 1539">
     <span class='ocr_line' id='line_1_15' title="bbox 203 1462 1737 1539; baseline 0.005 -20"><span class='ocrx_word' id='word_1_107' title='bbox 203 1463 289 1519; x_wconf 83' lang='lat' dir='ltr'><strong>Ill.</strong></span> <span class='ocrx_word' id='word_1_108' title='bbox 326 1462 465 1519; x_wconf 78' lang='lat' dir='ltr'><strong>Nihil</strong></span> <span class='ocrx_word' id='word_1_109' title='bbox 492 1465 548 1519; x_wconf 88' lang='lat' dir='ltr'><strong>in</strong></span> <span class='ocrx_word' id='word_1_110' title='bbox 578 1465 663 1521; x_wconf 85' lang='lat' dir='ltr'><strong>his</strong></span> <span class='ocrx_word' id='word_1_111' title='bbox 686 1476 980 1539; x_wconf 80' lang='lat' dir='ltr'><strong>martyrum</strong></span> <span class='ocrx_word' id='word_1_112' title='bbox 1004 1469 1173 1538; x_wconf 82' lang='lat' dir='ltr'><strong>gestis</strong></span> <span class='ocrx_word' id='word_1_113' title='bbox 1197 1466 1627 1526; x_wconf 82' lang='lat' dir='ltr'><strong>animadvertere</strong></span> <span class='ocrx_word' id='word_1_114' title='bbox 1650 1477 1737 1526; x_wconf 86' lang='lat' dir='ltr'><strong>est</strong></span> 
     </span>
    </p>
   </div>
   <div class='ocr_carea' id='block_1_16' title="bbox 139 1555 1736 1630">
    <p class='ocr_par' dir='ltr' id='par_1_16' title="bbox 139 1555 1736 1630">
     <span class='ocr_line' id='line_1_16' title="bbox 139 1555 1736 1630; baseline 0.005 -20"><span class='ocrx_word' id='word_1_115' title='bbox 139 1571 199 1610; x_wconf 77' lang='lat' dir='ltr'><strong>ex</strong></span> <span class='ocrx_word' id='word_1_116' title='bbox 220 1555 442 1610; x_wconf 71' lang='lat' dir='ltr'><strong>Montani</strong></span> <span class='ocrx_word' id='word_1_117' title='bbox 465 1556 652 1613; x_wconf 83' lang='lat' dir='ltr'><strong>schola</strong></span> <span class='ocrx_word' id='word_1_118' title='bbox 681 1569 736 1612; x_wconf 87' lang='lat' dir='ltr'><strong>et</strong></span> <span class='ocrx_word' id='word_1_119' title='bbox 759 1560 1091 1614; x_wconf 89' lang='lat' dir='ltr'><strong>institutione</strong></span> <span class='ocrx_word' id='word_1_120' title='bbox 1113 1559 1446 1630; x_wconf 75' lang='lat' dir='ltr'><strong>profectum;</strong></span> <span class='ocrx_word' id='word_1_121' title='bbox 1473 1561 1604 1617; x_wconf 85' lang='lat' dir='ltr'><strong>nihil</strong></span> <span class='ocrx_word' id='word_1_122' title='bbox 1632 1563 1736 1617; x_wconf 88' lang='lat' dir='ltr'><strong>sci-</strong></span> 
     </span>
    </p>
   </div>
   <div class='ocr_carea' id='block_1_17' title="bbox 145 1650 1736 1722">
    <p class='ocr_par' dir='ltr' id='par_1_17' title="bbox 145 1650 1736 1722">
     <span class='ocr_line' id='line_1_17' title="bbox 145 1650 1736 1722; baseline 0.003 -18"><span class='ocrx_word' id='word_1_123' title='bbox 145 1650 263 1706; x_wconf 85' lang='lat' dir='ltr'><strong>licet</strong></span> <span class='ocrx_word' id='word_1_124' title='bbox 296 1650 739 1719; x_wconf 80' lang='lat' dir='ltr'><strong>superstitiosum,</strong></span> <span class='ocrx_word' id='word_1_125' title='bbox 763 1651 897 1706; x_wconf 82' lang='lat' dir='ltr'><strong>nihil</strong></span> <span class='ocrx_word' id='word_1_126' title='bbox 918 1652 1353 1722; x_wconf 88' lang='lat' dir='ltr'><strong>incompositum,</strong></span> <span class='ocrx_word' id='word_1_127' title='bbox 1380 1655 1513 1708; x_wconf 84' lang='lat' dir='ltr'><strong>nihil</strong></span> <span class='ocrx_word' id='word_1_128' title='bbox 1539 1656 1736 1709; x_wconf 88' lang='lat' dir='ltr'><strong>tumul-</strong></span> 
     </span>
    </p>
   </div>
   <div class='ocr_carea' id='block_1_18' title="bbox 157 1742 1733 1816">
    <p class='ocr_par' dir='ltr' id='par_1_18' title="bbox 157 1742 1733 1816">
     <span class='ocr_line' id='line_1_18' title="bbox 157 1742 1733 1816; baseline 0.002 -18"><span class='ocrx_word' id='word_1_129' title='bbox 157 1750 373 1807; x_wconf 76' lang='lat' dir='ltr'><strong>tunsum,</strong></span> <span class='ocrx_word' id='word_1_130' title='bbox 402 1742 534 1797; x_wconf 81' lang='lat' dir='ltr'><strong>nihil</strong></span> <span class='ocrx_word' id='word_1_131' title='bbox 570 1742 862 1809; x_wconf 87' lang='lat' dir='ltr'><strong>turbidum,</strong></span> <span class='ocrx_word' id='word_1_132' title='bbox 912 1744 1048 1799; x_wconf 88' lang='lat' dir='ltr'><strong>nihil</strong></span> <span class='ocrx_word' id='word_1_133' title='bbox 1087 1745 1321 1816; x_wconf 87' lang='lat' dir='ltr'><strong>denique</strong></span> <span class='ocrx_word' id='word_1_134' title='bbox 1368 1747 1733 1802; x_wconf 89' lang='lat' dir='ltr'><strong>inordinatum</strong></span> 
     </span>
    </p>
   </div>
   <div class='ocr_carea' id='block_1_19' title="bbox 1841 546 3431 622">
    <p class='ocr_par' dir='ltr' id='par_1_19' title="bbox 1841 546 3431 622">
     <span class='ocr_line' id='line_1_19' title="bbox 1841 546 3431 622; baseline 0.01 -24"><span class='ocrx_word' id='word_1_135' title='bbox 1841 546 1969 601; x_wconf 90' lang='lat' dir='ltr'><strong>tutis</strong></span> <span class='ocrx_word' id='word_1_136' title='bbox 1995 553 2145 603; x_wconf 89' lang='lat' dir='ltr'><strong>actus</strong></span> <span class='ocrx_word' id='word_1_137' title='bbox 2170 548 2402 613; x_wconf 89' lang='lat' dir='ltr'><strong>imitari;</strong></span> <span class='ocrx_word' id='word_1_138' title='bbox 2433 548 2526 605; x_wconf 92' lang='lat' dir='ltr'><strong>sed</strong></span> <span class='ocrx_word' id='word_1_139' title='bbox 2555 564 2674 606; x_wconf 89' lang='lat' dir='ltr'><strong>esse</strong></span> <span class='ocrx_word' id='word_1_140' title='bbox 2704 566 2811 606; x_wconf 89' lang='lat' dir='ltr'><strong>non</strong></span> <span class='ocrx_word' id='word_1_141' title='bbox 2840 560 3015 622; x_wconf 85' lang='lat' dir='ltr'><strong>potest</strong></span> <span class='ocrx_word' id='word_1_142' title='bbox 3040 563 3098 609; x_wconf 92' lang='lat' dir='ltr'><strong>ut</strong></span> <span class='ocrx_word' id='word_1_143' title='bbox 3123 555 3431 615; x_wconf 82' lang='lat' dir='ltr'><strong>absolutam</strong></span> 
     </span>
    </p>
   </div>
   <div class='ocr_carea' id='block_1_20' title="bbox 1841 637 3434 714">
    <p class='ocr_par' dir='ltr' id='par_1_20' title="bbox 1841 637 3434 714">
     <span class='ocr_line' id='line_1_20' title="bbox 1841 637 3434 714; baseline 0.009 -23"><span class='ocrx_word' id='word_1_144' title='bbox 1841 637 2193 711; x_wconf 87' lang='lat' dir='ltr'><strong>undequaque</strong></span> <span class='ocrx_word' id='word_1_145' title='bbox 2249 648 2302 697; x_wconf 90' lang='lat' dir='ltr'><strong>et</strong></span> <span class='ocrx_word' id='word_1_146' title='bbox 2327 642 2472 696; x_wconf 92' lang='lat' dir='ltr'><strong>omni</strong></span> <span class='ocrx_word' id='word_1_147' title='bbox 2521 656 2588 697; x_wconf 79' lang='lat' dir='ltr'><strong>ex</strong></span> <span class='ocrx_word' id='word_1_148' title='bbox 2634 653 2789 714; x_wconf 89' lang='lat' dir='ltr'><strong>parte</strong></span> <span class='ocrx_word' id='word_1_149' title='bbox 2818 645 3081 701; x_wconf 85' lang='lat' dir='ltr'><strong>sinceram</strong></span> <span class='ocrx_word' id='word_1_150' title='bbox 3123 642 3434 706; x_wconf 86' lang='lat' dir='ltr'><strong>christianae</strong></span> 
     </span>
    </p>
   </div>
   <div class='ocr_carea' id='block_1_21' title="bbox 1842 733 3437 809">
    <p class='ocr_par' dir='ltr' id='par_1_21' title="bbox 1842 733 3437 809">
     <span class='ocr_line' id='line_1_21' title="bbox 1842 733 3437 809; baseline 0.008 -23"><span class='ocrx_word' id='word_1_151' title='bbox 1842 733 2182 803; x_wconf 84' lang='lat' dir='ltr'><strong>perfectionis</strong></span> <span class='ocrx_word' id='word_1_152' title='bbox 2229 736 2516 808; x_wconf 86' lang='lat' dir='ltr'><strong>imaginem</strong></span> <span class='ocrx_word' id='word_1_153' title='bbox 2569 747 2964 809; x_wconf 70' lang='lat' dir='ltr'><strong>repraesentet;</strong></span> <span class='ocrx_word' id='word_1_154' title='bbox 3022 755 3129 795; x_wconf 90' lang='lat' dir='ltr'><strong>non</strong></span> <span class='ocrx_word' id='word_1_155' title='bbox 3177 741 3312 798; x_wconf 90' lang='lat' dir='ltr'><strong>adeo</strong></span> <span class='ocrx_word' id='word_1_156' title='bbox 3362 743 3437 799; x_wconf 84' lang='lat' dir='ltr'><strong>si-</strong></span> 
     </span>
    </p>
   </div>
   <div class='ocr_carea' id='block_1_22' title="bbox 1837 827 3432 905">
    <p class='ocr_par' dir='ltr' id='par_1_22' title="bbox 1837 827 3432 905">
     <span class='ocr_line' id='line_1_22' title="bbox 1837 827 3432 905; baseline 0.008 -24"><span class='ocrx_word' id='word_1_157' title='bbox 1837 827 1887 881; x_wconf 87' lang='lat' dir='ltr'><strong>bi</strong></span> <span class='ocrx_word' id='word_1_158' title='bbox 1918 841 2112 883; x_wconf 80' lang='lat' dir='ltr'><strong>cavere</strong></span> <span class='ocrx_word' id='word_1_159' title='bbox 2166 838 2339 897; x_wconf 82' lang='lat' dir='ltr'><strong>potest</strong></span> <span class='ocrx_word' id='word_1_160' title='bbox 2393 831 2717 901; x_wconf 70' lang='lat' dir='ltr'><strong>hypocrisis,</strong></span> <span class='ocrx_word' id='word_1_161' title='bbox 2770 841 2828 886; x_wconf 92' lang='lat' dir='ltr'><strong>ut</strong></span> <span class='ocrx_word' id='word_1_162' title='bbox 2861 848 2965 888; x_wconf 92' lang='lat' dir='ltr'><strong>non</strong></span> <span class='ocrx_word' id='word_1_163' title='bbox 2994 834 3195 905; x_wconf 90' lang='lat' dir='ltr'><strong>aliquid</strong></span> <span class='ocrx_word' id='word_1_164' title='bbox 3217 836 3432 893; x_wconf 78' lang='lat' dir='ltr'><strong>excidat</strong></span> 
     </span>
    </p>
   </div>
   <div class='ocr_carea' id='block_1_23' title="bbox 1839 922 3436 1000">
    <p class='ocr_par' dir='ltr' id='par_1_23' title="bbox 1839 922 3436 1000">
     <span class='ocr_line' id='line_1_23' title="bbox 1839 922 3436 1000; baseline 0.009 -27"><span class='ocrx_word' id='word_1_165' title='bbox 1839 935 1945 990; x_wconf 90' lang='lat' dir='ltr'><strong>quo</strong></span> <span class='ocrx_word' id='word_1_166' title='bbox 1981 935 2038 975; x_wconf 90' lang='lat' dir='ltr'><strong>se</strong></span> <span class='ocrx_word' id='word_1_167' title='bbox 2073 922 2463 992; x_wconf 86' lang='lat' dir='ltr'><strong>prodat:falsis</strong></span> <span class='ocrx_word' id='word_1_168' title='bbox 2492 926 2635 980; x_wconf 92' lang='lat' dir='ltr'><strong>enim</strong></span> <span class='ocrx_word' id='word_1_169' title='bbox 2664 925 2948 983; x_wconf 86' lang='lat' dir='ltr'><strong>virtutibus</strong></span> <span class='ocrx_word' id='word_1_170' title='bbox 2978 929 3178 1000; x_wconf 88' lang='lat' dir='ltr'><strong>aliquid</strong></span> <span class='ocrx_word' id='word_1_171' title='bbox 3215 932 3324 986; x_wconf 91' lang='lat' dir='ltr'><strong>vitii</strong></span> <span class='ocrx_word' id='word_1_172' title='bbox 3351 931 3436 987; x_wconf 80' lang='lat' dir='ltr'><strong>fa-</strong></span> 
     </span>
    </p>
   </div>
   <div class='ocr_carea' id='block_1_24' title="bbox 1838 1011 3441 1090">
    <p class='ocr_par' dir='ltr' id='par_1_24' title="bbox 1838 1011 3441 1090">
     <span class='ocr_line' id='line_1_24' title="bbox 1838 1011 3441 1090; baseline 0.008 -23"><span class='ocrx_word' id='word_1_173' title='bbox 1838 1011 1940 1068; x_wconf 88' lang='lat' dir='ltr'><strong>cile</strong></span> <span class='ocrx_word' id='word_1_174' title='bbox 1967 1013 2386 1084; x_wconf 84' lang='lat' dir='ltr'><strong>intcrmiscetur,</strong></span> <span class='ocrx_word' id='word_1_175' title='bbox 2431 1026 2485 1070; x_wconf 91' lang='lat' dir='ltr'><strong>et</strong></span> <span class='ocrx_word' id='word_1_176' title='bbox 2508 1016 2728 1087; x_wconf 85' lang='lat' dir='ltr'><strong>spiritus</strong></span> <span class='ocrx_word' id='word_1_177' title='bbox 2754 1016 2844 1073; x_wconf 90' lang='lat' dir='ltr'><strong>ille</strong></span> <span class='ocrx_word' id='word_1_178' title='bbox 2886 1021 3147 1090; x_wconf 67' lang='lat' dir='ltr'><strong>superbia:</strong></span> <span class='ocrx_word' id='word_1_179' title='bbox 3187 1031 3297 1078; x_wconf 92' lang='lat' dir='ltr'><strong>tum</strong></span> <span class='ocrx_word' id='word_1_180' title='bbox 3323 1038 3441 1080; x_wconf 86' lang='lat' dir='ltr'><strong>ma-</strong></span> 
     </span>
    </p>
   </div>
   <div class='ocr_carea' id='block_1_25' title="bbox 1838 1106 3443 1183">
    <p class='ocr_par' dir='ltr' id='par_1_25' title="bbox 1838 1106 3443 1183">
     <span class='ocr_line' id='line_1_25' title="bbox 1838 1106 3443 1183; baseline 0.009 -24"><span class='ocrx_word' id='word_1_181' title='bbox 1838 1106 1981 1161; x_wconf 79' lang='lat' dir='ltr'><strong>xime</strong></span> <span class='ocrx_word' id='word_1_182' title='bbox 2008 1107 2337 1176; x_wconf 80' lang='lat' dir='ltr'><strong>agnoscitur,</strong></span> <span class='ocrx_word' id='word_1_183' title='bbox 2367 1107 2488 1163; x_wconf 75' lang='lat' dir='ltr'><strong>c&#39;um</strong></span> <span class='ocrx_word' id='word_1_184' title='bbox 2518 1107 2683 1164; x_wconf 91' lang='lat' dir='ltr'><strong>animi</strong></span> <span class='ocrx_word' id='word_1_185' title='bbox 2712 1110 3091 1169; x_wconf 87' lang='lat' dir='ltr'><strong>demissionem</strong></span> <span class='ocrx_word' id='word_1_186' title='bbox 3121 1114 3356 1183; x_wconf 86' lang='lat' dir='ltr'><strong>simulat,</strong></span> <span class='ocrx_word' id='word_1_187' title='bbox 3384 1124 3443 1174; x_wconf 80' lang='lat' dir='ltr'><strong>et</strong></span> 
     </span>
    </p>
   </div>
   <div class='ocr_carea' id='block_1_26' title="bbox 1838 1197 3442 1279">
    <p class='ocr_par' dir='ltr' id='par_1_26' title="bbox 1838 1197 3442 1279">
     <span class='ocr_line' id='line_1_26' title="bbox 1838 1197 3442 1279; baseline 0.008 -28"><span class='ocrx_word' id='word_1_188' title='bbox 1838 1210 1897 1252; x_wconf 89' lang='lat' dir='ltr'><strong>se</strong></span> <span class='ocrx_word' id='word_1_189' title='bbox 1918 1197 1969 1252; x_wconf 93' lang='lat' dir='ltr'><strong>in</strong></span> <span class='ocrx_word' id='word_1_190' title='bbox 1992 1200 2315 1255; x_wconf 77' lang='lat' dir='ltr'><strong>exteriorem</strong></span> <span class='ocrx_word' id='word_1_191' title='bbox 2340 1201 2626 1271; x_wconf 82' lang='lat' dir='ltr'><strong>quamdam</strong></span> <span class='ocrx_word' id='word_1_192' title='bbox 2652 1202 2929 1260; x_wconf 64' lang='lat' dir='ltr'><strong>modestia:</strong></span> <span class='ocrx_word' id='word_1_193' title='bbox 2957 1206 3191 1275; x_wconf 84' lang='lat' dir='ltr'><strong>Speciem</strong></span> <span class='ocrx_word' id='word_1_194' title='bbox 3219 1220 3442 1279; x_wconf 89' lang='lat' dir='ltr'><strong>compo-</strong></span> 
     </span>
    </p>
   </div>
   <div class='ocr_carea' id='block_1_27' title="bbox 1839 1290 3440 1372">
    <p class='ocr_par' dir='ltr' id='par_1_27' title="bbox 1839 1290 3440 1372">
     <span class='ocr_line' id='line_1_27' title="bbox 1839 1290 3440 1372; baseline 0.011 -28"><span class='ocrx_word' id='word_1_195' title='bbox 1839 1290 1938 1347; x_wconf 87' lang='lat' dir='ltr'><strong>nit.</strong></span> <span class='ocrx_word' id='word_1_196' title='bbox 1991 1290 2100 1348; x_wconf 92' lang='lat' dir='ltr'><strong>Sed</strong></span> <span class='ocrx_word' id='word_1_197' title='bbox 2130 1291 2257 1363; x_wconf 91' lang='lat' dir='ltr'><strong>quid</strong></span> <span class='ocrx_word' id='word_1_198' title='bbox 2290 1293 2452 1350; x_wconf 83' lang='lat' dir='ltr'><strong>habet</strong></span> <span class='ocrx_word' id='word_1_199' title='bbox 2492 1294 2807 1369; x_wconf 86' lang='lat' dir='ltr'><strong>Basnagius,</strong></span> <span class='ocrx_word' id='word_1_200' title='bbox 2841 1298 2895 1353; x_wconf 92' lang='lat' dir='ltr'><strong>in</strong></span> <span class='ocrx_word' id='word_1_201' title='bbox 2919 1298 3001 1354; x_wconf 89' lang='lat' dir='ltr'><strong>his</strong></span> <span class='ocrx_word' id='word_1_202' title='bbox 3028 1317 3149 1372; x_wconf 66' lang='lat' dir='ltr'><strong>qua:</strong></span> <span class='ocrx_word' id='word_1_203' title='bbox 3166 1301 3232 1357; x_wconf 90' lang='lat' dir='ltr'><strong>ad</strong></span> <span class='ocrx_word' id='word_1_204' title='bbox 3255 1318 3440 1361; x_wconf 84' lang='lat' dir='ltr'><strong>mores</strong></span> 
     </span>
    </p>
   </div>
   <div class='ocr_carea' id='block_1_28' title="bbox 1839 1386 3439 1466">
    <p class='ocr_par' dir='ltr' id='par_1_28' title="bbox 1839 1386 3439 1466">
     <span class='ocr_line' id='line_1_28' title="bbox 1839 1386 3439 1466; baseline 0.008 -26"><span class='ocrx_word' id='word_1_205' title='bbox 1839 1386 2129 1456; x_wconf 87' lang='lat' dir='ltr'><strong>pertinent,</strong></span> <span class='ocrx_word' id='word_1_206' title='bbox 2162 1386 2306 1457; x_wconf 91' lang='lat' dir='ltr'><strong>quod</strong></span> <span class='ocrx_word' id='word_1_207' title='bbox 2326 1388 2379 1442; x_wconf 94' lang='lat' dir='ltr'><strong>in</strong></span> <span class='ocrx_word' id='word_1_208' title='bbox 2412 1388 2673 1459; x_wconf 88' lang='lat' dir='ltr'><strong>Perpetua</strong></span> <span class='ocrx_word' id='word_1_209' title='bbox 2703 1393 2924 1463; x_wconf 88' lang='lat' dir='ltr'><strong>ejusque</strong></span> <span class='ocrx_word' id='word_1_210' title='bbox 2950 1394 3112 1449; x_wconf 89' lang='lat' dir='ltr'><strong>sociis</strong></span> <span class='ocrx_word' id='word_1_211' title='bbox 3143 1388 3439 1466; x_wconf 82' lang='lat' dir='ltr'><strong>reprehen-</strong></span> 
     </span>
    </p>
   </div>
   <div class='ocr_carea' id='block_1_29' title="bbox 1839 1476 3437 1557">
    <p class='ocr_par' dir='ltr' id='par_1_29' title="bbox 1839 1476 3437 1557">
     <span class='ocr_line' id='line_1_29' title="bbox 1839 1476 3437 1557; baseline 0.006 -25"><span class='ocrx_word' id='word_1_212' title='bbox 1839 1476 1971 1532; x_wconf 84' lang='lat' dir='ltr'><strong>dat?</strong></span> <span class='ocrx_word' id='word_1_213' title='bbox 2016 1477 2159 1532; x_wconf 81' lang='lat' dir='ltr'><strong>Nihil</strong></span> <span class='ocrx_word' id='word_1_214' title='bbox 2187 1480 2445 1545; x_wconf 89' lang='lat' dir='ltr'><strong>omnino;</strong></span> <span class='ocrx_word' id='word_1_215' title='bbox 2479 1490 2532 1535; x_wconf 91' lang='lat' dir='ltr'><strong>ct</strong></span> <span class='ocrx_word' id='word_1_216' title='bbox 2559 1479 2815 1536; x_wconf 83' lang='lat' dir='ltr'><strong>aﬂirmari</strong></span> <span class='ocrx_word' id='word_1_217' title='bbox 2846 1483 3026 1553; x_wconf 89' lang='lat' dir='ltr'><strong>utique</strong></span> <span class='ocrx_word' id='word_1_218' title='bbox 3072 1492 3246 1555; x_wconf 86' lang='lat' dir='ltr'><strong>potest</strong></span> <span class='ocrx_word' id='word_1_219' title='bbox 3270 1486 3437 1557; x_wconf 88' lang='lat' dir='ltr'><strong>quod,</strong></span> 
     </span>
    </p>
   </div>
   <div class='ocr_carea' id='block_1_30' title="bbox 1840 1571 3442 1648">
    <p class='ocr_par' dir='ltr' id='par_1_30' title="bbox 1840 1571 3442 1648">
     <span class='ocr_line' id='line_1_30' title="bbox 1840 1571 3442 1648; baseline 0.007 -22"><span class='ocrx_word' id='word_1_220' title='bbox 1840 1571 1998 1629; x_wconf 88' lang='lat' dir='ltr'><strong>sicuti</strong></span> <span class='ocrx_word' id='word_1_221' title='bbox 2021 1574 2164 1629; x_wconf 89' lang='lat' dir='ltr'><strong>nulla</strong></span> <span class='ocrx_word' id='word_1_222' title='bbox 2187 1583 2268 1630; x_wconf 88' lang='lat' dir='ltr'><strong>est</strong></span> <span class='ocrx_word' id='word_1_223' title='bbox 2288 1575 2608 1646; x_wconf 70' lang='lat' dir='ltr'><strong>evangelicre</strong></span> <span class='ocrx_word' id='word_1_224' title='bbox 2626 1576 2923 1648; x_wconf 67' lang='lat' dir='ltr'><strong>disciplinae</strong></span> <span class='ocrx_word' id='word_1_225' title='bbox 2939 1578 3040 1634; x_wconf 88' lang='lat' dir='ltr'><strong>hac</strong></span> <span class='ocrx_word' id='word_1_226' title='bbox 3060 1580 3286 1636; x_wconf 87' lang='lat' dir='ltr'><strong>similior</strong></span> <span class='ocrx_word' id='word_1_227' title='bbox 3307 1581 3442 1638; x_wconf 90' lang='lat' dir='ltr'><strong>ima-</strong></span> 
     </span>
    </p>
   </div>
   <div class='ocr_carea' id='block_1_31' title="bbox 1840 1667 3439 1746">
    <p class='ocr_par' dir='ltr' id='par_1_31' title="bbox 1840 1667 3439 1746">
     <span class='ocr_line' id='line_1_31' title="bbox 1840 1667 3439 1746; baseline 0.007 -25"><span class='ocrx_word' id='word_1_228' title='bbox 1840 1683 1928 1735; x_wconf 84' lang='lat' dir='ltr'><strong>go,</strong></span> <span class='ocrx_word' id='word_1_229' title='bbox 1976 1667 2048 1723; x_wconf 88' lang='lat' dir='ltr'><strong>ita</strong></span> <span class='ocrx_word' id='word_1_230' title='bbox 2073 1669 2215 1724; x_wconf 91' lang='lat' dir='ltr'><strong>nulla</strong></span> <span class='ocrx_word' id='word_1_231' title='bbox 2252 1670 2320 1725; x_wconf 87' lang='lat' dir='ltr'><strong>ab</strong></span> <span class='ocrx_word' id='word_1_232' title='bbox 2349 1670 2603 1728; x_wconf 69' lang='lat' dir='ltr'><strong>haeretica</strong></span> <span class='ocrx_word' id='word_1_233' title='bbox 2643 1672 2980 1728; x_wconf 88' lang='lat' dir='ltr'><strong>institutione</strong></span> <span class='ocrx_word' id='word_1_234' title='bbox 3008 1675 3178 1746; x_wconf 88' lang='lat' dir='ltr'><strong>magis</strong></span> <span class='ocrx_word' id='word_1_235' title='bbox 3208 1674 3439 1733; x_wconf 82' lang='lat' dir='ltr'><strong>abludit.</strong></span> 
     </span>
    </p>
   </div>
   <div class='ocr_carea' id='block_1_32' title="bbox 1841 1758 3433 1832">
    <p class='ocr_par' dir='ltr' id='par_1_32' title="bbox 1841 1758 3433 1832">
     <span class='ocr_line' id='line_1_32' title="bbox 1841 1758 3433 1832; baseline 0.006 -18"><span class='ocrx_word' id='word_1_236' title='bbox 1841 1758 2103 1830; x_wconf 87' lang='lat' dir='ltr'><strong>Perpetua</strong></span> <span class='ocrx_word' id='word_1_237' title='bbox 2130 1771 2184 1817; x_wconf 91' lang='lat' dir='ltr'><strong>et</strong></span> <span class='ocrx_word' id='word_1_238' title='bbox 2207 1760 2493 1817; x_wconf 77' lang='lat' dir='ltr'><strong>Maximilla</strong></span> <span class='ocrx_word' id='word_1_239' title='bbox 2521 1763 2746 1819; x_wconf 90' lang='lat' dir='ltr'><strong>invicem</strong></span> <span class='ocrx_word' id='word_1_240' title='bbox 2771 1764 3141 1832; x_wconf 88' lang='lat' dir='ltr'><strong>conferantur;</strong></span> <span class='ocrx_word' id='word_1_241' title='bbox 3188 1775 3294 1821; x_wconf 89' lang='lat' dir='ltr'><strong>tam</strong></span> <span class='ocrx_word' id='word_1_242' title='bbox 3319 1768 3433 1824; x_wconf 89' lang='lat' dir='ltr'><strong>dis-</strong></span> 
     </span>
    </p>
   </div>
   <div class='ocr_carea' id='block_1_33' title="bbox 162 1835 1775 1930">
    <p class='ocr_par' dir='ltr' id='par_1_33' title="bbox 162 1835 1775 1911">
     <span class='ocr_line' id='line_1_33' title="bbox 162 1835 1775 1911; baseline 0.004 -22"><span class='ocrx_word' id='word_1_243' title='bbox 162 1851 271 1906; x_wconf 65' lang='lat' dir='ltr'><strong>qu</strong></span> <span class='ocrx_word' id='word_1_244' title='bbox 298 1843 428 1899; x_wconf 85' lang='lat' dir='ltr'><strong>sunt,</strong></span> <span class='ocrx_word' id='word_1_245' title='bbox 458 1847 510 1890; x_wconf 88' lang='lat' dir='ltr'><strong>ut</strong></span> <span class='ocrx_word' id='word_1_246' title='bbox 529 1852 591 1891; x_wconf 71' lang='lat' dir='ltr'><strong>ex</strong></span> <span class='ocrx_word' id='word_1_247' title='bbox 612 1837 828 1891; x_wconf 72' lang='lat' dir='ltr'><strong>Asterie</strong></span> <span class='ocrx_word' id='word_1_248' title='bbox 857 1835 1098 1904; x_wconf 89' lang='lat' dir='ltr'><strong>Urbano,</strong></span> <span class='ocrx_word' id='word_1_249' title='bbox 1130 1839 1442 1908; x_wconf 85' lang='lat' dir='ltr'><strong>Apollonio,</strong></span> <span class='ocrx_word' id='word_1_250' title='bbox 1473 1839 1728 1911; x_wconf 81' lang='lat' dir='ltr'><strong>Miltiade,</strong></span> <span class='ocrx_word' id='word_1_251' title='bbox 1760 1844 1775 1906; x_wconf 95' lang='grc'>]</span> 
     </span>
    </p>
   </div>
   <div class='ocr_carea' id='block_1_34' title="bbox 1912 1835 3442 1930">
    <p class='ocr_par' dir='ltr' id='par_1_34' title="bbox 1912 1852 3442 1930">
     <span class='ocr_line' id='line_1_34' title="bbox 1912 1852 3442 1930; baseline 0.002 -18"><span class='ocrx_word' id='word_1_252' title='bbox 1912 1852 2132 1927; x_wconf 68' lang='lat' dir='ltr'><strong>apabunt</strong></span> <span class='ocrx_word' id='word_1_253' title='bbox 2172 1873 2355 1913; x_wconf 91' lang='lat' dir='ltr'><strong>earnm</strong></span> <span class='ocrx_word' id='word_1_254' title='bbox 2396 1873 2595 1921; x_wconf 84' lang='lat' dir='ltr'><strong>mores,</strong></span> <span class='ocrx_word' id='word_1_255' title='bbox 2646 1875 2809 1930; x_wconf 88' lang='lat' dir='ltr'><strong>quam</strong></span> <span class='ocrx_word' id='word_1_256' title='bbox 2859 1874 2890 1913; x_wconf 91' lang='lat' dir='ltr'><strong>a</strong></span> <span class='ocrx_word' id='word_1_257' title='bbox 2928 1860 3127 1919; x_wconf 87' lang='lat' dir='ltr'><strong>virtute</strong></span> <span class='ocrx_word' id='word_1_258' title='bbox 3167 1861 3375 1929; x_wconf 89' lang='lat' dir='ltr'><strong>vitium,</strong></span> <span class='ocrx_word' id='word_1_259' title='bbox 3406 1879 3442 1919; x_wconf 75' lang='grc' dir='ltr'><strong>ει</strong></span> 
     </span>
    </p>
   </div>
   <div class='ocr_carea' id='block_1_35' title="bbox 154 1929 1733 2004">
    <p class='ocr_par' dir='ltr' id='par_1_35' title="bbox 154 1929 1733 2004">
     <span class='ocr_line' id='line_1_35' title="bbox 154 1929 1733 2004; baseline 0.003 -20"><span class='ocrx_word' id='word_1_260' title='bbox 154 1929 438 1999; x_wconf 77' lang='lat' dir='ltr'><strong>Serapione,</strong></span> <span class='ocrx_word' id='word_1_261' title='bbox 470 1929 613 1985; x_wconf 60' lang='lat' dir='ltr'><strong>lilio</strong></span> <span class='ocrx_word' id='word_1_262' title='bbox 632 1929 847 1997; x_wconf 78' lang='lat' dir='ltr'><strong>Publio,</strong></span> <span class='ocrx_word' id='word_1_263' title='bbox 879 1941 933 1985; x_wconf 89' lang='lat' dir='ltr'><strong>et</strong></span> <span class='ocrx_word' id='word_1_264' title='bbox 961 1933 1081 1987; x_wconf 90' lang='lat' dir='ltr'><strong>aliis</strong></span> <span class='ocrx_word' id='word_1_265' title='bbox 1111 1932 1357 1988; x_wconf 74' lang='lat' dir='ltr'><strong>Patribus</strong></span> <span class='ocrx_word' id='word_1_266' title='bbox 1385 1943 1597 1988; x_wconf 86' lang='lat' dir='ltr'><strong>constat</strong></span> <span class='ocrx_word' id='word_1_267' title='bbox 1632 1932 1733 2004; x_wconf 81' lang='lat' dir='ltr'><strong>(l),</strong></span> 
     </span>
    </p>
   </div>
   <div class='ocr_carea' id='block_1_36' title="bbox 150 2023 1738 2093">
    <p class='ocr_par' dir='ltr' id='par_1_36' title="bbox 150 2023 1738 2093">
     <span class='ocr_line' id='line_1_36' title="bbox 150 2023 1738 2093; baseline 0.002 -15"><span class='ocrx_word' id='word_1_268' title='bbox 150 2023 485 2078; x_wconf 74' lang='lat' dir='ltr'><strong>niontanistici</strong></span> <span class='ocrx_word' id='word_1_269' title='bbox 507 2025 729 2093; x_wconf 82' lang='lat' dir='ltr'><strong>spiritus</strong></span> <span class='ocrx_word' id='word_1_270' title='bbox 741 2023 1084 2082; x_wconf 87' lang='lat' dir='ltr'><strong>characteres</strong></span> <span class='ocrx_word' id='word_1_271' title='bbox 1111 2044 1125 2081; x_wconf 93' lang='lat'><strong>:</strong></span> <span class='ocrx_word' id='word_1_272' title='bbox 1148 2026 1243 2082; x_wconf 91' lang='lat' dir='ltr'><strong>sed</strong></span> <span class='ocrx_word' id='word_1_273' title='bbox 1259 2026 1312 2081; x_wconf 89' lang='lat' dir='ltr'><strong>in</strong></span> <span class='ocrx_word' id='word_1_274' title='bbox 1336 2026 1586 2081; x_wconf 89' lang='lat' dir='ltr'><strong>omnibus</strong></span> <span class='ocrx_word' id='word_1_275' title='bbox 1607 2040 1738 2081; x_wconf 86' lang='lat' dir='ltr'><strong>eon-</strong></span> 
     </span>
    </p>
   </div>
   <div class='ocr_carea' id='block_1_37' title="bbox 142 2114 1733 2188">
    <p class='ocr_par' dir='ltr' id='par_1_37' title="bbox 142 2114 1733 2188">
     <span class='ocr_line' id='line_1_37' title="bbox 142 2114 1733 2188; baseline 0.005 -22"><span class='ocrx_word' id='word_1_276' title='bbox 142 2124 213 2167; x_wconf 72' lang='lat' dir='ltr'><strong>tra</strong></span> <span class='ocrx_word' id='word_1_277' title='bbox 240 2114 363 2168; x_wconf 86' lang='lat' dir='ltr'><strong>mira</strong></span> <span class='ocrx_word' id='word_1_278' title='bbox 390 2115 686 2182; x_wconf 76' lang='lat' dir='ltr'><strong>modestia,</strong></span> <span class='ocrx_word' id='word_1_279' title='bbox 710 2118 1054 2187; x_wconf 82' lang='lat' dir='ltr'><strong>cotnpositio,</strong></span> <span class='ocrx_word' id='word_1_280' title='bbox 1091 2118 1393 2188; x_wconf 89' lang='lat' dir='ltr'><strong>prudentia,</strong></span> <span class='ocrx_word' id='word_1_281' title='bbox 1417 2119 1609 2188; x_wconf 88' lang='lat' dir='ltr'><strong>pietas,</strong></span> <span class='ocrx_word' id='word_1_282' title='bbox 1643 2134 1733 2174; x_wconf 66' lang='lat' dir='ltr'><strong>reo</strong></span> 
     </span>
    </p>
   </div>
   <div class='ocr_carea' id='block_1_38' title="bbox 138 2206 1734 2283">
    <p class='ocr_par' dir='ltr' id='par_1_38' title="bbox 138 2206 1734 2283">
     <span class='ocr_line' id='line_1_38' title="bbox 138 2206 1734 2283; baseline 0.004 -23"><span class='ocrx_word' id='word_1_283' title='bbox 138 2206 267 2277; x_wconf 84' lang='lat' dir='ltr'><strong>ligio,</strong></span> <span class='ocrx_word' id='word_1_284' title='bbox 288 2206 549 2271; x_wconf 83' lang='lat' dir='ltr'><strong>eharitas,</strong></span> <span class='ocrx_word' id='word_1_285' title='bbox 572 2210 849 2273; x_wconf 78' lang='lat' dir='ltr'><strong>lortitudo.</strong></span> <span class='ocrx_word' id='word_1_286' title='bbox 868 2212 1000 2267; x_wconf 88' lang='lat' dir='ltr'><strong>lides</strong></span> <span class='ocrx_word' id='word_1_287' title='bbox 1029 2212 1400 2283; x_wconf 86' lang='lat' dir='ltr'><strong>sapientiaque</strong></span> <span class='ocrx_word' id='word_1_288' title='bbox 1426 2212 1694 2281; x_wconf 76' lang='lat' dir='ltr'><strong>refulgent</strong></span> <span class='ocrx_word' id='word_1_289' title='bbox 1718 2226 1734 2278; x_wconf 88' lang='lat'><strong>;</strong></span> 
     </span>
    </p>
   </div>
   <div class='ocr_carea' id='block_1_39' title="bbox 138 2304 1732 2375">
    <p class='ocr_par' dir='ltr' id='par_1_39' title="bbox 138 2304 1732 2375">
     <span class='ocr_line' id='line_1_39' title="bbox 138 2304 1732 2375; baseline 0.003 -20"><span class='ocrx_word' id='word_1_290' title='bbox 138 2311 188 2355; x_wconf 89' lang='lat' dir='ltr'><strong>ut</strong></span> <span class='ocrx_word' id='word_1_291' title='bbox 211 2318 311 2357; x_wconf 88' lang='lat' dir='ltr'><strong>non</strong></span> <span class='ocrx_word' id='word_1_292' title='bbox 354 2305 430 2358; x_wconf 85' lang='lat' dir='ltr'><strong>sit</strong></span> <span class='ocrx_word' id='word_1_293' title='bbox 474 2304 625 2359; x_wconf 83' lang='lat' dir='ltr'><strong>aliud</strong></span> <span class='ocrx_word' id='word_1_294' title='bbox 676 2314 986 2361; x_wconf 85' lang='lat' dir='ltr'><strong>sanctarum</strong></span> <span class='ocrx_word' id='word_1_295' title='bbox 1033 2307 1320 2362; x_wconf 89' lang='lat' dir='ltr'><strong>mulierum</strong></span> <span class='ocrx_word' id='word_1_296' title='bbox 1369 2306 1684 2375; x_wconf 83' lang='lat' dir='ltr'><strong>martyrium</strong></span> <span class='ocrx_word' id='word_1_297' title='bbox 1718 2347 1732 2372; x_wconf 94' lang='lat'><strong>,</strong></span> 
     </span>
    </p>
   </div>
   <div class='ocr_carea' id='block_1_40' title="bbox 137 2398 1733 2467">
    <p class='ocr_par' dir='ltr' id='par_1_40' title="bbox 137 2398 1733 2467">
     <span class='ocr_line' id='line_1_40' title="bbox 137 2398 1733 2467; baseline 0.002 -15"><span class='ocrx_word' id='word_1_298' title='bbox 137 2398 263 2467; x_wconf 88' lang='lat' dir='ltr'><strong>quod</strong></span> <span class='ocrx_word' id='word_1_299' title='bbox 285 2398 582 2453; x_wconf 87' lang='lat' dir='ltr'><strong>illustriora</strong></span> <span class='ocrx_word' id='word_1_300' title='bbox 610 2402 867 2454; x_wconf 76' lang='lat' dir='ltr'><strong>virtutum</strong></span> <span class='ocrx_word' id='word_1_301' title='bbox 890 2401 1130 2455; x_wconf 90' lang='lat' dir='ltr'><strong>omnium</strong></span> <span class='ocrx_word' id='word_1_302' title='bbox 1151 2401 1350 2457; x_wconf 88' lang='lat' dir='ltr'><strong>decora</strong></span> <span class='ocrx_word' id='word_1_303' title='bbox 1380 2401 1733 2456; x_wconf 89' lang='lat' dir='ltr'><strong>comitentur.</strong></span> 
     </span>
    </p>
   </div>
   <div class='ocr_carea' id='block_1_41' title="bbox 140 2491 1736 2564">
    <p class='ocr_par' dir='ltr' id='par_1_41' title="bbox 140 2491 1736 2564">
     <span class='ocr_line' id='line_1_41' title="bbox 140 2491 1736 2564; baseline 0.001 -18"><span class='ocrx_word' id='word_1_304' title='bbox 140 2491 264 2546; x_wconf 84' lang='lat' dir='ltr'><strong>Fieri</strong></span> <span class='ocrx_word' id='word_1_305' title='bbox 289 2502 472 2548; x_wconf 83' lang='lat' dir='ltr'><strong>autem</strong></span> <span class='ocrx_word' id='word_1_306' title='bbox 504 2494 725 2549; x_wconf 81' lang='lat' dir='ltr'><strong>minime</strong></span> <span class='ocrx_word' id='word_1_307' title='bbox 752 2496 989 2564; x_wconf 85' lang='lat' dir='ltr'><strong>potuisse</strong></span> <span class='ocrx_word' id='word_1_308' title='bbox 1018 2495 1253 2562; x_wconf 83' lang='lat' dir='ltr'><strong>videtur,</strong></span> <span class='ocrx_word' id='word_1_309' title='bbox 1284 2503 1341 2550; x_wconf 94' lang='lat' dir='ltr'><strong>ut</strong></span> <span class='ocrx_word' id='word_1_310' title='bbox 1369 2495 1561 2551; x_wconf 87' lang='lat' dir='ltr'><strong>mulier</strong></span> <span class='ocrx_word' id='word_1_311' title='bbox 1590 2493 1736 2550; x_wconf 89' lang='lat' dir='ltr'><strong>iusa—</strong></span> 
     </span>
    </p>
   </div>
   <div class='ocr_carea' id='block_1_42' title="bbox 143 2585 1735 2658">
    <p class='ocr_par' dir='ltr' id='par_1_42' title="bbox 143 2585 1735 2658">
     <span class='ocr_line' id='line_1_42' title="bbox 143 2585 1735 2658; baseline 0.001 -18"><span class='ocrx_word' id='word_1_312' title='bbox 143 2586 219 2640; x_wconf 85' lang='lat' dir='ltr'><strong>nia</strong></span> <span class='ocrx_word' id='word_1_313' title='bbox 239 2596 289 2641; x_wconf 85' lang='lat' dir='ltr'><strong>et</strong></span> <span class='ocrx_word' id='word_1_314' title='bbox 310 2585 500 2642; x_wconf 87' lang='lat' dir='ltr'><strong>furore</strong></span> <span class='ocrx_word' id='word_1_315' title='bbox 527 2589 754 2658; x_wconf 88' lang='lat' dir='ltr'><strong>percita,</strong></span> <span class='ocrx_word' id='word_1_316' title='bbox 782 2596 836 2643; x_wconf 92' lang='lat' dir='ltr'><strong>et</strong></span> <span class='ocrx_word' id='word_1_317' title='bbox 864 2588 1199 2644; x_wconf 65' lang='lat' dir='ltr'><strong>dmmoniaco</strong></span> <span class='ocrx_word' id='word_1_318' title='bbox 1226 2588 1418 2658; x_wconf 83' lang='lat' dir='ltr'><strong>spiritu</strong></span> <span class='ocrx_word' id='word_1_319' title='bbox 1449 2597 1587 2654; x_wconf 90' lang='lat' dir='ltr'><strong>acta,</strong></span> <span class='ocrx_word' id='word_1_320' title='bbox 1635 2602 1735 2642; x_wconf 87' lang='lat' dir='ltr'><strong>cu-</strong></span> 
     </span>
    </p>
   </div>
   <div class='ocr_carea' id='block_1_43' title="bbox 149 2678 1735 2752">
    <p class='ocr_par' dir='ltr' id='par_1_43' title="bbox 149 2678 1735 2752">
     <span class='ocr_line' id='line_1_43' title="bbox 149 2678 1735 2752; baseline 0 -17"><span class='ocrx_word' id='word_1_321' title='bbox 149 2678 347 2747; x_wconf 58' lang='lat' dir='ltr'><strong>inmodi</strong></span> <span class='ocrx_word' id='word_1_322' title='bbox 365 2692 531 2734; x_wconf 85' lang='lat' dir='ltr'><strong>erant</strong></span> <span class='ocrx_word' id='word_1_323' title='bbox 551 2681 993 2737; x_wconf 83' lang='lat' dir='ltr'><strong>Montanistarum</strong></span> <span class='ocrx_word' id='word_1_324' title='bbox 1028 2682 1635 2752; x_wconf 73' lang='lat' dir='ltr'><strong>pseudo—prophetissm,</strong></span> <span class='ocrx_word' id='word_1_325' title='bbox 1663 2683 1735 2735; x_wconf 89' lang='lat' dir='ltr'><strong>ita</strong></span> 
     </span>
    </p>
   </div>
   <div class='ocr_carea' id='block_1_44' title="bbox 150 2771 1735 2846">
    <p class='ocr_par' dir='ltr' id='par_1_44' title="bbox 150 2771 1735 2846">
     <span class='ocr_line' id='line_1_44' title="bbox 150 2771 1735 2846; baseline 0.003 -21"><span class='ocrx_word' id='word_1_326' title='bbox 150 2771 240 2826; x_wconf 78' lang='lat' dir='ltr'><strong>sibi</strong></span> <span class='ocrx_word' id='word_1_327' title='bbox 268 2772 313 2825; x_wconf 91' lang='lat' dir='ltr'><strong>in</strong></span> <span class='ocrx_word' id='word_1_328' title='bbox 334 2774 593 2829; x_wconf 88' lang='lat' dir='ltr'><strong>omnibus</strong></span> <span class='ocrx_word' id='word_1_329' title='bbox 614 2776 837 2842; x_wconf 86' lang='lat' dir='ltr'><strong>caverit,</strong></span> <span class='ocrx_word' id='word_1_330' title='bbox 864 2775 932 2829; x_wconf 85' lang='lat' dir='ltr'><strong>ita</strong></span> <span class='ocrx_word' id='word_1_331' title='bbox 955 2790 1014 2830; x_wconf 91' lang='lat' dir='ltr'><strong>se</strong></span> <span class='ocrx_word' id='word_1_332' title='bbox 1033 2777 1282 2846; x_wconf 87' lang='lat' dir='ltr'><strong>gesserit.</strong></span> <span class='ocrx_word' id='word_1_333' title='bbox 1309 2786 1367 2831; x_wconf 92' lang='lat' dir='ltr'><strong>ut</strong></span> <span class='ocrx_word' id='word_1_334' title='bbox 1389 2775 1519 2829; x_wconf 89' lang='lat' dir='ltr'><strong>nihil</strong></span> <span class='ocrx_word' id='word_1_335' title='bbox 1542 2775 1593 2829; x_wconf 93' lang='lat' dir='ltr'><strong>in</strong></span> <span class='ocrx_word' id='word_1_336' title='bbox 1618 2774 1735 2845; x_wconf 86' lang='lat' dir='ltr'><strong>ejus</strong></span> 
     </span>
    </p>
   </div>
   <div class='ocr_carea' id='block_1_45' title="bbox 152 2866 1734 2940">
    <p class='ocr_par' dir='ltr' id='par_1_45' title="bbox 152 2866 1734 2940">
     <span class='ocr_line' id='line_1_45' title="bbox 152 2866 1734 2940; baseline 0.004 -22"><span class='ocrx_word' id='word_1_337' title='bbox 152 2866 314 2921; x_wconf 82' lang='lat' dir='ltr'><strong>verbis</strong></span> <span class='ocrx_word' id='word_1_338' title='bbox 334 2883 559 2937; x_wconf 82' lang='lat' dir='ltr'><strong>procax,</strong></span> <span class='ocrx_word' id='word_1_339' title='bbox 594 2868 728 2923; x_wconf 85' lang='lat' dir='ltr'><strong>nihil</strong></span> <span class='ocrx_word' id='word_1_340' title='bbox 760 2884 1042 2940; x_wconf 87' lang='lat' dir='ltr'><strong>arrogans,</strong></span> <span class='ocrx_word' id='word_1_341' title='bbox 1073 2868 1206 2924; x_wconf 88' lang='lat' dir='ltr'><strong>nihil</strong></span> <span class='ocrx_word' id='word_1_342' title='bbox 1235 2870 1289 2923; x_wconf 91' lang='lat' dir='ltr'><strong>in</strong></span> <span class='ocrx_word' id='word_1_343' title='bbox 1322 2870 1555 2924; x_wconf 90' lang='lat' dir='ltr'><strong>motibus</strong></span> <span class='ocrx_word' id='word_1_344' title='bbox 1581 2883 1734 2924; x_wconf 87' lang='lat' dir='ltr'><strong>mve-</strong></span> 
     </span>
    </p>
   </div>
   <div class='ocr_carea' id='block_1_46' title="bbox 162 2960 1734 3033">
    <p class='ocr_par' dir='ltr' id='par_1_46' title="bbox 162 2960 1734 3033">
     <span class='ocr_line' id='line_1_46' title="bbox 162 2960 1734 3033; baseline 0.001 -20"><span class='ocrx_word' id='word_1_345' title='bbox 162 2960 451 3027; x_wconf 84' lang='lat' dir='ltr'><strong>recundum,</strong></span> <span class='ocrx_word' id='word_1_346' title='bbox 481 2961 616 3016; x_wconf 87' lang='lat' dir='ltr'><strong>nihil</strong></span> <span class='ocrx_word' id='word_1_347' title='bbox 649 2966 702 3015; x_wconf 92' lang='lat' dir='ltr'><strong>in</strong></span> <span class='ocrx_word' id='word_1_348' title='bbox 733 2962 940 3018; x_wconf 89' lang='lat' dir='ltr'><strong>actibus</strong></span> <span class='ocrx_word' id='word_1_349' title='bbox 996 2962 1352 3033; x_wconf 89' lang='lat' dir='ltr'><strong>irreligiosum</strong></span> <span class='ocrx_word' id='word_1_350' title='bbox 1383 2962 1468 3016; x_wconf 89' lang='lat' dir='ltr'><strong>vel</strong></span> <span class='ocrx_word' id='word_1_351' title='bbox 1499 2960 1734 3016; x_wconf 87' lang='lat' dir='ltr'><strong>severis-</strong></span> 
     </span>
    </p>
   </div>
   <div class='ocr_carea' id='block_1_47' title="bbox 160 3051 1735 3123">
    <p class='ocr_par' dir='ltr' id='par_1_47' title="bbox 160 3051 1735 3123">
     <span class='ocr_line' id='line_1_47' title="bbox 160 3051 1735 3123; baseline 0.001 -19"><span class='ocrx_word' id='word_1_352' title='bbox 160 3051 309 3105; x_wconf 87' lang='lat' dir='ltr'><strong>simus</strong></span> <span class='ocrx_word' id='word_1_353' title='bbox 332 3066 523 3107; x_wconf 87' lang='lat' dir='ltr'><strong>censor</strong></span> <span class='ocrx_word' id='word_1_354' title='bbox 565 3054 737 3123; x_wconf 83' lang='lat' dir='ltr'><strong>possit</strong></span> <span class='ocrx_word' id='word_1_355' title='bbox 757 3054 1206 3109; x_wconf 85' lang='lat' dir='ltr'><strong>animadvertere.</strong></span> <span class='ocrx_word' id='word_1_356' title='bbox 1256 3052 1551 3120; x_wconf 86' lang='lat' dir='ltr'><strong>Quamdam</strong></span> <span class='ocrx_word' id='word_1_357' title='bbox 1581 3051 1735 3122; x_wconf 88' lang='lat' dir='ltr'><strong>equi-</strong></span> 
     </span>
    </p>
   </div>
   <div class='ocr_carea' id='block_1_48' title="bbox 154 3144 1736 3218">
    <p class='ocr_par' dir='ltr' id='par_1_48' title="bbox 154 3144 1736 3218">
     <span class='ocr_line' id='line_1_48' title="bbox 154 3144 1736 3218; baseline 0.003 -19"><span class='ocrx_word' id='word_1_358' title='bbox 154 3145 260 3199; x_wconf 82' lang='lat' dir='ltr'><strong>dem</strong></span> <span class='ocrx_word' id='word_1_359' title='bbox 279 3144 612 3202; x_wconf 74' lang='lat' dir='ltr'><strong>Hontanistzr</strong></span> <span class='ocrx_word' id='word_1_360' title='bbox 644 3163 853 3204; x_wconf 88' lang='lat' dir='ltr'><strong>morum</strong></span> <span class='ocrx_word' id='word_1_361' title='bbox 882 3157 1162 3203; x_wconf 74' lang='lat' dir='ltr'><strong>externam</strong></span> <span class='ocrx_word' id='word_1_362' title='bbox 1191 3149 1504 3218; x_wconf 84' lang='lat' dir='ltr'><strong>gravitatem</strong></span> <span class='ocrx_word' id='word_1_363' title='bbox 1537 3162 1649 3218; x_wconf 69' lang='lat' dir='ltr'><strong>pra:</strong></span> <span class='ocrx_word' id='word_1_364' title='bbox 1677 3161 1736 3203; x_wconf 87' lang='lat' dir='ltr'><strong>se</strong></span> 
     </span>
    </p>
   </div>
   <div class='ocr_carea' id='block_1_49' title="bbox 1841 1951 3443 2023">
    <p class='ocr_par' dir='ltr' id='par_1_49' title="bbox 1841 1951 3443 2023">
     <span class='ocr_line' id='line_1_49' title="bbox 1841 1951 3443 2023; baseline 0.003 -17"><span class='ocrx_word' id='word_1_365' title='bbox 1841 1951 1962 2006; x_wconf 91' lang='lat' dir='ltr'><strong>luce</strong></span> <span class='ocrx_word' id='word_1_366' title='bbox 2012 1952 2248 2007; x_wconf 65' lang='lat' dir='ltr'><strong>tenebrae</strong></span> <span class='ocrx_word' id='word_1_367' title='bbox 2295 1952 2476 2023; x_wconf 89' lang='lat' dir='ltr'><strong>amplo</strong></span> <span class='ocrx_word' id='word_1_368' title='bbox 2522 1951 2837 2007; x_wconf 90' lang='lat' dir='ltr'><strong>discrimine</strong></span> <span class='ocrx_word' id='word_1_369' title='bbox 2887 1962 3225 2021; x_wconf 85' lang='lat' dir='ltr'><strong>separantur.</strong></span> <span class='ocrx_word' id='word_1_370' title='bbox 3293 1952 3443 2012; x_wconf 86' lang='lat' dir='ltr'><strong>Fieri</strong></span> 
     </span>
    </p>
   </div>
   <div class='ocr_carea' id='block_1_50' title="bbox 1838 2043 3437 2117">
    <p class='ocr_par' dir='ltr' id='par_1_50' title="bbox 1838 2043 3437 2117">
     <span class='ocr_line' id='line_1_50' title="bbox 1838 2043 3437 2117; baseline 0.001 -16"><span class='ocrx_word' id='word_1_371' title='bbox 1838 2060 1967 2117; x_wconf 88' lang='lat' dir='ltr'><strong>ergo</strong></span> <span class='ocrx_word' id='word_1_372' title='bbox 2010 2062 2117 2101; x_wconf 92' lang='lat' dir='ltr'><strong>non</strong></span> <span class='ocrx_word' id='word_1_373' title='bbox 2151 2050 2345 2117; x_wconf 81' lang='lat' dir='ltr'><strong>potest,</strong></span> <span class='ocrx_word' id='word_1_374' title='bbox 2378 2043 2644 2106; x_wconf 83' lang='lat' dir='ltr'><strong>uteodetn</strong></span> <span class='ocrx_word' id='word_1_375' title='bbox 2670 2044 2867 2099; x_wconf 88' lang='lat' dir='ltr'><strong>furoris</strong></span> <span class='ocrx_word' id='word_1_376' title='bbox 2895 2052 2951 2100; x_wconf 89' lang='lat' dir='ltr'><strong>et</strong></span> <span class='ocrx_word' id='word_1_377' title='bbox 2982 2045 3205 2100; x_wconf 66' lang='lat' dir='ltr'><strong>insaniae</strong></span> <span class='ocrx_word' id='word_1_378' title='bbox 3236 2046 3437 2115; x_wconf 86' lang='lat' dir='ltr'><strong>spiritu</strong></span> 
     </span>
    </p>
   </div>
   <div class='ocr_carea' id='block_1_51' title="bbox 1837 2136 3441 2208">
    <p class='ocr_par' dir='ltr' id='par_1_51' title="bbox 1837 2136 3441 2208">
     <span class='ocr_line' id='line_1_51' title="bbox 1837 2136 3441 2208; baseline 0.002 -17"><span class='ocrx_word' id='word_1_379' title='bbox 1837 2147 2146 2208; x_wconf 87' lang='lat' dir='ltr'><strong>agerentur.</strong></span> <span class='ocrx_word' id='word_1_380' title='bbox 2194 2137 2335 2193; x_wconf 88' lang='lat' dir='ltr'><strong>Sane</strong></span> <span class='ocrx_word' id='word_1_381' title='bbox 2357 2136 2402 2192; x_wconf 89' lang='lat' dir='ltr'><strong>si</strong></span> <span class='ocrx_word' id='word_1_382' title='bbox 2425 2147 2530 2191; x_wconf 89' lang='lat' dir='ltr'><strong>tam</strong></span> <span class='ocrx_word' id='word_1_383' title='bbox 2560 2136 2768 2193; x_wconf 87' lang='lat' dir='ltr'><strong>illustre</strong></span> <span class='ocrx_word' id='word_1_384' title='bbox 2798 2137 3112 2208; x_wconf 84' lang='lat' dir='ltr'><strong>martyrium</strong></span> <span class='ocrx_word' id='word_1_385' title='bbox 3146 2146 3223 2192; x_wconf 88' lang='lat' dir='ltr'><strong>tot</strong></span> <span class='ocrx_word' id='word_1_386' title='bbox 3265 2138 3441 2195; x_wconf 86' lang='lat' dir='ltr'><strong>virtu-</strong></span> 
     </span>
    </p>
   </div>
   <div class='ocr_carea' id='block_1_52' title="bbox 1840 2228 3443 2300">
    <p class='ocr_par' dir='ltr' id='par_1_52' title="bbox 1840 2228 3443 2300">
     <span class='ocr_line' id='line_1_52' title="bbox 1840 2228 3443 2300; baseline 0.001 -15"><span class='ocrx_word' id='word_1_387' title='bbox 1840 2238 1949 2285; x_wconf 91' lang='lat' dir='ltr'><strong>tum</strong></span> <span class='ocrx_word' id='word_1_388' title='bbox 1993 2230 2234 2300; x_wconf 85' lang='lat' dir='ltr'><strong>parergis</strong></span> <span class='ocrx_word' id='word_1_389' title='bbox 2270 2230 2604 2293; x_wconf 88' lang='lat' dir='ltr'><strong>decoratum,</strong></span> <span class='ocrx_word' id='word_1_390' title='bbox 2642 2229 2784 2283; x_wconf 89' lang='lat' dir='ltr'><strong>inter</strong></span> <span class='ocrx_word' id='word_1_391' title='bbox 2821 2228 3107 2284; x_wconf 59' lang='lat' dir='ltr'><strong>haereticos</strong></span> <span class='ocrx_word' id='word_1_392' title='bbox 3139 2229 3443 2299; x_wconf 85' lang='lat' dir='ltr'><strong>perfectum</strong></span> 
     </span>
    </p>
   </div>
   <div class='ocr_carea' id='block_1_53' title="bbox 1838 2320 3445 2393">
    <p class='ocr_par' dir='ltr' id='par_1_53' title="bbox 1838 2320 3445 2393">
     <span class='ocr_line' id='line_1_53' title="bbox 1838 2320 3445 2393; baseline 0 -15"><span class='ocrx_word' id='word_1_393' title='bbox 1838 2332 1920 2379; x_wconf 88' lang='lat' dir='ltr'><strong>est</strong></span> <span class='ocrx_word' id='word_1_394' title='bbox 1943 2334 2034 2377; x_wconf 85' lang='lat' dir='ltr'><strong>aut</strong></span> <span class='ocrx_word' id='word_1_395' title='bbox 2057 2323 2238 2393; x_wconf 86' lang='lat' dir='ltr'><strong>perﬁci</strong></span> <span class='ocrx_word' id='word_1_396' title='bbox 2280 2330 2459 2393; x_wconf 85' lang='lat' dir='ltr'><strong>potest</strong></span> <span class='ocrx_word' id='word_1_397' title='bbox 2493 2322 2576 2377; x_wconf 82' lang='lat' dir='ltr'><strong>vel</strong></span> <span class='ocrx_word' id='word_1_398' title='bbox 2603 2321 2736 2391; x_wconf 86' lang='lat' dir='ltr'><strong>perit</strong></span> <span class='ocrx_word' id='word_1_399' title='bbox 2757 2325 2998 2387; x_wconf 89' lang='lat' dir='ltr'><strong>omnino,</strong></span> <span class='ocrx_word' id='word_1_400' title='bbox 3024 2328 3117 2377; x_wconf 90' lang='lat' dir='ltr'><strong>aut</strong></span> <span class='ocrx_word' id='word_1_401' title='bbox 3150 2320 3445 2379; x_wconf 87' lang='lat' dir='ltr'><strong>admodum</strong></span> 
     </span>
    </p>
   </div>
   <div class='ocr_carea' id='block_1_54' title="bbox 1837 2414 3445 2487">
    <p class='ocr_par' dir='ltr' id='par_1_54' title="bbox 1837 2414 3445 2487">
     <span class='ocr_line' id='line_1_54' title="bbox 1837 2414 3445 2487; baseline 0.002 -16"><span class='ocrx_word' id='word_1_402' title='bbox 1837 2414 2142 2471; x_wconf 88' lang='lat' dir='ltr'><strong>inﬁrmatur</strong></span> <span class='ocrx_word' id='word_1_403' title='bbox 2169 2415 2480 2472; x_wconf 69' lang='lat' dir='ltr'><strong>christianze</strong></span> <span class='ocrx_word' id='word_1_404' title='bbox 2504 2415 2781 2487; x_wconf 84' lang='lat' dir='ltr'><strong>religionis</strong></span> <span class='ocrx_word' id='word_1_405' title='bbox 2800 2425 3198 2487; x_wconf 82' lang='lat' dir='ltr'><strong>argumentum.</strong></span> <span class='ocrx_word' id='word_1_406' title='bbox 3222 2416 3365 2487; x_wconf 91' lang='lat' dir='ltr'><strong>quod</strong></span> <span class='ocrx_word' id='word_1_407' title='bbox 3387 2422 3445 2474; x_wconf 80' lang='lat' dir='ltr'><strong>et</strong></span> 
     </span>
    </p>
   </div>
   <div class='ocr_carea' id='block_1_55' title="bbox 1838 2509 3447 2583">
    <p class='ocr_par' dir='ltr' id='par_1_55' title="bbox 1838 2509 3447 2583">
     <span class='ocr_line' id='line_1_55' title="bbox 1838 2509 3447 2583; baseline -0.001 -17"><span class='ocrx_word' id='word_1_408' title='bbox 1838 2526 1969 2567; x_wconf 88' lang='lat' dir='ltr'><strong>sane</strong></span> <span class='ocrx_word' id='word_1_409' title='bbox 2014 2509 2453 2567; x_wconf 82' lang='lat' dir='ltr'><strong>efﬁcacissimum</strong></span> <span class='ocrx_word' id='word_1_410' title='bbox 2486 2525 2551 2565; x_wconf 83' lang='lat' dir='ltr'><strong>ex</strong></span> <span class='ocrx_word' id='word_1_411' title='bbox 2582 2509 2885 2564; x_wconf 85' lang='lat' dir='ltr'><strong>constantia</strong></span> <span class='ocrx_word' id='word_1_412' title='bbox 2927 2519 2982 2564; x_wconf 91' lang='lat' dir='ltr'><strong>et</strong></span> <span class='ocrx_word' id='word_1_413' title='bbox 3012 2509 3209 2565; x_wconf 90' lang='lat' dir='ltr'><strong>virtute</strong></span> <span class='ocrx_word' id='word_1_414' title='bbox 3236 2519 3447 2583; x_wconf 89' lang='lat' dir='ltr'><strong>marty-</strong></span> 
     </span>
    </p>
   </div>
   <div class='ocr_carea' id='block_1_56' title="bbox 1837 2600 3445 2676">
    <p class='ocr_par' dir='ltr' id='par_1_56' title="bbox 1837 2600 3445 2676">
     <span class='ocr_line' id='line_1_56' title="bbox 1837 2600 3445 2676; baseline -0.002 -16"><span class='ocrx_word' id='word_1_415' title='bbox 1837 2620 1955 2661; x_wconf 89' lang='lat' dir='ltr'><strong>rum</strong></span> <span class='ocrx_word' id='word_1_416' title='bbox 2004 2603 2381 2676; x_wconf 88' lang='lat' dir='ltr'><strong>proﬁciscitur.</strong></span> <span class='ocrx_word' id='word_1_417' title='bbox 2437 2600 2555 2658; x_wconf 89' lang='lat' dir='ltr'><strong>Non</strong></span> <span class='ocrx_word' id='word_1_418' title='bbox 2579 2603 2723 2657; x_wconf 91' lang='lat' dir='ltr'><strong>enim</strong></span> <span class='ocrx_word' id='word_1_419' title='bbox 2756 2600 3185 2656; x_wconf 86' lang='lat' dir='ltr'><strong>Christianorum</strong></span> <span class='ocrx_word' id='word_1_420' title='bbox 3236 2612 3445 2674; x_wconf 87' lang='lat' dir='ltr'><strong>marty-</strong></span> 
     </span>
    </p>
   </div>
   <div class='ocr_carea' id='block_1_57' title="bbox 1837 2693 3446 2765">
    <p class='ocr_par' dir='ltr' id='par_1_57' title="bbox 1837 2693 3446 2765">
     <span class='ocr_line' id='line_1_57' title="bbox 1837 2693 3446 2765; baseline -0.001 -12"><span class='ocrx_word' id='word_1_421' title='bbox 1837 2699 1975 2753; x_wconf 88' lang='lat' dir='ltr'><strong>rium</strong></span> <span class='ocrx_word' id='word_1_422' title='bbox 1999 2699 2134 2753; x_wconf 91' lang='lat' dir='ltr'><strong>adeo</strong></span> <span class='ocrx_word' id='word_1_423' title='bbox 2147 2695 2485 2752; x_wconf 87' lang='lat' dir='ltr'><strong>commendat</strong></span> <span class='ocrx_word' id='word_1_424' title='bbox 2520 2710 2663 2751; x_wconf 89' lang='lat' dir='ltr'><strong>mors</strong></span> <span class='ocrx_word' id='word_1_425' title='bbox 2685 2710 2781 2761; x_wconf 87' lang='lat' dir='ltr'><strong>pro</strong></span> <span class='ocrx_word' id='word_1_426' title='bbox 2804 2693 2904 2749; x_wconf 89' lang='lat' dir='ltr'><strong>ﬁde</strong></span> <span class='ocrx_word' id='word_1_427' title='bbox 2918 2703 3185 2765; x_wconf 87' lang='lat' dir='ltr'><strong>suscepta.</strong></span> <span class='ocrx_word' id='word_1_428' title='bbox 3212 2710 3333 2749; x_wconf 90' lang='lat' dir='ltr'><strong>cum</strong></span> <span class='ocrx_word' id='word_1_429' title='bbox 3352 2695 3446 2751; x_wconf 82' lang='lat' dir='ltr'><strong>alii</strong></span> 
     </span>
    </p>
   </div>
   <div class='ocr_carea' id='block_1_58' title="bbox 1838 2776 3445 2859">
    <p class='ocr_par' dir='ltr' id='par_1_58' title="bbox 1838 2776 3445 2859">
     <span class='ocr_line' id='line_1_58' title="bbox 1838 2776 3445 2859; baseline -0.003 -12"><span class='ocrx_word' id='word_1_430' title='bbox 1838 2788 1993 2847; x_wconf 90' lang='lat' dir='ltr'><strong>multi</strong></span> <span class='ocrx_word' id='word_1_431' title='bbox 2011 2808 2074 2846; x_wconf 84' lang='lat' dir='ltr'><strong>ex</strong></span> <span class='ocrx_word' id='word_1_432' title='bbox 2092 2776 2343 2845; x_wconf 86' lang='lat' dir='ltr'><strong>omnibus</strong></span> <span class='ocrx_word' id='word_1_433' title='bbox 2359 2787 2517 2844; x_wconf 84' lang='lat' dir='ltr'><strong>sectis</strong></span> <span class='ocrx_word' id='word_1_434' title='bbox 2536 2803 2634 2859; x_wconf 91' lang='lat' dir='ltr'><strong>pro</strong></span> <span class='ocrx_word' id='word_1_435' title='bbox 2657 2788 2767 2842; x_wconf 91' lang='lat' dir='ltr'><strong>suis</strong></span> <span class='ocrx_word' id='word_1_436' title='bbox 2799 2786 3275 2855; x_wconf 73' lang='lat' dir='ltr'><strong>Stupet-Stltimiibtts</strong></span> <span class='ocrx_word' id='word_1_437' title='bbox 3299 2788 3445 2843; x_wconf 90' lang='lat' dir='ltr'><strong>ultro</strong></span> 
     </span>
    </p>
   </div>
   <div class='ocr_carea' id='block_1_59' title="bbox 1838 2879 3446 2952">
    <p class='ocr_par' dir='ltr' id='par_1_59' title="bbox 1838 2879 3446 2952">
     <span class='ocr_line' id='line_1_59' title="bbox 1838 2879 3446 2952; baseline -0.005 -11"><span class='ocrx_word' id='word_1_438' title='bbox 1838 2899 1897 2941; x_wconf 88' lang='lat' dir='ltr'><strong>se</strong></span> <span class='ocrx_word' id='word_1_439' title='bbox 1914 2885 2030 2941; x_wconf 89' lang='lat' dir='ltr'><strong>neci</strong></span> <span class='ocrx_word' id='word_1_440' title='bbox 2073 2883 2413 2948; x_wconf 87' lang='lat' dir='ltr'><strong>tradiderint,</strong></span> <span class='ocrx_word' id='word_1_441' title='bbox 2438 2897 2598 2952; x_wconf 87' lang='lat' dir='ltr'><strong>quam</strong></span> <span class='ocrx_word' id='word_1_442' title='bbox 2623 2890 2941 2935; x_wconf 73' lang='lat' dir='ltr'><strong>caeterarnm</strong></span> <span class='ocrx_word' id='word_1_443' title='bbox 2985 2879 3240 2934; x_wconf 88' lang='lat' dir='ltr'><strong>virtutum</strong></span> <span class='ocrx_word' id='word_1_444' title='bbox 3286 2896 3446 2951; x_wconf 87' lang='lat' dir='ltr'><strong>appa-</strong></span> 
     </span>
    </p>
   </div>
   <div class='ocr_carea' id='block_1_60' title="bbox 1838 2973 3444 3050">
    <p class='ocr_par' dir='ltr' id='par_1_60' title="bbox 1838 2973 3444 3050">
     <span class='ocr_line' id='line_1_60' title="bbox 1838 2973 3444 3050; baseline -0.003 -15"><span class='ocrx_word' id='word_1_445' title='bbox 1838 2988 1987 3035; x_wconf 88' lang='lat' dir='ltr'><strong>ratus</strong></span> <span class='ocrx_word' id='word_1_446' title='bbox 2000 2994 2106 3050; x_wconf 93' lang='lat' dir='ltr'><strong>quo</strong></span> <span class='ocrx_word' id='word_1_447' title='bbox 2119 2994 2272 3033; x_wconf 88' lang='lat' dir='ltr'><strong>suum</strong></span> <span class='ocrx_word' id='word_1_448' title='bbox 2288 2993 2514 3049; x_wconf 86' lang='lat' dir='ltr'><strong>agonem</strong></span> <span class='ocrx_word' id='word_1_449' title='bbox 2541 2974 2787 3031; x_wconf 81' lang='lat' dir='ltr'><strong>catholici</strong></span> <span class='ocrx_word' id='word_1_450' title='bbox 2807 2974 3057 3045; x_wconf 84' lang='lat' dir='ltr'><strong>martyris</strong></span> <span class='ocrx_word' id='word_1_451' title='bbox 3082 2973 3444 3030; x_wconf 87' lang='lat' dir='ltr'><strong>decorarunt:</strong></span> 
     </span>
    </p>
   </div>
   <div class='ocr_carea' id='block_1_61' title="bbox 1842 3065 3451 3138">
    <p class='ocr_par' dir='ltr' id='par_1_61' title="bbox 1842 3065 3451 3138">
     <span class='ocr_line' id='line_1_61' title="bbox 1842 3065 3451 3138; baseline -0.004 -11"><span class='ocrx_word' id='word_1_452' title='bbox 1842 3072 1973 3127; x_wconf 90' lang='lat' dir='ltr'><strong>ﬁdes</strong></span> <span class='ocrx_word' id='word_1_453' title='bbox 1989 3072 2213 3135; x_wconf 86' lang='lat' dir='ltr'><strong>scilicet,</strong></span> <span class='ocrx_word' id='word_1_454' title='bbox 2232 3065 3054 3138; x_wconf 77' lang='lat' dir='ltr'><strong>spes,charitas,religio,pietas,</strong></span> <span class='ocrx_word' id='word_1_455' title='bbox 3072 3066 3451 3133; x_wconf 54' lang='lat' dir='ltr'><strong>modestia,“-</strong></span> 
     </span>
    </p>
   </div>
   <div class='ocr_carea' id='block_1_62' title="bbox 1839 3158 3448 3230">
    <p class='ocr_par' dir='ltr' id='par_1_62' title="bbox 1839 3158 3448 3230">
     <span class='ocr_line' id='line_1_62' title="bbox 1839 3158 3448 3230; baseline -0.003 -11"><span class='ocrx_word' id='word_1_456' title='bbox 1839 3164 1967 3219; x_wconf 85' lang='lat' dir='ltr'><strong>cclsi</strong></span> <span class='ocrx_word' id='word_1_457' title='bbox 1986 3164 2147 3218; x_wconf 87' lang='lat' dir='ltr'><strong>animi</strong></span> <span class='ocrx_word' id='word_1_458' title='bbox 2164 3161 2327 3218; x_wconf 89' lang='lat' dir='ltr'><strong>robur</strong></span> <span class='ocrx_word' id='word_1_459' title='bbox 2345 3162 2397 3216; x_wconf 93' lang='lat' dir='ltr'><strong>in</strong></span> <span class='ocrx_word' id='word_1_460' title='bbox 2407 3162 2750 3230; x_wconf 67' lang='lat' dir='ltr'><strong>victum.quaa</strong></span> <span class='ocrx_word' id='word_1_461' title='bbox 2766 3159 2956 3213; x_wconf 90' lang='lat' dir='ltr'><strong>mirum</strong></span> <span class='ocrx_word' id='word_1_462' title='bbox 2973 3158 3023 3213; x_wconf 92' lang='lat' dir='ltr'><strong>in</strong></span> <span class='ocrx_word' id='word_1_463' title='bbox 3042 3158 3448 3225; x_wconf 82' lang='lat' dir='ltr'><strong>modum,utos—</strong></span> 
     </span>
    </p>
   </div>
   <div class='ocr_carea' id='block_1_63' title="bbox 148 3236 1775 3327">
    <p class='ocr_par' dir='ltr' id='par_1_63' title="bbox 148 3236 1775 3311">
     <span class='ocr_line' id='line_1_63' title="bbox 148 3236 1775 3311; baseline -0.001 -19"><span class='ocrx_word' id='word_1_464' title='bbox 148 3238 394 3305; x_wconf 74' lang='lat' dir='ltr'><strong>ferebant,</strong></span> <span class='ocrx_word' id='word_1_465' title='bbox 421 3255 545 3295; x_wconf 79' lang='lat' dir='ltr'><strong>sese</strong></span> <span class='ocrx_word' id='word_1_466' title='bbox 568 3238 869 3311; x_wconf 85' lang='lat' dir='ltr'><strong>disciplinae</strong></span> <span class='ocrx_word' id='word_1_467' title='bbox 916 3240 1204 3295; x_wconf 88' lang='lat' dir='ltr'><strong>severitate</strong></span> <span class='ocrx_word' id='word_1_468' title='bbox 1226 3239 1519 3309; x_wconf 84' lang='lat' dir='ltr'><strong>jactabant,</strong></span> <span class='ocrx_word' id='word_1_469' title='bbox 1568 3236 1775 3307; x_wconf 64' lang='lat' dir='ltr'><strong>absti—t</strong></span> 
     </span>
    </p>
   </div>
   <div class='ocr_carea' id='block_1_64' title="bbox 1912 3236 3444 3327">
    <p class='ocr_par' dir='ltr' id='par_1_64' title="bbox 1912 3251 3444 3327">
     <span class='ocr_line' id='line_1_64' title="bbox 1912 3251 3444 3327; baseline -0.004 -13"><span class='ocrx_word' id='word_1_470' title='bbox 1912 3258 1965 3314; x_wconf 79' lang='lat' dir='ltr'><strong>id</strong></span> <span class='ocrx_word' id='word_1_471' title='bbox 1973 3260 2128 3326; x_wconf 90' lang='lat' dir='ltr'><strong>imus,</strong></span> <span class='ocrx_word' id='word_1_472' title='bbox 2139 3259 2190 3312; x_wconf 94' lang='lat' dir='ltr'><strong>in</strong></span> <span class='ocrx_word' id='word_1_473' title='bbox 2204 3257 2466 3327; x_wconf 84' lang='lat' dir='ltr'><strong>Perpetua</strong></span> <span class='ocrx_word' id='word_1_474' title='bbox 2481 3254 2748 3324; x_wconf 85' lang='lat' dir='ltr'><strong>sociisque</strong></span> <span class='ocrx_word' id='word_1_475' title='bbox 2760 3253 3084 3325; x_wconf 83' lang='lat' dir='ltr'><strong>martyribus</strong></span> <span class='ocrx_word' id='word_1_476' title='bbox 3097 3251 3444 3309; x_wconf 79' lang='lat' dir='ltr'><strong>refulserunt.</strong></span> 
     </span>
    </p>
   </div>
   <div class='ocr_carea' id='block_1_65' title="bbox 146 3330 1736 3405">
    <p class='ocr_par' dir='ltr' id='par_1_65' title="bbox 146 3330 1736 3405">
     <span class='ocr_line' id='line_1_65' title="bbox 146 3330 1736 3405; baseline -0.002 -17"><span class='ocrx_word' id='word_1_477' title='bbox 146 3334 331 3399; x_wconf 75' lang='lat' dir='ltr'><strong>uentis,</strong></span> <span class='ocrx_word' id='word_1_478' title='bbox 364 3334 621 3404; x_wconf 80' lang='lat' dir='ltr'><strong>pudicitia</strong></span> <span class='ocrx_word' id='word_1_479' title='bbox 646 3344 700 3390; x_wconf 87' lang='lat' dir='ltr'><strong>et</strong></span> <span class='ocrx_word' id='word_1_480' title='bbox 750 3337 1182 3405; x_wconf 89' lang='lat' dir='ltr'><strong>persecutionum</strong></span> <span class='ocrx_word' id='word_1_481' title='bbox 1212 3334 1491 3388; x_wconf 88' lang='lat' dir='ltr'><strong>tolerantia</strong></span> <span class='ocrx_word' id='word_1_482' title='bbox 1522 3347 1583 3387; x_wconf 88' lang='lat' dir='ltr'><strong>se</strong></span> <span class='ocrx_word' id='word_1_483' title='bbox 1616 3330 1736 3402; x_wconf 89' lang='lat' dir='ltr'><strong>plu-</strong></span> 
     </span>
    </p>
   </div>
   <div class='ocr_carea' id='block_1_66' title="bbox 142 3426 1739 3500">
    <p class='ocr_par' dir='ltr' id='par_1_66' title="bbox 142 3426 1739 3500">
     <span class='ocr_line' id='line_1_66' title="bbox 142 3426 1739 3500; baseline -0.001 -20"><span class='ocrx_word' id='word_1_484' title='bbox 142 3428 325 3482; x_wconf 73' lang='lat' dir='ltr'><strong>timum</strong></span> <span class='ocrx_word' id='word_1_485' title='bbox 351 3428 655 3484; x_wconf 80' lang='lat' dir='ltr'><strong>eﬁ&#39;erebant</strong></span> <span class='ocrx_word' id='word_1_486' title='bbox 676 3445 691 3482; x_wconf 89' lang='lat'><strong>:</strong></span> <span class='ocrx_word' id='word_1_487' title='bbox 715 3428 809 3483; x_wconf 89' lang='lat' dir='ltr'><strong>sed</strong></span> <span class='ocrx_word' id='word_1_488' title='bbox 832 3430 923 3498; x_wconf 91' lang='lat' dir='ltr'><strong>qui</strong></span> <span class='ocrx_word' id='word_1_489' title='bbox 948 3443 1007 3484; x_wconf 91' lang='lat' dir='ltr'><strong>se</strong></span> <span class='ocrx_word' id='word_1_490' title='bbox 1042 3428 1288 3500; x_wconf 86' lang='lat' dir='ltr'><strong>graviora</strong></span> <span class='ocrx_word' id='word_1_491' title='bbox 1312 3426 1552 3481; x_wconf 89' lang='lat' dir='ltr'><strong>instituta</strong></span> <span class='ocrx_word' id='word_1_492' title='bbox 1575 3440 1739 3479; x_wconf 90' lang='lat' dir='ltr'><strong>evan-</strong></span> 
     </span>
    </p>
   </div>
   <div class='ocr_carea' id='block_1_67' title="bbox 141 3515 1737 3591">
    <p class='ocr_par' dir='ltr' id='par_1_67' title="bbox 141 3515 1737 3591">
     <span class='ocr_line' id='line_1_67' title="bbox 141 3515 1737 3591; baseline -0.001 -18"><span class='ocrx_word' id='word_1_493' title='bbox 141 3521 316 3589; x_wconf 79' lang='lat' dir='ltr'><strong>gelicis</strong></span> <span class='ocrx_word' id='word_1_494' title='bbox 347 3521 774 3579; x_wconf 87' lang='lat' dir='ltr'><strong>institutionibus</strong></span> <span class='ocrx_word' id='word_1_495' title='bbox 798 3520 1081 3591; x_wconf 87' lang='lat' dir='ltr'><strong>adjecisse,</strong></span> <span class='ocrx_word' id='word_1_496' title='bbox 1106 3521 1281 3575; x_wconf 81' lang='lat' dir='ltr'><strong>verbis</strong></span> <span class='ocrx_word' id='word_1_497' title='bbox 1304 3515 1737 3573; x_wconf 87' lang='lat' dir='ltr'><strong>insolentissimis</strong></span> 
     </span>
    </p>
   </div>
   <div class='ocr_carea' id='block_1_68' title="bbox 144 3609 1737 3683">
    <p class='ocr_par' dir='ltr' id='par_1_68' title="bbox 144 3609 1737 3683">
     <span class='ocr_line' id='line_1_68' title="bbox 144 3609 1737 3683; baseline -0.003 -16"><span class='ocrx_word' id='word_1_498' title='bbox 144 3614 523 3682; x_wconf 62' lang='lat' dir='ltr'><strong>pradicabant,</strong></span> <span class='ocrx_word' id='word_1_499' title='bbox 552 3613 790 3668; x_wconf 90' lang='lat' dir='ltr'><strong>moribus</strong></span> <span class='ocrx_word' id='word_1_500' title='bbox 817 3623 1001 3683; x_wconf 89' lang='lat' dir='ltr'><strong>postea</strong></span> <span class='ocrx_word' id='word_1_501' title='bbox 1034 3613 1166 3683; x_wconf 88' lang='lat' dir='ltr'><strong>legis</strong></span> <span class='ocrx_word' id='word_1_502' title='bbox 1191 3612 1517 3683; x_wconf 85' lang='lat' dir='ltr'><strong>evangelicae</strong></span> <span class='ocrx_word' id='word_1_503' title='bbox 1541 3609 1737 3664; x_wconf 83' lang='lat' dir='ltr'><strong>sancti-</strong></span> 
     </span>
    </p>
   </div>
   <div class='ocr_carea' id='block_1_69' title="bbox 147 3703 1740 3773">
    <p class='ocr_par' dir='ltr' id='par_1_69' title="bbox 147 3703 1740 3773">
     <span class='ocr_line' id='line_1_69' title="bbox 147 3703 1740 3773; baseline -0.001 -15"><span class='ocrx_word' id='word_1_504' title='bbox 147 3715 298 3761; x_wconf 88' lang='lat' dir='ltr'><strong>tatem</strong></span> <span class='ocrx_word' id='word_1_505' title='bbox 332 3706 554 3761; x_wconf 88' lang='lat' dir='ltr'><strong>minime</strong></span> <span class='ocrx_word' id='word_1_506' title='bbox 578 3704 907 3772; x_wconf 85' lang='lat' dir='ltr'><strong>referebant,</strong></span> <span class='ocrx_word' id='word_1_507' title='bbox 938 3704 1033 3759; x_wconf 90' lang='lat' dir='ltr'><strong>sed</strong></span> <span class='ocrx_word' id='word_1_508' title='bbox 1064 3704 1130 3759; x_wconf 87' lang='lat' dir='ltr'><strong>ab</strong></span> <span class='ocrx_word' id='word_1_509' title='bbox 1159 3719 1220 3759; x_wconf 91' lang='lat' dir='ltr'><strong>ea</strong></span> <span class='ocrx_word' id='word_1_510' title='bbox 1248 3719 1404 3773; x_wconf 88' lang='lat' dir='ltr'><strong>quam</strong></span> <span class='ocrx_word' id='word_1_511' title='bbox 1429 3703 1740 3772; x_wconf 80' lang='lat' dir='ltr'><strong>longissime</strong></span> 
     </span>
    </p>
   </div>
   <div class='ocr_carea' id='block_1_70' title="bbox 147 3795 1737 3871">
    <p class='ocr_par' dir='ltr' id='par_1_70' title="bbox 147 3795 1737 3871">
     <span class='ocr_line' id='line_1_70' title="bbox 147 3795 1737 3871; baseline -0.001 -17"><span class='ocrx_word' id='word_1_512' title='bbox 147 3800 386 3856; x_wconf 85' lang='lat' dir='ltr'><strong>aberant.</strong></span> <span class='ocrx_word' id='word_1_513' title='bbox 409 3801 667 3871; x_wconf 85' lang='lat' dir='ltr'><strong>Perpetua</strong></span> <span class='ocrx_word' id='word_1_514' title='bbox 689 3812 818 3855; x_wconf 90' lang='lat' dir='ltr'><strong>vero</strong></span> <span class='ocrx_word' id='word_1_515' title='bbox 843 3800 1081 3869; x_wconf 87' lang='lat' dir='ltr'><strong>sociique</strong></span> <span class='ocrx_word' id='word_1_516' title='bbox 1106 3808 1373 3870; x_wconf 88' lang='lat' dir='ltr'><strong>martyres</strong></span> <span class='ocrx_word' id='word_1_517' title='bbox 1402 3795 1737 3867; x_wconf 89' lang='lat' dir='ltr'><strong>evangelium</strong></span> 
     </span>
    </p>
   </div>
   <div class='ocr_carea' id='block_1_71' title="bbox 153 3888 1742 3963">
    <p class='ocr_par' dir='ltr' id='par_1_71' title="bbox 153 3888 1742 3963">
     <span class='ocr_line' id='line_1_71' title="bbox 153 3888 1742 3963; baseline -0.002 -18"><span class='ocrx_word' id='word_1_518' title='bbox 153 3894 388 3949; x_wconf 82' lang='lat' dir='ltr'><strong>moribus</strong></span> <span class='ocrx_word' id='word_1_519' title='bbox 410 3891 669 3955; x_wconf 83' lang='lat' dir='ltr'><strong>referunt,</strong></span> <span class='ocrx_word' id='word_1_520' title='bbox 729 3900 889 3963; x_wconf 81' lang='lat' dir='ltr'><strong>atque</strong></span> <span class='ocrx_word' id='word_1_521' title='bbox 917 3891 1256 3946; x_wconf 78' lang='lat' dir='ltr'><strong>exactissime</strong></span> <span class='ocrx_word' id='word_1_522' title='bbox 1282 3889 1610 3960; x_wconf 82' lang='lat' dir='ltr'><strong>exprimunt.</strong></span> <span class='ocrx_word' id='word_1_523' title='bbox 1646 3888 1742 3944; x_wconf 85' lang='lat' dir='ltr'><strong>Est</strong></span> 
     </span>
    </p>
   </div>
   <div class='ocr_carea' id='block_1_72' title="bbox 153 3981 1738 4056">
    <p class='ocr_par' dir='ltr' id='par_1_72' title="bbox 153 3981 1738 4056">
     <span class='ocr_line' id='line_1_72' title="bbox 153 3981 1738 4056; baseline -0.001 -18"><span class='ocrx_word' id='word_1_524' title='bbox 153 3995 198 4039; x_wconf 87' lang='lat' dir='ltr'><strong>et</strong></span> <span class='ocrx_word' id='word_1_525' title='bbox 223 3985 372 4041; x_wconf 84' lang='lat' dir='ltr'><strong>aliud</strong></span> <span class='ocrx_word' id='word_1_526' title='bbox 389 3987 439 4041; x_wconf 91' lang='lat' dir='ltr'><strong>in</strong></span> <span class='ocrx_word' id='word_1_527' title='bbox 465 3986 653 4040; x_wconf 91' lang='lat' dir='ltr'><strong>horum</strong></span> <span class='ocrx_word' id='word_1_528' title='bbox 683 3996 1002 4056; x_wconf 90' lang='lat' dir='ltr'><strong>martyrum,</strong></span> <span class='ocrx_word' id='word_1_529' title='bbox 1032 3993 1086 4039; x_wconf 90' lang='lat' dir='ltr'><strong>et</strong></span> <span class='ocrx_word' id='word_1_530' title='bbox 1113 3984 1410 4055; x_wconf 72' lang='lat' dir='ltr'><strong>prmsertim</strong></span> <span class='ocrx_word' id='word_1_531' title='bbox 1436 3981 1738 4053; x_wconf 72' lang='lat' dir='ltr'><strong>Perpeture,</strong></span> 
     </span>
    </p>
   </div>
   <div class='ocr_carea' id='block_1_73' title="bbox 157 4075 1740 4151">
    <p class='ocr_par' dir='ltr' id='par_1_73' title="bbox 157 4075 1740 4151">
     <span class='ocr_line' id='line_1_73' title="bbox 157 4075 1740 4151; baseline -0.001 -20"><span class='ocrx_word' id='word_1_532' title='bbox 157 4081 436 4137; x_wconf 64' lang='lat' dir='ltr'><strong>virtutibus</strong></span> <span class='ocrx_word' id='word_1_533' title='bbox 446 4081 816 4138; x_wconf 87' lang='lat' dir='ltr'><strong>observatione</strong></span> <span class='ocrx_word' id='word_1_534' title='bbox 837 4080 1079 4151; x_wconf 86' lang='lat' dir='ltr'><strong>dignum,</strong></span> <span class='ocrx_word' id='word_1_535' title='bbox 1096 4094 1202 4149; x_wconf 86' lang='lat' dir='ltr'><strong>quo</strong></span> <span class='ocrx_word' id='word_1_536' title='bbox 1223 4096 1251 4132; x_wconf 90' lang='lat' dir='ltr'><strong>a</strong></span> <span class='ocrx_word' id='word_1_537' title='bbox 1274 4076 1465 4133; x_wconf 81' lang='lat' dir='ltr'><strong>fucatis</strong></span> <span class='ocrx_word' id='word_1_538' title='bbox 1484 4075 1740 4148; x_wconf 86' lang='lat' dir='ltr'><strong>hypocri-</strong></span> 
     </span>
    </p>
   </div>
   <div class='ocr_carea' id='block_1_74' title="bbox 160 4169 1744 4247">
    <p class='ocr_par' dir='ltr' id='par_1_74' title="bbox 160 4169 1744 4247">
     <span class='ocr_line' id='line_1_74' title="bbox 160 4169 1744 4247; baseline -0.003 -18"><span class='ocrx_word' id='word_1_539' title='bbox 160 4182 334 4230; x_wconf 61' lang='lat' dir='ltr'><strong>taan</strong></span> <span class='ocrx_word' id='word_1_540' title='bbox 362 4174 1072 4247; x_wconf 85' lang='lat' dir='ltr'><strong>pseudo-prophetarumque</strong></span> <span class='ocrx_word' id='word_1_541' title='bbox 1099 4172 1383 4229; x_wconf 87' lang='lat' dir='ltr'><strong>virtutibus</strong></span> <span class='ocrx_word' id='word_1_542' title='bbox 1408 4171 1643 4227; x_wconf 89' lang='lat' dir='ltr'><strong>discerni</strong></span> <span class='ocrx_word' id='word_1_543' title='bbox 1666 4169 1744 4225; x_wconf 88' lang='lat' dir='ltr'><strong>fa-</strong></span> 
     </span>
    </p>
   </div>
   <div class='ocr_carea' id='block_1_75' title="bbox 168 4265 1744 4341">
    <p class='ocr_par' dir='ltr' id='par_1_75' title="bbox 168 4265 1744 4341">
     <span class='ocr_line' id='line_1_75' title="bbox 168 4265 1744 4341; baseline -0.002 -19"><span class='ocrx_word' id='word_1_544' title='bbox 168 4269 270 4325; x_wconf 77' lang='lat' dir='ltr'><strong>cile</strong></span> <span class='ocrx_word' id='word_1_545' title='bbox 296 4278 511 4339; x_wconf 88' lang='lat' dir='ltr'><strong>possunt,</strong></span> <span class='ocrx_word' id='word_1_546' title='bbox 529 4267 671 4341; x_wconf 90' lang='lat' dir='ltr'><strong>quod</strong></span> <span class='ocrx_word' id='word_1_547' title='bbox 695 4284 753 4324; x_wconf 89' lang='lat' dir='ltr'><strong>se</strong></span> <span class='ocrx_word' id='word_1_548' title='bbox 774 4269 949 4322; x_wconf 82' lang='lat' dir='ltr'><strong>nativa</strong></span> <span class='ocrx_word' id='word_1_549' title='bbox 971 4266 1200 4338; x_wconf 86' lang='lat' dir='ltr'><strong>quadam</strong></span> <span class='ocrx_word' id='word_1_550' title='bbox 1228 4265 1569 4334; x_wconf 71' lang='lat' dir='ltr'><strong>simplicitate</strong></span> <span class='ocrx_word' id='word_1_551' title='bbox 1588 4272 1744 4320; x_wconf 87' lang='lat' dir='ltr'><strong>tuen-</strong></span> 
     </span>
    </p>
   </div>
   <div class='ocr_carea' id='block_1_76' title="bbox 183 4357 1747 4432">
    <p class='ocr_par' dir='ltr' id='par_1_76' title="bbox 183 4357 1747 4432">
     <span class='ocr_line' id='line_1_76' title="bbox 183 4357 1747 4432; baseline -0.003 -19"><span class='ocrx_word' id='word_1_552' title='bbox 183 4369 263 4413; x_wconf 82' lang='lat' dir='ltr'><strong>tur</strong></span> <span class='ocrx_word' id='word_1_553' title='bbox 280 4402 293 4424; x_wconf 90' lang='lat'><strong>,</strong></span> <span class='ocrx_word' id='word_1_554' title='bbox 314 4369 358 4415; x_wconf 87' lang='lat' dir='ltr'><strong>et</strong></span> <span class='ocrx_word' id='word_1_555' title='bbox 375 4376 519 4432; x_wconf 84' lang='lat' dir='ltr'><strong>quam</strong></span> <span class='ocrx_word' id='word_1_556' title='bbox 541 4363 596 4417; x_wconf 89' lang='lat' dir='ltr'><strong>in</strong></span> <span class='ocrx_word' id='word_1_557' title='bbox 619 4362 699 4417; x_wconf 90' lang='lat' dir='ltr'><strong>eis</strong></span> <span class='ocrx_word' id='word_1_558' title='bbox 726 4359 918 4415; x_wconf 79' lang='lat' dir='ltr'><strong>divina:</strong></span> <span class='ocrx_word' id='word_1_559' title='bbox 943 4357 1221 4428; x_wconf 84' lang='lat' dir='ltr'><strong>cujusdam</strong></span> <span class='ocrx_word' id='word_1_560' title='bbox 1253 4373 1280 4413; x_wconf 95' lang='lat' dir='ltr'><strong>s</strong></span> <span class='ocrx_word' id='word_1_561' title='bbox 1298 4357 1532 4426; x_wconf 68' lang='lat' dir='ltr'><strong>lpientiae</strong></span> <span class='ocrx_word' id='word_1_562' title='bbox 1556 4364 1611 4411; x_wconf 89' lang='lat' dir='ltr'><strong>et</strong></span> <span class='ocrx_word' id='word_1_563' title='bbox 1653 4370 1747 4410; x_wconf 49' lang='lat' dir='ltr'><strong>ex.</strong></span> 
     </span>
    </p>
   </div>
   <div class='ocr_carea' id='block_1_77' title="bbox 195 4446 1745 4518">
    <p class='ocr_par' dir='ltr' id='par_1_77' title="bbox 195 4446 1745 4518">
     <span class='ocr_line' id='line_1_77' title="bbox 195 4446 1745 4518; baseline -0.001 -15"><span class='ocrx_word' id='word_1_564' title='bbox 195 4450 318 4503; x_wconf 80' lang='lat' dir='ltr'><strong>celsi</strong></span> <span class='ocrx_word' id='word_1_565' title='bbox 336 4455 465 4510; x_wconf 77' lang='lat' dir='ltr'><strong>animi</strong></span> <span class='ocrx_word' id='word_1_566' title='bbox 489 4470 552 4511; x_wconf 88' lang='lat' dir='ltr'><strong>ac</strong></span> <span class='ocrx_word' id='word_1_567' title='bbox 583 4455 722 4511; x_wconf 87' lang='lat' dir='ltr'><strong>bene</strong></span> <span class='ocrx_word' id='word_1_568' title='bbox 754 4454 914 4508; x_wconf 86' lang='lat' dir='ltr'><strong>rebus</strong></span> <span class='ocrx_word' id='word_1_569' title='bbox 955 4452 1203 4506; x_wconf 90' lang='lat' dir='ltr'><strong>humanis</strong></span> <span class='ocrx_word' id='word_1_570' title='bbox 1257 4447 1495 4518; x_wconf 84' lang='lat' dir='ltr'><strong>exempti</strong></span> <span class='ocrx_word' id='word_1_571' title='bbox 1548 4446 1745 4503; x_wconf 87' lang='lat' dir='ltr'><strong>indicia</strong></span> 
     </span>
    </p>
   </div>
   <div class='ocr_carea' id='block_1_78' title="bbox 198 4541 1741 4616">
    <p class='ocr_par' dir='ltr' id='par_1_78' title="bbox 198 4541 1741 4616">
     <span class='ocr_line' id='line_1_78' title="bbox 198 4541 1741 4616; baseline -0.001 -20"><span class='ocrx_word' id='word_1_572' title='bbox 198 4542 329 4598; x_wconf 75' lang='lat' dir='ltr'><strong>clara</strong></span> <span class='ocrx_word' id='word_1_573' title='bbox 346 4559 636 4616; x_wconf 82' lang='lat' dir='ltr'><strong>cernuntur;</strong></span> <span class='ocrx_word' id='word_1_574' title='bbox 664 4556 769 4602; x_wconf 89' lang='lat' dir='ltr'><strong>tam</strong></span> <span class='ocrx_word' id='word_1_575' title='bbox 796 4548 975 4602; x_wconf 84' lang='lat' dir='ltr'><strong>nativo</strong></span> <span class='ocrx_word' id='word_1_576' title='bbox 999 4543 1227 4615; x_wconf 83' lang='lat' dir='ltr'><strong>quodam</strong></span> <span class='ocrx_word' id='word_1_577' title='bbox 1251 4543 1486 4598; x_wconf 89' lang='lat' dir='ltr'><strong>candore</strong></span> <span class='ocrx_word' id='word_1_578' title='bbox 1510 4541 1741 4613; x_wconf 89' lang='lat' dir='ltr'><strong>placent,</strong></span> 
     </span>
    </p>
   </div>
   <div class='ocr_carea' id='block_1_79' title="bbox 1912 3342 3450 3418">
    <p class='ocr_par' dir='ltr' id='par_1_79' title="bbox 1912 3342 3450 3418">
     <span class='ocr_line' id='line_1_79' title="bbox 1912 3342 3450 3418; baseline -0.005 -11"><span class='ocrx_word' id='word_1_579' title='bbox 1912 3352 2002 3409; x_wconf 82' lang='lat' dir='ltr'><strong>IV.</strong></span> <span class='ocrx_word' id='word_1_580' title='bbox 2046 3351 2150 3410; x_wconf 75' lang='lat' dir='ltr'><strong>Sed</strong></span> <span class='ocrx_word' id='word_1_581' title='bbox 2183 3360 2241 3405; x_wconf 89' lang='lat' dir='ltr'><strong>ut</strong></span> <span class='ocrx_word' id='word_1_582' title='bbox 2271 3348 2398 3404; x_wconf 86' lang='lat' dir='ltr'><strong>nihil</strong></span> <span class='ocrx_word' id='word_1_583' title='bbox 2428 3364 2615 3405; x_wconf 89' lang='lat' dir='ltr'><strong>eorum</strong></span> <span class='ocrx_word' id='word_1_584' title='bbox 2647 3346 2935 3418; x_wconf 77' lang='lat' dir='ltr'><strong>negligam,</strong></span> <span class='ocrx_word' id='word_1_585' title='bbox 2977 3354 3072 3399; x_wconf 89' lang='lat' dir='ltr'><strong>aut</strong></span> <span class='ocrx_word' id='word_1_586' title='bbox 3099 3346 3215 3400; x_wconf 90' lang='lat' dir='ltr'><strong>sine</strong></span> <span class='ocrx_word' id='word_1_587' title='bbox 3248 3342 3450 3399; x_wconf 81' lang='lat' dir='ltr'><strong>refuta-</strong></span> 
     </span>
    </p>
   </div>
   <div class='ocr_carea' id='block_1_80' title="bbox 1843 3437 3439 3510">
    <p class='ocr_par' dir='ltr' id='par_1_80' title="bbox 1843 3437 3439 3510">
     <span class='ocr_line' id='line_1_80' title="bbox 1843 3437 3439 3510; baseline -0.006 -7"><span class='ocrx_word' id='word_1_588' title='bbox 1843 3446 1989 3503; x_wconf 84' lang='lat' dir='ltr'><strong>tione</strong></span> <span class='ocrx_word' id='word_1_589' title='bbox 2019 3444 2305 3508; x_wconf 89' lang='lat' dir='ltr'><strong>dimittam,</strong></span> <span class='ocrx_word' id='word_1_590' title='bbox 2339 3460 2403 3498; x_wconf 78' lang='lat' dir='ltr'><strong>ex</strong></span> <span class='ocrx_word' id='word_1_591' title='bbox 2427 3442 2618 3509; x_wconf 82' lang='lat' dir='ltr'><strong>quibus</strong></span> <span class='ocrx_word' id='word_1_592' title='bbox 2646 3457 2892 3495; x_wconf 85' lang='lat' dir='ltr'><strong>morosus</strong></span> <span class='ocrx_word' id='word_1_593' title='bbox 2920 3437 3113 3510; x_wconf 86' lang='lat' dir='ltr'><strong>aliquis</strong></span> <span class='ocrx_word' id='word_1_594' title='bbox 3137 3439 3439 3506; x_wconf 87' lang='lat' dir='ltr'><strong>cavillator,</strong></span> 
     </span>
    </p>
   </div>
   <div class='ocr_carea' id='block_1_81' title="bbox 1841 3531 3446 3609">
    <p class='ocr_par' dir='ltr' id='par_1_81' title="bbox 1841 3531 3446 3609">
     <span class='ocr_line' id='line_1_81' title="bbox 1841 3531 3446 3609; baseline -0.003 -17"><span class='ocrx_word' id='word_1_595' title='bbox 1841 3539 1924 3594; x_wconf 80' lang='lat' dir='ltr'><strong>vel</strong></span> <span class='ocrx_word' id='word_1_596' title='bbox 1954 3538 2237 3609; x_wconf 88' lang='lat' dir='ltr'><strong>impudens</strong></span> <span class='ocrx_word' id='word_1_597' title='bbox 2259 3535 2588 3609; x_wconf 78' lang='lat' dir='ltr'><strong>sycophanta</strong></span> <span class='ocrx_word' id='word_1_598' title='bbox 2620 3534 2820 3589; x_wconf 84' lang='lat' dir='ltr'><strong>sanctis</strong></span> <span class='ocrx_word' id='word_1_599' title='bbox 2852 3532 3177 3604; x_wconf 88' lang='lat' dir='ltr'><strong>martyribus</strong></span> <span class='ocrx_word' id='word_1_600' title='bbox 3204 3531 3446 3587; x_wconf 87' lang='lat' dir='ltr'><strong>conﬂare</strong></span> 
     </span>
    </p>
   </div>
   <div class='ocr_carea' id='block_1_82' title="bbox 1842 3620 3445 3702">
    <p class='ocr_par' dir='ltr' id='par_1_82' title="bbox 1842 3620 3445 3702">
     <span class='ocr_line' id='line_1_82' title="bbox 1842 3620 3445 3702; baseline -0.006 -14"><span class='ocrx_word' id='word_1_601' title='bbox 1842 3643 2024 3702; x_wconf 85' lang='lat' dir='ltr'><strong>posset</strong></span> <span class='ocrx_word' id='word_1_602' title='bbox 2043 3630 2293 3686; x_wconf 87' lang='lat' dir='ltr'><strong>invidiam</strong></span> <span class='ocrx_word' id='word_1_603' title='bbox 2313 3647 2326 3695; x_wconf 92' lang='lat'><strong>;</strong></span> <span class='ocrx_word' id='word_1_604' title='bbox 2349 3627 2456 3683; x_wconf 90' lang='lat' dir='ltr'><strong>duo</strong></span> <span class='ocrx_word' id='word_1_605' title='bbox 2486 3628 2540 3683; x_wconf 93' lang='lat' dir='ltr'><strong>in</strong></span> <span class='ocrx_word' id='word_1_606' title='bbox 2559 3641 2784 3682; x_wconf 80' lang='lat' dir='ltr'><strong>examen</strong></span> <span class='ocrx_word' id='word_1_607' title='bbox 2802 3620 3065 3680; x_wconf 90' lang='lat' dir='ltr'><strong>adducam</strong></span> <span class='ocrx_word' id='word_1_608' title='bbox 3084 3621 3345 3681; x_wconf 77' lang='lat' dir='ltr'><strong>Actorum</strong></span> <span class='ocrx_word' id='word_1_609' title='bbox 3365 3624 3445 3679; x_wconf 85' lang='lat' dir='ltr'><strong>lo-</strong></span> 
     </span>
    </p>
   </div>
   <div class='ocr_carea' id='block_1_83' title="bbox 1842 3717 3446 3798">
    <p class='ocr_par' dir='ltr' id='par_1_83' title="bbox 1842 3717 3446 3798">
     <span class='ocr_line' id='line_1_83' title="bbox 1842 3717 3446 3798; baseline -0.009 -12"><span class='ocrx_word' id='word_1_610' title='bbox 1842 3744 1904 3785; x_wconf 86' lang='lat' dir='ltr'><strong>ca</strong></span> <span class='ocrx_word' id='word_1_611' title='bbox 1949 3729 2004 3782; x_wconf 89' lang='lat' dir='ltr'><strong>in</strong></span> <span class='ocrx_word' id='word_1_612' title='bbox 2050 3726 2243 3798; x_wconf 88' lang='lat' dir='ltr'><strong>quibus</strong></span> <span class='ocrx_word' id='word_1_613' title='bbox 2288 3735 2493 3778; x_wconf 71' lang='lat' dir='ltr'><strong>naturae</strong></span> <span class='ocrx_word' id='word_1_614' title='bbox 2520 3722 2666 3792; x_wconf 88' lang='lat' dir='ltr'><strong>leges</strong></span> <span class='ocrx_word' id='word_1_615' title='bbox 2710 3718 2898 3774; x_wconf 87' lang='lat' dir='ltr'><strong>violari</strong></span> <span class='ocrx_word' id='word_1_616' title='bbox 2930 3718 3217 3787; x_wconf 87' lang='lat' dir='ltr'><strong>videntur,</strong></span> <span class='ocrx_word' id='word_1_617' title='bbox 3250 3717 3446 3789; x_wconf 90' lang='lat' dir='ltr'><strong>quibus</strong></span> 
     </span>
    </p>
   </div>
   <div class='ocr_carea' id='block_1_84' title="bbox 1843 3813 3449 3888">
    <p class='ocr_par' dir='ltr' id='par_1_84' title="bbox 1843 3813 3449 3888">
     <span class='ocr_line' id='line_1_84' title="bbox 1843 3813 3449 3888; baseline -0.007 -12"><span class='ocrx_word' id='word_1_618' title='bbox 1843 3836 1993 3876; x_wconf 87' lang='lat' dir='ltr'><strong>suam</strong></span> <span class='ocrx_word' id='word_1_619' title='bbox 2016 3818 2386 3888; x_wconf 88' lang='lat' dir='ltr'><strong>unusquisque</strong></span> <span class='ocrx_word' id='word_1_620' title='bbox 2407 3816 2567 3871; x_wconf 89' lang='lat' dir='ltr'><strong>vitam</strong></span> <span class='ocrx_word' id='word_1_621' title='bbox 2591 3828 2918 3869; x_wconf 89' lang='lat' dir='ltr'><strong>conservare</strong></span> <span class='ocrx_word' id='word_1_622' title='bbox 2935 3813 3190 3881; x_wconf 82' lang='lat' dir='ltr'><strong>jubetur,</strong></span> <span class='ocrx_word' id='word_1_623' title='bbox 3224 3821 3278 3867; x_wconf 91' lang='lat' dir='ltr'><strong>et</strong></span> <span class='ocrx_word' id='word_1_624' title='bbox 3301 3824 3449 3867; x_wconf 89' lang='lat' dir='ltr'><strong>mor-</strong></span> 
     </span>
    </p>
   </div>
   <div class='ocr_carea' id='block_1_85' title="bbox 1847 3905 3448 3979">
    <p class='ocr_par' dir='ltr' id='par_1_85' title="bbox 1847 3905 3448 3979">
     <span class='ocr_line' id='line_1_85' title="bbox 1847 3905 3448 3979; baseline -0.006 -8"><span class='ocrx_word' id='word_1_625' title='bbox 1847 3925 1950 3971; x_wconf 90' lang='lat' dir='ltr'><strong>tem</strong></span> <span class='ocrx_word' id='word_1_626' title='bbox 1974 3930 2096 3969; x_wconf 91' lang='lat' dir='ltr'><strong>cum</strong></span> <span class='ocrx_word' id='word_1_627' title='bbox 2117 3912 2293 3979; x_wconf 89' lang='lat' dir='ltr'><strong>nobis,</strong></span> <span class='ocrx_word' id='word_1_628' title='bbox 2321 3920 2433 3966; x_wconf 92' lang='lat' dir='ltr'><strong>tum</strong></span> <span class='ocrx_word' id='word_1_629' title='bbox 2457 3910 2577 3965; x_wconf 86' lang='lat' dir='ltr'><strong>aliis</strong></span> <span class='ocrx_word' id='word_1_630' title='bbox 2598 3918 2786 3979; x_wconf 73' lang='lat' dir='ltr'><strong>Optare</strong></span> <span class='ocrx_word' id='word_1_631' title='bbox 2808 3915 2900 3961; x_wconf 89' lang='lat' dir='ltr'><strong>aut</strong></span> <span class='ocrx_word' id='word_1_632' title='bbox 2920 3907 3055 3961; x_wconf 90' lang='lat' dir='ltr'><strong>alios</strong></span> <span class='ocrx_word' id='word_1_633' title='bbox 3085 3905 3140 3961; x_wconf 89' lang='lat' dir='ltr'><strong>in</strong></span> <span class='ocrx_word' id='word_1_634' title='bbox 3168 3905 3448 3961; x_wconf 88' lang='lat' dir='ltr'><strong>interitum</strong></span> 
     </span>
    </p>
   </div>
   <div class='ocr_carea' id='block_1_86' title="bbox 1846 3999 3448 4076">
    <p class='ocr_par' dir='ltr' id='par_1_86' title="bbox 1846 3999 3448 4076">
     <span class='ocr_line' id='line_1_86' title="bbox 1846 3999 3448 4076; baseline -0.005 -13"><span class='ocrx_word' id='word_1_635' title='bbox 1846 4017 2087 4063; x_wconf 77' lang='lat' dir='ltr'><strong>nostrum</strong></span> <span class='ocrx_word' id='word_1_636' title='bbox 2128 4021 2321 4076; x_wconf 87' lang='lat' dir='ltr'><strong>urgere</strong></span> <span class='ocrx_word' id='word_1_637' title='bbox 2349 4003 2719 4075; x_wconf 87' lang='lat' dir='ltr'><strong>prohibemur.</strong></span> <span class='ocrx_word' id='word_1_638' title='bbox 2777 4000 2835 4055; x_wconf 90' lang='lat' dir='ltr'><strong>In</strong></span> <span class='ocrx_word' id='word_1_639' title='bbox 2881 3999 2982 4055; x_wconf 91' lang='lat' dir='ltr'><strong>has</strong></span> <span class='ocrx_word' id='word_1_640' title='bbox 3010 4006 3191 4055; x_wconf 88' lang='lat' dir='ltr'><strong>autem</strong></span> <span class='ocrx_word' id='word_1_641' title='bbox 3234 4007 3448 4055; x_wconf 58' lang='lat' dir='ltr'><strong>natura;</strong></span> 
     </span>
    </p>
   </div>
   <div class='ocr_carea' id='block_1_87' title="bbox 1846 4087 3448 4171">
    <p class='ocr_par' dir='ltr' id='par_1_87' title="bbox 1846 4087 3448 4171">
     <span class='ocr_line' id='line_1_87' title="bbox 1846 4087 3448 4171; baseline -0.007 -17"><span class='ocrx_word' id='word_1_642' title='bbox 1846 4100 1991 4171; x_wconf 85' lang='lat' dir='ltr'><strong>leges</strong></span> <span class='ocrx_word' id='word_1_643' title='bbox 2005 4108 2267 4171; x_wconf 84' lang='lat' dir='ltr'><strong>martyres</strong></span> <span class='ocrx_word' id='word_1_644' title='bbox 2286 4097 2454 4151; x_wconf 90' lang='lat' dir='ltr'><strong>nostri</strong></span> <span class='ocrx_word' id='word_1_645' title='bbox 2478 4109 2732 4165; x_wconf 89' lang='lat' dir='ltr'><strong>peccasse</strong></span> <span class='ocrx_word' id='word_1_646' title='bbox 2757 4091 3024 4155; x_wconf 89' lang='lat' dir='ltr'><strong>videntur,</strong></span> <span class='ocrx_word' id='word_1_647' title='bbox 3056 4098 3165 4145; x_wconf 92' lang='lat' dir='ltr'><strong>tum</strong></span> <span class='ocrx_word' id='word_1_648' title='bbox 3190 4105 3312 4161; x_wconf 88' lang='lat' dir='ltr'><strong>cap.</strong></span> <span class='ocrx_word' id='word_1_649' title='bbox 3344 4087 3448 4161; x_wconf 81' lang='lat' dir='ltr'><strong>v,§</strong></span> 
     </span>
    </p>
   </div>
   <div class='ocr_carea' id='block_1_88' title="bbox 1844 4183 3449 4261">
    <p class='ocr_par' dir='ltr' id='par_1_88' title="bbox 1844 4183 3449 4261">
     <span class='ocr_line' id='line_1_88' title="bbox 1844 4183 3449 4261; baseline -0.008 -13"><span class='ocrx_word' id='word_1_650' title='bbox 1844 4191 1902 4261; x_wconf 72' lang='lat'><strong>2,</strong></span> <span class='ocrx_word' id='word_1_651' title='bbox 1924 4191 2010 4248; x_wconf 88' lang='lat' dir='ltr'><strong>ubi</strong></span> <span class='ocrx_word' id='word_1_652' title='bbox 2033 4187 2409 4247; x_wconf 89' lang='lat' dir='ltr'><strong>communibus</strong></span> <span class='ocrx_word' id='word_1_653' title='bbox 2440 4188 2578 4241; x_wconf 91' lang='lat' dir='ltr'><strong>votis</strong></span> <span class='ocrx_word' id='word_1_654' title='bbox 2607 4193 2848 4250; x_wconf 87' lang='lat' dir='ltr'><strong>orarnnt,</strong></span> <span class='ocrx_word' id='word_1_655' title='bbox 2876 4192 2932 4237; x_wconf 92' lang='lat' dir='ltr'><strong>ut</strong></span> <span class='ocrx_word' id='word_1_656' title='bbox 2957 4183 3301 4236; x_wconf 88' lang='lat' dir='ltr'><strong>immaturum</strong></span> <span class='ocrx_word' id='word_1_657' title='bbox 3326 4195 3449 4251; x_wconf 89' lang='lat' dir='ltr'><strong>par-</strong></span> 
     </span>
    </p>
   </div>
   <div class='ocr_carea' id='block_1_89' title="bbox 1849 4271 3448 4351">
    <p class='ocr_par' dir='ltr' id='par_1_89' title="bbox 1849 4271 3448 4351">
     <span class='ocr_line' id='line_1_89' title="bbox 1849 4271 3448 4351; baseline -0.008 -11"><span class='ocrx_word' id='word_1_658' title='bbox 1849 4293 1980 4349; x_wconf 92' lang='lat' dir='ltr'><strong>tum,</strong></span> <span class='ocrx_word' id='word_1_659' title='bbox 2003 4304 2023 4335; x_wconf 81' lang='lat' dir='ltr'><strong>r</strong></span> <span class='ocrx_word' id='word_1_660' title='bbox 2054 4286 2287 4339; x_wconf 87' lang='lat' dir='ltr'><strong>instante</strong></span> <span class='ocrx_word' id='word_1_661' title='bbox 2308 4282 2417 4351; x_wconf 88' lang='lat' dir='ltr'><strong>jam</strong></span> <span class='ocrx_word' id='word_1_662' title='bbox 2447 4276 2736 4349; x_wconf 89' lang='lat' dir='ltr'><strong>spectaculi</strong></span> <span class='ocrx_word' id='word_1_663' title='bbox 2766 4275 2873 4335; x_wconf 88' lang='lat' dir='ltr'><strong>die,</strong></span> <span class='ocrx_word' id='word_1_664' title='bbox 2901 4292 2919 4325; x_wconf 79' lang='grc' dir='ltr'><strong>ι</strong></span> <span class='ocrx_word' id='word_1_665' title='bbox 2952 4273 3206 4328; x_wconf 90' lang='lat' dir='ltr'><strong>Felicitas</strong></span> <span class='ocrx_word' id='word_1_666' title='bbox 3235 4271 3448 4342; x_wconf 86' lang='lat' dir='ltr'><strong>ederet,</strong></span> 
     </span>
    </p>
   </div>
   <div class='ocr_carea' id='block_1_90' title="bbox 1855 4363 3446 4447">
    <p class='ocr_par' dir='ltr' id='par_1_90' title="bbox 1855 4363 3446 4447">
     <span class='ocr_line' id='line_1_90' title="bbox 1855 4363 3446 4447; baseline -0.009 -14"><span class='ocrx_word' id='word_1_667' title='bbox 1855 4399 1875 4432; x_wconf 84' lang='lat' dir='ltr'><strong>r</strong></span> <span class='ocrx_word' id='word_1_668' title='bbox 1894 4394 1963 4433; x_wconf 91' lang='lat' dir='ltr'><strong>ne</strong></span> <span class='ocrx_word' id='word_1_669' title='bbox 1992 4386 2210 4447; x_wconf 88' lang='lat' dir='ltr'><strong>prepter</strong></span> <span class='ocrx_word' id='word_1_670' title='bbox 2228 4383 2469 4428; x_wconf 88' lang='lat' dir='ltr'><strong>ventrem</strong></span> <span class='ocrx_word' id='word_1_671' title='bbox 2503 4367 2828 4430; x_wconf 87' lang='lat' dir='ltr'><strong>diﬂ‘erretur,</strong></span> <span class='ocrx_word' id='word_1_672' title='bbox 2861 4365 2986 4435; x_wconf 89' lang='lat' dir='ltr'><strong>quia</strong></span> <span class='ocrx_word' id='word_1_673' title='bbox 3016 4379 3122 4417; x_wconf 92' lang='lat' dir='ltr'><strong>non</strong></span> <span class='ocrx_word' id='word_1_674' title='bbox 3146 4363 3274 4419; x_wconf 89' lang='lat' dir='ltr'><strong>licet</strong></span> <span class='ocrx_word' id='word_1_675' title='bbox 3300 4378 3446 4434; x_wconf 76' lang='lat' dir='ltr'><strong>pree-</strong></span> 
     </span>
    </p>
   </div>
   <div class='ocr_carea' id='block_1_91' title="bbox 1850 4454 3448 4543">
    <p class='ocr_par' dir='ltr' id='par_1_91' title="bbox 1850 4454 3448 4543">
     <span class='ocr_line' id='line_1_91' title="bbox 1850 4454 3448 4543; baseline -0.008 -19"><span class='ocrx_word' id='word_1_676' title='bbox 1850 4479 2073 4543; x_wconf 89' lang='lat' dir='ltr'><strong>gnantes</strong></span> <span class='ocrx_word' id='word_1_677' title='bbox 2103 4483 2277 4539; x_wconf 64' lang='lat' dir='ltr'><strong>paena:</strong></span> <span class='ocrx_word' id='word_1_678' title='bbox 2299 4459 2697 4535; x_wconf 75' lang='lat' dir='ltr'><strong>repraesentari.</strong></span> <span class='ocrx_word' id='word_1_679' title='bbox 2727 4478 2745 4511; x_wconf 74' lang='grc' dir='ltr'><strong>ι</strong></span> <span class='ocrx_word' id='word_1_680' title='bbox 2768 4456 2904 4511; x_wconf 89' lang='lat' dir='ltr'><strong>Tum</strong></span> <span class='ocrx_word' id='word_1_681' title='bbox 2935 4455 3149 4527; x_wconf 86' lang='lat' dir='ltr'><strong>gravius</strong></span> <span class='ocrx_word' id='word_1_682' title='bbox 3176 4471 3295 4525; x_wconf 90' lang='lat' dir='ltr'><strong>cap.</strong></span> <span class='ocrx_word' id='word_1_683' title='bbox 3327 4454 3448 4529; x_wconf 77' lang='lat' dir='ltr'><strong>v1,§</strong></span> 
     </span>
    </p>
   </div>
   <div class='ocr_carea' id='block_1_92' title="bbox 1853 4547 3447 4629">
    <p class='ocr_par' dir='ltr' id='par_1_92' title="bbox 1853 4547 3447 4629">
     <span class='ocr_line' id='line_1_92' title="bbox 1853 4547 3447 4629; baseline -0.009 -12"><span class='ocrx_word' id='word_1_684' title='bbox 1853 4564 1948 4618; x_wconf 89' lang='lat' dir='ltr'><strong>ult.</strong></span> <span class='ocrx_word' id='word_1_685' title='bbox 1977 4601 1993 4628; x_wconf 93' lang='lat'><strong>,</strong></span> <span class='ocrx_word' id='word_1_686' title='bbox 2036 4561 2123 4616; x_wconf 88' lang='lat' dir='ltr'><strong>ubi</strong></span> <span class='ocrx_word' id='word_1_687' title='bbox 2166 4559 2431 4629; x_wconf 79' lang='lat' dir='ltr'><strong>Perpetua</strong></span> <span class='ocrx_word' id='word_1_688' title='bbox 2461 4550 2610 4611; x_wconf 88' lang='lat' dir='ltr'><strong>necis</strong></span> <span class='ocrx_word' id='word_1_689' title='bbox 2649 4552 3001 4606; x_wconf 88' lang='lat' dir='ltr'><strong>instrumenta</strong></span> <span class='ocrx_word' id='word_1_690' title='bbox 3039 4547 3105 4602; x_wconf 89' lang='lat' dir='ltr'><strong>ad</strong></span> <span class='ocrx_word' id='word_1_691' title='bbox 3136 4547 3447 4602; x_wconf 90' lang='lat' dir='ltr'><strong>acceleran-</strong></span> 
     </span>
    </p>
   </div>
   <div class='ocr_carea' id='block_1_93' title="bbox 192 4636 3448 4723">
    <p class='ocr_par' dir='ltr' id='par_1_93' title="bbox 192 4636 3448 4723">
     <span class='ocr_line' id='line_1_93' title="bbox 192 4636 3448 4723; baseline -0.002 -35"><span class='ocrx_word' id='word_1_692' title='bbox 192 4642 245 4689; x_wconf 88' lang='lat' dir='ltr'><strong>et</strong></span> <span class='ocrx_word' id='word_1_693' title='bbox 284 4637 391 4694; x_wconf 84' lang='lat' dir='ltr'><strong>nihil</strong></span> <span class='ocrx_word' id='word_1_694' title='bbox 418 4641 463 4695; x_wconf 89' lang='lat' dir='ltr'><strong>in</strong></span> <span class='ocrx_word' id='word_1_695' title='bbox 510 4644 590 4697; x_wconf 89' lang='lat' dir='ltr'><strong>eis</strong></span> <span class='ocrx_word' id='word_1_696' title='bbox 617 4642 877 4704; x_wconf 79' lang='lat' dir='ltr'><strong>locatum,</strong></span> <span class='ocrx_word' id='word_1_697' title='bbox 907 4637 1038 4693; x_wconf 86' lang='lat' dir='ltr'><strong>nihil</strong></span> <span class='ocrx_word' id='word_1_698' title='bbox 1070 4653 1163 4707; x_wconf 87' lang='lat' dir='ltr'><strong>per</strong></span> <span class='ocrx_word' id='word_1_699' title='bbox 1185 4636 1581 4691; x_wconf 89' lang='lat' dir='ltr'><strong>simulationem</strong></span> <span class='ocrx_word' id='word_1_700' title='bbox 1620 4650 1740 4706; x_wconf 89' lang='lat' dir='ltr'><strong>ges-</strong></span> <span class='ocrx_word' id='word_1_701' title='bbox 1771 4642 1825 4704; x_wconf 82' lang='lat' dir='ltr'><strong>D</strong></span> <span class='ocrx_word' id='word_1_702' title='bbox 1852 4654 1977 4709; x_wconf 68' lang='lat' dir='ltr'><strong>dum</strong></span> <span class='ocrx_word' id='word_1_703' title='bbox 2024 4653 2339 4723; x_wconf 55' lang='lat' dir='ltr'><strong>martyrium</strong></span> <span class='ocrx_word' id='word_1_704' title='bbox 2377 4650 2490 4717; x_wconf 57' lang='lat' dir='ltr'><strong>ipsa</strong></span> <span class='ocrx_word' id='word_1_705' title='bbox 2524 4645 2635 4701; x_wconf 69' lang='lat' dir='ltr'><strong>suis</strong></span> <span class='ocrx_word' id='word_1_706' title='bbox 2683 4642 2930 4698; x_wconf 69' lang='lat' dir='ltr'><strong>manibus</strong></span> <span class='ocrx_word' id='word_1_707' title='bbox 2971 4640 3175 4710; x_wconf 61' lang='lat' dir='ltr'><strong>aptavit</strong></span> <span class='ocrx_word' id='word_1_708' title='bbox 3197 4654 3215 4694; x_wconf 66' lang='grc' dir='ltr'><em>ς</em></span> <span class='ocrx_word' id='word_1_709' title='bbox 3248 4655 3267 4690; x_wconf 69' lang='grc' dir='ltr'><strong><em>ι</em></strong></span> <span class='ocrx_word' id='word_1_710' title='bbox 3311 4638 3448 4693; x_wconf 71' lang='lat' dir='ltr'><strong>per-</strong></span> 
     </span>
    </p>
   </div>
   <div class='ocr_carea' id='block_1_94' title="bbox 189 4726 1743 4806">
    <p class='ocr_par' dir='ltr' id='par_1_94' title="bbox 189 4726 1743 4806">
     <span class='ocr_line' id='line_1_94' title="bbox 189 4726 1743 4806; baseline -0.001 -25"><span class='ocrx_word' id='word_1_711' title='bbox 189 4736 309 4795; x_wconf 88' lang='lat' dir='ltr'><strong>tum,</strong></span> <span class='ocrx_word' id='word_1_712' title='bbox 336 4744 415 4786; x_wconf 82' lang='lat' dir='ltr'><strong>aut</strong></span> <span class='ocrx_word' id='word_1_713' title='bbox 432 4747 523 4803; x_wconf 86' lang='lat' dir='ltr'><strong>per</strong></span> <span class='ocrx_word' id='word_1_714' title='bbox 547 4733 877 4806; x_wconf 85' lang='lat' dir='ltr'><strong>hypocrisim</strong></span> <span class='ocrx_word' id='word_1_715' title='bbox 908 4727 1331 4798; x_wconf 84' lang='lat' dir='ltr'><strong>deprehenditur</strong></span> <span class='ocrx_word' id='word_1_716' title='bbox 1367 4742 1488 4797; x_wconf 81' lang='lat' dir='ltr'><strong>quae</strong></span> <span class='ocrx_word' id='word_1_717' title='bbox 1526 4726 1743 4797; x_wconf 90' lang='lat' dir='ltr'><strong>quidem</strong></span> 
     </span>
    </p>
   </div>
   <div class='ocr_carea' id='block_1_95' title="bbox 186 4820 1747 4894">
    <p class='ocr_par' dir='ltr' id='par_1_95' title="bbox 186 4820 1747 4894">
     <span class='ocr_line' id='line_1_95' title="bbox 186 4820 1747 4894; baseline 0.002 -21"><span class='ocrx_word' id='word_1_718' title='bbox 186 4822 464 4891; x_wconf 81' lang='lat' dir='ltr'><strong>simplicitas</strong></span> <span class='ocrx_word' id='word_1_719' title='bbox 487 4836 540 4882; x_wconf 85' lang='lat' dir='ltr'><strong>et</strong></span> <span class='ocrx_word' id='word_1_720' title='bbox 586 4824 799 4881; x_wconf 86' lang='lat' dir='ltr'><strong>candidi</strong></span> <span class='ocrx_word' id='word_1_721' title='bbox 850 4820 1276 4894; x_wconf 85' lang='lat' dir='ltr'><strong>pectoris‘decus</strong></span> <span class='ocrx_word' id='word_1_722' title='bbox 1303 4821 1355 4875; x_wconf 90' lang='lat' dir='ltr'><strong>in</strong></span> <span class='ocrx_word' id='word_1_723' title='bbox 1385 4820 1514 4889; x_wconf 90' lang='lat' dir='ltr'><strong>ipsis</strong></span> <span class='ocrx_word' id='word_1_724' title='bbox 1535 4833 1747 4891; x_wconf 87' lang='lat' dir='ltr'><strong>quoque</strong></span> 
     </span>
    </p>
   </div>
   <div class='ocr_carea' id='block_1_96' title="bbox 188 4910 1744 4983">
    <p class='ocr_par' dir='ltr' id='par_1_96' title="bbox 188 4910 1744 4983">
     <span class='ocr_line' id='line_1_96' title="bbox 188 4910 1744 4983; baseline -0.004 -13"><span class='ocrx_word' id='word_1_725' title='bbox 188 4910 434 4983; x_wconf 74' lang='lat' dir='ltr'><strong>Perpetua:</strong></span> <span class='ocrx_word' id='word_1_726' title='bbox 458 4919 634 4975; x_wconf 80' lang='lat' dir='ltr'><strong>verbis</strong></span> <span class='ocrx_word' id='word_1_727' title='bbox 662 4927 719 4973; x_wconf 90' lang='lat' dir='ltr'><strong>et</strong></span> <span class='ocrx_word' id='word_1_728' title='bbox 745 4916 1015 4972; x_wconf 83' lang='lat' dir='ltr'><strong>scribendi</strong></span> <span class='ocrx_word' id='word_1_729' title='bbox 1047 4914 1360 4969; x_wconf 86' lang='lat' dir='ltr'><strong>charactere</strong></span> <span class='ocrx_word' id='word_1_730' title='bbox 1379 4910 1744 4983; x_wconf 85' lang='lat' dir='ltr'><strong>resplendent,</strong></span> 
     </span>
    </p>
   </div>
   <div class='ocr_carea' id='block_1_97' title="bbox 188 5005 1747 5082">
    <p class='ocr_par' dir='ltr' id='par_1_97' title="bbox 188 5005 1747 5082">
     <span class='ocr_line' id='line_1_97' title="bbox 188 5005 1747 5082; baseline -0.001 -21"><span class='ocrx_word' id='word_1_731' title='bbox 188 5020 281 5074; x_wconf 74' lang='lat' dir='ltr'><strong>uno</strong></span> <span class='ocrx_word' id='word_1_732' title='bbox 301 5024 434 5076; x_wconf 87' lang='lat' dir='ltr'><strong>suos,</strong></span> <span class='ocrx_word' id='word_1_733' title='bbox 464 5023 522 5066; x_wconf 83' lang='lat' dir='ltr'><strong>ut</strong></span> <span class='ocrx_word' id='word_1_734' title='bbox 546 5026 709 5082; x_wconf 89' lang='lat' dir='ltr'><strong>supra</strong></span> <span class='ocrx_word' id='word_1_735' title='bbox 730 5020 815 5067; x_wconf 87' lang='lat' dir='ltr'><strong>est</strong></span> <span class='ocrx_word' id='word_1_736' title='bbox 835 5010 1202 5075; x_wconf 85' lang='lat' dir='ltr'><strong>observatum,</strong></span> <span class='ocrx_word' id='word_1_737' title='bbox 1235 5007 1499 5062; x_wconf 87' lang='lat' dir='ltr'><strong>humanos</strong></span> <span class='ocrx_word' id='word_1_738' title='bbox 1524 5005 1747 5061; x_wconf 85' lang='lat' dir='ltr'><strong>aﬂ&#39;ectus</strong></span> 
     </span>
    </p>
   </div>
   <div class='ocr_carea' id='block_1_98' title="bbox 194 5101 1750 5175">
    <p class='ocr_par' dir='ltr' id='par_1_98' title="bbox 194 5101 1750 5175">
     <span class='ocr_line' id='line_1_98' title="bbox 194 5101 1750 5175; baseline 0 -21"><span class='ocrx_word' id='word_1_739' title='bbox 194 5112 280 5156; x_wconf 82' lang='lat' dir='ltr'><strong>non</strong></span> <span class='ocrx_word' id='word_1_740' title='bbox 305 5102 608 5171; x_wconf 87' lang='lat' dir='ltr'><strong>dissimulat,</strong></span> <span class='ocrx_word' id='word_1_741' title='bbox 661 5122 723 5162; x_wconf 89' lang='lat' dir='ltr'><strong>se</strong></span> <span class='ocrx_word' id='word_1_742' title='bbox 748 5120 907 5175; x_wconf 82' lang='lat' dir='ltr'><strong>supra</strong></span> <span class='ocrx_word' id='word_1_743' title='bbox 951 5106 1084 5159; x_wconf 85' lang='lat' dir='ltr'><strong>alios</strong></span> <span class='ocrx_word' id='word_1_744' title='bbox 1115 5119 1218 5158; x_wconf 93' lang='lat' dir='ltr'><strong>non</strong></span> <span class='ocrx_word' id='word_1_745' title='bbox 1249 5101 1434 5167; x_wconf 75' lang='lat' dir='ltr'><strong>eﬁ‘ert,</strong></span> <span class='ocrx_word' id='word_1_746' title='bbox 1487 5116 1576 5156; x_wconf 90' lang='lat' dir='ltr'><strong>res</strong></span> <span class='ocrx_word' id='word_1_747' title='bbox 1623 5114 1750 5155; x_wconf 90' lang='lat' dir='ltr'><strong>suas</strong></span> 
     </span>
    </p>
   </div>
   <div class='ocr_carea' id='block_1_99' title="bbox 195 5192 1754 5270">
    <p class='ocr_par' dir='ltr' id='par_1_99' title="bbox 195 5192 1754 5270">
     <span class='ocr_line' id='line_1_99' title="bbox 195 5192 1754 5270; baseline 0.001 -26"><span class='ocrx_word' id='word_1_748' title='bbox 195 5192 383 5250; x_wconf 83' lang='lat' dir='ltr'><strong>minime</strong></span> <span class='ocrx_word' id='word_1_749' title='bbox 407 5206 710 5270; x_wconf 79' lang='lat' dir='ltr'><strong>exaggerat,</strong></span> <span class='ocrx_word' id='word_1_750' title='bbox 752 5198 818 5253; x_wconf 91' lang='lat' dir='ltr'><strong>ad</strong></span> <span class='ocrx_word' id='word_1_751' title='bbox 845 5198 1012 5253; x_wconf 87' lang='lat' dir='ltr'><strong>Deum</strong></span> <span class='ocrx_word' id='word_1_752' title='bbox 1044 5197 1224 5252; x_wconf 90' lang='lat' dir='ltr'><strong>omnia</strong></span> <span class='ocrx_word' id='word_1_753' title='bbox 1251 5196 1433 5261; x_wconf 83' lang='lat' dir='ltr'><strong>refert,</strong></span> <span class='ocrx_word' id='word_1_754' title='bbox 1469 5194 1520 5249; x_wconf 90' lang='lat' dir='ltr'><strong>in</strong></span> <span class='ocrx_word' id='word_1_755' title='bbox 1551 5193 1676 5258; x_wconf 89' lang='lat' dir='ltr'><strong>lide,</strong></span> <span class='ocrx_word' id='word_1_756' title='bbox 1702 5192 1754 5246; x_wconf 90' lang='lat' dir='ltr'><strong>in</strong></span> 
     </span>
    </p>
   </div>
   <div class='ocr_carea' id='block_1_100' title="bbox 200 5287 1755 5358">
    <p class='ocr_par' dir='ltr' id='par_1_100' title="bbox 200 5287 1755 5358">
     <span class='ocr_line' id='line_1_100' title="bbox 200 5287 1755 5358; baseline -0.002 -14"><span class='ocrx_word' id='word_1_757' title='bbox 200 5297 274 5354; x_wconf 73' lang='lat' dir='ltr'><strong>Spe</strong></span> <span class='ocrx_word' id='word_1_758' title='bbox 299 5290 477 5348; x_wconf 70' lang='lat' dir='ltr'><strong>divinae</strong></span> <span class='ocrx_word' id='word_1_759' title='bbox 499 5293 907 5358; x_wconf 64' lang='lat' dir='ltr'><strong>misericordias,</strong></span> <span class='ocrx_word' id='word_1_760' title='bbox 943 5293 995 5346; x_wconf 93' lang='lat' dir='ltr'><strong>in</strong></span> <span class='ocrx_word' id='word_1_761' title='bbox 1027 5293 1150 5352; x_wconf 83' lang='lat' dir='ltr'><strong>sinu</strong></span> <span class='ocrx_word' id='word_1_762' title='bbox 1175 5289 1537 5345; x_wconf 72' lang='lat' dir='ltr'><strong>Providentia:</strong></span> <span class='ocrx_word' id='word_1_763' title='bbox 1562 5298 1615 5343; x_wconf 91' lang='lat' dir='ltr'><strong>et</strong></span> <span class='ocrx_word' id='word_1_764' title='bbox 1643 5287 1755 5358; x_wconf 89' lang='lat' dir='ltr'><strong>pla-</strong></span> 
     </span>
    </p>
   </div>
   <div class='ocr_carea' id='block_1_101' title="bbox 199 5378 1759 5457">
    <p class='ocr_par' dir='ltr' id='par_1_101' title="bbox 199 5378 1759 5457">
     <span class='ocr_line' id='line_1_101' title="bbox 199 5378 1759 5457; baseline 0.002 -24"><span class='ocrx_word' id='word_1_765' title='bbox 199 5378 435 5440; x_wconf 80' lang='lat' dir='ltr'><strong>cidissime</strong></span> <span class='ocrx_word' id='word_1_766' title='bbox 461 5386 811 5457; x_wconf 84' lang='lat' dir='ltr'><strong>conquiescit,</strong></span> <span class='ocrx_word' id='word_1_767' title='bbox 855 5395 909 5442; x_wconf 89' lang='lat' dir='ltr'><strong>et</strong></span> <span class='ocrx_word' id='word_1_768' title='bbox 933 5400 1089 5440; x_wconf 87' lang='lat' dir='ltr'><strong>casus</strong></span> <span class='ocrx_word' id='word_1_769' title='bbox 1129 5397 1316 5439; x_wconf 91' lang='lat' dir='ltr'><strong>omnes</strong></span> <span class='ocrx_word' id='word_1_770' title='bbox 1344 5383 1661 5449; x_wconf 88' lang='lat' dir='ltr'><strong>contemnit,</strong></span> <span class='ocrx_word' id='word_1_771' title='bbox 1703 5387 1759 5436; x_wconf 89' lang='lat' dir='ltr'><strong>et</strong></span> 
     </span>
    </p>
   </div>
   <div class='ocr_carea' id='block_1_102' title="bbox 203 5469 1754 5547">
    <p class='ocr_par' dir='ltr' id='par_1_102' title="bbox 203 5469 1754 5547">
     <span class='ocr_line' id='line_1_102' title="bbox 203 5469 1754 5547; baseline 0.004 -26"><span class='ocrx_word' id='word_1_772' title='bbox 203 5469 315 5526; x_wconf 84' lang='lat' dir='ltr'><strong>nihil</strong></span> <span class='ocrx_word' id='word_1_773' title='bbox 343 5476 501 5543; x_wconf 87' lang='lat' dir='ltr'><strong>timet,</strong></span> <span class='ocrx_word' id='word_1_774' title='bbox 530 5487 585 5535; x_wconf 91' lang='lat' dir='ltr'><strong>et</strong></span> <span class='ocrx_word' id='word_1_775' title='bbox 608 5479 792 5534; x_wconf 87' lang='lat' dir='ltr'><strong>omnia</strong></span> <span class='ocrx_word' id='word_1_776' title='bbox 828 5485 1029 5547; x_wconf 84' lang='lat' dir='ltr'><strong>Sperat,</strong></span> <span class='ocrx_word' id='word_1_777' title='bbox 1063 5482 1117 5532; x_wconf 91' lang='lat' dir='ltr'><strong>et</strong></span> <span class='ocrx_word' id='word_1_778' title='bbox 1146 5475 1282 5532; x_wconf 90' lang='lat' dir='ltr'><strong>nihil</strong></span> <span class='ocrx_word' id='word_1_779' title='bbox 1309 5490 1419 5530; x_wconf 89' lang='lat' dir='ltr'><strong>non</strong></span> <span class='ocrx_word' id='word_1_780' title='bbox 1450 5472 1627 5529; x_wconf 85' lang='lat' dir='ltr'><strong>audet.</strong></span> <span class='ocrx_word' id='word_1_781' title='bbox 1688 5471 1754 5528; x_wconf 85' lang='lat' dir='ltr'><strong>Hi</strong></span> 
     </span>
    </p>
   </div>
   <div class='ocr_carea' id='block_1_103' title="bbox 210 5563 1759 5629">
    <p class='ocr_par' dir='ltr' id='par_1_103' title="bbox 210 5563 1759 5629">
     <span class='ocr_line' id='line_1_103' title="bbox 210 5563 1759 5629; baseline 0.004 -14"><span class='ocrx_word' id='word_1_782' title='bbox 210 5563 413 5629; x_wconf 83' lang='lat' dir='ltr'><strong>proiecto</strong></span> <span class='ocrx_word' id='word_1_783' title='bbox 453 5572 707 5627; x_wconf 87' lang='lat' dir='ltr'><strong>virtutum</strong></span> <span class='ocrx_word' id='word_1_784' title='bbox 741 5570 906 5625; x_wconf 89' lang='lat' dir='ltr'><strong>ﬂores</strong></span> <span class='ocrx_word' id='word_1_785' title='bbox 948 5570 1085 5625; x_wconf 91' lang='lat' dir='ltr'><strong>inter</strong></span> <span class='ocrx_word' id='word_1_786' title='bbox 1111 5569 1380 5625; x_wconf 76' lang='lat' dir='ltr'><strong>haeresum</strong></span> <span class='ocrx_word' id='word_1_787' title='bbox 1407 5566 1625 5623; x_wconf 81' lang='lat' dir='ltr'><strong>dumeta</strong></span> <span class='ocrx_word' id='word_1_788' title='bbox 1652 5580 1759 5621; x_wconf 90' lang='lat' dir='ltr'><strong>non</strong></span> 
     </span>
    </p>
   </div>
   <div class='ocr_carea' id='block_1_104' title="bbox 211 5658 1763 5729">
    <p class='ocr_par' dir='ltr' id='par_1_104' title="bbox 211 5658 1763 5729">
     <span class='ocr_line' id='line_1_104' title="bbox 211 5658 1763 5729; baseline 0.005 -22"><span class='ocrx_word' id='word_1_789' title='bbox 211 5658 474 5722; x_wconf 80' lang='lat' dir='ltr'><strong>germinant</strong></span> <span class='ocrx_word' id='word_1_790' title='bbox 500 5679 516 5729; x_wconf 86' lang='lat'><strong>;</strong></span> <span class='ocrx_word' id='word_1_791' title='bbox 544 5662 643 5718; x_wconf 87' lang='lat' dir='ltr'><strong>bos</strong></span> <span class='ocrx_word' id='word_1_792' title='bbox 683 5663 890 5718; x_wconf 86' lang='lat' dir='ltr'><strong>fructus</strong></span> <span class='ocrx_word' id='word_1_793' title='bbox 914 5664 1072 5718; x_wconf 90' lang='lat' dir='ltr'><strong>arbor</strong></span> <span class='ocrx_word' id='word_1_794' title='bbox 1096 5662 1237 5717; x_wconf 88' lang='lat' dir='ltr'><strong>mala</strong></span> <span class='ocrx_word' id='word_1_795' title='bbox 1266 5677 1373 5715; x_wconf 91' lang='lat' dir='ltr'><strong>non</strong></span> <span class='ocrx_word' id='word_1_796' title='bbox 1402 5660 1545 5715; x_wconf 86' lang='lat' dir='ltr'><strong>iacit.</strong></span> <span class='ocrx_word' id='word_1_797' title='bbox 1576 5660 1763 5715; x_wconf 84' lang='lat' dir='ltr'><strong>Potest</strong></span> 
     </span>
    </p>
   </div>
   <div class='ocr_carea' id='block_1_105' title="bbox 209 5746 1765 5827">
    <p class='ocr_par' dir='ltr' id='par_1_105' title="bbox 209 5746 1765 5827">
     <span class='ocr_line' id='line_1_105' title="bbox 209 5746 1765 5827; baseline 0.005 -28"><span class='ocrx_word' id='word_1_798' title='bbox 209 5746 396 5827; x_wconf 77' lang='lat' dir='ltr'><strong>quidem</strong></span> <span class='ocrx_word' id='word_1_799' title='bbox 414 5752 546 5821; x_wconf 83' lang='lat' dir='ltr'><strong>ﬁeri,</strong></span> <span class='ocrx_word' id='word_1_800' title='bbox 577 5763 635 5809; x_wconf 87' lang='lat' dir='ltr'><strong>ut</strong></span> <span class='ocrx_word' id='word_1_801' title='bbox 660 5764 717 5810; x_wconf 89' lang='lat' dir='ltr'><strong>et</strong></span> <span class='ocrx_word' id='word_1_802' title='bbox 733 5768 962 5824; x_wconf 89' lang='lat' dir='ltr'><strong>nequam</strong></span> <span class='ocrx_word' id='word_1_803' title='bbox 990 5754 1205 5826; x_wconf 90' lang='lat' dir='ltr'><strong>spiritus</strong></span> <span class='ocrx_word' id='word_1_804' title='bbox 1225 5753 1549 5810; x_wconf 76' lang='lat' dir='ltr'><strong>exteriorem</strong></span> <span class='ocrx_word' id='word_1_805' title='bbox 1575 5767 1765 5822; x_wconf 83' lang='lat' dir='ltr'><strong>quam-</strong></span> 
     </span>
    </p>
   </div>
   <div class='ocr_carea' id='block_1_106' title="bbox 232 5857 1766 5941">
    <p class='ocr_par' dir='ltr' id='par_1_106' title="bbox 232 5857 1766 5941">
     <span class='ocr_line' id='line_1_106' title="bbox 232 5857 1766 5941; baseline 0.007 -28"><span class='ocrx_word' id='word_1_806' title='bbox 232 5857 458 5937; x_wconf 81' lang='lat' dir='ltr'><strong>(l)Apud</strong></span> <span class='ocrx_word' id='word_1_807' title='bbox 476 5866 700 5938; x_wconf 83' lang='lat' dir='ltr'><strong>Euseb.,</strong></span> <span class='ocrx_word' id='word_1_808' title='bbox 725 5868 817 5924; x_wconf 76' lang='lat' dir='ltr'><strong>lib.</strong></span> <span class='ocrx_word' id='word_1_809' title='bbox 842 5884 873 5924; x_wconf 91' lang='lat' dir='ltr'><strong>v</strong></span> <span class='ocrx_word' id='word_1_810' title='bbox 895 5867 1025 5926; x_wconf 73' lang='lat' dir='ltr'><strong>Hist.</strong></span> <span class='ocrx_word' id='word_1_811' title='bbox 1048 5868 1272 5938; x_wconf 56' lang='lat' dir='ltr'><strong>Eorice,</strong></span> <span class='ocrx_word' id='word_1_812' title='bbox 1296 5883 1414 5941; x_wconf 73' lang='lat' dir='ltr'><strong>cap.</strong></span> <span class='ocrx_word' id='word_1_813' title='bbox 1438 5864 1505 5923; x_wconf 73' lang='grc' dir='ltr'><strong>ιϐ</strong></span> <span class='ocrx_word' id='word_1_814' title='bbox 1537 5873 1591 5924; x_wconf 84' lang='lat' dir='ltr'><strong>et</strong></span> <span class='ocrx_word' id='word_1_815' title='bbox 1613 5880 1766 5940; x_wconf 86' lang='lat' dir='ltr'><strong>seqq.</strong></span> 
     </span>
    </p>
   </div>
   <div class='ocr_carea' id='block_1_107' title="bbox 1852 4733 3451 4820">
    <p class='ocr_par' dir='ltr' id='par_1_107' title="bbox 1852 4733 3451 4820">
     <span class='ocr_line' id='line_1_107' title="bbox 1852 4733 3451 4820; baseline -0.009 -18"><span class='ocrx_word' id='word_1_816' title='bbox 1852 4756 2011 4820; x_wconf 89' lang='lat' dir='ltr'><strong>petua</strong></span> <span class='ocrx_word' id='word_1_817' title='bbox 2040 4754 2239 4809; x_wconf 89' lang='lat' dir='ltr'><strong>autem,</strong></span> <span class='ocrx_word' id='word_1_818' title='bbox 2273 4750 2331 4797; x_wconf 88' lang='lat' dir='ltr'><strong>ut</strong></span> <span class='ocrx_word' id='word_1_819' title='bbox 2357 4736 2559 4810; x_wconf 86' lang='lat' dir='ltr'><strong>aliquid</strong></span> <span class='ocrx_word' id='word_1_820' title='bbox 2583 4736 2786 4793; x_wconf 90' lang='lat' dir='ltr'><strong>doloris</strong></span> <span class='ocrx_word' id='word_1_821' title='bbox 2809 4742 3073 4806; x_wconf 88' lang='lat' dir='ltr'><strong>gustaret,</strong></span> <span class='ocrx_word' id='word_1_822' title='bbox 3100 4733 3240 4788; x_wconf 86' lang='lat' dir='ltr'><strong>inter</strong></span> <span class='ocrx_word' id='word_1_823' title='bbox 3268 4738 3451 4787; x_wconf 84' lang='lat' dir='ltr'><strong>costas</strong></span> 
     </span>
    </p>
   </div>
   <div class='ocr_carea' id='block_1_108' title="bbox 1854 4823 3446 4911">
    <p class='ocr_par' dir='ltr' id='par_1_108' title="bbox 1854 4823 3446 4911">
     <span class='ocr_line' id='line_1_108' title="bbox 1854 4823 3446 4911; baseline -0.01 -16"><span class='ocrx_word' id='word_1_824' title='bbox 1854 4847 2047 4911; x_wconf 91' lang='lat' dir='ltr'><strong>puncta</strong></span> <span class='ocrx_word' id='word_1_825' title='bbox 2092 4835 2417 4902; x_wconf 81' lang='lat' dir='ltr'><strong>exululavit,</strong></span> <span class='ocrx_word' id='word_1_826' title='bbox 2472 4843 2526 4888; x_wconf 90' lang='lat' dir='ltr'><strong>et</strong></span> <span class='ocrx_word' id='word_1_827' title='bbox 2570 4838 2841 4886; x_wconf 89' lang='lat' dir='ltr'><strong>errantem</strong></span> <span class='ocrx_word' id='word_1_828' title='bbox 2881 4826 3156 4881; x_wconf 85' lang='lat' dir='ltr'><strong>dexteram</strong></span> <span class='ocrx_word' id='word_1_829' title='bbox 3187 4823 3446 4879; x_wconf 88' lang='lat' dir='ltr'><strong>tirunculi</strong></span> 
     </span>
    </p>
   </div>
   <div class='ocr_carea' id='block_1_109' title="bbox 1854 4914 3454 5003">
    <p class='ocr_par' dir='ltr' id='par_1_109' title="bbox 1854 4914 3454 5003">
     <span class='ocr_line' id='line_1_109' title="bbox 1854 4914 3454 5003; baseline -0.01 -16"><span class='ocrx_word' id='word_1_830' title='bbox 1854 4930 2167 5003; x_wconf 86' lang='lat' dir='ltr'><strong>gladiatoris</strong></span> <span class='ocrx_word' id='word_1_831' title='bbox 2210 4928 2325 4996; x_wconf 89' lang='lat' dir='ltr'><strong>ipsa</strong></span> <span class='ocrx_word' id='word_1_832' title='bbox 2357 4925 2412 4980; x_wconf 91' lang='lat' dir='ltr'><strong>in</strong></span> <span class='ocrx_word' id='word_1_833' title='bbox 2447 4923 2690 4995; x_wconf 87' lang='lat' dir='ltr'><strong>jugulum</strong></span> <span class='ocrx_word' id='word_1_834' title='bbox 2723 4934 2876 4975; x_wconf 92' lang='lat' dir='ltr'><strong>suum</strong></span> <span class='ocrx_word' id='word_1_835' title='bbox 2922 4916 3122 4988; x_wconf 90' lang='lat' dir='ltr'><strong>posuit.</strong></span> <span class='ocrx_word' id='word_1_836' title='bbox 3162 4932 3180 4967; x_wconf 81' lang='grc'>›</span> <span class='ocrx_word' id='word_1_837' title='bbox 3229 4914 3355 4971; x_wconf 65' lang='lat' dir='ltr'><strong>Haec</strong></span> <span class='ocrx_word' id='word_1_838' title='bbox 3394 4915 3454 4971; x_wconf 88' lang='lat' dir='ltr'><strong>in</strong></span> 
     </span>
    </p>
   </div>
   <div class='ocr_carea' id='block_1_110' title="bbox 1854 5009 3451 5097">
    <p class='ocr_par' dir='ltr' id='par_1_110' title="bbox 1854 5009 3451 5097">
     <span class='ocr_line' id='line_1_110' title="bbox 1854 5009 3451 5097; baseline -0.011 -14"><span class='ocrx_word' id='word_1_839' title='bbox 1854 5026 2119 5097; x_wconf 85' lang='lat' dir='ltr'><strong>Perpetua</strong></span> <span class='ocrx_word' id='word_1_840' title='bbox 2148 5022 2419 5093; x_wconf 72' lang='lat' dir='ltr'><strong>sociisque</strong></span> <span class='ocrx_word' id='word_1_841' title='bbox 2449 5017 2774 5090; x_wconf 83' lang='lat' dir='ltr'><strong>martyribus</strong></span> <span class='ocrx_word' id='word_1_842' title='bbox 2797 5009 3117 5082; x_wconf 88' lang='lat' dir='ltr'><strong>reprehendi</strong></span> <span class='ocrx_word' id='word_1_843' title='bbox 3148 5025 3328 5080; x_wconf 87' lang='lat' dir='ltr'><strong>posse,</strong></span> <span class='ocrx_word' id='word_1_844' title='bbox 3352 5024 3451 5065; x_wconf 84' lang='lat' dir='ltr'><strong>ne-</strong></span> 
     </span>
    </p>
   </div>
   <div class='ocr_carea' id='block_1_111' title="bbox 1860 5101 3453 5185">
    <p class='ocr_par' dir='ltr' id='par_1_111' title="bbox 1860 5101 3453 5185">
     <span class='ocr_line' id='line_1_111' title="bbox 1860 5101 3453 5185; baseline -0.013 -8"><span class='ocrx_word' id='word_1_845' title='bbox 1860 5137 1949 5177; x_wconf 88' lang='lat' dir='ltr'><strong>mo</strong></span> <span class='ocrx_word' id='word_1_846' title='bbox 1970 5116 2369 5185; x_wconf 85' lang='lat' dir='ltr'><strong>mirabitur,qui</strong></span> <span class='ocrx_word' id='word_1_847' title='bbox 2389 5115 2624 5170; x_wconf 90' lang='lat' dir='ltr'><strong>animum</strong></span> <span class='ocrx_word' id='word_1_848' title='bbox 2640 5109 2929 5167; x_wconf 86' lang='lat' dir='ltr'><strong>adverterit</strong></span> <span class='ocrx_word' id='word_1_849' title='bbox 2954 5104 3020 5160; x_wconf 89' lang='lat' dir='ltr'><strong>ad</strong></span> <span class='ocrx_word' id='word_1_850' title='bbox 3034 5120 3117 5172; x_wconf 88' lang='lat' dir='ltr'><strong>ea,</strong></span> <span class='ocrx_word' id='word_1_851' title='bbox 3143 5118 3264 5173; x_wconf 73' lang='lat' dir='ltr'><strong>qum</strong></span> <span class='ocrx_word' id='word_1_852' title='bbox 3285 5102 3356 5157; x_wconf 91' lang='lat' dir='ltr'><strong>ob</strong></span> <span class='ocrx_word' id='word_1_853' title='bbox 3377 5101 3453 5157; x_wconf 90' lang='lat' dir='ltr'><strong>si-</strong></span> 
     </span>
    </p>
   </div>
   <div class='ocr_carea' id='block_1_112' title="bbox 1860 5196 3455 5276">
    <p class='ocr_par' dir='ltr' id='par_1_112' title="bbox 1860 5196 3455 5276">
     <span class='ocr_line' id='line_1_112' title="bbox 1860 5196 3455 5276; baseline -0.013 -4"><span class='ocrx_word' id='word_1_854' title='bbox 1860 5217 2040 5272; x_wconf 88' lang='lat' dir='ltr'><strong>milem</strong></span> <span class='ocrx_word' id='word_1_855' title='bbox 2059 5213 2280 5269; x_wconf 87' lang='lat' dir='ltr'><strong>omnino</strong></span> <span class='ocrx_word' id='word_1_856' title='bbox 2290 5224 2534 5265; x_wconf 84' lang='lat' dir='ltr'><strong>caussam</strong></span> <span class='ocrx_word' id='word_1_857' title='bbox 2559 5208 2609 5261; x_wconf 91' lang='lat' dir='ltr'><strong>iu</strong></span> <span class='ocrx_word' id='word_1_858' title='bbox 2624 5216 2916 5276; x_wconf 85' lang='lat' dir='ltr'><strong>martyrem</strong></span> <span class='ocrx_word' id='word_1_859' title='bbox 2944 5200 3202 5272; x_wconf 81' lang='lat' dir='ltr'><strong>Ignatium</strong></span> <span class='ocrx_word' id='word_1_860' title='bbox 3222 5196 3455 5252; x_wconf 63' lang='lat' dir='ltr'><strong>Dallaeus</strong></span> 
     </span>
    </p>
   </div>
   <div class='ocr_carea' id='block_1_113' title="bbox 1860 5292 3445 5373">
    <p class='ocr_par' dir='ltr' id='par_1_113' title="bbox 1860 5292 3445 5373">
     <span class='ocr_line' id='line_1_113' title="bbox 1860 5292 3445 5373; baseline -0.011 -11"><span class='ocrx_word' id='word_1_861' title='bbox 1860 5307 2062 5362; x_wconf 82' lang='lat' dir='ltr'><strong>ell‘ndit.</strong></span> <span class='ocrx_word' id='word_1_862' title='bbox 2093 5302 2245 5373; x_wconf 87' lang='lat' dir='ltr'><strong>Quod</strong></span> <span class='ocrx_word' id='word_1_863' title='bbox 2268 5302 2410 5357; x_wconf 79' lang='lat' dir='ltr'><strong>enim</strong></span> <span class='ocrx_word' id='word_1_864' title='bbox 2439 5297 2809 5355; x_wconf 86' lang='lat' dir='ltr'><strong>sanctissimus</strong></span> <span class='ocrx_word' id='word_1_865' title='bbox 2827 5304 3032 5368; x_wconf 87' lang='lat' dir='ltr'><strong>martyr</strong></span> <span class='ocrx_word' id='word_1_866' title='bbox 3049 5292 3321 5348; x_wconf 78' lang='lat' dir='ltr'><strong>Romanos</strong></span> <span class='ocrx_word' id='word_1_867' title='bbox 3346 5302 3445 5360; x_wconf 86' lang='lat' dir='ltr'><strong>per</strong></span> 
     </span>
    </p>
   </div>
   <div class='ocr_carea' id='block_1_114' title="bbox 1862 5377 3457 5461">
    <p class='ocr_par' dir='ltr' id='par_1_114' title="bbox 1862 5377 3457 5461">
     <span class='ocr_line' id='line_1_114' title="bbox 1862 5377 3457 5461; baseline -0.012 -6"><span class='ocrx_word' id='word_1_868' title='bbox 1862 5400 2068 5455; x_wconf 86' lang='lat' dir='ltr'><strong>litteras</strong></span> <span class='ocrx_word' id='word_1_869' title='bbox 2113 5394 2408 5461; x_wconf 88' lang='lat' dir='ltr'><strong>monuerit,</strong></span> <span class='ocrx_word' id='word_1_870' title='bbox 2457 5408 2525 5446; x_wconf 93' lang='lat' dir='ltr'><strong>ne</strong></span> <span class='ocrx_word' id='word_1_871' title='bbox 2571 5398 2810 5459; x_wconf 84' lang='lat' dir='ltr'><strong>optatum</strong></span> <span class='ocrx_word' id='word_1_872' title='bbox 2863 5385 3181 5457; x_wconf 88' lang='lat' dir='ltr'><strong>martyrium</strong></span> <span class='ocrx_word' id='word_1_873' title='bbox 3224 5381 3340 5439; x_wconf 88' lang='lat' dir='ltr'><strong>suis</strong></span> <span class='ocrx_word' id='word_1_874' title='bbox 3385 5377 3457 5436; x_wconf 88' lang='lat' dir='ltr'><strong>ad</strong></span> 
     </span>
    </p>
   </div>
   <div class='ocr_carea' id='block_1_115' title="bbox 1868 5475 3458 5562">
    <p class='ocr_par' dir='ltr' id='par_1_115' title="bbox 1868 5475 3458 5562">
     <span class='ocr_line' id='line_1_115' title="bbox 1868 5475 3458 5562; baseline -0.013 -13"><span class='ocrx_word' id='word_1_875' title='bbox 1868 5494 2034 5549; x_wconf 86' lang='lat' dir='ltr'><strong>Deum</strong></span> <span class='ocrx_word' id='word_1_876' title='bbox 2065 5490 2333 5562; x_wconf 84' lang='lat' dir='ltr'><strong>precibus,</strong></span> <span class='ocrx_word' id='word_1_877' title='bbox 2376 5494 2466 5539; x_wconf 92' lang='lat' dir='ltr'><strong>aut</strong></span> <span class='ocrx_word' id='word_1_878' title='bbox 2494 5482 2685 5538; x_wconf 87' lang='lat' dir='ltr'><strong>ofﬁciis</strong></span> <span class='ocrx_word' id='word_1_879' title='bbox 2732 5481 3112 5547; x_wconf 83' lang='lat' dir='ltr'><strong>retardarent,</strong></span> <span class='ocrx_word' id='word_1_880' title='bbox 3155 5487 3210 5532; x_wconf 87' lang='lat' dir='ltr'><strong>et</strong></span> <span class='ocrx_word' id='word_1_881' title='bbox 3252 5475 3458 5533; x_wconf 81' lang='lat' dir='ltr'><strong>bestias</strong></span> 
     </span>
    </p>
   </div>
   <div class='ocr_carea' id='block_1_116' title="bbox 1866 5569 3465 5654">
    <p class='ocr_par' dir='ltr' id='par_1_116' title="bbox 1866 5569 3465 5654">
     <span class='ocr_line' id='line_1_116' title="bbox 1866 5569 3465 5654; baseline -0.014 -11"><span class='ocrx_word' id='word_1_882' title='bbox 1866 5588 2024 5643; x_wconf 88' lang='lat' dir='ltr'><strong>etiam</strong></span> <span class='ocrx_word' id='word_1_883' title='bbox 2053 5588 2410 5654; x_wconf 83' lang='lat' dir='ltr'><strong>repugnantes</strong></span> <span class='ocrx_word' id='word_1_884' title='bbox 2455 5594 2513 5634; x_wconf 90' lang='lat' dir='ltr'><strong>se</strong></span> <span class='ocrx_word' id='word_1_885' title='bbox 2546 5579 2595 5631; x_wconf 93' lang='lat' dir='ltr'><strong>in</strong></span> <span class='ocrx_word' id='word_1_886' title='bbox 2643 5590 2799 5630; x_wconf 90' lang='lat' dir='ltr'><strong>suum</strong></span> <span class='ocrx_word' id='word_1_887' title='bbox 2829 5573 3105 5628; x_wconf 87' lang='lat' dir='ltr'><strong>interitum</strong></span> <span class='ocrx_word' id='word_1_888' title='bbox 3145 5569 3465 5625; x_wconf 87' lang='lat' dir='ltr'><strong>adacturum</strong></span> 
     </span>
    </p>
   </div>
   <div class='ocr_carea' id='block_1_117' title="bbox 1868 5662 3462 5747">
    <p class='ocr_par' dir='ltr' id='par_1_117' title="bbox 1868 5662 3462 5747">
     <span class='ocr_line' id='line_1_117' title="bbox 1868 5662 3462 5747; baseline -0.016 -9"><span class='ocrx_word' id='word_1_889' title='bbox 1868 5698 1986 5738; x_wconf 89' lang='lat' dir='ltr'><strong>esse</strong></span> <span class='ocrx_word' id='word_1_890' title='bbox 2029 5673 2432 5747; x_wconf 88' lang='lat' dir='ltr'><strong>signiﬁcaverit,</strong></span> <span class='ocrx_word' id='word_1_891' title='bbox 2473 5671 2684 5729; x_wconf 66' lang='lat' dir='ltr'><strong>violatae</strong></span> <span class='ocrx_word' id='word_1_892' title='bbox 2708 5684 2739 5723; x_wconf 90' lang='lat' dir='ltr'><strong>a</strong></span> <span class='ocrx_word' id='word_1_893' title='bbox 2769 5665 2967 5722; x_wconf 76' lang='lat' dir='ltr'><strong>Dallaeo</strong></span> <span class='ocrx_word' id='word_1_894' title='bbox 3006 5662 3226 5733; x_wconf 89' lang='lat' dir='ltr'><strong>pietatis</strong></span> <span class='ocrx_word' id='word_1_895' title='bbox 3254 5671 3309 5716; x_wconf 91' lang='lat' dir='ltr'><strong>et</strong></span> <span class='ocrx_word' id='word_1_896' title='bbox 3336 5673 3462 5719; x_wconf 65' lang='lat' dir='ltr'><strong>mo—,</strong></span> 
     </span>
    </p>
   </div>
   <div class='ocr_carea' id='block_1_118' title="bbox 1869 5753 3460 5836">
    <p class='ocr_par' dir='ltr' id='par_1_118' title="bbox 1869 5753 3460 5836">
     <span class='ocr_line' id='line_1_118' title="bbox 1869 5753 3460 5836; baseline -0.016 -5"><span class='ocrx_word' id='word_1_897' title='bbox 1869 5772 2053 5831; x_wconf 72' lang='lat' dir='ltr'><strong>destize</strong></span> <span class='ocrx_word' id='word_1_898' title='bbox 2082 5782 2206 5823; x_wconf 88' lang='lat' dir='ltr'><strong>reus</strong></span> <span class='ocrx_word' id='word_1_899' title='bbox 2234 5766 2430 5836; x_wconf 80' lang='lat' dir='ltr'><strong>agitur.</strong></span> <span class='ocrx_word' id='word_1_900' title='bbox 2486 5761 2592 5821; x_wconf 84' lang='lat' dir='ltr'><strong>Sed</strong></span> <span class='ocrx_word' id='word_1_901' title='bbox 2622 5770 2681 5814; x_wconf 88' lang='lat' dir='ltr'><strong>ut</strong></span> <span class='ocrx_word' id='word_1_902' title='bbox 2709 5760 2903 5815; x_wconf 88' lang='lat' dir='ltr'><strong>melius</strong></span> <span class='ocrx_word' id='word_1_903' title='bbox 2932 5753 3263 5821; x_wconf 85' lang='lat' dir='ltr'><strong>intelligatur</strong></span> <span class='ocrx_word' id='word_1_904' title='bbox 3291 5764 3460 5821; x_wconf 87' lang='lat' dir='ltr'><strong>quam</strong></span> 
     </span>
    </p>
   </div>
   <div class='ocr_carea' id='block_1_119' title="bbox 1870 5842 3466 5928">
    <p class='ocr_par' dir='ltr' id='par_1_119' title="bbox 1870 5842 3466 5928">
     <span class='ocr_line' id='line_1_119' title="bbox 1870 5842 3466 5928; baseline -0.014 -6"><span class='ocrx_word' id='word_1_905' title='bbox 1870 5865 2005 5922; x_wconf 88' lang='lat' dir='ltr'><strong>bene</strong></span> <span class='ocrx_word' id='word_1_906' title='bbox 2032 5858 2131 5918; x_wconf 85' lang='lat' dir='ltr'><strong>sibi</strong></span> <span class='ocrx_word' id='word_1_907' title='bbox 2153 5856 2385 5914; x_wconf 88' lang='lat' dir='ltr'><strong>invicem</strong></span> <span class='ocrx_word' id='word_1_908' title='bbox 2414 5857 2467 5914; x_wconf 91' lang='lat' dir='ltr'><strong>in</strong></span> <span class='ocrx_word' id='word_1_909' title='bbox 2490 5849 2755 5928; x_wconf 85' lang='lat' dir='ltr'><strong>ejusmodi</strong></span> <span class='ocrx_word' id='word_1_910' title='bbox 2774 5849 2909 5908; x_wconf 87' lang='lat' dir='ltr'><strong>votis</strong></span> <span class='ocrx_word' id='word_1_911' title='bbox 2934 5842 3169 5920; x_wconf 87' lang='lat' dir='ltr'><strong>lguatius</strong></span> <span class='ocrx_word' id='word_1_912' title='bbox 3189 5851 3244 5900; x_wconf 88' lang='lat' dir='ltr'><strong>et</strong></span> <span class='ocrx_word' id='word_1_913' title='bbox 3264 5842 3466 5914; x_wconf 50' lang='lat' dir='ltr'><strong>Perpc‘</strong></span> 
     </span>
    </p>
   </div>
  </div>
