3816 6276
373 326 478 381 145

1522 306 1976 376 DlSSERTATlO
2014 312 2495 371 APOLOGETICA

3553 317 3646 377 144

363 448 459 493 tua
508 435 749 507 sociique
796 440 1061 506 martyres
1109 434 1431 502 concinam,
1485 435 1599 506 ipsa
1642 436 1729 491 hic
1772 433 1961 505 Ignatii
1989 437 2124 496 Aet
2162 433 2302 488 illius
2326 447 2524 511 nomen
2549 446 2714 504 penes
2756 434 3097 506 magistratus
3125 434 3496 513 huius.mundi
3523 448 3643 493 con-

367 528 532 585 verba
563 527 840 597 subjiciam
870 525 987 596 (l):
1027 544 1045 575 ¢
1097 524 1338 581 Obsecro
1377 542 1494 595 vos,
1529 526 1966 597 neintempesti-

369 638 493 679 vam
526 621 657 677 mihi
698 617 1124 675 benevolentiam
1138 618 1461 674 exhibeatis.
1493 618 1665 675 Sinite
1711 633 1799 674 me
1821 617 1963 675 fera-

371 733 493 772 rum
513 714 689 769 cibum
711 726 852 779 esse,
879 725 978 782 per
1003 725 1136 782 quas
1163 710 1329 767 Deum
1352 712 1609 782 consequi
1639 711 1784 767 licet.
1828 709 1967 766 Fru-

371 817 612 863 mentum
642 819 760 861 sum
794 803 924 874 Dei,
968 812 1024 859 et
1064 818 1161 875 per
1186 803 1422 860 ferarum
1454 803 1645 860 dentes
1685 804 1880 870 molor,
1913 814 1970 860 ut

372 913 539 971 purus
554 898 706 969 panis
733 896 932 954 Christi
961 896 1224 953 inveniar.
1252 896 1408 954 Feris
1429 897 1607 968 potius
1631 896 1966 964 blandimini,

371 1001 435 1049 ut
454 990 584 1047 mihi
618 990 925 1062 sepulcrum
970 990 1120 1055 ﬁant,
1148 988 1388 1060 nihilque
1404 991 1511 1045 mei
1533 988 1778 1061 corporis
1808 988 1971 1044 relin-

371 1091 573 1155 quant,
643 1096 713 1139 ne
766 1094 1048 1152 postquam
1080 1111 1083 1114 -
1112 1079 1492 1148 obdormiero,
1556 1081 1737 1151 gravis
1809 1080 1971 1136 alicui

368 1179 516 1233 ﬁam.
538 1216 552 1230 .
576 1214 625 1230 ..
646 1214 661 1230 .
680 1214 694 1230 .
713 1213 726 1229 .
772 1175 989 1232 Christo
1017 1189 1115 1245 pro
1161 1189 1251 1230 me
1286 1174 1606 1246 supplicate,
1649 1183 1706 1229 ut
1732 1188 1827 1245 per
1856 1172 1974 1228 haec

368 1269 731 1325 instrumenta
776 1266 951 1325 hostia
994 1266 1257 1322 inveniar.
1295 1285 1315 1318 ι
1371 1265 1524 1334 Quod
1559 1280 1658 1337 pro
1685 1280 1745 1321 se
1779 1264 1896 1322 ﬁeri
1941 1279 1972 1320 a

369 1358 632 1417 Romanis
658 1358 878 1430 optabat
903 1357 1161 1429 lgnatius,
1192 1356 1245 1411 id
1269 1354 1433 1412 ofﬁcii
1478 1371 1605 1427 erga
1637 1355 1972 1411 Felicitatem

371 1455 544 1511 nostri
581 1461 852 1524 martyres
884 1452 1267 1522 praestiterunt.
1326 1449 1552 1505 Volebat
1593 1449 1687 1504 ille
1716 1466 1745 1504 a
1772 1450 1972 1504 Roma—

371 1548 458 1604 nis
484 1546 798 1615 eonjunctas
842 1542 909 1598 ad
938 1542 1108 1598 Deum
1145 1555 1331 1613 preces
1373 1539 1596 1607 effundi,
1628 1555 1739 1609 quo
1776 1540 1975 1596 bestia-

370 1655 496 1696 rum
550 1638 803 1694 dentibus
853 1635 1179 1702 moleretur,
1226 1644 1281 1691 et
1322 1649 1416 1704 per
1460 1634 1578 1688 haec
1618 1635 1972 1689 instrumenta

373 1732 577 1789 Christi
619 1730 925 1786 efﬁceretur
969 1725 1187 1791 hostia;
1220 1724 1272 1779 id
1306 1739 1436 1780 vero
1474 1724 1769 1780 Felicitatis
1813 1726 1976 1781 sociis

2069 525 2291 591 fessum,
2323 536 2427 582 etc.
2464 544 2483 578 ι
2530 527 2598 581 Ει
2624 524 2801 583 infra:
2835 547 2855 580 ‹
2902 528 2992 584 Sic
3028 540 3250 586 coronet
3281 541 3353 597 te,
3383 529 3530 600 cujus
3561 546 3646 587 no-

2071 634 2193 675 men
2215 619 2492 677 conl‘essus
2520 636 2599 677 es.
2622 663 2635 676 .
2654 661 2668 674 .
2693 662 2707 677 .
2728 663 2741 678 .
2765 663 2780 676 .
2816 622 2965 689 Pete,
2997 633 3054 677 ut
3079 625 3183 679 sim
3214 623 3408 695 dignus
3437 637 3648 679 corona-

2071 712 2119 768 ri
2140 728 2261 768 cum
2295 730 2520 770 numero
2540 724 2742 771 vestro.
2783 735 2803 769 ι
2842 716 2907 771 Et
2932 732 3183 772 rursum:
3223 736 3243 770 ι
3281 716 3326 772 Ο
3354 726 3405 772 te
3427 715 3648 773 felicem!

2073 806 2348 877 suscipere
2383 815 2503 862 vota
2540 816 2649 875 tua,
2688 823 2808 879 quae
2842 824 3059 880 semper
3094 808 3437 875 desiderasti,
3487 810 3565 865 vel
3606 811 3650 867 in

2072 910 2217 958 terra
2246 901 2520 958 dormiens
2545 904 2740 974 Optasti
2768 919 2867 974 pro
2910 905 3127 960 nomine
3153 904 3296 960 illius
3322 905 3377 959 in
3405 918 3654 960 carcerem

2074 994 2232 1061 mitti,
2263 993 2406 1065 quod
2430 1010 2573 1050 nunc
2602 995 2696 1050 tibi
2744 996 3023 1067 contingit,
3073 998 3216 1054 sicut
3255 997 3515 1067 scriptum
3539 1007 3654 1055 est:

2074 1085 2185 1141 Det.
2204 1087 2295 1140 tibi
2322 1084 2575 1142 Dominus
2590 1088 2868 1143 secundum
2893 1105 2981 1144 cor
3007 1099 3173 1144 tuum.
3187 1108 3208 1145 ›
3228 1089 3360 1147 Haec
3379 1089 3657 1160 Celerinus,

2064 1164 2106 1233 ‘a
2146 1178 2516 1236 moderatione
2555 1182 2881 1252 praesertim,
2930 1183 3254 1253 humilitate,
3308 1184 3524 1251 timore,
3552 1200 3661 1241 cau-

2077 1273 2223 1328 tione
2251 1283 2306 1331 et
2344 1276 2667 1331 verecundia
2695 1287 2884 1333 sancto
2912 1278 3183 1351 Cypriane
3218 1278 3297 1352 (l)
3331 1282 3661 1338 commenda-

2079 1374 2185 1420 tus.
2254 1365 2330 1422 lta
2373 1368 2534 1422 etiam
2607 1368 2992 1440 Lugdunenses
3053 1380 3319 1446 martyres
3381 1373 3664 1429 christiana:

2077 1457 2350 1530 religionis
2379 1460 2703 1531 prtec‘ipnum
2723 1461 2910 1531 decus,
2940 1463 3047 1519 ﬁde
3074 1473 3129 1520 et
3152 1466 3419 1536 sapientia
3449 1482 3551 1521 non
3581 1467 3668 1521 mi-

2077 1558 2179 1599 nus
2232 1559 2391 1614 quam
2437 1545 2628 1602 invicta
2683 1549 2846 1603 animi
2891 1548 3207 1607 fortitudine
3263 1552 3528 1624 insignes,
3557 1567 3669 1623 pro-

2078 1636 2210 1692 fusis
2241 1636 2515 1709 lacrymis,
2549 1649 2608 1695 ut
2637 1651 2717 1697 est
2743 1642 2885 1711 apud
2915 1642 3207 1699 Eusebium
3234 1644 3338 1718 (Ξ),
3380 1665 3401 1698 ι
3440 1646 3673 1703 obsecra-

2078 1730 2208 1785 bant
2232 1729 2446 1795 fratres,
2495 1741 2554 1788 ut
2591 1735 2861 1807 continua:
2901 1736 2969 1791 ad
3020 1737 3189 1793 Deum
3225 1752 3430 1809 preces
3470 1738 3675 1807 ﬁerent,

374 1825 429 1879 in
451 1823 591 1879 votis
616 1830 753 1887 crat,
788 1829 844 1876 et
880 1828 941 1875 ut
962 1818 1152 1877 fretum
1187 1819 1477 1873 immaturo
1504 1827 1745 1888 tempore
1764 1818 1979 1874 emitte-
2008 1837 2056 1897 Β
2085 1835 2191 1911 qu?
2243 1822 2454 1877 tandem
2485 1824 2584 1891 ipsi
2617 1825 3030 1895 perﬁcerentur.
3068 1847 3088 1881 ι
3128 1827 3205 1884 De
3241 1841 3443 1886 sancto
3478 1829 3682 1903 Cypria-

373 1925 482 1984 ret,
522 1915 656 1972 fusis
691 1913 757 1970 ad
787 1913 954 1968 Deum
986 1911 1236 1983 precibus
1263 1910 1625 1981 postulabant,
1672 1925 1742 1966 ne
1772 1912 1976 1983 marty-

375 2010 514 2064 rium
537 2008 654 2078 ejus
681 2005 1007 2069 dill‘erretur,
1035 2004 1132 2060 sed
1172 2018 1279 2058 una
1315 2018 1438 2059 cum
1467 2004 1587 2060 aliis
1627 2004 1811 2060 bestiis
1837 2004 1976 2074 obji-

376 2110 612 2158 ceretur.
647 2099 830 2170 Pergit
850 2097 1088 2170 lgnatius
1111 2106 1166 2152 et
1187 2112 1293 2151 non
1317 2095 1490 2151 solum
1514 2096 1710 2151 ardens
1734 2094 1978 2166 martyrii

379 2193 703 2251 desiderium
730 2190 997 2256 ostendit,
1027 2189 1123 2246 sed
1151 2189 1349 2245 bestias
1371 2230 1386 2255 ,
1416 2189 1611 2245 invitas
1640 2189 1803 2243 etiam
1824 2199 1878 2243 et
1896 2202 1981 2243 re-

378 2295 703 2360 pugnantes,
722 2299 779 2340 se
792 2284 867 2339 ait
892 2283 958 2339 ad
988 2298 1141 2340 suam
1168 2281 1336 2354 ipsius
1364 2296 1552 2338 necem
1568 2290 1978 2352 provocaturum

379 2379 462 2451 (2)
493 2398 506 2434 :
545 2398 566 2429 ‹
604 2376 819 2433 Utinam
853 2372 999 2430 fruar
1024 2374 1212 2429 bestiis
1234 2373 1365 2428 mihi
1394 2373 1728 2443 praeparatis,
1760 2386 1896 2443 quas
1926 2380 1980 2427 et

378 2481 508 2545 OplO
533 2470 665 2527 mihi
697 2477 973 2540 promptas
1016 2467 1268 2533 inveniri,
1298 2466 1504 2538 gquibus
1532 2474 1588 2521 et
1622 2464 1888 2532 blandiar,
1920 2472 1982 2518 ut

383 2566 494 2622 cito
522 2580 608 2621 me
625 2563 902 2630 devorent,
934 2576 1040 2617 non
1068 2568 1128 2616 ut
1145 2560 1404 2631 quosdam
1430 2559 1616 2615 verita:
1643 2573 1749 2614 non
1788 2558 1980 2628 tetige-

379 2671 595 2734 gcruot.
644 2657 702 2715 Si
724 2666 905 2713 autem
931 2657 1045 2725 ,illte
1068 2664 1430 2727 repugnantes
1454 2653 1746 2720 noluerint,
1792 2667 1893 2724 ego
1923 2652 1978 2708 vi

379 2756 677 2827 impellam.
723 2773 743 2807 ι
781 2751 920 2808 Nihil
953 2751 1119 2806 relert
1143 2749 1211 2806 ad
1240 2749 1553 2822 gladiatoris
1596 2747 1875 2804 dexteram
1930 2748 1980 2802 in

377 2865 535 2906 suum
557 2849 838 2920 quisquam
861 2846 1107 2918 jugulum
1134 2853 1332 2915 ponat,
1372 2842 1515 2914 quod
1542 2842 1805 2913 Perpetua
1836 2842 1980 2907 fecit,

377 2959 446 2999 an
478 2941 624 2998 feras
654 2940 723 2997 ad
750 2955 810 2996 se
839 2936 1209 2994 devorandum
1248 2934 1509 3005 impellat,
1551 2932 1697 3001 quod
1724 2946 1785 2986 se
1811 2930 1982 2985 factu-

375 3054 500 3095 rum
528 3034 802 3093 scribebat
838 3032 1091 3104 Ignatius.
1144 3028 1303 3085 Unde
1329 3037 1637 3096 utrumque,
1666 3035 1757 3080 aut
1788 3025 1981 3080 iisdem

376 3126 895 3202 reprehensionibus
917 3132 1079 3195 patet,
1118 3131 1209 3177 aut
1254 3119 1446 3175 iisdem
1472 3127 1556 3173 est
1581 3117 1827 3173 laudibns
1858 3133 1982 3188 pro-

2082 1928 2153 1968 no
2203 1913 2427 1969 Pontius
2459 1914 2577 1985 ejus
2627 1915 2929 1975 diaconus:
2966 1937 2984 1972 ι
3021 1919 3441 1977 Conveniebant
3484 1921 3679 1978 interim

2080 2007 2263 2079 plures
2304 2010 2504 2080 egregii
2531 2018 2588 2066 et
2636 2011 2924 2069 clarissimi
2963 2013 3201 2081 ordinis,
3249 2015 3350 2072 sed
3397 2025 3464 2074 et
3513 2017 3681 2075 saeculi

2081 2099 2360 2156 nobilitate
2400 2103 2667 2171 generosi,
2713 2106 3064 2176 qui.propter
3084 2107 3380 2163 amicitiam
3417 2125 3680 2168 secessum

2082 2192 2309 2249 subinde
2346 2192 2675 2260 suaderent;
2700 2205 2755 2251 et
2782 2212 2850 2253 ne
2877 2212 3064 2268 parum
3095 2207 3241 2254 esset
3261 2200 3407 2256 nuda
3447 2202 3678 2268 suadela,

2082 2284 2243 2339 etiam
2285 2286 2421 2353 loca,
2469 2286 2521 2341 in
2552 2300 2672 2358 qua:
2710 2288 3010 2356 secederet,
3046 2289 3369 2348 oﬂ‘ercbant.
3428 2295 3525 2352 Ille
3567 2310 3682 2352 vero

2078 2378 2188 2446 jam
2211 2377 2469 2434 mundum
2490 2394 2750 2451 suspensa
2776 2382 2844 2437 ad
2884 2383 3082 2440 coelum
3119 2394 3300 2442 mente
3349 2389 3681 2460 neglexerat,

2084 2486 2185 2528 nec
2215 2471 2448 2528 suadelis
2468 2472 2871 2531 blandientibus
2900 2477 3192 2535 annuebat.
3236 2478 3478 2538 Fecisset
3506 2483 3683 2539 fortas-

2084 2579 2146 2621 se
2174 2574 2302 2622 tunc
2323 2567 2507 2634 etiam,
2528 2566 2684 2642 [quod
2716 2586 2746 2625 a
2775 2571 3016 2641 pluribus
3037 2583 3089 2629 et
3116 2573 3368 2630 ﬁdelibus
3389 2575 3676 2646 petebatur,

2085 2657 2131 2713 si
2157 2658 2410 2715 etdivino
2439 2660 2664 2731 imperio
2684 2662 2989 2732 juberctur.
3028 2683 3047 2716 ι
3087 2664 3219 2720 Nam
3249 2676 3305 2721 ut
3328 2668 3445 2737 ipse
3471 2668 3685 2725 Pontius

2085 2750 2265 2819 docet,
2303 2754 2357 2808 in
2376 2755 2556 2823 priore
2599 2770 2839 2821 secessu,
2891 2776 2911 2809 ‹
2957 2756 3186 2814 Domino
3233 2759 3499 2823 latebram
3553 2770 3683 2816 tunc

2081 2842 2306 2912 iubente
2334 2846 2530 2913 paruit.
2580 2865 2600 2898 ι
2651 2847 2889 2917 Populus
2914 2861 3096 2905 autem
3128 2850 3323 2918 ﬁdelis,
3370 2862 3557 2909 saneto
3582 2851 3686 2922 Cy-

2087 2935 2275 3005 priane
2299 2935 2366 2990 ad
2389 2936 2714 3005 supplicium
2738 2937 2922 3008 ducto,
2955 2950 3158 2996 tantum
3186 2943 3410 2999 aberant
3432 2945 3516 3000 ab.
3539 2957 3693 3000 oran-

2087 3024 2158 3081 do
2186 3025 2375 3093 Deum,
2417 3035 2474 3080 ut
2508 3026 2585 3081 illi
2615 3038 2947 3097 parceretur,
2978 3032 3270 3100 antquovis
3300 3034 3462 3088 modo
3493 3044 3697 3107 marty-

2085 3117 2222 3171 rium
2250 3117 2613 3188 impediendo,
2658 3129 2716 3173 ut
2743 3119 2902 3175 simul
2929 3136 3051 3175 cum
3073 3121 3166 3176 illo
3198 3122 3376 3192 potius
3428 3126 3572 3181 mori
3602 3142 3697 3183 cn-

378 3221 738 3295 sequendum.
792 3216 1010 3272 Interim
1038 3227 1220 3269 autem
1263 3208 1715 3281 quemadmodum
1756 3209 1981 3266 Pearso-
2007 3226 2052 3290 ρ
2088 3218 2321 3280 percnt:
2352 3227 2371 3261 ί
2417 3208 2676 3277 Quamvis
2696 3212 2841 3266 enim
2870 3210 2976 3267 ιιοίι
3010 3214 3242 3284 potuerit
3270 3216 3511 3284 evenire,
3555 3219 3697 3289 quod

371 3318 496 3372 nius
544 3312 731 3386 Ignatii
768 3318 892 3364 vota
941 3317 999 3362 ut
1037 3313 1224 3361 sancto
1284 3312 1522 3375 martyre
1565 3318 1670 3358 non
1722 3304 1976 3376 indigna,

375 3418 686 3466 nostrorum
729 3410 1022 3471 martyrum
1064 3397 1312 3467 exemplo
1339 3396 1721 3454 demonstrat:
1772 3399 1845 3454 ita
1879 3414 1979 3455 nos

376 3497 692 3559 earumdem
740 3499 1041 3562 martyrum
1095 3505 1193 3561 pro
1236 3488 1515 3550 Felicitate
1557 3505 1745 3560 preces
1790 3491 1977 3563 Ignatii

377 3591 627 3662 exemplo
674 3585 977 3644 tuebimur:
1006 3599 1102 3640 cur
1147 3585 1291 3639 enim
1346 3582 1568 3655 plebeios
1609 3594 1879 3656 martyres,
1923 3594 1981 3639 ut

383 3683 563 3742 Pontii
589 3678 808 3737 Diaconi
819 3677 1000 3734 verbis
1018 3686 1155 3742 utar,
1176 3686 1233 3733 et
1248 3692 1279 3732 a
1298 3677 1568 3747 Baptismo
1584 3689 1832 3735 recentes
1854 3677 1979 3734 inde

376 3792 688 3851 arguamus,
730 3771 873 3829 unde
902 3771 1356 3842 sapientissimum
1385 3772 1719 3843 episcopum,
1755 3780 1807 3828 et
1836 3772 1980 3842 Apo-

377 3874 640 3931 stolorum
671 3866 995 3939 discipulum
1021 3866 1211 3921 honori
1232 3874 1286 3922 et
1314 3864 1655 3922 admirationi
1677 3866 1979 3922 habemus?

451 3964 517 4020 V.
562 3962 761 4018 Verum
812 3959 1065 4029 quoniam
1110 3975 1176 4013 ex
1202 3957 1619 4013 Protestantium
1666 3972 1827 4029 grege
1871 3973 1978 4015 non

373 4060 555 4136 pauci,
587 4066 642 4114 et
678 4057 735 4113 in
763 4055 848 4111 his
869 4054 1034 4110 etiam
1063 4053 1383 4124 Basnagius,
1420 4052 1610 4124 Ignatii
1643 4054 1902 4123 epistolas
1924 4063 1982 4110 ut

378 4147 907 4230 pseudepigraphum
947 4155 1002 4202 et
1040 4145 1401 4202 adulterinum
1433 4160 1569 4216 opus
1613 4146 1885 4215 rejicittnt,
1926 4156 1982 4203 et

377 4251 518 4307 inter
539 4257 735 4304 caetera
767 4258 887 4315 qua:
910 4243 962 4298 in
987 4242 1068 4297 eis
1095 4250 1153 4296 ut
1178 4241 1246 4297 ab
1268 4240 1456 4311 Ignatii
1485 4240 1774 4296 virtutibus
1801 4240 1978 4297 aliena
1999 4303 2012 4314 ,

376 4353 589 4411 notant,
634 4340 832 4397 ardens
871 4336 1001 4394 illud
1046 4337 1287 4408 martyrii
1334 4344 1516 4391 votum
1547 4336 1820 4406 sugillant,
1862 4336 1981 4392 aliis

377 4433 648 4505 exemplis
676 4428 1101 4502 ctepistolicum
1136 4426 1422 4498 lgnatium,
1455 4437 1503 4480 ct
1535 4434 1747 4481 nostros
1782 4435 1982 4499 marty-

372 4546 465 4591 res
510 4543 632 4584 cum
664 4520 1195 4581 Pearsoniotnebor.
1253 4518 1534 4574 Celerinus
1588 4519 1869 4574 confessor
1913 4519 1981 4574 ad

2085 3302 2342 3374 optabant
2390 3313 2513 3358 vota
2551 3305 2880 3370 communia,
2921 3316 2979 3361 ut
3012 3309 3287 3364 consortio
3319 3309 3463 3380 paris
3508 3311 3691 3382 gloria:

2084 3394 2244 3451 simul
2288 3394 2442 3464 plebs
2466 3403 2576 3451 tcta
2616 3404 2943 3466 pateretur;
2973 3398 3297 3470 quicumque
3339 3400 3443 3458 sub
3491 3402 3688 3460 Christi

2082 3488 2378 3558 spectantis
2403 3488 2593 3558 oculis,
2637 3498 2691 3543 et
2718 3489 2819 3544 sub
2840 3490 3060 3546 auribus
3083 3493 3387 3549 sacerdotis
3413 3511 3479 3550 ex
3511 3498 3688 3553 animo
3774 3472 3775 3497 ξ

2082 3578 2191 3650 pati
2234 3579 2421 3647 voluit,
2477 3596 2574 3651 per
2625 3579 2879 3638 idoneum
2927 3583 3036 3639 voti
3067 3584 3150 3639 sui
3176 3593 3368 3642 testem
3403 3586 3685 3659 legationis

2082 3674 2478 3746 quodammodo
2509 3675 2718 3732 litteras
2737 3675 2804 3731 ad
2836 3676 3002 3732 Deum
3034 3678 3204 3733 misit.
3247 3699 3266 3732 ι
3304 3678 3537 3737 Sanctus
3564 3682 3681 3737 Hie-

2082 3781 2364 3838 ronymus,
2385 3765 2454 3821 de
2474 3766 2590 3821 Vita
2621 3765 2768 3822 Pauli
2798 3767 3084 3823 Eremitte:
3125 3788 3143 3821 ι
3171 3771 3283 3827 Sub
3314 3772 3476 3829 Decio
3502 3783 3559 3829 et
3589 3772 3678 3829 Va-

2084 3859 2291 3915 leriano
2314 3860 2771 3929 persecutoribus,
2795 3874 2902 3930 quo
2920 3868 3163 3932 tempore
3176 3859 3460 3921 Cornelius
3478 3865 3673 3930 Romae,

2083 3958 2139 4005 ct
2162 3949 2463 4021 Cyprianus
2489 3950 2818 4022 Carthagine
2865 3952 3004 4008 felici
3031 3968 3229 4010 cruore
3256 3954 3489 4012 damnati
3527 3965 3664 4019 sunt,

2085 4042 2279 4098 multas
2323 4042 2464 4113 apud
2518 4042 2812 4116 Egyptum
2839 4055 2894 4102 et
2918 4044 3196 4102 Thebaida
3243 4048 3503 4105 ecclesias
3543 4055 3673 4102 tem-

2085 4145 2264 4207 pestas
2292 4151 2431 4192 s:eva
2473 4137 2730 4208 populata
2777 4147 2880 4195 est.
2926 4137 3047 4219 Voti
3071 4147 3196 4195 tunc
3229 4138 3547 4196 Christianis
3568 4146 3676 4194 erat

2085 4242 2183 4299 pro
2231 4227 2430 4285 Christi
2487 4230 2705 4286 nomine
2749 4231 2933 4302 gladio
2989 4232 3217 4301 percuti.
3274 4232 3476 4288 Verum
3517 4230 3675 4287 hostis

2084 4324 2332 4394 callidus,
2364 4326 2513 4382 tarda
2537 4325 2605 4381 ad
2630 4337 2859 4383 mortem
2882 4327 3143 4398 supplicia
3172 4329 3523 4400 conquirens,
3567 4326 3673 4382 ani-
3774 4324 3775 4400 ξ

2086 4433 2204 4474 mas
2249 4419 2502 4490 cupiebat
2522 4419 2789 4491 jugulare,
2823 4434 2930 4475 non
2962 4434 3188 4491 corpora
3216 4438 3232 4488 ;
3263 4430 3339 4488 et,
3369 4431 3428 4476 ut
3453 4420 3568 4491 ipse
3593 4418 3674 4492 qui
3774 4422 3775 4435 ‘

2085 4512 2231 4569 abeo
2248 4528 2440 4583 passus
2454 4523 2538 4568 est
2579 4512 2878 4584 Cyprianus
2913 4512 3020 4567 ait:
3045 4512 3362 4569 Volentibus
3391 4512 3549 4580 mori,
3575 4524 3670 4567 non

375 4623 675 4680 Luciammi
702 4614 1069 4671 confessorem
1091 4611 1316 4680 epistola
1348 4612 1487 4665 inter
1511 4610 1859 4682 Cyprianicas
1885 4612 1976 4668 21.
2005 4626 2059 4686 D
2087 4607 2495 4677 permittebatur
2514 4605 2711 4662 occidi.
2744 4625 2763 4658 ι
2789 4605 2984 4661 Notum
3006 4615 3157 4662 estet
3181 4605 3313 4662 illud
3331 4608 3503 4662 sancti
3523 4604 3670 4676 Poly-

382 4734 403 4770 ι
450 4713 578 4770 Haec
605 4723 728 4766 cum
773 4705 869 4761 tibi
896 4704 1223 4771 scriberem,
1262 4702 1482 4758 domine
1516 4701 1704 4770 frater,
1743 4704 1981 4775 gaudens

375 4817 431 4866 et
474 4806 643 4863 tristis
671 4816 820 4859 eram
847 4817 860 4853 :
890 4797 1149 4871 gaudens,
1178 4812 1248 4852 ex
1270 4812 1337 4853 eo
1365 4797 1505 4868 quod
1521 4798 1781 4854 audierim
1811 4807 1863 4856 te
1881 4816 1979 4870 pro

374 4895 592 4954 Domini
637 4892 807 4949 nostri
832 4889 961 4946 Jcsu
991 4887 1191 4944 Christi
1231 4888 1512 4943 salvatoris
1540 4890 1711 4945 nostri
1745 4899 1973 4957 tentum,

455 4989 533 5062 (Ι)
556 4994 824 5062 “apemtum;
853 4990 995 5062 ὑμᾶς,
1012 4988 1268 5062 {stabantet
1279 4988 1472 5062 ἄχει-,μς
1489 4990 1679 5054 γένησθέ
1705 5002 1811 5062 μοι’
1836 4992 1975 5062 iterari

375 5089 435 5133 με
462 5054 642 5131 δῇρίωιί
665 5058 788 5111 εἶναι
813 5060 963 5127 βορὰν
982 5096 995 5117 ,
1035 5054 1097 5105 δι’
1126 5060 1185 5106 ὡν
1226 5062 1398 5111 ἔνεστιν
1434 5061 1538 5110 θεοῦ
1565 5061 1823 5125 ἐπιτυχεῖν.
1850 5059 1976 5117 σῖτός

377 5126 480 5204 Et,“
508 5126 659 5194 Θεοῦ,
692 5132 774 5183 καὶ
814 5126 878 5178 δι’
902 5128 1097 5204 ὀδόντων
1127 5131 1296 5194 θηρίων
1331 5129 1600 5193 ἀλξθημαι,
1644 5131 1723 5179 ἵνα,
1773 5130 1975 5197 καθαρὴ

377 5212 520 5276 ἄρτος
556 5208 722 5273 εὑρεθῶ
761 5205 845 5276 τοῦ
882 5203 1115 5265 Χριστοῦ·
1150 5205 1329 5276 μᾶξλυν
1368 5203 1684 5276 maneam
1713 5204 1778 5253 τά
1803 5203 1970 5276 οηρίοξ,

381 5271 459 5330 ἱῦκ
487 5298 572 5344 μοι
599 5271 745 5344 ripa;
771 5275 995 5341 γίνωνται
1014 5309 1027 5332 ,
1052 5279 1133 5322 καὶ
1151 5272 1298 5336 μηδὲν
1326 5271 1627 5325 καταλίπωσι
1653 5279 1734 5323 τοῦ
1757 5272 1975 5336 σώματός

378 5341 494 5414 FW;
522 5351 598 5399 ἵνα,
624 5341 715 5412 μὴ,
750 5341 1008 5409 κθιμηθεῖς,
1026 5344 1178 5411 βαρὺς
1193 5349 1647 5408 τινινξνοιιμαι......
1670 5343 1974 5395 inurinare

376 5430 456 5473 τὸν
482 5415 687 5486 Κρίσει-ὸν
710 5418 822 5483 ὑπὲρ
861 5417 1004 5486 ἐμοῦι
1042 5417 1117 5465 ἵνα
1148 5414 1227 5464 διὰ
1253 5415 1581 5486 tenvem-{tvm
1618 5415 1795 5486 ῖοΰτφν
1834 5416 1973 5465 θυσία.

375 5480 565 5559 εὑρεθᾱλ.
589 5486 668 5559 ⁹Ειι
698 5480 857 5555 epist.
880 5484 948 5536 ad
971 5481 1129 5537 Rom.
1155 5496 1240 5549 ap.
1270 5480 1429 5559 ltuin.
1464 5481 1517 5534 in
1544 5480 1677 5535 actis
1701 5481 1838 5546 sine,
1863 5492 1970 5559 etc.

455 5559 530 5630 (2)
571 5544 788 5623 ὀνειίμξιν
828 5572 919 5611 τῶν
949 5558 1125 5625 θηρίων
1178 5544 1275 5630 tribu
1317 5556 1421 5630 ipsi
1467 5544 1857 5630 ﬁsotmpévua,
1889 5558 1973 5608 καὶ

376 5626 585 5701 labi,“
619 5633 788 5696 ἕτοιμά
817 5650 901 5694 μοι
932 5630 1199 5695 εὑρεθῆναι,
1253 5627 1282 5672 ἃ
1319 5626 1402 5675 καὶ
1442 5628 1710 5678 reclamabant
1742 5630 1973 5695 συντ-ὅμως

379 5691 769 5771 με”χᾶταιφαγεῗη
798 5691 897 5765 ὦχ’
918 5691 1071 5763 ὣόπιρ
1103 5706 1238 5749 τινῶν
1269 5696 1591 5760 δειλαινόμενοι
1641 5698 1743 5765 οὐχ’
1769 5691 1970 5771 ﬂumina,

377 5774 462 5824 κᾶν
488 5768 615 5827 αὖτᾶ
641 5768 690 5824 δὲ
718 5776 893 5822 ἄκοντα
920 5776 991 5832 μνλ
1010 5773 1198 5838 θελήςῃ,
1235 5770 1321 5834 ἐγὼ
1372 5773 1749 5838 προςβιεὶσομειι.
1768 5768 1968 5827 Ευδθι).

380 5840 475 5900 ιιι).
509 5859 538 5899 v
576 5839 715 5896 Hist.
742 5838 883 5893 Eccl.
895 5877 909 5904 ,
935 5850 1054 5906 cap.
1090 5835 1156 5892 16
1173 5844 1227 5891 et
1252 5848 1402 5905 seqq.

2085 4699 2236 4770 carpi
2260 4699 2513 4770 martyris
2542 4696 2609 4752 ad
2642 4698 3050 4768 proconsulem,
3076 4714 3220 4753 nunc
3248 4698 3492 4763 bestias,
3540 4710 3671 4753 nunc

2084 4790 2328 4847 ﬂammas
2344 4791 2419 4845 illi
2434 4791 2765 4847 minitantem
2787 4794 2946 4846 εάλλὲι
2963 4797 3413 4866 τίβραδῦνυςςφὲρι
3435 4800 3460 4849 ὃ
3488 4794 3668 4865 βούλει.

2086 4900 2106 4932 ‹
2145 4882 2281 4950 Quid
2307 4891 2483 4939 autem
2533 4896 2710 4938 moras
2739 4883 2952 4940 trahis?
2980 4884 3133 4940 Alfer
3155 4884 3298 4955 quod
3313 4885 3413 4940 vis.
3453 4903 3473 4937 ι
3507 4891 3671 4941 Τι’ῦετα

2081 4980 2163 5030 καὶ
2204 4976 2330 5031 ἄλλα
2360 4986 2553 5032 πλείονα.
2596 4983 2735 5044 λέγων
2780 4985 2978 5051 θάρσους
3027 4983 3112 5033 καὶ
3152 4986 3307 5049 χαρᾶς
3333 4985 3666 5048 ὶνεπίμπὶειτοζ

2086 5087 2105 5121 ‹
2144 5068 2271 5123 Ilaec
2298 5076 2352 5124 et
2402 5069 2551 5139 plura
2582 5069 2686 5124 alia
2734 5086 2857 5127 cum
2896 5072 3121 5139 diceret,
3176 5070 3369 5127 ﬁducia
3409 5080 3463 5126 ct
3496 5067 3667 5125 laetitia

2079 5162 2334 5233 impletus
2358 5173 2459 5231 est,
2500 5183 2519 5217 ι
2555 5172 2611 5220 ιιι
2662 5165 3023 5222 vetustissima
3050 5166 3168 5236 ejus
3206 5167 3342 5222 Acta
3392 5174 3664 5222 teStantur.

2076 5257 2236 5313 Plura
2275 5268 2453 5312 autem
2496 5258 2605 5327 illa,
2636 5275 2755 5329 qua:
2786 5259 3102 5317 fortitudine
3124 5267 3181 5315 et
3208 5259 3537 5315 exultatione
3561 5256 3664 5328 ple—

2077 5364 2177 5404 nus
2219 5351 2608 5420 pronuntiavit,
2640 5330 2837 5421 qualia,
2871 5352 3083 5416 amabo,
3122 5350 3291 5417 luere,
3315 5352 3359 5407 si
3401 5366 3505 5406 non
3523 5348 3664 5420 Igna-

2078 5442 2257 5511 tianis,
2280 5444 2325 5500 si
2348 5459 2456 5500 non
2471 5443 2770 5514 Perpetute,
2788 5445 3082 5501 Felicitatis
3105 5455 3158 5501 et
3178 5446 3449 5502 sociorum
3474 5450 3663 5513 marty-

2149 5628 2231 5772 (ίέ
2256 5627 2424 5698 Epist.
2454 5626 2544 5695 27,
2575 5628 2648 5686 al.
2678 5628 2767 5686 25.

2148 5698 2204 5771 (ἓ
2266 5707 2413 5756 Μετά
2451 5704 2661 5772 δακρύων
2704 5726 2767 5755 πα

2266 5707 2413 5756 Μετὰ
2451 5704 2661 5772 δακρύων
2704 5710 2997 5774 παρεκάλουν
3044 5710 3154 5766 τοὺς
3196 5708 3438 5774 ἀδελφοὺς,
3467 5706 3657 5771 δεόμελει

2078 5777 2157 5849 {vat
2203 5777 2404 5849 ἕιξῖεεινε-’ξςΔ
2443 5776 2580 5849 εὗχειὶ
2619 5783 2839 5849 γίνωνται
2894 5784 3005 5849 δρὸς
3032 5784 3107 5830 τό⁴
3133 5778 3438 5849 τελειωθῆναι
3479 5778 3652 5835 αὖτοὺς.

2077 5841 2198 5906 Lib.
2231 5843 2296 5912 ν,
2332 5843 2473 5899 Hist.
2497 5841 2730 5913 Eccl—es"
2753 5859 2871 5917 cap.
2900 5841 2953 5900 Ξ.
