3818 6278
166 389 265 450 H5

1056 389 1193 448 PRO
1230 388 1329 448 SS.
1370 386 1761 460 PERPETUA,
1804 389 2216 453 FELICITATE
2255 395 2345 455 ET
2374 396 2608 456 SOCllS.

3364 402 3467 463 146

164 523 286 568 rum
311 507 462 566 votis
488 506 723 565 similia?
766 502 823 564 Si
848 521 952 563 non
982 507 1059 564 illi
1078 510 1197 565 voci
1242 524 1501 577 consona,
1545 525 1707 581 quam
1735 525 1766 567 e
1794 509 1845 570 A
1872 521 1931 567 ut
1956 512 2222 585 insignem
2264 524 2320 572 et
2348 516 2584 572 nobilem
2630 516 2894 587 imprimis
2926 525 3217 592 martyrem
3264 535 3463 592 propo-

174 603 314 659 coelo
341 602 574 669 audivit,
608 592 770 671 Ῐσχυε,
813 605 900 657 καὶ
924 606 1173 675 ἀνδριςσυ,
1207 605 1514 676 Πολῦκειρπε.
1559 622 1579 657 ι
1620 605 1769 661 fortis
1805 601 1809 605 ”

178 708 315 764 esto,
336 706 391 754 et
410 698 628 774 viriliter
650 713 770 769 age,
796 697 1110 771 Polycarpe.
1143 719 1163 751 ι
1198 699 1486 756 Notissima
1505 712 1587 758 est
1607 704 1769 758 etiam

182 792 269 848 illa
286 792 507 849 Romani
526 790 885 848 Ccesareensis
917 791 1136 847 Diaconi
1158 808 1257 848 vox
1285 792 1586 850 Antiochia:
1615 796 1768 850 audi-

185 893 263 949 ta,
306 892 390 940 ποῦ
418 892 580 952 μοιτὸ
616 890 751 956 πῦρ;
815 882 1036 939 Ubinam
1066 884 1191 939 mihi
1226 886 1393 958 ignis?
1435 886 1528 943 His
1549 903 1668 959 qua:
1715 889 1766 943 in

182 978 362 1050 lgnatii
410 975 789 1033 defensionem
866 976 1192 1033 Pearsonius
1241 978 1397 1035 affert
1472 980 1766 1051 exemplis,

186 1073 320 1129 aliud
358 1071 607 1145 adjiciam
650 1075 1084 1146 praecedentibus
1127 1093 1231 1133 non
1261 1078 1437 1133 minus
1464 1079 1670 1150 insigne
1700 1094 1769 1135 ex

186 1166 322 1221 Actis
343 1166 578 1223 sinceris
604 1179 916 1225 sanctorum
941 1170 1202 1236 Montani,
1234 1170 1406 1237 Lucii,
1446 1183 1551 1228 etc.
1606 1172 1767 1227 Dam-

177 1260 304 1316 natis
344 1263 589 1330 ceteris,
624 1262 911 1320 Flavianus
939 1265 991 1320 in
1030 1279 1304 1321 carcerem
1349 1274 1632 1323 revocatus
1657 1275 1762 1334 est,

168 1362 220 1408 et
274 1356 603 1426 martyrium
651 1359 772 1428 ejus
816 1358 1099 1415 dilatum:
1140 1359 1191 1415 id
1247 1360 1361 1431 ipse
1415 1376 1521 1415 non
1592 1360 1771 1417 minus

166 1463 318 1519 quam
343 1448 467 1520 ejus
494 1450 632 1506 socii
653 1466 796 1523 :egre
818 1452 1092 1517 tulerunt;
1125 1452 1268 1509 unde
1296 1452 1599 1518 Montanus,
1622 1468 1765 1518 cum,

169 1549 224 1597 ut
241 1551 323 1598 est
367 1543 423 1597 in
451 1544 630 1611 Actis,
666 1563 701 1597 σ-
729 1544 840 1616 jam
865 1545 1108 1601 carnifex
1140 1547 1447 1602 immineret
1475 1557 1529 1602 et
1551 1545 1769 1617 gladius

175 1652 329 1709 super
363 1640 630 1695 cervicem
659 1638 780 1710 ejus
811 1640 1036 1697 libratus
1064 1640 1357 1712 penderet,
1402 1640 1657 1711 expansis
1703 1640 1771 1696 ad

186 1732 374 1790 etclam
414 1734 678 1799 manibus,
728 1749 862 1791 voce
898 1734 1063 1802 clara,
1098 1735 1169 1789 ita
1211 1742 1271 1789 ut
1319 1749 1426 1790 non
1472 1743 1675 1789 tantum
1702 1732 1769 1787 ad

190 1836 349 1882 aures
372 1826 556 1897 plebis,
587 1830 678 1884 sed
709 1837 764 1884 et
788 1829 1016 1901 gentiles
1035 1844 1250 1901 quoque
1279 1830 1425 1900 ipsos
1451 1844 1616 1884 sonus
1638 1842 1773 1883 voce

1873 604 1981 659 suit
2019 607 2237 679 antiqua
2282 617 2339 664 et
2384 608 2615 665 celebris
2642 608 2888 665 Ecclesia
2913 610 3282 683 Smyrnensis,
3311 613 3467 685 cujus

1872 696 1943 753 ob
1982 698 2194 770 insigne
2240 698 2446 757 facinus
2484 699 2697 756 Ethnici
2727 702 2828 771 ipsi
2857 702 3189 760 nobilitatem
3223 716 3277 762 et
3300 722 3467 779 gene-

1873 790 2149 847 rositatem
2198 793 2503 850 christianre
2529 794 2705 867 gentis
2747 792 2995 851 admirati
3022 806 3181 862 sunt,
3236 798 3289 854 id
3334 815 3459 870 erga

1872 883 2073 940 bestias
2121 884 2266 952 fecit,
2317 887 2461 958 quod
2505 903 2628 944 cum
2682 887 2982 960 gladiatore
3032 890 3297 962 Perpetua
3332 913 3345 948 :
3380 893 3473 950 ille

1872 976 2145 1047 videlicet,
2169 980 2429 1050 martyrio
2483 980 2735 1052 ﬂagrans,
2778 1000 2796 1034 ι
2821 980 3052 1037 bestiam
3104 983 3247 1040 ultro
3300 984 3368 1041 ad
3412 1000 3473 1041 se

1870 1074 2122 1140 attraxit;
2156 1093 2179 1153 ξ
2212 1073 2328 1130 ha3c
2352 1082 2533 1130 autem
2558 1073 2747 1130 eodem
2783 1074 2981 1132 ardens
3005 1075 3305 1146 desiderio,
3343 1097 3362 1130 ι
3398 1079 3473 1134 ti-

1872 1165 2083 1219 ruuculi
2140 1164 2454 1237 gladiatoris
2496 1164 2773 1221 dexteram
2813 1166 2870 1221 in
2908 1182 3063 1224 suum
3089 1169 3200 1239 ipsa
3227 1169 3469 1242 jugulum

1876 1257 2135 1328 posuerit.
2166 1277 2186 1310 ι
2239 1257 2528 1330 Dionysius
2574 1257 2915 1314 Alexandriae
2943 1260 3228 1331 episcopus
3257 1261 3474 1332 Apollo-

1875 1351 2018 1405 niam
2068 1350 2336 1423 virginem
2383 1365 2712 1422 magnopere
2767 1350 2967 1419 laudat,
3019 1352 3162 1422 quod
3207 1367 3329 1407 cum
3367 1353 3471 1423 ipsi

1872 1444 2173 1500 verberatis
2203 1444 2436 1499 maxillis
2457 1444 2638 1499 cuncti
2661 1444 2851 1500 dentes
2875 1444 3107 1513 excussi,
3132 1445 3474 1516 ﬂammaeque

1871 1536 2105 1591 admone
2135 1547 2319 1592 essent
2363 1534 2465 1609 (l),
2506 1536 2799 1592 «celeriter
2847 1538 2901 1591 in
2959 1538 3135 1607 ignem
3164 1536 3372 1603 insiliit,
3414 1543 3471 1591 et

1873 1627 2245 1699 conflagravit.
2275 1648 2293 1677 ι
2321 1627 2553 1685 Sanctus
2584 1627 2837 1696 Hilarius,
2869 1629 3225 1686 Enarratione
3252 1632 3303 1684 in
3330 1630 3481 1685 Psal-

1874 1736 2021 1776 mum
2052 1736 2156 1775 va
2187 1740 2200 1775 :
2242 1739 2260 1774 ι
2282 1720 2383 1775 Alii
2408 1720 2550 1775 enim
2583 1720 2638 1774 in
2666 1720 2899 1774 vinculis
2933 1734 3212 1778 carcerum
3236 1720 3477 1791 glorian-

1877 1824 1980 1879 tur,
2013 1812 2101 1867 alii
2128 1813 2255 1868 cresi
2284 1811 2339 1867 iu
2367 1811 2683 1867 verberibus
2712 1812 3072 1882 gratulantur,
3097 1812 3186 1866 alii
3217 1813 3469 1882 potestati

185 1918 385 1983 ferirer,
413 1919 581 1976 oravit
609 1934 808 1992 rogans
836 1930 886 1977 ει
917 1921 1237 1993 deprecans,
1286 1931 1343 1976 ιιι
1366 1920 1653 1977 Flavianus
1682 1922 1771 1992 qui
1798 1903 1849 1966 B
1877 1905 2299 1976 irreligiosorum
2331 1902 2631 1960 desecanda
2658 1902 2894 1959 felicium
2916 1904 3150 1973 capitum
3191 1903 3327 1958 colla
3352 1903 3477 1958 sub-

176 2028 275 2085 per
290 2012 599 2085 sum-agium
625 2015 808 2086 populi
829 2014 899 2072 de
921 2015 1181 2072 comitatu
1203 2016 1388 2071 eorum
1412 2023 1769 2080 remanserat,

167 2116 489 2177 sequeretur
517 2108 609 2165 die
631 2111 805 2165 tertia.
861 2128 885 2162 »η
916 2109 1032 2166 Νοη
1064 2110 1169 2165 alia
1196 2118 1353 2165 erant
1389 2108 1575 2164 matris
1605 2108 1772 2178 ipsius

164 2198 402 2256 Flaviani
454 2199 686 2257 aﬂ'ectus
732 2210 786 2257 et
837 2210 983 2270 vota,
1038 2201 1106 2257 de
1128 2217 1232 2273 qua
1291 2202 1342 2257 in
1371 2201 1518 2257 Actis
1551 2200 1772 2270 subjun-

164 2295 307 2366 gitur
340 2313 356 2349 :
398 2312 420 2346 ε
470 2294 728 2351 Haerebat
768 2296 922 2351 lateri
944 2295 1061 2367 ejus
1115 2294 1548 2364 incomparabilis
1577 2300 1769 2362 mater,

159 2403 277 2459 qua:
308 2398 521 2457 praeter
569 2387 752 2455 ﬁdem,
799 2403 902 2459 qua
948 2388 1015 2442 ad
1062 2385 1394 2459 patriarchas
1447 2384 1767 2456 pertinebat,

161 2481 214 2536 in
259 2481 369 2538 hoc
388 2481 558 2537 etiam
580 2496 642 2538 sc
674 2480 905 2538 Abrabm
932 2481 1094 2536 filiam
1117 2479 1504 2550 comprobavit,
1535 2467 1679 2550 quod
1711 2477 1773 2533 fi-

161 2575 285 2630 lium
316 2591 483 2632 suum
508 2586 563 2630 et
591 2574 813 2645 optabat
840 2575 1035 2642 occidi,
1077 2584 1130 2630 et
1150 2573 1290 2644 quod
1318 2573 1530 2628 interim
1556 2588 1773 2628 reman-

172 2669 343 2736 sisset,
363 2669 789 2725 coutristabatur
809 2669 1000 2724 intimo
1019 2667 1231 2739 dolore.
1259 2685 1278 2718 ι
1311 2665 1439 2736 Ipse
1456 2673 1632 2720 autem
1654 2664 1773 2720 Fla-

172 2762 350 2817 vianus
363 2761 451 2817 bis
466 2760 725 2818 afflictam
744 2771 970 2818 matrem
991 2760 1171 2816 verbis
1181 2758 1590 2815 consolabatur:
1611 2775 1629 2809 ι
1655 2755 1772 2812 Scis

166 2866 340 2912 mater
367 2855 565 2911 merito
621 2854 970 2921 charissima,
1005 2861 1063 2908 ut
1095 2867 1311 2923 semper
1351 2849 1671 2907 tentaverim
1718 2848 1771 2905 si

177 2949 781 3019 conhtcricuntigisset,
839 2947 1100 3021 martyrio
1130 2961 1252 3002 meo
1277 2943 1398 3010 frui,
1444 2954 1498 3001 et
1522 2943 1773 3012 frequen-

182 3050 266 3098 ter
304 3052 572 3099 catenatus
616 3041 810 3107 videri,
855 3052 910 3097 et
945 3056 1088 3111 saepe
1123 3038 1368 3096 diﬂ‘erri?
1396 3039 1455 3094 Si
1497 3051 1626 3107 ergo
1643 3050 1770 3091 conv

174 3135 295 3206 tigit
339 3134 483 3205 quod
531 3133 735 3206 optavi,
785 3134 1127 3207 gloriandum
1170 3141 1253 3188 est
1291 3131 1467 3203 potius
1490 3144 1648 3201 quam
1675 3129 1772 3185 (10-

168 3228 406 3285 lendum.
445 3248 465 3281 ι
522 3229 648 3285 Hme
674 3238 830 3286 crant
859 3238 1153 3301 martyrum
1190 3236 1315 3283 vota
1343 3241 1463 3297 quae
1490 3225 1533 3280 si
1567 3224 1619 3279 in
1665 3223 1774 3279 cri-

1876 1996 2124 2063 mittunt;
2175 1997 2359 2066 plures
2386 1995 2443 2050 in
2464 2004 2768 2052 exstructos
2792 1995 2955 2066 rogos
2983 1996 3229 2060 currunt,
3282 2002 3339 2049 et
3364 2003 3475 2050 tre-

1876 2088 2183 2159 pidantibus
2213 2102 2385 2158 pmnaa
2426 2086 2689 2144 ministris
2718 2087 2893 2159 ignem
2917 2087 3055 2142 saltu
3082 2086 3291 2143 devotre
3320 2086 3474 2161 festi-

1877 2183 2109 2238 nationis
2162 2182 2426 2237 insiliunt.
2472 2201 2491 2235 ι
2549 2181 2701 2237 Hunc
2750 2181 2804 2236 in
2858 2181 3183 2253 martyribus
3237 2182 3475 2252 patiendi

1874 2277 2123 2332 ardorem
2180 2276 2385 2348 optime
2451 2275 2709 2332 describit
2770 2284 2991 2332 sanctus
3052 2273 3474 2346 Cbrysostomus

1874 2371 2116 2427 oratione
2145 2373 2197 2426 in
2237 2370 2571 2437 Romanum,
2612 2368 2882 2425 diabolum
2912 2368 2984 2422 ita
3034 2369 3343 2438 loquentem
3385 2367 3471 2422 in-

1875 2465 2162 2523 troducens
2185 2463 2266 2536 (2)
2298 2483 2351 2519 ε(
2376 2464 2585 2519 Prunas
2601 2462 2892 2527 substravi,
2921 2460 2974 2515 hi
2995 2468 3170 2516 autem
3193 2468 3466 2531 tamquam

1873 2557 1942 2614 ad
1972 2571 2125 2613 rosas
2163 2555 2488 2621 currebant;
2523 2556 2699 2626 ignem
2748 2552 2992 2619 accendi,
3024 2552 3097 2607 illi
3151 2562 3328 2607 autem
3356 2563 3473 2605 lau-

1875 2667 2036 2725 quam
2073 2652 2125 2706 iu
2164 2649 2342 2706 fontes
2368 2663 2627 2720 aquarum
2650 2646 2958 2717 frigidarum
2990 2645 3198 2715 seipsos
3225 2644 3472 2715 projicie-

1874 2744 2070 2799 bant...
2111 2743 2184 2799 Et
2228 2752 2496 2812 tamquam
2517 2740 2571 2794 in
2599 2754 2751 2794 sacra
2774 2737 3209 2810 pompachoreas
3224 2747 3468 2808 agentes,

1874 2845 1930 2894 et
1977 2838 2030 2891 in
2078 2835 2234 2892 viridi
2290 2844 2442 2907 prato
2487 2834 2757 2900 ludentes,
2804 2833 2876 2887 ita
2920 2841 3189 2888 tormenta
3220 2833 3473 2903 fquisque

1874 2930 2118 3000 arripuit,
2162 2943 2270 2984 non
2303 2939 2554 2999 tanquam
2585 2943 2793 2998 poenas,
2826 2925 2922 2981 sed
2947 2926 3096 2980 velut
3132 2938 3328 2981 vernos
3367 2924 3469 2978 llo-

1873 3038 1964 3079 res
2016 3022 2370 3093 accipientes,
2421 3031 2477 3077 et
2516 3019 2759 3076 coronati
2808 3028 2863 3074 et
2901 3017 3132 3088 propriae
3176 3015 3469 3072 alacritatis

1873 3132 2098 3174 excessu
2138 3123 2401 3171 tormenta
2454 3129 2572 3169 mea
2619 3112 3020 3183 praeripiebant.
3049 3130 3069 3164 ι

1945 3214 2058 3271 VII.
2100 3213 2285 3283 Neque
2312 3213 2505 3267 mirum
2535 3217 2635 3276 est,
2661 3210 2869 3279 aliquos
2895 3207 3094 3269 bestias
3118 3206 3227 3278 jam
3256 3215 3471 3277 paratas

173 3339 296 3380 mea
368 3335 644 3390 νοεεηιυν,
717 3297 1197 3379 innumeri-erum
1248 3327 1514 3390 martyres
1577 3297 1842 3389 quibusC
1875 3308 1942 3365 ad
1969 3323 2122 3365 suam
2147 3306 2390 3377 ipsorum
2418 3319 2604 3360 necem
2632 3314 2980 3374 provocasse,
3010 3309 3103 3356 aut
3133 3299 3470 3356 crudelitatis

178 3417 421 3490 martyrii
456 3432 658 3473 corona
682 3415 1013 3473 detrahenda
1050 3416 1172 3472 erit.

254 3509 342 3564 Vl.
381 3510 546 3582 Major
563 3526 632 3568 ex
659 3511 832 3568 altero
848 3512 1026 3581 capite
1042 3510 1323 3582 Perpetuae
1345 3507 1569 3566 conﬂari
1595 3515 1772 3575 posset

193 3601 414 3671 invidia;
444 3605 538 3662 sed
581 3605 670 3660 illa
700 3606 884 3671 etiam,
927 3612 985 3660 ut
1039 3604 1170 3672 dixi,
1204 3603 1391 3675 lgnatii
1416 3601 1664 3672 exemplo
1684 3601 1771 3657 de-

203 3696 413 3766 pellitur.
458 3697 570 3754 Non
599 3698 744 3754 enim
771 3696 915 3752 aliud
945 3697 1207 3768 Perpetua
1254 3695 1397 3762 fecit,
1437 3709 1597 3766 quam
1624 3693 1768 3764 quod

204 3788 523 3847 sefacturum
567 3790 755 3846 scribit
797 3789 1053 3860 lgnatius.
1087 3787 1194 3845 Sed
1241 3788 1493 3857 quoniam
1534 3786 1603 3840 de
1628 3786 1771 3841 illius

204 3882 321 3937 actis
340 3891 391 3939 et
415 3883 655 3953 epistolis
678 3882 1060 3939 controversia
1089 3890 1354 3947 movetur,
1389 3880 1493 3937 alia
1524 3880 1769 3950 exempla

204 3989 299 4029 non
338 3982 522 4031 desunt
566 3991 689 4047 qua:
738 3976 892 4047 plena
945 3991 1105 4030 manu
1157 3974 1212 4030 in
1251 3989 1376 4030 suas
1418 3973 1767 4045 epistularum

203 4065 370 4137 lgnatii
401 4070 656 4127 vindicias
700 4069 1024 4125 Pearsouius
1050 4070 1340 4142 congessit.
1382 4069 1436 4124 ln
1474 4069 1769 4141 Smyrnen-

210 4161 278 4215 sis
301 4160 536 4221 Ecclesia:
572 4165 905 4221 vetulissima
933 4164 1159 4235 epistola
1189 4172 1608 4235 reprmsentatur
1631 4162 1770 4219 Ger-

211 4255 439 4323 manicus,
457 4258 606 4327 quasi
630 4257 826 4313 nobilis
842 4264 897 4311 et
916 4257 1142 4327 insignis
1191 4255 1497 4322 bestiarius,
1526 4260 1769 4323 ἐπισήμως

215 4350 484 4417 θερημαχῶν.
507 4348 643 4418 Quid
664 4357 846 4405 autem
876 4349 1075 4419 judicio
1100 4347 1485 4418 antiquissimae
1511 4346 1772 4403 Ecclesiae

224 4437 423 4507 ἓπὶσημω,
440 4441 632 4513 insigne
659 4450 752 4497 aut
777 4440 964 4508 nobile,
996 4440 1051 4495 in
1103 4438 1220 4510 ejus
1250 4439 1508 4510 martyrio
1536 4438 1772 4495 breviter

226 4520 453 4599 descripto
466 4532 768 4588 invenitur?
796 4531 908 4587 Hoc
943 4546 1108 4586 unum
1138 4530 1280 4587 unde
1305 4531 1570 4603 Perpetua
1607 4531 1771 4587 viola-

221 4624 288 4672 ta:
326 4632 497 4679 natum
543 4625 679 4696 legis
730 4625 882 4695 argui
931 4622 1156 4680 forsitan
1206 4632 1387 4694 posset
1425 4623 1505 4696 (1)
1537 4642 1550 4679 :
1589 4642 1608 4675 ι
1634 4623 1767 4679 Nam

1877 3407 2229 3462 instrumenta
2288 3404 2339 3457 in
2395 3401 2670 3471 procinctu
2721 3398 2892 3468 posita
2935 3396 3005 3452 ad
3050 3393 3465 3451 accelerandum

1874 3499 2190 3571 martyrium
2218 3498 2356 3552 ultro
2385 3493 2726 3558 adhibuisse;
2770 3503 2895 3548 cum
2925 3488 3228 3546 certissime
3256 3495 3470 3543 constet

1873 3596 1927 3653 id
1956 3595 2098 3667 quod
2128 3594 2295 3649 multo
2318 3592 2491 3663 majus
2514 3595 2800 3661 est,'qnam
2830 3588 3092 3659 plurimos
3112 3593 3343 3641 mortem
3370 3599 3469 3656 pro

1872 3694 2069 3753 Christi
2120 3693 2334 3748 nomine
2362 3689 2710 3761 appetivisse,
2750 3702 2871 3743 cum
2921 3686 2977 3741 in
3023 3684 3260 3742 hostium
3290 3691 3469 3755 potes-

1874 3799 1982 3846 tate
2025 3803 2133 3843 non
2177 3795 2373 3850 essent,
2426 3783 2635 3854 seipsos
2689 3779 2960 3836 indicasse
2988 3780 3278 3849 hostesque
3322 3777 3471 3846 ipsos

1873 3881 1941 3937 ad
1967 3879 2285 3950 supplicium
2319 3874 2664 3946 inﬂigendum
2693 3885 3032 3941 provocasse.
3061 3871 3135 3925 De
3150 3866 3473 3925 Christianis

1873 3979 1955 4033 sui
1983 3973 2240 4046 temporis
2266 3972 2530 4028 Lucianus
2559 3969 2613 4025 in
2635 3967 2930 4038 Peregrin
2961 3966 3041 4039 (5)
3070 3986 3084 4019 :
3120 3984 3140 4017 ι
3160 3963 3337 4020 Miseri
3371 3961 3469 4017 hoe

1874 4076 2065 4141 mines,
2116 4088 2145 4126 a
2172 4073 2365 4143 seipsis
2391 4069 2632 4141 persuasi
2663 4069 2773 4124 fore
2803 4083 2861 4122 se
2892 4068 3100 4137 integre
3118 4064 3461 4121 immortales

1872 4183 2192 4240 semperque
2228 4168 2486 4232 victuros,
2535 4173 2767 4220 mOrlem
2793 4169 3169 4227 contemnunt,
3202 4160 3469 4228 multique

1872 4266 2013 4320 ultro
2063 4278 2123 4319 se
2164 4262 2311 4333 ipsos
2351 4258 2573 4315 dedunt.
2614 4276 2633 4308 ι
2688 4256 2930 4311 Justinus
2985 4254 3186 4324 Martyr
3237 4253 3470 4313 fatetur,

1873 4357 2219 4414 christianum
2251 4368 2309 4407 se
2342 4351 2535 4405 iactum
2566 4361 2686 4402 esse
2720 4346 2865 4416 quod
2900 4345 2949 4399 ei
2992 4358 3151 4399 nemo
3187 4343 3362 4398 malus
3385 4344 3467 4398 vi»

1873 4449 2092 4506 deretur
2121 4445 2199 4516 (4)
2230 4463 2249 4497 ‹
2278 4451 2504 4498 mortem
2533 4449 2750 4509 optare;
2777 4435 2973 4492 nedum
3001 4444 3057 4489 ut
3093 4433 3377 4505 quisquam
3412 4450 3471 4488 se

1874 4543 2048 4613 ipsum
2079 4535 2377 4594 necandum
2404 4533 2549 4589 ultro
2581 4530 2831 4602 proderet
2878 4543 2942 4585 ac
2969 4527 3224 4593 deferret,
3266 4546 3287 4580 ι
3318 4528 3464 4597 quod

1873 4632 2163 4693 Christiani
2212 4641 2337 4686 tunc
2362 4626 2635 4697 Ttemporis
2676 4623 2942 4680 iet-erunt.
3000 4619 3359 4678 Tertullianus
3402 4621 3471 4672 ad

206 4725 318 4767 cum
360 4719 628 4783 PPOCODSIII
673 4716 892 4774 “801876
935 4733 1058 4773 eum
1113 4717 1296 4785 νθηείν
1342 4716 1654 4788 diceretque
1708 4726 1766 4772 υῑ
1787 4698 1842 4758 Ῑ)
1870 4728 2175 4798 Scapulam,
2200 4738 2319 4794 cap.
2344 4724 2369 4777 1
2398 4739 2412 4776 :
2438 4721 2610 4775 «Cum
2639 4718 2784 4775 omni
2806 4717 3009 4774 saevitia
3039 4724 3218 4772 vestra
3240 4729 3472 4771 concer-

202 4818 342 4863 suam
365 4809 470 4880 ipse
500 4821 711 4869 aetatem
756 4813 1134 4878 miseraretur;
1164 4811 1255 4867 ille
1279 4810 1504 4867 bestiam
1531 4811 1674 4866 ultro
1697 4810 1767 4865 ad

198 4912 255 4954 se
302 4907 528 4970 attraxit,
574 4906 734 4977 eique
784 4905 889 4960 vim
924 4903 1120 4960 intulit.
1153 4921 1173 4955 ι
1229 4903 1342 4958 Hoc
1386 4903 1526 4958 enim
1577 4902 1768 4958 fecisse

194 5006 445 5061 narratur,
496 5006 556 5054 ut
595 4997 915 5072 martyrium
961 4997 1331 5053 acceleraret:
1369 5014 1388 5048 r
1414 4996 1648 5067 Cupiens
1676 5010 1769 5051 ve-

190 5083 354 5145 locius
385 5106 446 5148 ex
475 5093 668 5163 injusta
717 5103 772 5149 et
810 5092 990 5163 iniqua
1021 5107 1207 5148 eorum
1250 5091 1526 5146 hominum
1560 5090 1663 5144 vita
1691 5088 1769 5146 ef-

186 5180 382 5253 fugere.
427 5185 552 5242 lnde
593 5199 774 5242 autem
806 5186 1006 5242 factum
1037 5194 1139 5250 cst,
1176 5193 1236 5240 ut
1280 5185 1535 5239 universa
1582 5182 1769 5237 multi-

192 5275 315 5329 tudo
363 5276 721 5334 fortitudinem
772 5279 842 5350 pii
885 5293 949 5333 ac
979 5278 1215 5348 religiosi
1261 5276 1476 5348 generis
1503 5274 1771 5330 Christia-

192 5377 376 5422 norma
397 5368 675 5437 admirata,
708 5381 812 5427 etc.
838 5391 857 5423 ι
906 5370 1002 5426 ille
1027 5370 1189 5441 igitur
1209 5368 1586 5437 Germanicus,
1613 5381 1772 5439 quem

269 5544 345 5617 (1)
375 5555 660 5621 Βουλομένην
701 5556 797 5621 γὰρ
838 5559 921 5605 τεῦ
957 5554 1249 5613 ἀνθυπάτου,
1288 5549 1466 5602 παίοειν
1493 5550 1655 5605 «brba,
1693 5556 1777 5599 aceti.

204 5618 343 5690 ξείνω
366 5619 464 5684 (V91
494 5621 720 5690 λέγοντος)
750 5618 840 5677 ἂν
865 5623 1054 5681 ἡλικίαν
1074 5626 1219 5676 αὐτοῦ
1253 5622 1598 5688 κατοικτεῖραι,
1625 5623 1777 5686 ἑαυτῷ

198 5686 479 5761 (ἱππάσατο
498 5686 561 5745 τὸν
579 5686 739 5761 οηρίέν
760 5699 1188 5761 προσβιασίμινος,
1204 5699 1373 5759 τάχιον
1396 5700 1481 5761 ιιιρῦ
1498 5686 1670 5744 *ἀδίκου
1691 5692 1775 5761 aut}

201 5756 369 5824 ἀνεμιυ
396 5773 507 5832 βίδυ
537 5754 692 5817 ιῦτέιν
709 5754 1050 5826 ﬁniuit-limat
1087 5754 1387 5833 βαυὶὸμξνος.
1411 5754 1481 5816 lim.
1507 5764 1675 5815 τούτου
1702 5758 1781 5815 οὖν

196 5836 296 5902 fit!
320 5841 370 5883 τι
398 5841 568 5894 πλΰ,θος
592 5838 841 5900 θαυμάσας
860 5842 947 5886 τοῖιν
970 5843 1278 5899 γενναιότητα
1313 5839 1401 5888 τοῦ
1434 5837 1671 5902 θεοφιλοῦς
1697 5833 1781 5884 καὶ

190 5894 429 5965 “nisi;
446 5911 598 5970 γένους
616 5894 707 5957 τῶυ
731 5909 806 5975 Χρ
819 5894 1048 5970 ιστιανξτιν,
1080 5915 1185 5960 etc.

1871 4829 2069 4885 tamus,
2116 4816 2277 4874 etiam
2326 4814 2469 4870 ultro
2491 4818 2858 4883 erumpentes,
2891 4809 3169 4880 magisque
3196 4806 3470 4876 damnati,

1946 4976 2024 5049 (1)
2064 4980 2289 5049 Zur-rivo);
2314 4978 2601 5049 ἰᾳεπῇδηᾳεν
2628 4976 2693 5034 εἰς
2720 4979 2894 5049 εςὸ-ττῦρ
2910 5012 2936 5049 ,_
2954 4975 3473 5049 κοξξ-κατσιπίφλεκτοςι.

1875 5039 2050 5120 Epist.
2072 5048 2138 5120 ad
2168 5047 2300 5102 Fab.
2332 5044 2583 5101 Antioch.
2608 5042 2744 5113 apud
2777 5039 2976 5120 Euseb.
2997 5041 3093 5120 lib.
3119 5055 3200 5120 vi,
3228 5039 3345 5110 cap.
3376 5044 3469 5096 41.
3503 5048 3514 5058 ·

1947 5120 2029 5192 (Ξ)
2067 5106 2309 5190 iuraiura;
2352 5106 2674 5192 ὓπεστόρισα’,
2711 5122 2754 5192 οἱ
2795 5117 2951 5192 δὲγ
2987 5114 3065 5166 επὶ
3109 5114 3226 5181 ῥόδα
3267 5106 3475 5192 Eii-pexam

1875 5187 1972 5263 ΙΙῦρ
2014 5187 2193 5261 abigat,
2231 5197 2279 5243 oi.
2315 5192 2364 5241 δὲ
2410 5195 2469 5250 ὡς
2522 5191 2587 5249 εἰς
2626 5191 2789 5263 arri-1:2;
2836 5188 3016 5238 ὑδάτων
3070 5192 3255 5263 ψυχρῶν
3285 5187 3481 5263 ἑαυταῖς

1875 5257 2299 5334 ερῥιψαν..’........
2320 5262 2404 5312 xc.)
2433 5265 2583 5327 ὥσπερ
2613 5262 2659 5309 ἄν
2688 5262 2791 5334 Ξρξᾷ
2812 5269 2982 5334 magna
3012 5257 3304 5334 xopst'rovrzc,
3324 5265 3408 5307 καὶ
3436 5262 3481 5308 ἐν

1878 5330 2073 5403 {ripam
2127 5330 2377 5395 παίζουτεέ
2426 5338 2634 5398 χλοερῷ,
2686 5332 2817 5403 αὐτῷ
2872 5332 2960 5403 τὰς
3005 5334 3237 5394 τιμωρίη
3284 5330 3479 5403 Euocat-ao;

1880 5401 2112 5478 ἠρέθιζεν,
2136 5402 2244 5459 ἀλλ’
2255 5409 2314 5465 ὡς
2330 5406 2444 5461 ἄνθη
2460 5403 2777 5478 λ-αμβᾶ-νδντες
2790 5402 2979 5478 ἔρειριελοὲι2
2992 5407 3075 5478 utsi
3096 5401 3431 5478 στεφανουμενο
3442 5421 3478 5459 ι,

1813 5487 1830 5503 ⁸
1880 5471 1963 5533 xiii
1992 5490 2049 5550 τῇ
2070 5490 2155 5546 τῇς
2176 5479 2351 5531 οἰκείας
2379 5476 2641 5541 προθυμίαις
2669 5472 2909 5537 ὕπερβολῇ
2931 5471 3022 5527 τὰς
3047 5473 3107 5534 ἐμ
3144 5496 3165 5527 ς
3190 5474 3477 5539 προέφθαινον

1875 5559 2337 5692 τιμῗὲςίειῐὶἓπείκασι
2376 5618 2471 5692 χὰρ
2510 5611 2683 5692 inuenire
2719 5615 2763 5661 οἱ
2796 5599 3139 5692 Ξιεικοδαὴὶθοῖες
3177 5612 3230 5669 ιεό
3255 5617 3340 5676 μὲν
3374 5614 3480 5661 ὅλον

1879 5676 2065 5745 foetae“
2095 5689 2177 5741 καὶ
2209 5676 2475 5754 βιώσεσίθάι
2506 5689 2586 5754 rati
2615 5683 2692 5731 ἀεὶ
2721 5684 2903 5748 χρόνον
2933 5676 3103 5754 στα-ρ’λρ
3123 5687 3205 5730 καὶ
3231 5701 3481 5749 καταρρο-

1876 5774 2005 5818 νοῦσι
2033 5765 2118 5816 τοῦ
2144 5749 2367 5817 omna,
2394 5756 2476 5807 καὶ
2504 5752 2684 5809 Exivi-ro;
2715 5754 2883 5809 αὖτοὺς
2909 5749 3202 5802 ἐπιδιδόασιν
3221 5757 3265 5801 σε
3293 5757 3478 5801 πολλοί.

1950 5832 2030 5904 (4)
2071 5834 2287 5883 Θάνατον
2334 5828 2633 5890 ἀσπάζεσθαι
2658 5861 2674 5887 ,
2733 5821 2834 5888 οὐχ’
2876 5824 2950 5874 ὃτι
2989 5823 3158 5873 ἑαυτὸν
3198 5828 3483 5887 χιιι-ἤγγελλε

1879 5902 2275 5978 φονὶνθησὸμινεν.
2434 5902 2449 5915 “
