3784 6272
368 359 479 423 147

1519 357 1976 419 DlSSERTATlO
2009 357 2492 424 APOLOGE'I’lCA
3542 374 3629 438 {48

370 494 531 552 quam
562 480 792 539 absoluti
818 478 1134 552 gaudemus.
1159 496 1180 531 ι
1229 475 1298 533 Ει
1338 491 1457 549 cap.
1499 477 1535 534 4
1566 494 1580 532 :
1616 497 1636 530 ι
1664 477 1798 533 Vide
1838 486 1960 533 tan-
1985 474 2043 539 Δ
2068 476 2163 536 lib.
2210 498 2305 549 vn,
2359 498 2477 554 cap.
2526 483 2616 539 l2.
2671 483 2947 543 Romanus
2993 486 3360 546 Cmsareensis
3411 488 3631 552 diaconus

367 579 505 639 tum,
553 588 622 627 ne
671 572 773 627 hoc
811 572 951 640 ipso,
984 567 1130 640 quod
1178 568 1305 627 talia
1346 571 1695 637 sustinemus,
1742 569 1811 631 ad
1857 568 1962 625 hoc

366 665 544 721 solum
569 664 843 719 videamus
872 676 1175 733 erumpere,
1219 669 1277 717 ut
1301 660 1405 717 hoc
1444 663 1618 733 ipsum
1647 663 1959 733 probemus,

365 772 471 813 nos
499 757 616 812 haec
658 771 762 810 non
794 756 1005 823 timere,
1059 755 1154 811 sed
1200 758 1341 813 ultro
1371 770 1582 811 vocare.
1636 755 1797 812 Arius
1850 762 1962 811 An-

365 849 588 904 toninus
620 850 670 901 in
695 847 822 905 Asia
854 864 973 904 cum
1010 858 1425 920 persequeretur
1452 852 1738 917 instanter,
1771 865 1960 907 omnes

365 939 512 995 illius
556 938 787 994 civitatis
825 940 1117 997 Christiani
1171 951 1298 999 ante
1351 944 1635 999 tribunalia
1685 959 1763 1009 se,
1797 960 1958 1000 manu

362 1032 524 1100 facta,
552 1032 880 1099 obtulerunt,
915 1048 1036 1091 cum
1084 1034 1193 1098 iile,
1236 1034 1419 1105 paucis
1460 1034 1582 1091 duci
1628 1036 1814 1107 jussis,
1876 1053 1962 1092 re-

362 1124 527 1197 liquis
555 1126 629 1179 ait
661 1145 673 1179 :
715 1114 756 1181 tri
786 1130 965 1192 δειλοὶ,
997 1136 1039 1182 c't
1086 1135 1238 1185 θέλετε
1270 1130 1603 1198 ἀποθνήσκειν,
1656 1140 1886 1202 κρημνοὺς
1929 1139 1958 1193 ἦ

364 1226 573 1297 βρεχους
623 1231 774 1293 ἔχετε.
846 1223 958 1279 Hoc
1013 1224 1058 1278 si
1110 1224 1371 1294 placuerit
1398 1236 1453 1280 et
1502 1225 1591 1281 hic
1644 1224 1782 1293 ﬁeri,
1833 1226 1961 1297 quid

362 1314 530 1370 facies
560 1315 627 1370 de
650 1317 810 1371 tantis
839 1316 1076 1371 millibus
1107 1316 1405 1385 hominum,
1440 1327 1517 1375 tot
1556 1319 1685 1375 viris
1705 1331 1759 1376 et
1787 1322 1962 1378 fremi-

362 1407 450 1467 nis
508 1408 683 1462 omnis
724 1422 916 1477 sexus,
977 1409 1154 1465 omnis
1195 1410 1390 1476 aetatis,
1441 1413 1618 1469 omnis
1655 1412 1962 1485 dignitatis,

363 1498 714 1557 offerentibus
730 1515 790 1557 se
806 1501 898 1557 tibi
917 1501 974 1556 ‘Ii
1016 1502 1088 1558 De
1105 1518 1241 1559 nona
1260 1505 1631 1571 persecutione
1657 1506 1925 1576 Sulpicius
1949 1526 1962 1562 :

371 1615 395 1647 ‹
425 1595 679 1651 Certatim
705 1596 939 1666 gloriosa
972 1596 1022 1649 in
1058 1597 1355 1652 certamina
1383 1596 1659 1666 ruebatur,
1692 1600 1967 1671 multoque

366 1687 577 1745 avidius
629 1703 739 1746 tum
772 1690 1027 1762 martyria
1060 1693 1310 1762 gloriosis
1357 1694 1623 1750 mortibus
1650 1697 1967 1765 quaereban-

368 1786 477 1845 tur,
507 1797 664 1849 quam
706 1798 849 1838 nunc
869 1785 1213 1853 episcopatus
1243 1785 1430 1853 pronis
1459 1788 1845 1846 ambitionibus
1869 1806 1967 1861 ap-

2067 571 2254 628 videns
2302 575 2497 631 multos
2543 575 2927 647 sacriﬁcantes,
2979 583 3107 650 ζήλῳ
3126 587 3388 644 θιοσεεειις
3416 593 3626 655 πρόσεισι,

2073 685 2092 721 ι
2118 668 2234 723 zelo
2254 667 2421 724 divini
2446 671 2621 726 cultus
2647 671 2818 742 ipsum
2837 670 3112 742 incitante,
3128 678 3347 747 propius
3375 681 3593 748 accessit,
3611 702 3627 735 ι

2066 770 2120 814 et
2167 769 2416 816 contenta
2466 777 2601 820 voce
2648 764 2946 820 inclamans
2998 781 3091 821 eos
3135 765 3452 837 objurgavit,
3494 771 3631 841 judici

2068 854 2179 909 vim
2211 854 2354 924 fecit,
2387 865 2444 911 et
2484 858 2553 913 ob
2578 858 2859 915 audaciam
2893 864 3320 932 comprehensus
3348 864 3425 937 (l)
3460 885 3479 920 ι
3504 884 3633 939 gene-

2066 968 2213 1019 roso,
2245 955 2289 1009 si
2337 956 2456 1024 quis
2511 957 2673 1024 alius,
2696 959 2956 1030 martyrio
3010 959 3302 1016 decoratus
3327 970 3423 1017 est.
3459 983 3478 1016 ι
3523 965 3633 1034 Quin

2067 1049 2227 1103 etiam
2283 1050 2557 1119 Appianus
2578 1092 2592 1116 ,
2623 1050 2863 1107 fervente
2896 1054 3294 1123 persecutione,
3323 1055 3459 1111 clam
3494 1059 3636 1114 omni-

2066 1139 2166 1196 bus
2214 1142 2267 1196 iu
2299 1143 2486 1198 eadem
2534 1143 2696 1199 domo
2740 1145 3084 1217 degentibus,
3131 1157 3186 1203 et
3233 1148 3461 1205 militum
3504 1152 3634 1208 etiam

2067 1233 2311 1297 cohorte,
2360 1235 2850 1307 Urbani-praesidis
2887 1239 3076 1296 dextra
3120 1241 3479 1312 apprehensa,
3501 1246 3637 1300 sacri-

2068 1323 2249 1381 ﬁcium
2297 1326 2549 1384 omittere
2577 1331 2754 1401 ccegit
2797 1339 2853 1385 et
2876 1332 3212 1402 gravissimis
3236 1337 3518 1392 tormentis
3542 1352 3637 1395 sese

2069 1419 2296 1489 dedens,
2343 1437 2533 1492 passus
2561 1434 2663 1480 est.
2694 1424 2752 1481 Id
2798 1435 2976 1482 autem
3007 1427 3296 1495 Eusebius,
3331 1428 3407 1484 illi
3447 1428 3641 1487 familia-

2069 1514 2167 1581 ris,
2215 1530 2337 1569 eum
2376 1516 2569 1572 fecisse
2613 1517 2877 1588 judicavit
2927 1519 3032 1594 (‘2),
3085 1520 3312 1577 «divina
3365 1523 3552 1580 virtute
3588 1526 3640 1580 ad

2071 1604 2177 1661 hoc
2225 1607 2398 1675 ipsum
2433 1609 2765 1680 impellente,
2819 1627 2883 1668 ac
2916 1624 3121 1670 tantum
3166 1629 3275 1670 non
3327 1631 3421 1686 per
3454 1617 3546 1673 hoe
3574 1616 3640 1672 fa-

2071 1700 2224 1754 cinus
2254 1700 2593 1768 inciamante,
2626 1713 2731 1760 etc.
2775 1724 2794 1756 ι
2826 1707 2915 1777 qui
2953 1719 3002 1763 et
3034 1708 3319 1765 Edesium
3366 1710 3499 1766 idem
3525 1710 3641 1783 quod

2076 1813 2106 1853 a
2134 1796 2299 1852 fratre
2339 1796 2538 1852 factum
2583 1807 2686 1865 est,
2741 1798 2919 1857 facere
2963 1811 3238 1871 conatum,
3293 1804 3480 1861 eodem
3504 1806 3642 1862 modo

362 1880 641 1942 petuntur.
661 1893 679 1925 ι
700 1873 871 1940 idem,
895 1876 1055 1945 epist.
1089 1892 1144 1931 ιι
1181 1874 1249 1931 de
1280 1877 1341 1931 Β.
1366 1876 1598 1934 Martiuo
1627 1897 1641 1932 :
1674 1900 1694 1935 ί
1732 1880 1872 1949 Quid
1923 1884 1967 1938 si
1995 1880 2045 1947 Β
2075 1906 2294 1962 passum
2322 1901 2523 1948 narrat.
2552 1891 2796 1963 Longum
2826 1904 2972 1953 esset
2992 1912 3181 1954 omnes
3198 1912 3509 1965 recensere,
3534 1915 3642 1972 quos

367 1964 419 2019 ei
459 1962 800 2031 Neronianis,
857 1965 1210 2035 Decianisque
1242 1968 1577 2038 temporibus
1607 1972 1658 2025 in
1704 1971 1791 2026 illa
1848 1990 1969 2043 qua:

363 2066 495 2113 tunc
526 2058 731 2112 exstitit
750 2099 765 2123 ,
799 2057 1057 2115 dimicare
1086 2061 1470 2131 congressione
1502 2063 1764 2133 licuisset,
1794 2074 1971 2123 testor

367 2148 543 2205 Deum
589 2149 714 2205 coeli
759 2160 919 2221 atque
967 2159 1171 2221 terrast,
1213 2164 1409 2224 sponte
1462 2157 1749 2227 equuleum
1779 2174 1971 2217 ascen-

369 2240 562 2309 disset,
610 2243 753 2301 ultro
796 2259 855 2299 se
895 2244 1106 2316 ignibus
1133 2247 1417 2305 intulisset.
1455 2287 1469 2302 .
1501 2289 1516 2304 .
1543 2289 1558 2305 .
1586 2250 1646 2308 Si
1672 2268 1804 2308 vero
1842 2272 1970 2323 gen-

367 2334 502 2389 tium
552 2334 790 2392 doctoris
816 2340 1070 2410 exemplo
1114 2342 1291 2413 gladio
1320 2343 1610 2415 deputatus
1642 2348 1786 2405 inter
1813 2348 1966 2419 alias,

368 2444 430 2490 ut
454 2449 599 2505 saepe
614 2438 878 2505 provenit,
903 2440 1151 2495 victimas
1169 2440 1473 2511 duceretur,
1506 2446 1708 2515 primus
1730 2449 1969 2506 omnium

367 2528 625 2584 carniﬁce
649 2532 947 2609 compulso,
983 2535 1212 2602 palmam
1253 2541 1526 2609 sanguinis
1556 2555 1902 2613 occupasset.
1945 2565 1964 2600 ι

368 2617 602 2676 Sanctus
639 2620 875 2679 Joannes
912 2623 1332 2697 Chrymstomus
1358 2632 1616 2689 observat
1652 2637 1751 2692 sub
1794 2637 1971 2710 impe-

366 2712 454 2766 rio
496 2712 691 2770 Juliaui
723 2712 803 2788 (1)
831 2731 1048 2775 omnem
1104 2732 1317 2779 tetatem
1361 2734 1416 2780 et
1467 2736 1754 2799 utrumque
1783 2746 1971 2788 sexum

368 2803 441 2858 ad
485 2818 713 2862 mortem
766 2823 866 2879 pro
910 2825 1033 2866 vera
1068 2812 1328 2885 religione
1368 2816 1701 2875 subeundam
1743 2823 1973 2879 exilien-

369 2904 505 2953 tem.
536 2918 556 2953 ι
615 2899 768 2958 Hanc
812 2903 1076 2960 rationem
1108 2908 1302 2971 reddit,
1354 2923 1452 2964 cur
1500 2910 1744 2966 Julianus
1796 2917 1971 2981 Apos-

366 2998 480 3045 tata
525 3005 767 3062 apertam
809 3006 995 3051 contra
1025 2998 1361 3055 Christianos
1393 3003 1823 3069 persecutionem
1856 3021 1973 3058 mo-

377 3082 465 3137 liri
497 3087 732 3140 noluerit
760 3086 838 3160 (2)
865 3129 878 3143 .
908 3107 927 3139 ι
956 3089 1115 3144 Novit
1137 3106 1301 3155 enim,
1344 3102 1531 3160 aperte
1561 3096 1727 3158 novit,
1754 3097 1897 3164 quod
1927 3098 1973 3154 si

374 3180 483 3237 hoc
532 3181 760 3238 auderet
808 3182 921 3251 ille,
962 3198 1153 3239 omnes
1202 3199 1299 3253 pro
1328 3182 1545 3257 Christo
1584 3185 1793 3245 animas
1845 3202 1974 3246 suas

2073 1984 2340 2040 Eusebius
2392 1983 2612 2056 aliique,
2663 1999 2724 2041 se
2759 1986 2902 2043 ultro
2932 1997 2988 2044 et
3018 1989 3086 2046 de
3122 1990 3391 2048 industria
3419 1994 3643 2067 martyrio

2078 2080 2336 2136 obtulisse
2378 2092 2822 2138 commemorant.
2879 2084 3005 2141 Huic
3044 2086 3372 2147 Pearsonius
3401 2106 3496 2161 pro
3516 2090 3646 2164 lgna-

2074 2174 2170 2242 tio,
2200 2190 2321 2244 quae
2351 2174 2404 2230 in
2453 2185 2666 2232 nostros
2694 2187 2966 2252 martyres
2994 2197 3155 2253 quam
3180 2183 3323 2241 bene
3350 2185 3645 2242 conveniant

2073 2284 2235 2325 nemo
2273 2286 2378 2327 non
2430 2272 2596 2329 videt.

2146 2365 2283 2421 Vlil.
2310 2365 2417 2423 Sed
2464 2377 2539 2423 tot
2572 2368 2640 2424 ab
2666 2367 2786 2439 ipso
2815 2375 3253 2432 commemoratis
3278 2375 3648 2448 adiungendum

2074 2458 2295 2514 omnino
2324 2460 2577 2517 existimo
2605 2462 2815 2533 insigne
2865 2463 2995 2520 illud
3025 2475 3080 2522 et
3129 2468 3303 2523 audax
3348 2468 3648 2532 Andronici,

2074 2561 2129 2609 et
2157 2553 2379 2609 Tarachi
2409 2554 2652 2625 facinus,
2683 2574 2909 2628 quorum
2954 2562 3089 2617 alter
3123 2576 3331 2633 ursum,
3375 2566 3510 2621 alter
3545 2566 3649 2619 icte-

2074 2661 2199 2703 nam
2267 2648 2449 2704 divina
2514 2651 2715 2707 virtute
2797 2654 3230 2721 mansuefactos,
3302 2659 3369 2714 ad
3415 2674 3473 2714 se
3512 2658 3654 2713 devo-

2075 2739 2339 2806 randum,
2385 2740 2522 2798 utin
2555 2759 2743 2801 eorum
2773 2748 2906 2802 actis
2955 2750 3181 2821 legitur,
3231 2752 3519 2808 incitarunt
3563 2752 3657 2825 (ὅ).

2083 2848 2103 2881 ι
2139 2831 2468 2888 Dimiseruut
2494 2851 2677 2892 ursum
2719 2841 3011 2905 pessimum
3034 2882 3048 2907 ,
3091 2858 3250 2914 quem
3279 2844 3526 2900 dicebant
3555 2844 3657 2913 ipsa

2077 2921 2166 2976 die
2211 2933 2319 2978 tres
2370 2924 2619 2981 homines
2662 2922 2948 2985 occidisse.
3001 2933 3066 2987 Et
3119 2936 3571 3005 appropinquavit
3611 2934 3669 2989 ad

2080 3027 2310 3083 corpora
2342 3026 2655 3073 sanctorum
2679 3061 2694 3086 ,
2725 3032 2780 3075 et
2806 3022 3012 3077 nullum
3044 3039 3241 3093 corpus
3269 3029 3671 3083 contaminavit.

2076 3107 2288 3163 Etcum
2323 3111 2632 3177 transisset,
2687 3116 2834 3168 venit
2885 3116 2951 3171 ad
2993 3126 3235 3172 sanctum
3268 3118 3674 3190 Andronicum,

2077 3210 2131 3257 et
2156 3201 2351 3257 sedens
2373 3201 2606 3274 lingebat
2628 3207 2847 3262 vulnera
2873 3207 3027 3278 ejus;
3062 3220 3281 3265 sanctus
3302 3227 3439 3266 vero
3483 3213 3676 3269 Andro-

372 3274 784 3345 prodidisseut:
830 3275 1029 3332 Omnes
1074 3277 1252 3343 enim,
1303 3278 1505 3349 inquit,
1564 3290 1618 3335 ut
1667 3282 1734 3351 ad
1786 3282 1947 3343 favun

2087 3297 2233 3353 uicus
2264 3300 2440 3369 posuit
2463 3311 2626 3369 caput
2660 3317 2814 3357 suum
2853 3317 3016 3374 super
3051 3319 3269 3371 ursum,
3309 3313 3370 3360 et
3398 3305 3670 3377 instigabat
3750 3302 3751 3377 ζ

374 3383 529 3438 apes,
572 3370 637 3425 ad
677 3368 993 3439 martyrium
1034 3370 1413 3427 convolabant.
1446 3391 1466 3424 ι

447 3483 633 3554 Neque
691 3500 820 3539 vero
883 3484 1089 3540 tantum
1149 3486 1307 3543 fortia
1359 3489 1520 3546 locuti
1576 3504 1699 3549 sunt
1741 3498 1976 3569 antiqute

376 3575 638 3632 Ecclesizu
692 3574 1017 3645 Christiani,
1069 3580 1164 3635 sed
1206 3591 1261 3636 et
1323 3583 1499 3640 fecere
1552 3597 1605 3642 et
1645 3593 1786 3659 passi
1828 3603 1971 3649 sunt.

378 3669 606 3725 Celebre
647 3672 908 3740 imprimis
959 3671 1057 3728 fuit
1096 3691 1289 3732 nomen
1341 3678 1533 3735 Phocus
1580 3687 1851 3757 martyris,
1884 3690 1977 3759 qui

375 3779 499 3829 cum
533 3764 749 3821 lictores
779 3767 926 3823 forte
948 3768 1183 3839 hospitio
1214 3775 1533 3844 accepisset,
1567 3779 1657 3847 qui
1688 3783 1978 3839 narrabant

379 3860 579 3915 missos
618 3874 679 3915 se
716 3861 781 3915 ad
815 3861 1244 3919 interﬁciendum
1298 3865 1564 3935 l’hocam,
1622 3873 1978 3940 promisitdie

379 3956 616 4012 crastino
670 3973 729 4013 se
778 3958 884 4014 illis
936 3958 1172 4015 Phocum
1222 3970 1586 4030 ostensurum,
1647 3974 1701 4022 et
1742 3968 1860 4023 loco
1909 3971 1975 4026 ad

374 4054 707 4124 sepulturam
738 4057 881 4125 prius
906 4064 1226 4127 praeparatu,
1255 4060 1496 4128 adstans,
1521 4063 1599 4118 eis
1620 4064 1751 4119 dixit
1784 4084 1797 4118 :
1822 4085 1840 4119 ι
1865 4067 1977 4140 Ego

375 4146 471 4202 ille
498 4147 723 4204 Phocus.
750 4168 769 4202 ι
805 4150 882 4205 liii
929 4166 1050 4205 cum
1074 4154 1184 4221 jam
1233 4154 1564 4225 luesitarent,
1619 4160 1827 4215 animos
1864 4162 1973 4228 eis,

376 4248 438 4295 ut
482 4240 657 4311 ipsum
718 4243 1116 4313 interﬁcerent,
1172 4246 1548 4304 exhortatione
1591 4252 1821 4309 addebat
1862 4254 1974 4327 (5):

384 4364 405 4395 ‹
435 4344 598 4409 Dixit,
648 4347 933 4415 persuasit,
971 4362 1161 4419 passus
1205 4360 1306 4415 est,
1363 4364 1429 4405 ac
1457 4352 1632 4421 capite
1661 4364 1970 4422 truncatus,

382 4445 537 4508 grata
582 4439 689 4494 Deo
724 4439 894 4495 hostia
924 4440 1136 4496 oblatus
1164 4451 1277 4505 est;
1318 4461 1336 4494 ι
1384 4451 1442 4498 ιιι
1470 4444 1705 4515 loquitur
1735 4448 1979 4503 Asterius

379 4528 686 4586 Amasenus
724 4531 1029 4602 Epiphanio
1058 4534 1376 4605 synchorus.
1410 4535 1522 4591 Sub
1553 4530 1821 4595 Valeriani
1856 4557 1979 4612 per-

381 4629 664 4685 secutione
700 4626 952 4696 Priscus,
1001 4628 1243 4687 Malchus
1286 4640 1342 4688 et
1383 4635 1717 4703 Alexander,
1772 4641 1977 4711 seipsos
2002 4673 2055 4736 Ι)
2158 4666 2236 4740 (ῃ

377 4719 610 4777 invicem
669 4719 1050 4775 insimulabant
1078 4729 1350 4793 tamquam
1381 4725 1600 4795 ignavus
1639 4739 1693 4785 et
1720 4730 1936 4789 desides
1959 4778 1976 4803 ,

384 4813 529 4884 quod
566 4814 853 4869 occasione
878 4813 1056 4869 oblata
1088 4814 1263 4871 adimo
1290 4829 1611 4888 cessassent,
1640 4833 1713 4889 ius
1735 4829 1978 4895 εὐίππ-

394 4913 685 4975 αρπάςοντες
710 4915 786 4963 τὸν
811 4918 892 4964 τοῦ
913 4921 1178 4981 μαρτυρίου
1204 4917 1438 4982 στέφανον,
1465 4930 1484 4962 α
1515 4929 1613 4968 nec
1636 4920 1875 4990 martyrii
1893 4934 1958 4977 ρο

385 5011 577 5053 ronam
623 4999 1043 5071 praeripuissent.
1085 5018 1104 5052 ι
1157 5000 1331 5070 Quare
1370 5003 1602 5075 judicent
1656 5009 1860 5076 adorti,
1911 5009 1977 5070 ad

381 5089 583 5147 bestias
606 5092 966 5157 condemnati,
1000 5100 1110 5165 θείῳ
1131 5104 1547 5166 καιτικοσμνςθησαν
1570 5114 1834 5171 papae/5'03,
1866 5102 1977 5155 nii-

391 5185 517 5241 vino
561 5186 824 5257 martyrio
867 5189 1107 5242 coronati
1136 5199 1291 5259 sunt,
1326 5210 1344 5243 ι
1388 5200 1447 5245 ιιι
1491 5201 1673 5245 narrat
1720 5193 1980 5248 Eusebius

448 5368 526 5442 (i)
568 5374 733 5425 Πὸἱσαν
756 5377 810 5430 ἡ)
824 5378 947 5425 ut!“
966 5375 1124 5436 ἁπλῶς
1153 5376 1236 5429 sui
1254 5378 1385 5443 φύσιν
1406 5379 1630 5435 ἑκατέραν
1657 5378 1877 5436 πηδῶσαν
1898 5382 1977 5431 ἐπὶ

376 5444 461 5502 τὰς
476 5446 608 5515 fieri}:
630 5458 714 5502 τῆς
740 5446 983 5513 adulatione
1005 5452 1206 5515 σφαγάς.
1756 5500 1765 5508 ,

449 5511 526 5581 (2)
570 5516 682 5566 lida:
703 5519 810 5579 γὰρ,
847 5511 973 5577 ἤδη,
1002 5511 1159 5584 rapa:
1177 5559 1189 5579 ,
1221 5521 1294 5570 ὃτι
1316 5525 1451 5571 τοῦτο
1470 5524 1788 5583 τοὶμγ’σσντος
1809 5524 1975 5585 αὖαῦ,

375 5588 543 5646 πάντες
570 5585 626 5635 ἂν
649 5589 766 5654 ὑπὲρ
800 5596 881 5639 τοῦ
907 5593 1121 5657 Χριστου
1166 5594 1248 5648 τὰς
1292 5594 1470 5641 ἑαυτῶν
1501 5593 1774 5658 πρςῦδωκιιν
1802 5598 1974 5660 ψυχάς.

375 5660 546 5719 Πάντες
572 5656 679 5724 γάλο,
710 5664 870 5725 φησιν,
908 5663 966 5717 ὡς
994 5659 1073 5710 ἐπὶ
1113 5667 1270 5728 κηρίον
1292 5668 1518 5726 prlii-rat
1537 5656 1744 5725 fiebant
1765 5706 1778 5729 ,
1805 5656 1978 5727 cep—Exi

379 5732 641 5796 μαρτύριον
662 5729 927 5792 πετόμενοι.

449 5798 528 5867 (5)
566 5800 735 5872 Bimae,
760 5805 962 5862 ἰπεισῖν,
988 5802 1177 5864 ἔπειθεν,
1208 5810 1312 5857 ναι.
1332 5812 1421 5862 τὴν
1451 5805 1655 5872 κεφαλὴν
1684 5810 1981 5870 ἀποτμηθείς

382 5873 541 5940 ἱερεῖον
565 5876 632 5921 τῶ
659 5867 747 5935 θεῷ
770 5873 1103 5934 χεχοιρισμίνον
1130 5875 1411 5941 προσέθη*
1502 5867 1512 5872 ⁷
1814 5872 1819 5877 ⁸

2081 3386 2204 3451 eum
2244 3406 2301 3450 ut
2347 3396 2669 3450 irasceretur
2693 3437 2709 3462 ,
2756 3404 2813 3450 et
2851 3396 3081 3451 celerius
3121 3396 3377 3453 redderet
3412 3400 3665 3468 spiritum.
3750 3386 3751 3449 ἶ

2080 3489 2250 3546 Ursus
2274 3497 2454 3544 autem
2487 3490 2637 3559 quasi
2670 3498 2982 3544 mansuetus
3002 3488 3181 3545 subito
3209 3489 3383 3545 factus
3405 3499 3506 3546 est.
3543 3510 3562 3544 ι
3612 3490 3666 3545 Ει

2082 3582 2242 3654 paulo
2284 3590 2405 3652 post
2438 3600 2452 3635 :
2490 3598 2508 3632 ι
2539 3581 2608 3637 Ει
2650 3597 2771 3636 cum
2803 3582 3006 3637 exisset
3033 3580 3248 3654 (leaena)
3277 3582 3412 3638 vidit
3454 3598 3661 3655 corpora

2081 3685 2393 3732 sanctorum
2424 3675 2659 3745 projects
2681 3715 2693 3737 ,
2727 3685 2782 3728 et
2809 3676 2957 3729 venit
2999 3674 3068 3729 ad
3096 3674 3309 3729 beatum
3338 3674 3656 3740 Taraehum,

2079 3770 2333 3839 deposuit
2368 3783 2428 3823 se
2477 3778 2602 3823 ante
2646 3767 2811 3837 pedes
2856 3769 3011 3838 ejus,
3061 3769 3210 3838 quasi
3256 3784 3381 3824 eum
3425 3770 3654 3825 adorans.

2082 3848 2313 3918 Satictus
2340 3869 2520 3916 autem
2549 3859 2826 3915 Tarachus
2858 3860 3106 3915 trahebat
3151 3876 3311 3916 manu
3343 3878 3461 3917 eam
3502 3862 3563 3917 ad
3606 3877 3657 3916 se

2079 3962 2141 4008 ut
2191 3954 2513 4008 irasceretur
2552 3951 2759 4018 bestia,
2808 3960 2864 4007 et
2909 3952 3141 4007 celerius
3193 3963 3645 4009 consutnmaretnr.

2059 4045 2278 4108 ,Leacnn
2337 4055 2516 4100 autem
2561 4046 2700 4101 sicut
2729 4046 2877 4112 ovis,
2920 4055 3025 4101 etc.
3064 4065 3083 4099 ι
3125 4045 3332 4102 Praeter
3380 4044 3654 4103 naturalem
3750 4044 3751 4081 ῖ

2083 4139 2256 4210 legem
2289 4155 2389 4210 qua
2422 4140 2579 4196 nobis
2603 4152 2854 4207 munem,
2886 4151 2975 4194 aut
2997 4154 3277 4195 accersere
3300 4182 3314 4204 ,
3343 4151 3437 4195 aut
3472 4138 3636 4195 accele

2081 4248 2206 4289 rare
2237 4241 2504 4301 vetamur,
2536 4234 2796 4288 accedere
2824 4234 2987 4288 etiam
3025 4231 3309 4288 videbatur
3337 4230 3657 4289 manifestum
3750 4256 3751 4273 ς

2085 4327 2288 4386 divina:
2313 4327 2602 4381 voluntatis
2644 4325 2928 4391 indiciutn,
2957 4341 3079 4396 quae
3106 4327 3525 4382 immanissimas
3551 4326 3659 4381 bes-

2082 4428 2221 4494 tias,
2294 4443 2362 4483 ne
2436 4436 2654 4483 sanctus
2716 4426 3011 4493 laederent,
3067 4425 3543 4482 mansuefacicbat.
3604 4426 3660 4477 At

2085 4520 2256 4576 sancti
2280 4529 2545 4593 martyres
2568 4519 2697 4573 nihil
2732 4520 2921 4573 horum
2944 4518 3241 4589 cogitantes
3261 4561 3277 4587 ,
3309 4529 3365 4574 et
3388 4521 3497 4575 sola
3538 4530 3657 4572 mar-

2274 4667 2627 4727 Γεννιιετιιτος,
2648 4668 2694 4717 εἰ
2721 4672 2803 4717 καί
2837 4689 2907 4724 τις
2936 4671 3096 4730 ἄλλης,
3122 4667 3465 4722 ἀποδέδεικται
3500 4667 3659 4730 μάρτυς

2082 4732 2435 4802 τῆςόἶληοείας.
2470 4732 2668 4789 Euseb.
2697 4735 2759 4787 de
2783 4734 3044 4805 martyrib.
3086 4735 3373 4795 Ραιωδιὶη..
3405 4751 3517 4802 t-ap.
3548 4732 3597 4786 2.

2162 4811 2238 4879 (2)
2283 4815 2383 4871 Τίς
2429 4812 2505 4861 ἰπὶ
2557 4808 2686 4862 τοῦτ’
2729 4811 2872 4862 αὖτὸν
2913 4814 3202 4877 προαγιῦσιτς
3249 4812 3404 4861 ἐνθέου
3451 4811 3661 4879 δυνάμεως

2088 4874 2336 4949 υουωίουχὶ
2362 4889 2551 4950 ﬁnding
2577 4883 2661 4931 διὰ
2684 4887 2768 4935 τοῦ
2789 4874 3054 4948 γενομένω.
3080 4892 3180 4935 etc.
3216 4878 3377 4937 ΙιιίιΙη
3402 4894 3517 4950 Cttlt.
3544 4874 3595 4928 IL

2161 4953 2240 5024 (5)
2279 4949 2558 5019 ,ἀνδροφόνον
2582 4955 2781 5004 ἁποὶὺει
2805 4956 2999 5015 ἄρκτον,
3028 4960 3085 5014 ὥς
3113 4974 3230 5012 τινες
3259 4959 3407 5022 ἕλε-μυ
3430 4949 3659 5033 91146:?

2086 5042 2209 5094 τρεῖς
2253 5027 2421 5092 ἄνδρας
2448 5027 2493 5075 ἰν
2522 5027 2670 5093 iactv-{2
2710 5036 2766 5091 τῇ
2799 5030 2953 5090 ἡμέρᾳ
2990 5028 3318 5094 ἀναιρεῖσθαι·
3347 5025 3427 5075 καὶ
3471 5024 3590 5075 αὐτ-ἦ
3620 5024 3659 5067 δὲ

2084 5096 2377 5148 ἀπολυθεῖσα
2406 5096 2533 5158 ἕγγὸς
2555 5116 2608 5147 τε
2635 5097 2788 5149 αὐτῶν
2820 5103 3035 5160 γενομένη
3055 5136 3069 5160 ,
3098 5113 3188 5150 τῶν
3209 5104 3293 5162 μὲν
3323 5102 3495 5149 λοιπῶν
3519 5094 3658 5156 σωμὰ-

2082 5189 2173 5221 me
2193 5170 2429 5235 διαβᾶσα..
2464 5168 2696 5234 ἓπξόροψε
2725 5179 2790 5235 τῷ
2815 5168 2933 5232 ἁγίῳ
2954 5173 3161 5237 μάρτυρι
3185 5170 3443 5235 Αίδδρονικῳ
3464 5165 3659 5217 κάκεῖθεν

2083 5240 2497 5309 παρηκαοισθιξσα.
2544 5244 2625 5292 τὸν
2670 5241 2822 5306 ἰχῶρα
2849 5253 2939 5290 τῶν
2976 5244 3259 5309 τραυμάτων
3309 5240 3655 5309 ἀπξλῑικσνοοοέ»

2080 5298 2120 5361 ὁ
2154 5298 2213 5361 ’δὲ
2250 5311 2379 5379 ἅγιος
2406 5298 2915 5380 Ᾱνδρόνικοςῗπρςσθεὶς
2943 5298 3027 5371 τήίι
3056 5314 3262 5379 κεφαλὴ
3298 5312 3459 5365 αὐτοῦ,
3485 5308 3657 5380 ἕξιβιᾲο

2079 5384 2184 5445 ζετο
2215 5374 2428 5437 Occidunt
2453 5374 2508 5435 τδ
2531 5386 2688 5449 θηρίον
2713 5374 2835 5441 Sit-oi;
2864 5381 3096 5449 ἁψάμεναν
3120 5384 3287 5441 αὐτοῦ,
3313 5391 3394 5434 τοῦ
3419 5374 3660 5449 :31”?an

2016 5474 2025 5483 ·
2080 5440 2219 5523 λάξῃ·
2242 5462 2270 5512 ἡ
2287 5457 2332 5505 δὲ
2355 5458 2521 5523 ἄρκτος
2545 5440 2879 5522 «aptissimae.
2893 5440 3211 5506 :ruvatvémrtrrt
3225 5464 3287 5520 τῷ
3302 5457 3529 5520 ἀγέρθη...
3558 5440 3584 5498 li
3617 5448 3658 5494 δὲ

2083 5524 2315 5592 (λέαινα).
2349 5530 2408 5583 ὡς
2441 5522 2536 5607 εἶξε
2572 5530 2634 5579 τὰ.
2671 5528 2797 5607 ἅγιαι-
2825 5534 3023 5587 σώματα
3044 5529 3537 5607 ἕέριμμζνι..ἓρζτται
3559 5524 3655 5607 api;

2078 5605 2157 5650 τὸν
2181 5601 2419 5663 pax-ipim:
2448 5599 2692 5665 Τάραχον,
2718 5601 2800 5651 καὶ
2815 5602 3002 5665 κύψασι
3016 5601 3111 5656 τοῖς
3130 5604 3267 5649 ποσὶν
3289 5598 3436 5649 εὖτ-οῦ
3449 5598 3654 5661 προσεκό-

2079 5684 2229 5727 νησεν·
2262 5672 2287 5719 ὁ
2316 5671 2365 5719 δὲ
2393 5672 2520 5726 ὅσιος
2542 5673 2766 5738 Τὰρκχρς
2791 5679 2878 5725 αι’-ἲν
2903 5673 3041 5737 χεῖρα
3066 5674 3270 5730 lite-du;
3295 5670 3374 5721 καὶ
3388 5677 3475 5721 τῶν
3497 5675 3653 5738 τριχεῇἒ

2080 5761 2161 5791 και
2190 5756 2279 5793 τῶν
2306 5745 2433 5816 ὤτων
2470 5733 2628 5816 iuris:
2672 5733 2931 5809 adicimus,
2958 5733 3197 5816 troius
3218 5749 3331 5816 πρρς
3370 5741 3530 5816 ..ῥῆξ’
3564 5733 3653 5812 ἠδέ

2080 5818 2232 5879 ὥσπερ
2257 5814 2500 5881 πρόβατον
2525 5812 2765 5880 ἑλκόμενον
2777 5807 2798 5879 ﬁ,
2826 5822 2931 5868 etc.
2965 5807 3064 5880 Ap.
3098 5807 3264 5867 Ruin.
3296 5810 3350 5866 in
3391 5807 3529 5863 Actis
3561 5807 3654 5858 δέκ’

2079 5897 2206 5936 certa
2232 5883 2383 5953 prim.
2416 5889 2629 5951 martyr.
