3784 6272
342 333 443 395 I51

1490 337 1943 397 DISSER'I‘ATIO
1984 335 2251 397 APOLOG
2258 338 2462 399 ETICA

3520 347 3609 406 152

342 454 454 512 tani
479 456 833 528 prophetissis
859 456 1095 528 loquitur
1125 455 1179 514 in
1209 457 1355 515 hunc
1385 458 1604 516 modum
1630 476 1644 512 :
1684 478 1703 512 ι
1731 458 1929 516 Osten-
1957 455 2012 518 A
2036 457 2279 527 minavit,
2310 474 2377 515 ex
2401 458 2595 532 quibus
2619 459 2753 517 nihil
2782 473 2892 517 non
2915 467 3160 518 sanctum
3197 460 3460 532 proﬂuxit,
3494 464 3608 524 nihil

341 549 524 607 dimus
562 553 742 624 igitur,
778 553 967 623 inquit,
1000 551 1101 609 has
1128 554 1404 625 principes
1429 555 1826 625 propltetissas,
1858 555 1935 610 si-

340 643 455 698 mul
483 659 547 699 ac
580 645 778 715 Spiritu
808 644 1042 716 impleta:
1072 654 1230 712 sunt,
1280 649 1426 703 viros
1468 661 1598 703 suos
1641 646 1931 703 dimisisse.

338 735 681 807 Quantopere
735 752 866 808 ergo
910 739 1329 806 mentiebantur,
1386 740 1477 811 qui
1505 740 1742 796 Priscam
1769 739 1935 810 virgi-

338 830 773 887 nemvoeabant!
811 850 829 884 ι
862 832 1066 889 Deinde
1090 832 1371 905 subjungit
1395 832 1512 891 haec
1535 835 1740 890 verba:
1776 850 1797 885 ι
1817 831 1935 889 Non

336 923 436 979 tibi
481 923 697 980 videtur
738 925 1020 997 Scriptura
1044 926 1296 982 universa
1342 927 1665 999 prohibere,
1716 941 1785 981 ne
1811 941 1937 996 pro-

335 1017 502 1087 pheta
551 1032 809 1085 munera,
862 1027 919 1073 et
971 1018 1226 1089 pecunias
1274 1019 1537 1091 accipiat?
1583 1015 1719 1074 Cum
1774 1018 1937 1090 igitur

332 1110 546 1166 videam
588 1112 986 1183 prophetissam
1016 1128 1206 1169 aurum
1237 1122 1291 1169 et
1314 1122 1620 1185 argentum,
1653 1120 1937 1182 vestesque

333 1203 604 1274 pretiosas
626 1206 925 1275 accepisse,
949 1206 1223 1277 quomodo
1251 1220 1371 1262 eam
1398 1220 1509 1260 non
1538 1203 1872 1274 repudiabat
1907 1221 1930 1257 ι

332 1296 400 1353 Hi
449 1313 641 1368 reapse
677 1308 832 1354 erant
874 1298 1237 1355 montanistici
1284 1298 1516 1369 Spiritus
1543 1297 1746 1353 fructus
1770 1340 1786 1365 ,
1826 1312 1934 1354 non

336 1406 474 1462 quos
498 1391 862 1448 Tertullianus
899 1393 1198 1449 ambitiosis
1226 1392 1534 1464 inﬂatisque
1568 1393 1749 1451 verbis
1778 1407 1934 1448 men-

333 1484 488 1540 titur.

407 1575 479 1631 X.
511 1575 621 1633 Sed
650 1586 733 1633 est
760 1577 826 1633 ad
866 1577 1184 1649 Perpetuam
1220 1577 1503 1649 sociosque
1548 1587 1813 1651 martyres
1844 1592 1934 1634 re-

334 1666 633 1724 deundum.
685 1669 814 1739 Ejus
858 1670 1079 1726 visionis
1120 1685 1224 1741 qua
1263 1670 1366 1725 sibi
1401 1678 1628 1726 mortem
1657 1669 1937 1727 imminere

333 1757 605 1829 Perpetua
642 1770 697 1816 et
726 1760 951 1817 Saturus
980 1762 1379 1829 intellexerunt,
1427 1771 1483 1820 et
1511 1763 1578 1819 de
1604 1779 1707 1836 qua
1735 1764 1937 1821 Basna-

332 1851 456 1923 gius
503 1860 782 1923 tantopere
823 1854 1120 1923 cavillator,
1174 1854 1381 1911 fructus
1426 1858 1631 1912 exstitit
1699 1858 1943 1930 martyrii
1971 1847 2019 1908 B
2116 1884 2159 1942 ι.
2196 1886 2469 1958 Perpetua,
2500 1887 2890 1944 rwemuam-bus

334 1942 661 2008 candidatis,
694 1959 802 2014 quo
826 1946 1192 2016 expeditiores
1212 1946 1280 2002 ad
1312 1947 1479 2003 Deum
1518 1957 1764 2020 pergant,
1805 1949 1943 2006 adeo

336 2036 729 2102 necessarium,
763 2052 945 2093 rerum
977 2040 1218 2095 omnium
1244 2040 1597 2097 lmmanarum
1628 2042 1896 2100 fastidium
1923 2063 1938 2100 :

298 2180 303 2185 .
344 2144 366 2180 ι
401 2126 788 2195 Intelleximus,
833 2129 1024 2202 inquit,
1068 2133 1372 2203 passionem
1416 2147 1539 2190 esse
1583 2133 1837 2203 futuram,
1890 2145 1945 2191 et

336 2223 603 2295 coepimus
627 2224 826 2279 nullam
862 2225 971 2296 jam
1014 2239 1168 2297 spem
1201 2226 1255 2282 in
1281 2225 1481 2283 saeculo
1516 2225 1739 2284 habere.
1791 2247 1813 2281 ι
1860 2228 1942 2284 Ex

335 2316 509 2373 altera
535 2317 741 2374 visione
767 2333 870 2389 qua
903 2318 1244 2375 Dinocratem
1267 2320 1321 2376 in
1347 2320 1523 2389 pomis
1547 2320 1699 2386 vidit,
1732 2321 1786 2377 id
1814 2320 1943 2377 boni

280 2406 281 2409 “
335 2408 615 2482 proﬂuxit,
652 2411 797 2483 quod
825 2412 962 2467 mira
991 2411 1045 2466 in
1083 2413 1251 2468 Deum
1293 2410 1487 2468 fiducia
1527 2412 1773 2484 praedita,
1817 2423 1945 2469 tam-

341 2501 434 2558 diu
497 2503 763 2574 Perpetua
825 2504 1024 2559 caelum
1071 2503 1212 2559 votis
1266 2513 1322 2559 et
1371 2502 1625 2576 lacrymis
1680 2503 1941 2576 fatigavit,

340 2595 600 2666 quamdiu
644 2595 865 2653 fratrem
917 2597 1094 2667 pinnis
1145 2597 1429 2664 eximere,
1485 2607 1541 2653 et
1593 2598 1646 2653 in
1701 2600 1943 2670 requiem

338 2686 635 2743 transferre
656 2690 953 2759 promeruit
983 2707 996 2745 :
1034 2709 1057 2745 ι
1090 2689 1442 2747 Confidebam
1472 2691 1800 2763 profuturam
1823 2708 1945 2749 ora-

337 2778 545 2835 tionem
574 2795 748 2836 meam
780 2781 951 2836 labori
977 2780 1115 2851 ejus,
1144 2793 1200 2838 et
1228 2784 1446 2840 orabam
1487 2798 1584 2856 pro
1603 2798 1671 2840 eo
1694 2783 1945 2843 omnibus

340 2870 567 2940 diebus,
612 2887 893 2943 quousque
934 2873 1283 2930 transivimus
1322 2876 1681 2931 incarcerem
1705 2885 1945 2930 castren-

335 2978 672 3020 sem.........
717 2977 767 3020 et
807 2964 908 3021 feci
944 2981 1041 3036 pro
1080 2966 1176 3022 illo
1213 2969 1512 3024 orationem
1539 2966 1630 3021 die
1661 2977 1718 3022 et
1759 2977 1939 3035 nocte,

335 3071 561 3128 gemens
582 3065 638 3113 et
662 3058 967 3131 lacrymans
992 3067 1049 3113 ut
1074 3059 1205 3115 IIIIIII
1229 3058 1543 3114 donaretur.
1588 3078 1607 3111 ›
1647 3058 1809 3114 Suam
1839 3058 1942 3114 Sa-

337 3161 493 3207 turus
517 3168 733 3225 quoque
762 3153 1022 3211 visionem
1051 3154 1204 3221 vidit,
1234 3163 1289 3209 et
1313 3152 1527 3223 propria
1556 3168 1717 3208 manu
1747 3153 1943 3211 litteris

340 3249 697 3319 consignavit,
728 3264 849 3319 quae
900 3250 1102 3317 pariter
1139 3248 1256 3303 sine
1282 3245 1457 3302 fructu
1492 3260 1596 3302 non
1624 3247 1850 3314 exstitit,
1889 3242 2017 3306 etC

339 3339 509 3395 divini
556 3340 786 3410 Spiritus
829 3339 1170 3394 testimoniis.
1219 3339 1321 3394 Per
1349 3354 1469 3394 eam
1508 3339 1758 3409 Optatum
1804 3341 1944 3398 inter

340 3440 401 3488 et
425 3433 710 3501 ASpasium
757 3432 923 3501 gratia
954 3430 1315 3501 componitur.
1355 3431 1602 3489 Monetur
1633 3433 1859 3503 Optatos
1887 3443 1945 3490 ut

340 3524 554 3596 plebem
596 3524 851 3594 corrigat,
888 3522 1112 3595 ejusque
1150 3538 1330 3582 mores
1373 3536 1680 3596 componat.
1718 3525 1945 3587 Saturus

342 3618 756 3688 expergiscitur,
783 3627 838 3673 et
857 3615 924 3672 de
952 3616 1123 3672 futura
1148 3619 1397 3689 passione
1422 3618 1638 3691 gaudet.
1662 3619 1780 3689 Quo
1810 3630 1946 3677 tem-

341 3727 476 3783 pore
518 3726 550 3766 a
596 3709 927 3767 ferocissima
973 3725 1132 3766 vacca
1161 3711 1427 3783 Perpetua
1457 3712 1509 3766 in
1549 3714 1946 3783 amphitheatro

341 3816 532 3861 vexata
560 3814 664 3871 est,
692 3807 746 3860 in
777 3807 975 3861 exstasi
1007 3806 1102 3860 fuit
1129 3824 1143 3860 :
1171 3807 1550 3878 expergefacta
1584 3807 1807 3879 pudoris
1846 3823 1943 3880 po-

342 3900 450 3954 tius
484 3899 728 3955 meminit
760 3916 919 3971 quam
951 3899 1175 3966 doloris,
1204 3910 1262 3956 et
1288 3915 1385 3970 pro
1414 3902 1558 3958 socia
1585 3902 1756 3974 magis
1783 3919 1942 3975 quam

340 4006 450 4062 pro
469 4007 527 4047 se
558 3992 671 4063 ipsa
701 3994 949 4060 sollicita,
986 4013 1006 4047 ι
1039 3994 1226 4051 elisam
1257 3993 1590 4052 Felicitatem
1627 4011 1754 4053 cum
1777 3995 1944 4054 vidis-

341 4097 445 4154 sct,
463 4089 688 4144 accessit
713 4098 765 4143 et
784 4103 1001 4145 manum
1017 4090 1066 4145 ei
1098 4088 1334 4157 tradidit,
1353 4088 1719 4146 etsublevavit
1738 4090 1903 4146 illam.
1919 4111 1939 4145 ι

341 4179 439 4236 llis
468 4180 699 4251 denique
741 4181 921 4239 verbis
950 4182 1147 4252 quibus
1190 4182 1335 4238 nulla
1381 4182 1553 4255 magis
1595 4184 1943 4240 fortissimam

343 4289 632 4350 martyrem
678 4277 1178 4350 sanctissimamque
1223 4277 1508 4346 decebant,
1549 4277 1770 4335 fratrem
1811 4279 1948 4336 allo-

344 4381 467 4426 cuta
503 4380 587 4425 est
615 4387 628 4423 :
663 4388 681 4421 ι
720 4377 772 4425 ιη
805 4369 910 4425 tide
941 4380 1101 4435 state.
1147 4379 1203 4426 et
1229 4371 1457 4427 invicem
1491 4385 1680 4429 omnes
1702 4371 1941 4444 diligite;

344 4474 400 4522 et
427 4466 765 4537 passionibus
790 4467 991 4521 nostris
1017 4482 1084 4521 ne
1104 4466 1560 4527 mttdalizemini.
1595 4487 1613 4521 ι
1633 4467 1711 4536 Si,
1744 4471 1817 4524 uti
1843 4486 1948 4526 sa:-

345 4560 465 4631 pius
500 4559 701 4614 dictum
728 4569 832 4624 est,
864 4569 921 4615 ut
949 4575 1020 4615 ex
1043 4559 1306 4615 fructibus
1335 4570 1579 4615 naturam
1608 4561 1840 4631 arboris,
1874 4564 1944 4618 ita

2040 550 2273 622 denique
2301 538 2443 622 quod
2470 567 2591 608 cum
2619 552 2879 610 Ecclesia:
2899 553 3130 611 utilitate
3149 555 3483 625 conjunctum
3510 573 3607 614 om-

2038 642 2170 699 nino
2194 659 2298 701 non
2326 645 2805 718 esset.tNumquid
2820 645 3081 716 colligunt
3097 646 3168 704 de
3187 647 3357 718 spinis
3379 664 3517 714 uvas.
3535 662 3609 706 aut

2038 737 2108 795 de
2130 740 2341 795 tribulis
2377 740 2549 797 licus?
2578 740 2670 797 Sic
2695 742 2871 798 omnis
2894 741 3059 799 arbor
3079 741 3219 798 bona
3248 742 3418 800 bonos
3434 743 3608 802 fructus

2040 828 2200 898 facit;
2241 832 2378 887 mala
2420 842 2599 889 autem
2636 832 2800 890 arbor
2842 833 3012 891 malos
3056 833 3264 892 fructus
3320 834 3458 890 facit.
3509 837 3605 895 Non

2040 932 2216 994 potest
2241 923 2404 980 arbor
2434 925 2572 981 bona
2602 926 2772 983 malos
2792 924 2998 984 fruetus
3027 924 3209 984 facere
3241 945 3257 984 :
3288 943 3462 997 neque
3479 928 3612 986 arbor

2038 1014 2179 1071 mala
2202 1016 2373 1073 bonos
2397 1016 2604 1076 fructus
2646 1017 2825 1075 facere
2851 1039 2870 1073 ο
2900 1019 2921 1091 (
2953 1018 3169 1088 Muttin,
3195 1037 3315 1092 cap.
3358 1036 3453 1088 vn,
3479 1037 3523 1077 υ.
3540 1023 3608 1088 l6,

2042 1117 2091 1163 et
2113 1107 2279 1180 seqq.)

2645 1200 2873 1302 CAPUT
2917 1244 3030 1300 VII.

2038 1398 2357 1440 PBRPE'I'UAI
2406 1398 2693 1450 800105003
2745 1401 3026 1443 IAR'I'YRES
3077 1401 3411 1445 PROPBETlCO
3461 1402 3620 1445 FUISSE

2109 1493 2316 1535 SPIIII'I'U
2360 1494 2665 1546 All-‘LA'I‘OS,
2717 1495 2789 1535 EX
2831 1496 3219 1538 VATICINIOBUI
3272 1496 3510 1548 EVEN'I'IS,
3560 1497 3617 1537 ET

2111 1586 2392 1628 κιιΑουιιε
2439 1586 2886 1630 υειοιςετιιηυιι.
2932 1586 3113 1629 Εοιιῠι
3173 1587 3479 1630 υοοτιιωι
3503 1615 3518 1639 ,
3565 1589 3619 1628 ιτ

2109 1676 2587 1720 οοκνεΒεΑτιοκει
2621 1678 2802 1720 FUISSE
2841 1681 2874 1719 Δ
2902 1679 3353 1745 IONTANIBTABP'I
3390 1678 3624 1722 DOGIATIS

2112 1770 2179 1813 ET
2221 1768 2524 1812 INSTITUTIS
2569 1770 2817 1820 PERQUAI
2867 1771 3111 1812 Λιιειυε.

2924 1898 3129 1945 euentus
3156 1890 3211 1945 in
3241 1890 3479 1947 omnibus
3506 1900 3550 1945 et
3574 1890 3628 1943 ad

2044 1981 2287 2035 amussim
2315 1982 2710 2051 responderunt.
3179 2001 3186 2007 ·

2115 2071 2180 2127 Il.
2211 2071 2291 2127 De
2319 2075 2583 2131 miraculis
2616 2090 2732 2147 quae
2760 2075 2815 2131 in
2853 2084 3147 2131 nostrorum
3182 2086 3471 2149 martyrum
3512 2076 3632 2131 Actis

2044 2171 2354 2239 referuntur.
3010 2224 3013 2227 .

2116 2259 2203 2315 III.
2243 2260 2365 2317 Non
2401 2263 2553 2318 modo
2588 2271 2892 2335 martyrum,
2925 2264 3014 2319 sed
3038 2264 3260 2320 aliorum
3292 2281 3493 2338 quoque
3521 2266 3634 2336 ﬁde-

2046 2352 2175 2408 lium
2224 2354 2424 2411 animas
2466 2353 2780 2428 Perpetuam
2822 2364 2869 2412 et
2908 2355 3159 2414 Saturum
3193 2360 3250 2415 in
3283 2357 3545 2417 Paradiso
3570 2359 3638 2413 oi-

2046 2444 2199 2501 disse.

2119 2536 2209 2592 IV.
2227 2537 2357 2593 Cum
2383 2539 2647 2595 catholicis
2674 2541 2984 2613 martyribus
3011 2543 3435 2600 communicasse.

2119 2629 2187 2687 V.
2217 2631 2515 2690 Dinocratis
2538 2635 2766 2689 animam
2791 2636 2845 2689 in
2864 2646 3107 2691 internum
3138 2638 3356 2709 gloriam
3384 2637 3646 2707 Perpetua:

2057 2725 2287 2795 precibus
2310 2726 2465 2799 fuisse
2488 2727 2809 2783 translatam.

2120 2819 2211 2875 VI.
2255 2820 2504 2889 Optatum
2545 2823 2839 2892 episcopum
2864 2822 2918 2878 in
2948 2823 3089 2879 Actis
3121 2836 3460 2881 memoratum
3480 2824 3650 2881 catho—

2047 2912 2159 2966 licis
2201 2913 2486 2983 praefuisse.
2530 2913 2752 2969 Nullum
2788 2916 2846 2969 id
2882 2918 3125 2988 temporis
3158 2920 3317 2990 fuisse
3345 2919 3656 2992 Carthagine

2049 2999 2487 3057 Montanistarum
2510 3005 2825 3075 episcopum.

2119 3093 2231 3149 VII.
2266 3094 2575 3152 Nostrorum
2605 3111 2890 3171 martyrum
2920 3102 2974 3155 in
3009 3117 3211 3157 carcere
3234 3104 3398 3158 uictus
3435 3120 3665 3162 commu-

2047 3186 2127 3240 nis
2174 3195 2221 3241 et
2269 3189 2484 3243 usitatus
2525 3190 2571 3244 et
2600 3206 2632 3245 a
2660 3189 3094 3247 Montanistarun:
3131 3193 3197 3249 de
3233 3194 3440 3265 jejunio
3470 3197 3663 3269 legibus

2047 3280 2271 3333 maxime
2306 3279 2605 3338 abhorrens.

2120 3374 2258 3431 VIII.
2290 3375 2371 3433 De
2399 3377 2665 3435 catholicis
2688 3376 2935 3434 Ecclesia
2952 3380 3007 3435 in
3030 3381 3137 3436 suis
3165 3381 3365 3436 alendis
3394 3381 3654 3452 fovendis-

2047 3485 2145 3537 que
2162 3470 2535 3542 confessoribus
2561 3471 2925 3528 sollicitudine.

2121 3560 2212 3616 IX.
2252 3561 2541 3618 Catholicos
2582 3572 2832 3635 martyres
2870 3574 3107 3636 paratum
3149 3565 3243 3621 sibi
3284 3566 3524 3634 ﬁdelium
3553 3571 3654 3641 pic-

2049 3664 2149 3710 tate
2174 3654 2360 3719 cibum,
2389 3655 2493 3709 imo
2522 3665 2567 3710 et
2590 3657 2821 3722 delicias,
2850 3657 3143 3727 neutiquam
3165 3659 3443 3729 respuisse.

2119 3749 2189 3805 Χ.
2219 3748 2596 3821 Disputationis
2614 3753 3063 3822 timepalctltwtc.‘

2119 3890 2330 3955 1.,Post
2374 3906 2552 3949 mores
2605 3892 2990 3965 prophetarum
3037 3906 3334 3964 eorumque
3385 3893 3644 3950 visionum

2048 3984 2276 4053 fructus,
2306 4001 2371 4042 ex
2399 3987 2592 4055 quibus
2617 3988 2909 4042 maximum
2935 4001 3151 4057 semper
3176 3986 3228 4042 in
3260 3986 3405 4043 hisce
3431 3995 3641 4043 contro-

2049 4080 2242 4135 versiis
2283 4078 2650 4150 prmjudicium
2691 4079 2930 4144 exstitit;
2973 4094 3038 4135 ex
3079 4080 3423 4136 oraculorum
3457 4088 3649 4135 eventu

2050 4173 2222 4244 prima
2251 4170 2548 4244 prophetici
2575 4171 2807 4243 Spiritus
2829 4172 3067 4227 nascitur
3091 4170 3425 4242 conjectura.
3454 4170 3588 4227 Nam
3610 4173 3650 4224 si

2049 4269 2246 4326 aﬂ‘ectu
2267 4269 2482 4325 oracula
2508 4278 2747 4335 careant,
2778 4268 2918 4323 illico
2940 4267 3178 4322 animum
3207 4267 3473 4324 dubitatio
3493 4266 3650 4331 subit,

2051 4378 2178 4419 num
2203 4360 2483 4435 propheta:
2506 4372 2737 4419 mentem
2765 4360 2993 4432 Spiritus
3020 4360 3249 4417 Sanctus
3276 4359 3567 4429 afﬂaverit,
3591 4376 3651 4415 au

2051 4457 2228 4529 potius
2253 4466 2342 4512 aut
2368 4455 2587 4527 maligni
2614 4453 2845 4525 Spiritus
2872 4453 3134 4519 sednctio,
3164 4463 3257 4510 aut
3284 4454 3527 4512 humani-
3540 4471 3653 4510 scn-

2050 4563 2143 4605 sus
2172 4548 2417 4620 deceptio
2440 4547 2616 4602 fuerit.
2637 4545 2845 4616 Saepius
2866 4554 3195 4602 memoratus
3216 4547 3467 4604 Asterius
3494 4547 3653 4604 Maxi-

346 4668 413 4706 ex
434 4652 699 4705 visionum
720 4659 773 4705 et
794 4652 1182 4707 revelationum
1198 4652 1369 4709 fructu
1387 4668 1493 4723 quo
1510 4654 1768 4725 propheta
1785 4655 1934 4714 fuerit

2110 4641 2216 4696 illa:
2242 4640 2489 4709 spiritum
2521 4635 2625 4694 hoc
2670 4638 3010 4709 potissimum
3047 4650 3365 4709 argumento
3404 4641 3652 4703 falsitatis

346 4743 548 4815 Spiritu
582 4741 817 4807 afﬂatus,
857 4756 1150 4813 agnoscere
1198 4757 1262 4798 ac
1303 4742 1597 4812 dijudicare
1638 4745 1939 4828 debemus:

346 4840 469 4911 quis
496 4838 727 4908 amplius
756 4836 1042 4902 dubitabit,
1083 4835 1284 4907 Spiritu
1315 4836 1512 4894 Sancto
1541 4840 1751 4913 plenam
1784 4840 1945 4899 fuisse

347 4934 929 5002 I’erpetuam;eumque
945 4930 1184 4985 divinum
1204 4929 1460 5001 Spiritum
1473 4946 1717 4988 caussam
1737 4934 1809 4988 illi
1823 4934 1947 4989 ube«

345 5037 567 5092 remque
589 5021 785 5078 fontem
802 5020 1072 5076 exstitisse
1083 5021 1375 5076 caelestium
1393 5022 1815 5079 revelationum?
1842 5022 1947 5077 Ma-

343 5116 523 5186 liguns
543 5115 684 5169 enim
711 5115 933 5186 Spiritus
956 5129 1062 5168 non
1092 5113 1188 5169 has
1217 5114 1289 5169 illi
1330 5115 1565 5171 visiones
1610 5114 1943 5180 immisisset,

346 5223 414 5264 ex
434 5206 628 5279 quibus
655 5206 721 5261 ad
749 5207 989 5279 martyrii
1013 5206 1371 5276 tolerantiam,
1400 5208 1465 5263 ad
1487 5208 1668 5262 saeculi
1699 5214 1944 5261 contem-

347 5312 518 5369 ptum,
548 5310 603 5354 et
622 5299 687 5353 ad
703 5299 941 5354 omnittm
964 5299 1373 5357 Christianarum
1407 5301 1659 5354 virtutum
1690 5307 1841 5353 actus
1863 5298 1948 5353 in-

344 5389 611 5446 ﬂammata
626 5391 915 5462 plurimum
932 5404 1035 5460 est;
1058 5409 1123 5449 ex
1145 5394 1338 5464 quibus
1357 5388 1944 5460 tidei,spci,cltaritatis,

345 5487 640 5556 religionis,
673 5487 966 5555 modestiae,
995 5488 1263 5560 patientia:
1288 5499 1441 5557 seges
1464 5484 1792 5554 amplissima
1820 5499 1943 5556 ger-

341 5656 723 5719 ἀποκαλοῦντας
769 5656 858 5709 εἶτ’
882 5662 1090 5724 interlsz
1128 5654 1270 5718 λέγων
1290 5667 1303 5680 '
1335 5654 1474 5705 Δοκεῖ
1506 5674 1583 5703 σοι
1623 5657 1758 5703 πᾶσα
1785 5664 1940 5724 γραφὴ

342 5732 537 5778 κωλύειν
565 5741 809 5797 «pop-57m
845 5722 1101 5791 λαμεοιΰεῖν
1130 5727 1256 5793 δῶρα,
1299 5726 1381 5774 καὶ
1412 5737 1675 5791 χρτξμοιταις
1708 5728 1821 5778 ὅταν
1862 5722 1939 5777 οὖν

341 5800 423 5848 ἴδω
437 5809 523 5855 τήν
551 5813 779 5867 προφῆτιν
804 5800 1047 5867 εὶληφιρῖαιν
1059 5797 1141 5846 καὶ
1165 5802 1329 5863 χρυσὸν
1352 5798 1435 5846 καὶ
1456 5799 1660 5867 ἄργυρος(
1678 5800 1760 5849 καὶ
1784 5797 1938 5850 πολυ-

333 5873 479 5929 τιλιῒς
507 5864 709 5925 ιιι-πάις
734 5906 748 5932 ,
789 5882 886 5926 πῶς
909 5865 1065 5917 αὐτὴν
1092 5875 1161 5919 uit
1190 5880 1589 5935 recurremus;
1620 5864 1721 5924 Ubi
1749 5881 1934 5938 supra.

2049 4731 2339 4795 convincit,
2384 4729 2525 4800 quod
2574 4746 2680 4784 non
2724 4729 3062 4802 responderit
3104 4732 3366 4789 vaticiniis
3403 4733 3648 4790 effectus.

2050 4826 2265 4882 Etenim
2295 4841 2414 4880 cum
2446 4825 2531 4882 illa
2559 4835 2681 4898 post
2710 4841 2862 4882 suum
2894 4827 3096 4883 obitum
3135 4827 3274 4884 bella
3302 4839 3352 4885 et
3394 4830 3650 4886 tumultus

2052 4918 2335 4974 imminere
2361 4917 2715 4988 praedixisset,
2757 4920 3061 4977 diuturnam
3091 4936 3276 4993 pacem
3315 4938 3439 4979 cum
3479 4926 3649 4995 impe-

2047 5012 2186 5067 rium
2230 5010 2460 5067 obtinuit
2491 5020 2602 5067 tum
2653 5011 2943 5069 christiana
2980 5014 3299 5085 respublica.
3351 5016 3407 5072 Itt
3459 5016 3647 5074 eodem

2048 5118 2261 5175 quoque
2308 5103 2465 5172 libro,
2513 5106 2682 5174 inquit
2735 5107 2997 5164 Eusebius
3041 5108 3110 5164 de
3146 5108 3347 5166 Asterii
3386 5110 3650 5167 adversus

2049 5197 2400 5257 Montanistas
2430 5200 2889 5261 lucubrationibus
2934 5204 3159 5277 loquens
3188 5206 3268 5280 (l)
3307 5225 3325 5259 ι
3364 5217 3646 5280 postquam

2122 5357 2201 5432 (I)
2237 5353 2302 5416 ἐν
2330 5365 2487 5431 ταύτῷ
2526 5363 2574 5414 δὲ
2595 5366 2763 5420 πάλιν.
2800 5367 2940 5433 ἕτερα.
2980 5370 3159 5430 μεταξὺ
3189 5371 3299 5432 πρὸς
3336 5369 3525 5433 ἔλεγχον
3560 5379 3648 5420 τῶν

2046 5439 2471 5506 τίςνΜιειμίλλης
2496 5436 2927 5503 ψευδπροφητειῶν
2952 5438 3116 5496 εἰπὼν,
3145 5436 3261 5503 ὁμοῦ
3283 5438 3366 5491 τόν
3390 5458 3439 5490 τε
3458 5444 3644 5506 χρόνον,

2113 5505 2153 5558 θ’
2192 5511 2210 5526 ί
2324 5511 2349 5524 ’”
2380 5506 2393 5526 ’
2420 5512 2443 5557 t'
2771 5514 2789 5557 t
2985 5509 2994 5523 ‘
3274 5510 3309 5527 "
3342 5524 3345 5533 ι
3494 5505 3499 5506 “
3537 5511 3554 5532 '

2049 5527 2109 5559 ita
2185 5528 2234 5559 ον
2256 5527 2397 5579 ratur
2440 5528 2588 5579 ςιριῳι
2633 5528 2768 5572 σημοι
2790 5528 2873 5579 ut,
2913 5528 2995 5560 arcu
3039 5518 3135 5561 τῶν
3166 5528 3460 5579 «poppysma
3496 5523 3646 5570 stuch

2044 5584 2308 5644 μέμνηνται,
2337 5577 2401 5629 δι’
2426 5578 2677 5632 diritatis-is
2693 5578 2994 5647 ψευδολογίαν
3012 5582 3188 5633 ιῦθὺνει
3213 5577 3300 5632 ὧδέ
3329 5588 3484 5644 λέγων’
3509 5598 3530 5631 s
3546 5583 3645 5630 Kal

2048 5665 2141 5711 πῶς
2170 5652 2221 5703 οὗ
2245 5657 2507 5720 καταφανὲς
2538 5653 2628 5711 ἤδη
2651 5656 2805 5719 γέννα
2832 5653 2914 5704 καὶ
2939 5656 3075 5705 τοῦτο
3104 5660 3160 5706 τὸ
3181 5653 3361 5723 Ῡεδδῦς,
3395 5657 3539 5704 πλείω
3553 5657 3647 5720 γὰρ

2050 5730 2077 5782 ἢ
2102 5724 2410 5790 τρισκαίδεκα
2437 5728 2518 5782 In;
2561 5725 2628 5783 εὶς
2668 5726 2845 5780 τιῦτην
2885 5729 2975 5774 τίν
3026 5728 3225 5792 ἡμέραν,
3268 5728 3318 5787 ἔξ
3344 5725 3396 5775 si}
3423 5728 3643 5778 τετελεύ-

2038 5815 2181 5853 τηκεν
2204 5801 2385 5857 inuri,
2416 5795 2495 5846 καὶ
2524 5799 2631 5847 οὒτε
2658 5801 2867 5862 μινυρὸς,
2903 5796 3005 5846 οὔτε
3045 5800 3290 5852 imbelliet):
3313 5796 3466 5864 κόσμῳ
3485 5802 3643 5859 vir/ous

2039 5867 2267 5931 πόλιμομ
2297 5866 2427 5917 ἀλλὰ
2468 5873 2549 5916 καὶ
2588 5869 2893 5931 Χριστιανθῖς
2930 5870 3110 5929 μᾶλλον
3141 5868 3303 5936 εἰρήνη
3342 5869 3563 5933 dii/aeuo;
3594 5869 3645 5925 ἕξ
