3784 6272
170 354 266 414 ιόὅ

1023 351 1152 409 PRO
1184 350 1271 409 SS.
1312 350 1704 421 PERPETUA,
1744 349 2157 410 FELICITATE
2194 352 2285 412 ET
2320 354 2555 415 SOCIIS.

3305 363 3412 423 154

168 473 406 530 nonnulla
432 471 495 530 ad
512 469 673 529 falsam
706 470 861 528 illam
892 471 1190 529 Maximilla:
1218 473 1552 544 prophetiam
1578 487 1705 527 con-
1731 470 1786 533 Α
1810 486 1928 528 rum
1978 482 2163 544 postea
2204 484 2479 547 gestarum
2527 476 2737 535 eventis
2764 478 3112 539 conﬁrmatas
3136 480 3307 539 fuisse
3328 483 3409 537 vi.

175 569 467 626 vinceudam
496 569 799 635 interseruit,
829 576 947 623 tum
976 577 1179 639 tempus
1230 569 1403 638 ipsum
1438 581 1547 637 quo
1590 563 1708 620 haec

178 666 361 733 scripta
397 672 499 718 sunt
517 661 767 732 designat,
816 672 929 717 tum
998 661 1231 718 mulieris
1269 661 1414 717 illius
1457 658 1705 716 vaticinia

182 764 532 820 commemorat,
550 753 737 823 quibus
758 753 900 810 bella
927 762 981 810 et
1000 753 1251 811 tumultus
1275 754 1556 809 imminere
1574 766 1705 823 prte-

184 852 382 908 dixerat.
400 851 604 917 Quorum
623 849 845 920 quidem
871 851 1244 906 vaticiniorum
1268 848 1551 905 falsitatem
1577 861 1705 903 con-

184 948 326 1003 vincit
345 948 410 1002 liis
427 945 585 1000 verbis
609 962 625 999 :
647 962 668 997 ι
700 945 909 1013 Nonne,
944 944 1132 1016 inquit,
1153 944 1314 1000 etiam
1346 943 1450 1000 hoc
1476 940 1702 998 menda-

183 1043 302 1097 cium
318 1039 522 1095 omnibus
545 1036 888 1093 manifestum
917 1037 1198 1109 apparuit?
1225 1036 1436 1092 Etenim
1457 1034 1527 1089 ab
1554 1035 1702 1090 obitu

179 1132 416 1190 Maximilla:
456 1146 622 1201 usque
671 1131 727 1185 in
770 1129 913 1185 hunc
940 1128 1083 1186 diem
1125 1128 1405 1200 plusquam
1447 1126 1699 1182 tredecim

170 1228 271 1282 anni
290 1224 384 1295 jam
419 1223 580 1295 elapsi
609 1232 740 1280 sunt
772 1241 785 1279 :
818 1238 918 1278 nec
950 1232 1126 1277 tamen
1156 1221 1320 1276 ullum
1355 1230 1445 1275 aut
1470 1219 1701 1290 particu-

155 1318 249 1373 lare
272 1317 471 1381 bellum,
496 1326 586 1372 aut
620 1315 928 1371 universale
954 1315 1008 1369 in
1036 1314 1196 1370 terris
1228 1313 1345 1369 fuit.
1376 1311 1488 1367 lmo
1512 1311 1700 1367 Chris-

151 1412 287 1467 tianis
319 1411 567 1482 praecipua
603 1409 835 1481 quadam
882 1407 1247 1464 misericordia
1278 1421 1386 1478 pax
1415 1404 1622 1461 stabilis
1647 1413 1701 1460 et

150 1503 585 1574 limpermansit.
620 1521 641 1556 ι
680 1503 856 1573 Atque
877 1500 998 1557 hac
1020 1501 1074 1555 in
1099 1498 1338 1555 secundo
1363 1498 1610 1569 leguntur
1633 1496 1699 1551 li-

148 1597 248 1654 bro.
264 1597 440 1655 Contra
453 1611 580 1652 vero
601 1595 844 1652 Ecclesia
860 1595 1210 1668 Smyrnensis
1225 1593 1418 1666 Polyea
1428 1607 1580 1663 rpum
1598 1591 1645 1664 (i
1658 1589 1700 1663 ),

153 1708 173 1743 ι
200 1689 440 1746 decurram
460 1690 814 1762 apostolicum
835 1698 895 1745 et
919 1687 1289 1759 propheticum
1311 1686 1547 1751 fuisse,‘i
1575 1682 1701 1740 inde

152 1781 455 1850 demonstrat,
497 1782 639 1855 quod
677 1801 698 1836 ι
723 1797 887 1837 omne
931 1781 1174 1845 verbum,
1200 1779 1343 1851 quod
1365 1793 1435 1835 ex
1479 1793 1575 1835 ore
1601 1791 1699 1832 suo

1806 565 1931 622 deat
1981 585 1995 621 :
2037 583 2158 638 qua:
2208 583 2368 625 causa
2411 579 2496 627 est
2540 586 2639 627 cur
2687 588 2871 629 earum
2919 585 3191 632 auctorem
3244 574 3409 631 fuisse

1805 658 2064 730 Spiritum
2115 672 2360 719 sanctum
2410 665 2461 720 in
2507 665 2731 722 dubium
2778 670 3043 725 revocet?
3094 670 3204 725 Nec
3225 670 3401 725 solum

1804 750 2148 823 Perpetuam,
2176 754 2272 810 sed
2293 764 2519 813 caeteros
2537 772 2751 830 quoque
2772 759 3016 831 ejusdem
3042 764 3228 833 agonis
3254 775 3406 818 com-

1804 844 2078 901 militones
2110 848 2425 917 prophetico
2466 849 2670 906 lumine
2710 850 2874 908 fuisse
2910 854 3276 923 collustratos,
3313 869 3407 910 eo-

1804 936 1926 992 dem
1948 948 2269 1008 argumento
2289 939 2442 997 facile
2461 940 2885 1001 demonstratur.
2904 946 3057 1015 Quod
3082 948 3225 1003 enim
3249 964 3411 1003 unus-

1803 1030 2029 1099 quisque
2053 1031 2362 1088 certaminis
2398 1048 2572 1105 genus
2599 1043 2897 1106 optaverat,
2926 1047 2982 1095 et
3017 1029 3257 1095 futurum
3285 1054 3407 1096 esse

1803 1120 1944 1178 forte
1976 1135 2356 1194 praesenserat,
2382 1138 2709 1186 consecutus
2739 1139 2841 1195 est.
2870 1130 2984 1200 Qua
3009 1133 3079 1190 de
3104 1148 3167 1190 re
3188 1133 3411 1191 audien-

1802 1212 1904 1269 dus
1928 1215 2182 1272 Actorum
2212 1218 2483 1287 scriptor:
2524 1238 2543 1272 ι
2577 1219 2685 1277 Sed
2722 1222 2811 1293 qui
2836 1223 3092 1281 dixerat:
3126 1226 3314 1293 Petite,
3348 1236 3398 1282 et

1802 1307 2109 1376 accipietis;
2136 1309 2441 1379 petentibus
2469 1311 2618 1367 dedit
2658 1328 2781 1369 eum
2819 1316 3021 1372 exitum
3063 1332 3226 1389 quem
3259 1319 3406 1390 quis-

1802 1416 1908 1472 que
1947 1402 2371 1461 desideraverant.
2409 1405 2543 1463 Nam
2582 1408 2630 1463 si
2670 1410 2883 1480 quando
2911 1412 3051 1468 inter
3085 1428 3145 1469 se
3168 1412 3239 1470 de
3265 1430 3409 1470 mar-

1805 1493 1925 1563 tyrii
1967 1494 2049 1549 sui
2092 1504 2217 1551 voto
2247 1498 2780 1568 sermocinabantur;
2824 1502 3145 1560 Saturninus
3185 1505 3403 1577 quidem

1802 1586 2054 1642 omnibus
2092 1587 2278 1645 bestiis
2302 1591 2439 1647 velle
2467 1606 2528 1647 se
2554 1593 2714 1664 objici
2753 1595 3142 1666 proﬁtebatur:
3175 1609 3233 1654 ut
3256 1600 3404 1655 scili-

1800 1688 1888 1734 cet
1909 1679 2280 1750 gloriosiorem
2306 1694 2543 1754 gestaret
2566 1699 2842 1742 coronam.
2866 1687 3050 1759 Itaque
3080 1690 3136 1745 in
3156 1694 3408 1748 commis-

1800 1775 1952 1831 sione
1990 1778 2315 1846 spectaculi,
2365 1779 2481 1849 ipse
2519 1787 2576 1835 et
2612 1780 2913 1839 Revocatus
2962 1785 3274 1856 leopardu‘m
3319 1802 3409 1842 ex—

155 1876 328 1943 enisit,
367 1888 445 1933 aut
489 1877 766 1947 impletum
820 1883 989 1941 esset,
1050 1882 1143 1928 aut
1181 1880 1558 1943 expectaretur
1596 1876 1696 1926 im-
1728 1874 1777 1935 B
1806 1869 1962 1939 perti,
1990 1872 2152 1925 etiam
2180 1886 2343 1941 super
2367 1873 2629 1943 pulpitum
2673 1874 2743 1930 ab
2766 1891 2894 1932 urso
2915 1878 3090 1933 vexati
3122 1887 3268 1934 sunt.
3308 1879 3408 1935 Sa-

156 1970 383 2039 plendam.
397 1987 414 2021 ι
443 1969 641 2025 Eodem
659 1977 717 2025 et
736 1983 840 2025 nos
860 1975 1174 2040 argumento
1198 1975 1461 2039 martyres
1487 1972 1701 2021 nostros

153 2062 422 2132 prophetico
459 2065 701 2136 perfusos
751 2062 922 2119 fuisse
959 2062 1151 2132 spiritu
1188 2060 1696 2116 demonstrabimus.

153 2155 385 2228 Siquidem
411 2157 661 2229 quidquid
705 2157 788 2213 eis
827 2154 1127 2212 revelatum
1152 2163 1255 2221 est,
1297 2163 1354 2209 et
1389 2167 1550 2208 omne
1579 2167 1701 2207 ver-

154 2247 255 2305 bum
274 2249 400 2321 quod
422 2264 491 2306 ex
529 2265 625 2306 ore
661 2263 761 2305 suo
807 2247 1105 2305 emiserunt
1130 2253 1402 2311 ἐτελειώθη,
1434 2246 1701 2314 impletum

157 2353 234 2409 est,
259 2358 548 2415 quamquam
572 2359 639 2400 ex
661 2358 852 2401 eorum
877 2356 1075 2413 genere
1099 2348 1529 2411 essent,quorum
1556 2353 1698 2409 pra:-

160 2437 283 2492 uotio
313 2438 371 2493 ad
393 2437 615 2494 divinam
654 2446 866 2494 tantum
919 2435 1237 2508 sapientiam
1269 2433 1516 2505 pertinet,
1547 2432 1701 2503 cujus

160 2528 283 2584 modi
311 2541 420 2585 sunt
453 2531 621 2587 futura
654 2528 1043 2598 eontingentia,
1066 2542 1131 2582 ea
1161 2526 1458 2597 praesertim
1484 2540 1607 2597 quae
1635 2539 1701 2580 ex

174 2619 315 2675 libera
341 2625 482 2691 ipsius
531 2626 618 2681 Dei
644 2636 737 2680 aut
767 2623 1047 2678 hominum
1075 2622 1351 2677 voluntate
1375 2620 1698 2691 dependent.

188 2708 301 2767 Cum
320 2715 524 2772 adboein
547 2720 742 2774 incerto
765 2733 859 2773 res
888 2727 1195 2772 versaretur
1218 2731 1286 2770 an
1316 2714 1496 2785 passio
1523 2713 1701 2771 futura

190 2815 329 2869 esset,
364 2823 419 2862 an
450 2821 768 2877 commeatus,
814 2811 1120 2882 passionem
1146 2824 1268 2864 esse
1311 2807 1541 2864 futuram
1569 2808 1702 2864 Per-

194 2909 331 2969 petua
380 2904 532 2973 priore
566 2922 645 2960 sua
682 2906 1028 2962 revelatione
1077 2904 1369 2969 intellexit;
1417 2912 1473 2958 et
1523 2902 1704 2973 passio

197 3005 352 3061 reapse
379 3006 536 3052 secuta
561 3006 643 3052 est.
678 2998 791 3055 Nec
837 2997 1016 3053 solum
1058 2996 1196 3067 passi
1233 3005 1360 3051 sunt
1401 3003 1700 3066 martyres;

182 3084 263 3140 sed
281 3101 336 3142 eo
354 3090 490 3143 etiam
515 3091 703 3156 ordine,
730 3105 843 3163 quo
869 3089 991 3145 illos
1012 3088 1276 3159 Perpetua
1303 3099 1558 3159 passuros
1581 3101 1704 3143 esse

172 3179 373 3249 praevidit
398 3201 411 3238 :
438 3182 674 3240 Saturum
701 3185 848 3240 enim
877 3182 1112 3253 priorem
1138 3180 1335 3237 scalam
1372 3179 1702 3235 adscendere

1806 1972 1958 2018 turus
1982 1972 2162 2020 autem
2189 1964 2322 2020 nihil
2355 1968 2526 2038 magis
2552 1981 2713 2034 quam
2743 1984 2927 2027 ursum
2953 1971 3363 2026 abominabatur
3392 1988 3406 2025 :

1802 2054 1898 2111 sed
1929 2070 2039 2111 uno
2076 2071 2260 2112 morsu
2296 2057 2538 2130 leopardi
2567 2061 2758 2117 conﬁci
2796 2077 2855 2117 se
2884 2062 2995 2134 jam
3026 2066 3404 2133 prtesumehat.

1802 2147 1987 2218 Itaque
2013 2166 2135 2208 cum
2163 2169 2294 2225 aper
2319 2156 2841 2226 subministraretur,
2869 2170 3093 2216 venator
3117 2162 3292 2232 potius
3317 2161 3408 2234 qui

1803 2242 1953 2299 illum
1981 2247 2187 2316 (aprum
2223 2248 2739 2321 subministraverat,
2788 2251 3069 2308 subfossus
3107 2254 3175 2308 ah
3216 2254 3403 2309 eadem

1803 2334 1994 2404 bestia,
2025 2349 2145 2409 post
2171 2338 2289 2396 dies
2320 2343 2560 2398 muneris
2615 2344 2769 2401 obiit.
2809 2343 3036 2401 Saturus
3071 2346 3410 2403 solummodo

1804 2434 2007 2485 tractus
2048 2440 2148 2486 est.
2204 2431 2275 2488 Et
2311 2448 2434 2489 cum
2460 2434 2527 2491 ad
2568 2452 2750 2493 ursum
2795 2437 3114 2494 substrictus
3163 2448 3307 2495 esset
3352 2440 3406 2495 in

1806 2530 1988 2590 ponte,
2020 2538 2175 2578 ursus
2203 2524 2272 2580 de
2300 2541 2463 2583 eavea
2498 2528 2714 2597 prodire
2746 2530 2939 2585 noluit.
2967 2530 3149 2603 itaque
3169 2533 3409 2588 secundo

1804 2610 2028 2669 Saturus
2071 2615 2273 2672 illacsus
2320 2629 2623 2675 revocatur.
2653 2639 2692 2672 οι
2747 2620 2873 2678 Haec
2893 2632 3070 2677 autem
3112 2633 3406 2696 martyrum

1805 2721 1914 2762 non
1941 2707 2349 2778 qualiacumque
2379 2711 2543 2766 fuisse
2576 2722 2697 2767 vota
2720 2754 2735 2778 ,
2767 2714 2862 2769 sed
2891 2724 3035 2780 vota,
3066 2725 3123 2770 ut
3159 2716 3229 2771 ita
3256 2717 3408 2774 dixe-

1806 2797 1930 2863 rim,
1956 2797 2286 2868 prophetica.
2318 2816 2437 2870 qum
2466 2816 2572 2855 non
2614 2802 2783 2858 multo
2824 2815 2942 2875 post
2986 2806 3277 2878 subjungit,
3309 2809 3409 2864 Sa-

1805 2894 1908 2948 turi
1935 2893 2099 2949 verba
2126 2905 2310 2965 aperte
2329 2896 2704 2955 demonstrant
2728 2916 2743 2954 :
2772 2919 2792 2952 r
2824 2900 2954 2957 ltent
2974 2899 3202 2959 Saturus
3223 2905 3273 2957 in
3300 2906 3402 2959 alia

1804 3001 1958 3061 porta
1978 2990 2199 3048 militem
2216 2992 2512 3050 Pudentem
2525 2995 2910 3053 exhortabatur
2924 2996 3109 3055 dicens
3139 3016 3151 3052 :
3180 2999 3400 3065 Adsum,

1804 3092 1951 3139 certe
1963 3085 2101 3140 sicut
2117 3087 2335 3156 promisi
2351 3097 2403 3143 et
2421 3088 2643 3159 praedixi
2661 3107 2676 3144 :
2697 3090 2896 3145 nullam
2913 3106 3089 3163 neque
3102 3091 3276 3149 adhuc
3291 3092 3406 3149 hes-

1808 3178 1936 3234 tiam
1963 3181 2140 3247 sensi;
2164 3190 2219 3237 et
2239 3197 2381 3238 nunc
2401 3182 2469 3237 de
2491 3190 2604 3239 toto
2618 3183 2782 3240 corde
2801 3184 3011 3240 credas.
3047 3186 3184 3241 Ecce
3206 3186 3408 3255 prodeo

167 3270 379 3345 Perpetua
408 3279 712 3348 conspexit;
748 3275 896 3347 prior
921 3284 1096 3330 autem
1125 3275 1321 3343 reipsa,
1351 3281 1409 3327 ιιι
1436 3271 1698 3343 passionis
1724 3271 1769 3334 C
1803 3272 1917 3337 illo,
1948 3282 2004 3329 et
2029 3274 2099 3330 ab
2125 3289 2234 3331 uno
2266 3289 2447 3331 morsu
2477 3276 2710 3347 leopardi
2739 3292 3049 3333 consumor.
3087 3297 3107 3331 ι
3136 3278 3406 3334 Vaticinio

156 3376 310 3422 auctor
345 3369 600 3436 observat,
645 3369 965 3440 martyrium
1010 3365 1235 3421 Saturus
1262 3364 1655 3419 consummavit
1685 3382 1698 3418 :

158 3480 175 3511 ι
208 3462 419 3529 Saturus,
465 3468 550 3537 qui
606 3475 662 3521 et
706 3466 853 3536 prior
889 3464 1086 3519 scalam
1130 3461 1503 3527 adscenderat,
1557 3462 1702 3531 prior

150 3554 339 3612 reddidit
362 3560 625 3629 spiritum.
651 3558 786 3613 Nam
804 3566 860 3612 et
888 3556 1208 3627 Perpetuam
1236 3553 1587 3610 sustinebat.»
1605 3552 1701 3608 Hi-

148 3645 345 3705 larianus
380 3659 692 3722 procurator
718 3651 1002 3705 universos
1026 3650 1136 3718 jam
1168 3647 1607 3719 pronuntiaverat
1646 3655 1703 3702 et

146 3740 382 3798 damnarat
413 3744 479 3799 ad
512 3744 737 3807 bestias,
778 3758 903 3798 cum
934 3743 1120 3808 altera,
1146 3749 1330 3797 sancta
1358 3739 1545 3796 eadem
1574 3739 1703 3795 Per-

146 3842 289 3900 petua,
319 3837 639 3892 revelatione
665 3834 937 3906 cognovit,
970 3849 1023 3888 se
1050 3849 1151 3887 non
1181 3834 1248 3886 ad
1276 3833 1483 3898 bestias,
1518 3839 1578 3886 ut
1604 3831 1697 3897 ait,

143 3927 211 3979 sed
238 3941 399 3983 contra
440 3929 702 3984 diabolum
751 3937 1125 4000 pugnaturum;
1166 3927 1219 3982 id
1259 3936 1363 3994 est,
1391 3940 1701 3996 supremum

144 4018 220 4074 sibi
250 4023 692 4093 durissimumque
737 4029 1011 4077 certamen
1045 4019 1304 4076 adversus
1342 4018 1550 4075 bestias
1595 4034 1701 4074 non

144 4110 260 4179 ltus;
287 4116 377 4172 sed
401 4117 660 4173 adversus
691 4114 962 4171 diabolum
1005 4129 1234 4184 quocum
1266 4114 1365 4169 sibi
1388 4117 1503 4170 visa
1531 4113 1705 4170 fuerat

144 4201 184 4256 in
205 4221 344 4263 arena
371 4209 581 4265 luctari.
612 4208 725 4263 Res
751 4216 807 4262 nt
829 4207 1053 4278 prmvisa
1086 4214 1187 4275 est,
1219 4207 1289 4261 ita
1329 4207 1512 4260 evenit
1539 4223 1553 4260 :
1581 4206 1704 4261 bes.

143 4300 214 4354 tiis
232 4301 443 4372 objecta,
472 4303 681 4358 nullum
707 4303 776 4357 ab
802 4302 883 4356 eis
920 4300 1161 4356 dolorem
1199 4308 1417 4371 experta
1445 4306 1563 4364 est;
1607 4298 1702 4355 scd

148 4397 504 4455 acerbissimum
525 4399 802 4463 sustinuit,
832 4411 953 4451 cum
1006 4410 1035 4449 a
1064 4395 1358 4465 gladiatore
1381 4394 1513 4448 inter
1538 4402 1702 4448 costas

152 4501 303 4555 puncta
318 4494 586 4550 exululavit
600 4492 721 4547 :cui
754 4499 940 4562 postea
961 4489 1203 4560 jugulum
1232 4486 1480 4558 praebens
1502 4486 1571 4541 de
1586 4485 1703 4542 dia-

149 4581 249 4639 bolo
280 4587 638 4660 triumphavit,
676 4587 767 4657 qui
810 4600 929 4641 eam
975 4582 1145 4639 fuerat
1183 4581 1493 4652 gladiatoris
1536 4593 1701 4651 opera

1805 3365 2086 3435 respondit
2109 3377 2364 3434 eventus;
2396 3380 2452 3423 ut
2482 3370 2626 3425 enim
2657 3372 2925 3441 passionis
2966 3380 3156 3427 auctor
3182 3371 3407 3442 subjun-

1804 3457 1882 3526 git
1914 3478 1928 3512 :
1967 3476 1986 3510 ι
2031 3458 2225 3516 Statim
2270 3461 2322 3517 in
2376 3462 2482 3517 line
2515 3464 2806 3532 spectaculi
2847 3464 3105 3536 leopardo
3142 3465 3406 3537 objectus,

1803 3550 1875 3606 de
1901 3568 2007 3607 uno
2028 3568 2210 3611 morsu
2234 3556 2352 3626 ejus
2378 3564 2526 3611 tanto
2548 3556 2797 3628 perfusus
2816 3570 2899 3615 est
2925 3564 3205 3633 sanguine,
3240 3572 3294 3617 ut
3316 3577 3410 3630 po-

1804 3641 1966 3710 pulus
1994 3649 2284 3701 revertenti
2315 3646 2390 3701 illi
2420 3647 2639 3703 secundi
2680 3648 3015 3720 baptismatis
3047 3652 3407 3709 testimonium

1803 3735 2179 3793 reclamaverit
2219 3738 2474 3795 :Salvum
2499 3742 2665 3797 lotum
2697 3742 2709 3796 !
2760 3744 2968 3801 salvum
2994 3744 3204 3801 lotum!
3242 3746 3409 3801 Plane

1804 3828 1989 3897 utique
2016 3832 2196 3887 salvus
2221 3842 2360 3898 erat,
2392 3835 2480 3905 qui
2521 3834 2624 3891 hoc
2651 3838 2960 3907 spectaculo
2989 3839 3333 3893 inclaruerat.
3385 3857 3402 3890 r

1805 3920 1911 3977 Sed
1940 3931 1996 3977 et
2023 3923 2275 3993 quamvis
2305 3925 2440 3981 nihil
2470 3925 2558 3982 hic
2590 3927 2963 3999 propheticum
2995 3928 3408 3997 intervenisset;

1804 4014 1926 4087 quis
1953 4023 2134 4071 tamen
2162 4016 2228 4072 ad
2257 4019 2446 4074 miram
2479 4020 2624 4074 illam
2655 4034 2779 4090 erga
2818 4032 3105 4095 martyres,
3138 4031 3192 4077 et
3220 4023 3286 4077 ad
3312 4039 3407 4079 eo-

1805 4125 1923 4166 rum
1957 4121 2076 4167 vota
2109 4107 2449 4184 suscipienda
2482 4115 2575 4171 Dei
2605 4117 3000 4187 providentiam
3033 4120 3270 4173 animum
3311 4120 3397 4172 ad.

1805 4212 2042 4269 vertens,
2088 4221 2196 4260 non
2242 4207 2424 4261 statim
2458 4208 2703 4277 intelligit
2732 4222 2890 4278 quam
2940 4211 3049 4264 Deo
3078 4210 3269 4279 placita
3299 4210 3408 4265 fne-

1802 4294 1876 4350 rit
1917 4310 2103 4369 eorum
2133 4295 2423 4362 confessio,
2451 4298 2694 4367 adeoque
2723 4307 2778 4352 et
2806 4314 2991 4353 eorum
3040 4300 3207 4356 lides?
3247 4302 3405 4367 Cum,

1804 4397 1863 4442 ut
1888 4388 1964 4441 ait
1993 4387 2303 4457 Apostolus,
2336 4388 2447 4443 sine
2468 4387 2572 4456 ﬁde
2602 4388 2916 4459 impossibile
2948 4392 3012 4444 sit
3044 4390 3246 4462 placere
3279 4393 3405 4450 Deo.

1876 4478 1941 4535 ll.
1988 4480 2082 4536 Est
2106 4488 2161 4536 et
2191 4480 2333 4537 aliud
2362 4483 2540 4553 magni
2568 4496 2699 4538 sane
2727 4482 2981 4553 ponderis
3008 4496 3404 4555 argumentum,

1804 4591 1869 4633 ex
1904 4590 2010 4647 quo
2052 4574 2326 4647 prophetis
2366 4578 2597 4633 maxima
2637 4577 2847 4634 accedit
2884 4579 3196 4644 auctoritas,
3244 4588 3299 4633 et
3341 4594 3405 4634 ex

145 4677 343 4736 adortus.
369 4682 515 4737 Nunc
550 4679 685 4736 illud
710 4694 915 4750 qntcro,
945 4693 1010 4731 an
1046 4674 1339 4745 Basnagius
1370 4676 1530 4730 hasce
1555 4689 1704 4730 reve—
1727 4668 1782 4730 D
1809 4671 2086 4726 miraculis
2114 4669 2417 4739 conficitur,
2450 4686 2571 4743 quae
2597 4673 2678 4727 vel
2709 4690 2804 4743 per
2840 4674 2988 4746 ipsos
3026 4682 3118 4730 aut
3153 4690 3249 4745 pro
3280 4673 3409 4745 ipsis

147 4768 337 4830 lationes
377 4776 720 4847 Perpetuam,
765 4782 824 4827 ut
868 4774 920 4826 in
965 4771 1110 4827 Actis
1148 4769 1363 4835 dicitur,
1405 4784 1564 4823 manu
1605 4783 1701 4823 sua

145 4864 389 4933 scripsisse
413 4867 697 4933 concedat,
724 4880 792 4920 an
824 4877 1043 4935 prorsus
1070 4860 1261 4933 neget?
1287 4860 1342 4915 Si
1356 4860 1499 4915 enirn
1526 4875 1554 4914 a
1577 4860 1706 4915 Per-

146 4967 273 5023 petua
300 4962 517 5033 scriptas
548 4960 718 5017 fuisse
758 4973 864 5013 non
903 4956 1094 5023 credit,
1124 4971 1244 5024 qua:
1278 4968 1437 5009 causa
1487 4962 1570 5008 est
1606 4968 1704 5008 cur

147 5051 299 5105 nonin
323 5065 588 5110 auctorem
634 5050 925 5122 passionis,
962 5048 1112 5103 velut
1152 5048 1203 5101 in
1242 5046 1618 5115 impostorem,
1652 5043 1704 5098 id

148 5154 277 5198 omne
294 5146 506 5216 rejiciat,
533 5145 678 5216 quod
708 5144 831 5215 ejus
851 5142 1087 5198 animum
1109 5138 1366 5196 oﬂ'endit?
1387 5137 1504 5193 Non
1525 5146 1701 5191 autem

151 5246 327 5292 sanctos
351 5240 486 5308 ipsos
513 5250 784 5312 martyres
809 5237 880 5291 ob
903 5250 987 5303 ea,
1017 5248 1138 5305 quae
1177 5232 1285 5287 illis
1314 5232 1484 5287 aliena
1514 5230 1704 5285 fraude

153 5324 311 5382 tributa
352 5343 488 5400 sunt,
517 5333 856 5390 criminetur.
902 5328 961 5385 Si
987 5335 1165 5384 autem
1195 5326 1551 5382 revelationes
1579 5338 1705 5379 snas

154 5414 427 5490 Perpetuam
454 5428 505 5483 in
533 5428 746 5483 litteras
776 5424 990 5481 misisse
1018 5420 1308 5487 concedit;
1339 5434 1461 5475 cum
1490 5434 1582 5475 cas
1614 5433 1701 5476 re-

153 5603 279 5682 gii-Ov:
299 5613 403 5682 Oret?
423 5628 436 5641 ’
469 5630 487 5664 t
519 5616 605 5668 καὶ
633 5619 795 5669 ταῦτα
821 5614 871 5663 δὶ
897 5616 945 5664 ὰ
969 5617 1052 5682 τοῦ
1078 5612 1294 5680 dtu-ripae
1320 5612 1702 5677 συγγράμματος.

144 5669 304 5752 Librv
335 5679 461 5737 Hist.
491 5684 716 5745 Eccles.,
747 5697 870 5752 cap.
906 5680 996 5737 ib”.

203 5744 274 5819 (Ι)
308 5756 582 5820 Aristonis;
608 5762 922 5817 ἀποστοὶικὸς
960 5762 1039 5807 καὶ
1085 5762 1371 5824 «peperisti;
1403 5791 1415 5804 .
1452 5790 1464 5803 .
1502 5758 1593 5803 πᾶν
1616 5759 1701 5823 γὰρ

144 5821 259 5883 ῥὶμι
277 5827 300 5873 δ
316 5829 525 5895 (thyias
549 5835 602 5882 ἐκ
626 5835 711 5885 τοῦ
734 5835 972 5894 στόμα-τες
998 5828 1165 5887 αὗτσῧ,
1212 5829 1294 5877 καὶ
1320 5827 1589 5895 ἐτελειώθη,
1623 5830 1702 5877 καὶ

145 5894 484 5953 nius-Giese“.
511 5898 686 5969 Epist.
743 5896 973 5967 Encycl.
1010 5896 1079 5949 de
1107 5894 1384 5965 Polycarpi
1414 5895 1689 5962 martyrio.

1810 4764 1924 4835 ipsa
1960 4778 2053 4833 per
2093 4778 2153 4819 se
2192 4764 2369 4819 divina
2410 4765 2795 4838 omnipotentis
2837 4766 3243 4822 demonstravit.
3284 4766 3409 4821 Have

1805 4866 2007 4921 autem,
2055 4856 2247 4927 quibus
2285 4858 2425 4913 nulla
2471 4867 2597 4914 sunt
2641 4867 2935 4931 martyrum
2980 4861 3110 4914 Acta
3141 4875 3259 4929 quzt:
3301 4874 3407 4913 non

1806 4948 2102 5017 abundent,
2139 4951 2339 5006 nostris
2365 4940 2580 5023 quoque
2610 4950 2935 5022 martyribus
2965 4966 3070 5004 non
3103 4951 3407 5020 defuerunt,

1811 5052 1867 5100 ut
1894 5043 1979 5099 vel
2006 5059 2073 5101 ex
2103 5045 2263 5101 modo
2293 5045 2451 5102 dictis
2472 5045 2583 5117 jam
2613 5055 2843 5101 constat.
2876 5043 2989 5100 Non
3027 5046 3172 5100 enim
3208 5047 3410 5116 absque

1808 5137 2070 5193 miraculo
2101 5139 2297 5194 factum
2330 5150 2432 5205 est,
2466 5150 2524 5194 nt
2549 5154 2680 5210 aper
2719 5140 2770 5193 in
2812 5139 3062 5195 Saturum
3116 5140 3406 5204 immissus,

1809 5230 1862 5285 in
1894 5232 2065 5301 ipsum
2096 5232 2274 5303 potius
2290 5242 2600 5288 venatorem
2629 5233 2735 5287 iras
2753 5241 2807 5287 et
2835 5232 3093 5304 impetum
3124 5242 3351 5286 verteret
3391 5246 3404 5283 :

1810 5334 1865 5379 et
1901 5323 2044 5394 quod
2075 5338 2234 5379 ursus
2265 5324 2316 5379 in
2344 5324 2592 5380 eumdem
2622 5324 2875 5380 incitatus
2900 5323 2969 5379 de
2995 5338 3155 5378 cavea
3193 5321 3408 5392 prodire

1808 5420 2065 5475 noluerit.
2108 5420 2176 5475 Et
2208 5427 2292 5474 cst
2331 5419 2415 5472 hic
2460 5419 2659 5484 minus,
2687 5434 2846 5489 quam
2889 5418 2977 5474 ubi
3008 5418 3075 5472 de
3113 5416 3409 5472 visionibus

1809 5523 1990 5585 agunt,
2017 5510 2086 5567 de
2109 5514 2363 5567 Actorum
2395 5508 2501 5564 ﬁde
2526 5509 2899 5575 dubitandum,
2932 5527 3053 5567 cum
3083 5527 3169 5567 res
3197 5512 3248 5567 in
3279 5528 3407 5584 pro-

1808 5606 1990 5679 patulo
2019 5613 2073 5659 et
2100 5604 2149 5657 in
2181 5600 2356 5656 medio
2386 5595 2780 5672 amphitheatro
2796 5612 2974 5669 gestas
2992 5603 3250 5668 referant,
3278 5617 3410 5674 quas

1810 5714 1969 5758 nemo
2006 5698 2217 5753 illorum
2246 5701 2548 5764 temporum
2590 5692 2842 5760 scriptor,
2887 5694 2964 5746 vel
3010 5694 3407 5762 impudentissi-

1809 5811 1929 5851 mus
1956 5792 2259 5861 confingere
2288 5802 2452 5845 ausus
2477 5787 2684 5843 fuisset.
2705 5784 2801 5841 Est
2830 5793 2883 5838 et
2910 5784 3036 5838 illud
3068 5786 3214 5841 inter
3241 5790 3404 5843 mira-

1807 5891 1924 5946 cuia
1941 5880 2380 5956 computandum,
2400 5874 2931 5953 quodaferocissima
2956 5888 3113 5928 vacca
3137 5875 3402 5948 Perpetua
