3818 6278
101 362 219 428 157

1013 364 1151 425 PRO
1180 366 1279 427 SS.
1319 366 1709 440 PERPETDA,
1751 370 2161 431 FELICI’I'ATE
2201 371 2289 432 ΕΤ
2332 372 2567 435 SOCIIS.

3324 368 3433 432 158

104 489 334 543 nionem
364 483 517 544 idem
539 478 911 543 Tertullinus
946 483 1003 541 in
1036 484 1175 543 libro
1198 487 1262 542 de
1289 486 1495 556 Anima,
1526 489 1725 560 Perpe¢
1753 491 1805 551 Α
1832 506 1953 547 esse
1980 491 2051 547 de
2073 507 2252 562 pinna.
2276 491 2478 548 Locum
2509 489 2655 547 enim
2684 486 2975 560 etglorism
3002 485 3071 543 ad
3098 501 3217 559 qua
3261 485 3437 544 fuerat

106 590 222 638 tute
260 599 282 634 ι
323 580 636 639 fortissimae
686 578 947 651 martyris
975 598 997 633 ι
1038 580 1360 637 auctoritate
1402 581 1726 647 conlirnut;

112 693 267 749 quae.
299 678 509 747 inquit,
544 693 565 729 ι
591 674 692 731 sub
730 673 820 730 die
863 672 1129 744 passionis
1160 674 1211 729 in
1240 674 1568 732 revelatione
1613 674 1729 746 ειυ-

112 773 217 828 ria
237 770 479 828 Peradisi
507 769 651 825 soles
678 767 786 825 illic
813 778 1207 840 eommsrtyres
1231 782 1361 825 suos
1387 768 1535 823 vidit.
1565 790 1583 822 ι
1619 767 1725 825 Sed

114 875 215 921 aut
238 864 436 921 fallitur
458 870 647 932 aperte
674 860 1057 926 Tertullianus,
1094 868 1186 914 aut
1212 858 1377 917 fallit:
1399 861 1544 915 solos
1581 860 1727 918 enim

113 970 181 1012 se
226 957 281 1011 in
314 953 560 1027 paradiso
590 952 790 1011 vidisse
819 962 1083 1024 martyres
1125 953 1380 1023 Perpetua
1415 968 1521 1008 non
1558 954 1725 1019 dicit;

113 1050 252 1121 quin
275 1048 579 1119 oppositae
606 1046 752 1102 clare
786 1053 842 1105 et
881 1053 1066 1115 aperte
1103 1053 1369 1101 testatur:
1404 1063 1423 1097 ι
1463 1046 1528 1102 Et
1554 1047 1726 1116 caepi-

113 1158 241 1199 mus
258 1142 368 1201 illic
386 1141 591 1197 multos
605 1140 801 1201 fratres
829 1152 1176 1210 cognoscere,
1207 1139 1301 1197 sed
1320 1148 1379 1196 et
1405 1150 1721 1213 martyres.)

108 1236 278 1306 igitur
298 1252 405 1291 non
430 1235 589 1290 solos
613 1234 687 1289 ibi
729 1242 1145 1305 commariyres,
1191 1232 1286 1289 sed
1326 1240 1383 1289 et
1426 1232 1729 1290 ronfratres

98 1330 261 1382 etiam
288 1341 508 1398 eosque
559 1341 668 1381 non
724 1339 930 1396 paucos
965 1324 1254 1395 Perpetua,
1301 1339 1397 1381 seu
1424 1323 1602 1395 potius
1634 1325 1729 1380 Sa-

103 1427 260 1475 tttrus
280 1420 429 1474 vidit
452 1439 469 1474 :
504 1418 645 1475 hanc
674 1419 817 1474 enim
836 1417 1222 1475 revelationetu
1250 1419 1475 1474 Saturus
1495 1418 1723 1488 accepit,

94 1522 153 1570 et
173 1529 346 1570 manu
378 1528 480 1569 sua
504 1512 700 1568 litteris
730 1511 1082 1583 consignavit.
1108 1512 1218 1568 Cur
1235 1521 1413 1567 autem
1436 1512 1727 1582 specialem

103 1606 175 1664 de
197 1607 543 1679 martyribus
580 1606 911 1661 mentionem
942 1604 1159 1673 faciant,
1207 1604 1346 1660 ratio
1383 1605 1438 1660 in
1477 1614 1728 1677 promptu

115 1710 227 1755 est.
251 1701 317 1756 tu
343 1700 469 1770 ipso
487 1697 727 1755 Psradisi
753 1698 938 1753 limine
966 1708 1196 1769 quatuor
1226 1706 1516 1771 martyres,
1570 1697 1731 1767 [iaqu

130 1803 265 1850 ante
296 1796 353 1849 in
398 1792 580 1849 eadem
624 1790 813 1847 Severi
858 1790 1233 1862 persecutione
1301 1801 1724 1861 consummatos,

1833 586 2147 650 translatus,
2209 587 2279 643 iis
2350 587 2617 655 Perpetua
2680 582 2861 639 verbis
2910 582 3168 639 describit
3242 580 3437 651 quibus

1830 688 2016 749 aperte
2041 681 2387 751 signiﬁcatur,
2420 681 2475 735 in
2503 678 2754 734 eumdem
2785 678 2965 732 locum
3005 688 3061 731 et
3094 677 3318 747 gloriam
3349 675 3430 742 ip-

1830 788 1949 829 sum
1976 773 2146 829 fuisse
2174 782 2467 842 receptum,
2501 772 2553 826 in
2585 770 2778 840 cutibus
2819 778 3004 839 postea
3034 778 3298 839 martyres
3334 765 3437 822 Sa.-

1831 876 1985 920 turus
2012 864 2164 929 vidit,
2190 875 2246 919 ut
2273 882 2340 920 ex
2372 866 2654 933 utriusque
2673 862 2899 918 visionis
2927 861 3218 916 collatione
3262 859 3434 914 mani-

1830 958 1966 1013 feste
2017 958 2204 1027 liquet.
2268 956 2359 1012 Sic
2405 958 2549 1012 enim
2599 957 2669 1011 de
2716 970 2811 1011 sua
2868 955 3076 1010 visione
3128 954 3432 1024 Perpetua:

1836 1069 1858 1104 ι
1893 1052 2063 1107 Video
2111 1052 2283 1106 locum
2328 1051 2501 1115 illum,
2547 1065 2708 1121 quem
2756 1048 2996 1105 videram
3046 1048 3434 1110 tenebrosum,

1829 1160 1952 1202 esse
1986 1145 2244 1213 lucidum,
2277 1155 2334 1202 et
2376 1146 2719 1201 Dinocratem
2764 1143 2967 1199 munde
3009 1157 3258 1213 corpore,
3300 1141 3437 1196 bene

1829 1241 2107 1306 vestitum,
2138 1240 2566 1312 refrigerantem.
2596 1237 2663 1293 Et
2710 1236 2802 1292 ubi
2842 1244 2960 1292 erat
3002 1236 3216 1299 vulnus,
3264 1232 3427 1289 video

1828 1332 2153 1397 cicatricem,
2197 1341 2253 1389 et
2289 1333 2545 1402 piscinam
2589 1330 2733 1386 illam
2759 1344 2921 1400 quam
2966 1336 3112 1385 retro
3161 1326 3423 1387 videram.

1830 1425 2099 1481 submisso
2154 1426 2396 1496 margine
2440 1437 2610 1494 usque
2658 1422 2726 1478 ad
2767 1420 3077 1477 umbilicum
3127 1416 3313 1489 pud;
3371 1424 3430 1471 et

1829 1536 2023 1591 aquam
2059 1520 2126 1576 de
2144 1536 2208 1579 ea
2234 1520 2483 1578 trabebat
2509 1520 2628 1575 sine
2656 1516 2989 1579 cessatione,
3021 1524 3078 1570 et
3104 1527 3269 1584 super
3293 1524 3434 1567 resr-

1829 1617 1954 1687 giue
1982 1615 2159 1686 phiala
2183 1622 2300 1669 erat
2319 1614 2473 1683 plena
2514 1627 2689 1683 aqua;
2727 1619 2784 1665 et
2819 1608 3049 1665 accessit
3081 1605 3437 1669 Dinocrates,

1830 1718 1886 1764 et
1903 1708 1972 1764 de
1997 1724 2061 1767 ea
2086 1708 2267 1763 bibere
2294 1707 2482 1777 erupit,
2513 1721 2632 1776 qua:
2661 1703 2835 1773 phiala
2863 1716 2972 1758 nou
3012 1697 3314 1757 deﬁciebat.
3369 1694 3438 1751 Et

1832 1803 2056 1857 satiatus
2099 1800 2363 1856 abscessit
2400 1799 2467 1853 de
2513 1812 2673 1868 aqua,
2726 1794 2913 1852 ludere
2955 1808 3107 1850 more
3147 1788 3428 1846 ini-otium

126 1889 331 1945 obvios
364 1888 669 1953 habuerant,
690 1902 723 1941 a
747 1886 942 1958 quibus
969 1885 1038 1943 de
1057 1886 1269 1942 steteris
1302 1902 1427 1943 cum
1468 1888 1725 1958 requisis-
1753 1890 1801 1952 Β
1828 1894 2088 1965 gaudens.
2126 1912 2146 1947 ι
2178 1891 2249 1949 [is
2275 1891 2495 1947 omnino
2522 1904 2757 1945 consona
2783 1898 2928 1953 sunt,
2967 1900 3088 1956 qua
3112 1891 3295 1954 postea
3329 1878 3432 1939 8a-

126 1990 272 2045 sent,
314 1979 499 2036 σηοωειί
533 1988 663 2035 sunt
686 1979 757 2035 ab
794 1978 1001 2049 angelis
1051 1986 1111 2033 ut
1158 1979 1306 2049 prius
1346 1980 1629 2035 introirent
1672 1989 1727 2036 et

128 2073 415 2127 Dominum
465 2070 810 2127 salutarent:
865 2089 885 2122 ι
920 2070 998 2127 lbi
1043 2070 1344 2127 invenimus
1391 2070 1721 2139 iocundum,

122 2177 179 2224 et
204 2166 580 2234 Saturninum,
611 2176 670 2223 et
695 2164 970 2221 Artaxiam
990 2207 1005 2230 ,
1037 2166 1129 2235 qui
1182 2163 1427 2221 eamdem
1475 2178 1726 2235 persecuc

131 2263 319 2318 tionem
356 2262 525 2331 passi,
590 2261 698 2316 vivi
740 2268 1022 2325 arserunt;
1083 2269 1139 2315 et
1178 2258 1461 2327 Quintum,
1517 2260 1607 2330 qui
1662 2267 1719 2315 et

132 2357 239 2427 ipse
258 2365 458 2428 mrtyr
473 2355 526 2411 in
543 2368 764 2410 carcere
785 2355 989 2409 exierat
1011 2369 1026 2418 ;
1053 2362 1111 2408 et
1130 2352 1501 2418 quarebatuus
1520 2352 1590 2407 ab
1619 2350 1725 2407 illis

137 2450 221 2504 ubi
235 2460 407 2506 essent
422 2446 635 2505 caeteri.
650 2447 908 2503 Dixerunt
923 2454 1101 2501 autem
1120 2444 1280 2500 nobis
1295 2443 1466 2513 angeli
1486 2462 1499 2497 :
1528 2442 1723 2500 Venite

136 2545 298 2614 prius,
329 2542 541 2598 introite
556 2550 612 2597 et
640 2540 871 2597 salutate
900 2539 1205 2594 Dominum.
1245 2557 1265 2591 ι
1302 2537 1433 2607 Quae
1460 2537 1548 2592 ubi
1580 2536 1719 2594 facta

145 2646 301 2698 sunt.
323 2637 511 2692 multos
537 2649 599 2689 se
638 2634 833 2689 fratres
879 2631 1080 2687 vidisse
1108 2639 1391 2697 testantur,
1424 2629 1518 2686 sed
1542 2639 1598 2685 et
1625 2644 1720 2685 no-

152 2730 372 2785 minatim
396 2737 675 2800 martyres,
704 2740 815 2796 quo
853 2724 1061 2780 scilicet
1089 2723 1361 2781 desiderio
1388 2737 1487 2778 suo
1526 2722 1725 2778 factum

147 2820 309 2878 fuisse
336 2821 452 2877 satis
478 2820 722 2890 apertius
749 2818 1176 2885 luculentiusque
1202 2814 1501 2892 declarent.
1524 2814 1727 2884 Quam-

155 2917 241 2972 vis
267 2916 434 2971 mira.
458 2929 577 2971 esse
619 2928 726 2970 uou
758 2912 973 2979 debeat,
1023 2912 1067 2967 si
1115 2911 1328 2973 animus
1376 2910 1443 2965 de
1485 2910 1725 2981 martyrii

165 3008 374 3063 candida
402 3008 553 3074 laetus,
608 3016 663 3062 et
693 3006 948 3078 martyrio
994 3006 1289 3074 proximus,
1343 3004 1396 3058 in
1431 3011 1725 3075 martyrum

157 3100 413 3169 pra-miunt
455 3098 763 3168 specialiter
813 3113 877 3152 ae
908 3096 1161 3153 distincte
1183 3096 1452 3166 loquatur.
1496 3094 1579 3149 Ad
1610 3110 1728 3165 qua:

148 3193 289 3247 enim
314 3192 531 3251 afﬁcitur
561 3193 798 3263 animus,
828 3206 890 3247 ea
909 3190 1139 3248 libenter
1168 3189 1377 3255 recolit,
1418 3195 1475 3243 et
1497 3202 1642 3259 srepe
1667 3202 1731 3244 ac

144 3283 439 3357 frequenter
483 3294 727 3356 usurpat.

209 3376 298 3432 IV.
326 3377 415 3433 Est
452 3377 598 3433 aliud
639 3377 785 3448 quod
829 3376 884 3431 in
915 3375 1014 3431 hac
1040 3374 1219 3431 Saturi
1240 3372 1450 3429 visione
1485 3373 1730 3428 animad-

135 3478 358 3534 vertam,
376 3470 426 3525 in
452 3485 558 3541 quo
586 3485 694 3526 non
711 3485 898 3540 parum
924 3467 1186 3525 momenti
1202 3468 1381 3523 inesse
1408 3467 1638 3533 videtur,
1663 3467 1730 3523 ad

58 3622 81 3633 _
140 3574 437 3617 nosuorum
462 3572 764 3633 martyrum
793 3560 1171 3618 orthodoxism
1212 3559 1473 3616 adversus
1526 3560 1730 3616 Basna-

142 3657 284 3725 gium
309 3656 700 3715 vindicandam.
720 3655 851 3712 Vult
873 3657 1015 3712 enim
1038 3656 1171 3723 ipse.
1207 3654 1410 3709 nullam
1439 3653 1732 3709 liontanis-

150 3750 211 3804 tis
234 3764 352 3806 cum
378 3748 670 3807 Catltolicis
696 3750 862 3805 etiam
912 3747 1240 3821 martyribus
1285 3746 1729 3805 consuetudinem

153 3841 519 3908 intercessisse,
546 3841 644 3899 sed
689 3856 904 3898 omnem
935 3857 1121 3898 eorum
1167 3840 1623 3906 communionem,
1675 3848 1733 3895 ut

157 3951 277 4005 quos
302 3937 524 3995 ludibrio
561 3948 618 3995 et
669 3937 999 4007 contemptui
1028 3934 1317 3998 habebant,
1375 3944 1429 3989 et
1462 3944 1731 4004 tamquam

162 4030 418 4102 psycliicos
463 4031 834 4096 traducebant,
884 4044 1005 4085 esse
1048 4035 1348 4084 aversatus.
1395 4024 1456 4082 Si
1496 4026 1565 4081 ita
1625 4037 1729 4093 est,

171 4138 255 4178 non
281 4126 519 4180 Saturum
548 4125 729 4191 modo,
756 4134 813 4181 et
838 4125 1156 4194 Perpetuam
1193 4122 1478 4192 sociusque
1527 4131 1729 4189 marty-

168 4230 257 4281 res,
288 4218 376 4274 sed
406 4230 458 4275 et
486 4218 814 4285 Iucundum,
840 4230 911 4287 -et
938 4217 1305 4281 Saturninum,
1338 4226 1394 4271 et
1413 4216 1694 4271 Artaxium
1713 4255 1730 4281 ,

165 4320 217 4365 et
253 4311 507 4380 Quintum,
565 4323 621 4369 et
669 4322 896 4370 caeteros
943 4324 1211 4384 martyres
1277 4324 1412 4381 quos
1493 4310 1725 4380 require-

171 4402 306 4469 bant,
329 4415 379 4461 ct
397 4422 617 4474 quorum
643 4418 834 4478 postea
860 4406 1089 4475 gloriam
1140 4404 1417 4471 viderunt,
1465 4412 1518 4458 et
1549 4403 1604 4458 ln
1638 4417 1730 4458 θαι

177 4491 289 4547 dem
309 4494 463 4554 Severi
490 4500 869 4570 persecutione
898 4498 1040 4568 passi
1088 4496 1198 4567 jam
1246 4494 1476 4561 fuerant,
1525 4503 1736 4550 monta-

174 4586 319 4642 nismi
349 4604 455 4645 reos
476 4608 640 4664 agere
692 4592 1030 4649 debebimus.
1060 4588 1193 4646 Nam
1216 4588 1442 4645 Saturus
1461 4598 1514 4642 et
1538 4588 1737 4657 Perpe-

1830 1994 1981 2042 turns
2029 1985 2206 2042 vidit:
2252 2004 2271 2037 ι
2301 1983 2368 2040 Et
2412 1982 2662 2049 vidimus,
2715 1980 2908 2052 inquit,
2997 1990 3164 2047 prem
3215 1974 3430 2038 locum,

1831 2080 1988 2150 cujus
2016 2078 2116 2134 loci
2146 2076 2377 2148 parietes
2405 2074 2541 2131 tales
2569 2081 2724 2130 erant
2751 2071 2903 2143 quasi
2932 2069 3004 2125 de
3032 2069 3157 2125 luce
3180 2062 3432 2121 aediﬁcati

1825 2181 1881 2231 et
1903 2181 2029 2230 ante
2050 2173 2248 2229 ostium
2274 2170 2376 2227 loci
2418 2168 2559 2225 illius
2584 2177 2815 2239 quatuor
2849 2163 3031 2235 angeli
3058 2160 3294 2226 stabant,
3339 2156 3433 2227 qui

1828 2269 2162 2324 introeuntes
2193 2265 2488 2322 vestierunt
2515 2261 2683 2318 stolas
2718 2258 2993 2317 candidas.
3024 2255 3088 2315 Et
3129 2267 3227 2310 nos
3252 2248 3436 2307 vestiti

1829 2360 2168 2416 introivimus
2204 2367 2261 2414 et
2313 2356 2545 2413 vidimus
2586 2354 2761 2410 lucent
2793 2352 3148 2413 humanum,
3199 2354 3306 2402 etc.
3366 2342 3436 2403 Et

1827 2452 2078 2509 dixerunt
2115 2451 2269 2507 nobis
2294 2450 2540 2509 seniores
2568 2467 2581 2505 :
2610 2447 2685 2503 Ite
2713 2455 2772 2502 et
2800 2443 2987 2501 ludite.
3041 2442 3108 2497 Et
3127 2438 3237 2497 disi
3268 2456 3280 2492 :
3310 2436 3446 2493 Per-

1829 2557 2009 2619 petua,
2041 2543 2211 2600 habes
2251 2542 2393 2614 quod
2442 2542 2542 2598 vis.
2573 2540 2638 2596 Et
2686 2538 2821 2594 dixit
2843 2537 2973 2593 mihi
3002 2552 3019 2591 :
3052 2535 3163 2591 Deo
3215 2531 3435 2602 gratias,

1830 2649 1888 2696 ut
1917 2639 2189 2710 quomodo
2218 2638 2269 2697 in
2286 2651 2449 2695 carne
2476 2634 2663 2693 hilaris
2694 2631 2788 2697 fui,
2838 2629 3061 2685 hilarior
3107 2641 3227 2682 sum
3258 2634 3315 2680 et
3342 2622 3432 2681 hic

1829 2734 2009 2790 modo.
2047 2754 2067 2788 ι
2111 2733 2177 2789 Et
2206 2731 2378 2789 infra:
2417 2748 2435 2783 ι
2459 2729 2525 2786 Et
2550 2727 2677 2783 dum
2704 2724 2974 2796 loquimur
3000 2737 3122 2778 cum
3163 2717 3441 2789 eis,dixe-

1830 2837 1955 2884 runt
1976 2826 2079 2883 illis
2108 2824 2281 2893 angeli
2313 2823 2519 2879 :Siuitc
2561 2820 2682 2875 illos
2723 2818 3156 2888 rcfrigcrent.....
3182 2810 3437 2870 Universi

1830 2921 1996 2976 odore
2018 2915 2363 2975 inenarrabili
2383 2914 2677 2977 utebamur,
2705 2913 2793 2983 qui
2817 2923 2916 2965 nos
2934 2906 3181 2964 satiabat.
3220 2923 3238 2958 ι
3261 2903 3431 2973 Quam

1829 3016 1969 3071 bene
1995 3012 2093 3069 sibi
2124 3011 2415 3069 concinunt
2446 3008 2726 3081 Pet-petitae
2781 3004 2849 3063 de
2894 3000 3202 3058 Dinocratis
3240 3007 3297 3056 et
3343 2996 3443 3055 Sa-

1833 3105 1937 3161 turi
1964 3103 2030 3160 de
2060 3110 2355 3175 martyrum
2384 3100 2552 3171 gloria
2586 3096 2944 3157 revelationes
2970 3096 2983 3151 !
3016 3093 3214 3150 Locum
3234 3088 3302 3149 lin
3332 3103 3441 3161 quo

1833 3201 2173 3256 Dinocratem
2218 3197 2479 3266 Perpetua
2517 3192 2666 3259 vidit,
2691 3190 2898 3249 lucidus
2947 3196 3109 3253 erat;
3150 3184 3251 3241 loci
3300 3184 3443 3239 illius

1758 3288 1804 3353 C
1837 3295 1891 3350 in
1948 3308 2054 3365 quo
2102 3298 2368 3361 martyres
2416 3289 2640 3344 Saturus
2681 3283 2808 3348 vidi,
2848 3282 3080 3354 parietes
3111 3279 3246 3335 tales
3283 3285 3442 3333 erant

1833 3386 1986 3459 quasi
2013 3385 2081 3440 de
2119 3383 2240 3438 luce
2270 3380 2539 3437 aedificati.
2589 3378 2902 3437 Dinocrates
2954 3372 3155 3429 mundo
3192 3383 3424 3441 corpore

1835 3486 1951 3534 erat
1980 3485 2034 3531 et
2059 3476 2196 3531 bene
2224 3473 2447 3528 vestitus
2477 3488 2492 3539 ;
2525 3482 2791 3543 martyres
2807 3468 2984 3538 angeli
3014 3464 3165 3523 stolis
3195 3460 3441 3517 candidis

1833 3572 2142 3629 induerunt.
2175 3568 2485 3629 Dinocrates
2514 3565 2761 3630 satiatus,
2793 3562 3075 3618 infantium
3105 3571 3257 3615 more
3286 3554 3437 3611 iude-

1837 3667 1970 3729 bat;
2005 3663 2324 3735 Perpetuam
2359 3671 2412 3721 et
2456 3661 2706 3716 Saturum
2756 3658 3020 3723 seniores,
3069 3662 3127 3709 ut
3172 3650 3439 3715 luderent,

1835 3756 2209 3813 hortabantur.
2293 3755 2630 3813 Dinocratem
2684 3752 2946 3819 Perpetua
3016 3763 3076 3804 se
3118 3744 3443 3815 refrigeran-

1835 3858 1940 3904 tem
1989 3848 2235 3918 adspexit
2262 3863 2278 3912 ;
2303 3844 2371 3901 de
2418 3845 2680 3917 Perpetua
2736 3852 2791 3899 et
2821 3840 3015 3897 Saturo
3042 3836 3218 3908 angeli
3251 3853 3263 3888 :
3303 3855 3322 3887 ι
3358 3834 3443 3889 Si-

1835 3942 1947 3997 nite
1985 3941 2127 4007 illos,
2181 3939 2448 4013 inquiunt,
2503 3936 2840 4008 refrigerent.
2892 3953 2910 3986 )
2979 3932 3056 3987 De
3088 3945 3223 3999 aqua
3277 3928 3441 3982 Diuo-

1836 4047 2011 4117 crates
2065 4037 2183 4092 sine
2230 4033 2533 4091 cessatione
2578 4030 2817 4095 bibebat,
2871 4040 3044 4096 eoque
3093 4033 3223 4095 potu
3281 4021 3443 4076 veluti

1834 4112 2198 4189 inebriabatur
2234 4144 2247 4191 ;
2286 4125 2547 4196 Perpetua
2577 4135 2628 4177 et
2650 4122 2875 4177 Saturus
2899 4117 3064 4173 odore
3090 4112 3439 4172 inenarrabili

1836 4223 2135 4287 alebantur,
2158 4220 2245 4288 qui
2268 4232 2363 4272 eos
2403 4214 2625 4269 miriﬁce
2654 4213 2903 4272 satialiat.
2942 4209 3073 4276 Quis
3112 4214 3289 4277 neget,
3333 4202 3431 4256 sub

1839 4313 1974 4369 adeo
2013 4312 2267 4367 consonis
2325 4307 2586 4381 symbolis
2643 4314 2697 4359 et
2739 4303 2944 4374 tignris,
2993 4297 3237 4354 eamdem
3281 4294 3447 4350 fuisse

1837 4406 2061 4478 gloriam
2078 4408 2513 4472 rcprmscntatam
2539 4397 2564 4452 ?
2584 4395 2714 4461 Quis
2741 4401 2919 4462 neget,
2939 4387 3250 4461 aquade
3278 4401 3437 4459 quam

1839 4497 2071 4569 primum
2106 4494 2419 4547 Dinocrates
2441 4487 2746 4553 anhelabat,
2770 4499 2927 4555 quam
2958 4490 3141 4553 postea
3172 4480 3291 4535 sine
3314 4493 3437 4535 ces-

1838 4590 2047 4644 satione
2093 4585 2326 4649 bibebat,
2358 4597 2461 4654 qua
2503 4579 2818 4644 satiabatur,
2872 4590 2993 4649 qua:
3040 4584 3340 4642 numquam
3386 4569 3435 4623 ei

172 4688 363 4738 luasute
385 4663 579 4743 tantum
606 4685 1004 4741 communionis
1020 4690 1286 4754 martyres
1304 4681 1731 4752 requisivissent.
1760 4689 1813 4749 1)
1840 4680 2145 4743 deﬁciebat,
2215 4690 2505 4749 perennem
2567 4673 2716 4727 illum
2776 4679 2992 4724 acterna:
3064 4665 3188 4721 vita:
3239 4663 3440 4719 fontem

174 4772 331 4838 (iure
350 4788 436 4833 aut
465 4778 754 4849 pra~dictos
783 4792 973 4834 omnes
1012 4786 1278 4848 martyres
1319 4774 1388 4830 de
1438 4773 1731 4829 montanis-

176 4870 318 4921 tarum
341 4886 491 4941 grege
505 4871 667 4927 fuisse
692 4870 955 4934 dicemus,
991 4880 1083 4925 aut
1120 4883 1310 4930 omnes
1338 4866 1536 4937 pariter
1565 4866 1616 4919 in
1634 4878 1728 4920 ca-

179 4951 452 5018 tholicorum
472 4977 766 5036 martyrum
784 4964 967 5019 album
985 4962 1298 5019 referemus.
1319 4960 1450 5029 Quis
1471 4968 1650 5015 autem
1663 4957 1735 5014 ob

174 5041 294 5108 leves
318 5055 596 5125 quosdam,
622 5072 741 5127 quin
772 5055 1035 5127 Basnagio
1091 5055 1169 5109 in.
1196 5062 1430 5109 mentem
1471 5059 1733 5107 venerunt

172 5145 488 5213 0obiecturus,
551 5155 631 5203 tot
670 5164 702 5205 e
747 5146 1145 5205 Catholicorum
1195 5144 1427 5217 dypticis
1500 5144 1731 5213 expungi

170 5238 399 5309 martyres
424 5252 479 5297 et
524 5257 590 5299 es
632 5241 712 5296 eis
741 5239 1180 5297 Moutanistaruut
1208 5237 1371 5294 ditari
1424 5237 1733 5303 laterculos,

166 5320 425 5398 Patienter,
463 5342 517 5388 et
545 5346 704 5402 aquo
729 5331 911 5387 animo
933 5329 1107 5387 ferat?

234 5439 291 5495 Υ.
316 5444 412 5499 Sed
436 5454 493 5501 ut
526 5446 827 5502 institutum
854 5444 1099 5515 superius
1122 5450 1498 5514 argumentum
1548 5455 1735 5512 prose-

168 5535 396 5607 quamur,
426 5549 477 5593 et
502 5556 567 5594 ex
613 5539 890 5608 Perpetua:
919 5536 1361 5601 revelationibus,
1394 5551 1551 5591 secus
1580 5544 1739 5606 atque

170 5611 381 5683 llababat
408 5632 845 5687 Montanistarum
888 5631 1151 5697 doctrina,
1183 5648 1290 5685 non
1319 5631 1465 5687 solos
1503 5632 1555 5686 in
1602 5629 1740 5686 ctelo

164 5702 195 5806 ξ
194 5718 324 5773 uisse
337 5734 592 5796 martyres
608 5723 920 5790 collocatos,
936 5725 1256 5781 luculentius
1269 5724 1704 5780 demonstremus
1726 5742 1739 5779 :

162 5811 232 5860 ιη
250 5819 534 5871 memoriam
557 5818 706 5873 nobis
726 5834 787 5872 ea
810 5827 1007 5874 sancta:
1024 5819 1275 5891 martyris
1292 5817 1425 5875 visio
1439 5816 1740 5875 reducenda

156 5904 277 5973 εει,
315 5920 412 5977 qua
456 5907 670 5967 fratrem
707 5911 1041 5969 Dinocratem
1093 5910 1379 5982 intellexit,
1424 5910 1738 5969 translatum

1835 4770 2209 4839 adumbrasse,
2263 4777 2318 4824 et
2362 4764 2649 4837 voluptatis
2703 4770 3018 4826 torrentem,
3062 4757 3129 4814 de
3169 4770 3276 4828 quo
3318 4753 3444 4808 olim

1836 4866 2097 4937 propheta
2146 4862 2340 4919 cecinit
2394 4857 2472 4934 (l)
2506 4879 2518 4915 :
2558 4877 2576 4909 ι
2615 4855 3028 4912 limbi-labuntur
3077 4851 3145 4906 ab
3198 4850 3442 4904 ubertate

1836 4956 2029 5013 domus
2059 4967 2182 5024 tum,
2216 4965 2269 5010 et
2304 4963 2543 5009 torrente
2582 4949 2870 5018 voluptatis
2918 4956 3020 5000 tum
3059 4943 3273 5018 potabis
3302 4956 3396 4997 eos
3425 4955 3439 5006 ;

1838 5049 2092 5123 quoniam
2114 5046 2253 5118 apud
2285 5059 2335 5111 te
2363 5055 2445 5101 est
2485 5044 2603 5098 fons
2638 5040 2779 5108 vita"),
2815 5048 2869 5095 et
2918 5038 2968 5092 in
3016 5037 3220 5091 lumine
3246 5044 3339 5090 tuo
3369 5032 3445 5089 vi-

1837 5142 2087 5197 debimus
2116 5141 2293 5194 lumen
2321 5140 2344 5193 ?
2381 5158 2399 5191 ι
2440 5137 2645 5206 Quibus
2675 5136 2861 5205 utique
2892 5130 3070 5187 verbis
3118 5143 3227 5184 non
3281 5126 3441 5182 aliam

1838 5251 1998 5308 quam
2030 5234 2328 5299 cmlestem,
2385 5229 2435 5285 id
2484 5239 2567 5284 est
2600 5228 2770 5280 beata:
2818 5223 3137 5279 mternitatis
3176 5230 3231 5276 et
3285 5216 3446 5272 clara:

1842 5329 1937 5384 Dei
1969 5327 2193 5382 visionis
2221 5323 2470 5396 gloriam,
2514 5321 2926 5390 felicitatemque
2972 5313 3277 5385 descripsit.
3310 5308 3446 5366 Cum

1838 5423 2019 5492 itaque
2060 5431 2267 5490 martyr
2323 5416 2634 5471 Dinocrates
2683 5428 2787 5467 non
2838 5411 3053 5477 obierit,
3107 5407 3300 5461 falsum
3333 5420 3447 5459 om-

1844 5516 1970 5569 nino
2035 5525 2140 5580 est,
2199 5509 2339 5582 quod
2384 5508 2458 5562 ait
2505 5506 2892 5572 Tertullianus,
2935 5504 3082 5559 solos
3126 5499 3445 5571 Perpetuam

1845 5609 1898 5665 in
1925 5607 2172 5679 paradiso
2206 5613 2467 5674 martyres
2494 5601 2691 5657 vidisse
2734 5617 2749 5655 ι
2780 5598 2995 5665 falsum,
3030 5594 3171 5665 quod
3207 5594 3281 5648 ait
3312 5592 3444 5645 Bas-

1843 5701 2050 5772 ttagius,
2080 5699 2397 5769 Perpetuam
2435 5712 2499 5750 ex
2540 5694 2981 5749 Montanistarutn
3004 5686 3276 5759 opinioiie,
3326 5696 3445 5737 oni-

1842 5810 1940 5863 nes
1964 5800 2112 5849 extra
2143 5786 2458 5845 Paradisum
2499 5787 2553 5845 in
2585 5787 2703 5844 loco
2735 5783 3041 5850 tenebroso,
3072 5788 3270 5857 printer
3297 5791 3444 5832 mar-

1915 5906 1995 5981 (l)
2032 5903 2234 5963 Psalm.
2257 5904 2456 5975 xxxiii,
2492 5904 2579 5962 lo.
