3784 6272
428 330 534 392 159

1611 344 2060 405 DISSERTATIO
2088 346 2563 409 APOLOGETICA
3596 364 3672 426 l60

426 459 627 523 tyrum,
657 451 863 510 animas
913 453 1247 514 collocasse:
1279 468 1335 517 et
1386 462 1576 524 falsum
1629 468 1859 540 denique
1883 468 2021 535 erit,
2051 469 2103 530 Α
2130 477 2293 538 tatur,
2319 479 2429 527 tum
2472 473 2609 529 libro
2663 475 2727 531 de
2779 473 3261 551 Prmeriptionibus
3293 478 3396 555 (l),
3444 489 3542 539 tum
3569 484 3673 545 libro

424 543 741 616 Perpetuam
763 563 963 619 eosque
990 561 1251 625 martyres
1274 560 1369 630 qui
1399 576 1458 615 sc
1488 563 1679 629 mortis
1705 565 1883 619 socios
1917 564 2019 634 ipsi

423 639 695 707 addidere,
736 657 766 696 e
816 641 1001 698 schola
1049 652 1382 716 processisse
1421 654 1885 724 .‘llontanistarum,
1928 672 2020 714 eo-

423 748 650 803 rumque
671 732 904 793 im'hutos
931 736 1097 796 fuisse
1139 741 1478 815 dogmatibus
1508 757 1565 804 et
1597 748 1903 820 disciplina.

491 825 581 882 Vl.
602 827 678 882 Ex
703 828 891 885 eadem
916 831 1092 890 Saturi
1124 836 1330 893 visione
1355 841 1456 896 alia
1483 843 1609 896 mihi
1641 845 1880 900 nascitur
1891 859 2021 900 con-

412 914 640 989 jectura,
660 936 764 991 qua
787 920 942 981 facile
957 926 1209 983 suadeam
1234 930 1554 1002 Perpetuam
1573 936 1855 1008 sociosque
1873 953 2018 993 mar—

419 1022 565 1085 tyres
604 1029 635 1069 a
669 1013 1112 1074 Montanistarnm
1144 1026 1526 1081 communione
1565 1027 1731 1084 fuisse
1759 1045 2016 1101 perquam

421 1107 652 1174 alienos,
684 1110 780 1166 sed
807 1112 860 1166 in
887 1112 1146 1171 Ecclesiae
1165 1118 1451 1175 catholicae
1470 1136 1598 1189 pace
1623 1133 1784 1195 atque
1814 1124 2020 1182 unitate

416 1210 470 1257 et
485 1202 648 1259 vitam
670 1203 911 1275 duxisse,
929 1218 985 1263 et
1007 1209 1298 1280 gloriosum
1331 1228 1429 1283 pro
1454 1214 1672 1272 Christo
1701 1221 2014 1290 sanguinem

414 1294 672 1354 effudisse
703 1316 717 1351 :
748 1319 768 1352 ε
808 1300 878 1356 Ει
902 1304 1187 1375 exivimns,
1221 1309 1395 1379 inquit
1422 1310 1668 1378 Saturus,
1700 1323 1757 1369 et
1788 1315 2019 1373 vidimus

414 1398 541 1446 ante
566 1389 707 1448 fores
731 1392 982 1464 Optatum
1009 1399 1319 1470 episcopum
1342 1402 1406 1456 ad
1436 1403 1738 1473 dexteram,
1763 1418 1819 1462 et
1845 1411 2015 1480 Aspa-

413 1485 551 1540 sium
582 1488 956 1560 presbyterum
989 1490 1264 1550 doctorem
1293 1496 1359 1552 ad
1409 1498 1703 1567 sinistram,
1736 1514 2017 1572 separatos

413 1587 471 1633 et
496 1579 698 1649 tristes,
726 1590 781 1636 et
806 1583 1068 1640 miserunt
1105 1602 1164 1643 se
1181 1588 1246 1643 ad
1272 1590 1436 1658 pedes
1463 1592 1637 1660 nobis,
1681 1603 1734 1650 et
1768 1594 2018 1653 dixerunt

413 1670 572 1727 nobis
607 1691 620 1728 :
654 1671 977 1745 Componite
1006 1678 1149 1734 inter
1189 1695 1307 1747 nos,
1336 1682 1461 1753 quia
1506 1686 1695 1741 existis
1725 1697 1779 1743 et
1813 1689 1893 1745 sic
1919 1706 2016 1746 nos

412 1762 735 1834 relinquitis.
772 1767 839 1822 Et
866 1769 1104 1826 diximus
1131 1771 1234 1828 illis
1265 1790 1277 1826 :
1308 1773 1422 1828 Non
1458 1785 1509 1829 tn
1552 1791 1612 1830 es
1639 1792 1771 1849 papa
1805 1793 2010 1849 noster,

2123 575 2319 633 quarto
2369 575 2544 623 contra
2594 567 2932 640 Marcionem,
2964 572 3055 630 ubi
3098 572 3437 631 Marcionitas
3465 577 3540 633 his
3569 579 3675 638 inter

2123 666 2316 712 csctera
2343 660 2522 715 verbis
2548 661 2763 719 lacessit
2782 664 2862 736 (2)
2888 682 2901 718 :
2923 681 2944 717 ε
2963 664 3135 722 Habet
3149 666 3304 737 plane
3324 678 3380 723 et
3395 669 3516 725 illud
3540 674 3675 730 eccle-

2123 750 2251 817 sias,
2274 752 2367 807 sed
2393 768 2541 821 suas,
2573 766 2677 811 tam
2699 767 2961 827 posteras,
2984 775 3145 831 quam
3178 761 3468 830 adulteras,
3494 752 3671 835 quarunt
3750 754 3751 759 “

2122 849 2167 900 si
2199 860 2418 902 censum
2473 850 2738 920 requiras,
2809 852 3018 910 facilius
3058 857 3412 925 apostaticum
3463 858 3671 927 invenies,

2123 953 2283 1009 quam
2330 941 2709 1010 apostolicum,
2745 944 3020 1003 Marciane
3049 947 3256 1004 scilicet
3285 949 3570 1019 conditore,
3613 954 3674 1009 vel

2125 1028 2304 1099 aliquo
2325 1030 2394 1087 de
2424 1032 2712 1091 Marcionis
2733 1038 3004 1094 examine.
3028 1038 3252 1097 Faciunt
3277 1040 3431 1099 favos
3447 1053 3498 1099 et
3513 1059 3674 1115 vespm,
3750 1048 3751 1125 ξ

2122 1116 2325 1179 faciunt
2363 1126 2621 1184 ecclesias
2649 1138 2703 1184 et
2746 1129 3093 1190 Marcionitae.
3130 1152 3150 1187 ι
3200 1133 3312 1192 Hoc
3353 1138 3530 1209 utique
3546 1154 3673 1210 argu-

2124 1225 2308 1270 mento
2339 1232 2611 1289 nunquam
2653 1219 3014 1280 Tertullianus
3053 1223 3242 1281 fuisset
3275 1241 3429 1296 usus,
3472 1229 3514 1283 si
3552 1246 3677 1286 unum
3750 1214 3751 1227 ‘

2120 1307 2457 1378 episcopum,
2484 1325 2516 1365 a
2542 1311 2808 1369 catholico
2847 1315 3102 1388 episcopo
3135 1330 3466 1391 separatum,
3504 1322 3670 1379 Monta-
3750 1318 3751 1321 “

2120 1399 2276 1454 ιιὶειτθ
2304 1402 2740 1473 carthaginenscs
2790 1407 2841 1461 id
2890 1410 3147 1481 temporis
3196 1412 3535 1481 habuissent;
3575 1430 3673 1470 cunt

2121 1492 2253 1547 nihil
2286 1497 2573 1564 proclivius
2599 1498 2786 1557 fuisset
2812 1512 2866 1556 et
2888 1502 3114 1569 facilius,
3143 1521 3301 1576 quam
3331 1506 3463 1563 illud
3492 1508 3540 1563 in
3558 1523 3677 1565 suum
3750 1500 3751 1576 ξ

2122 1600 2373 1657 regerere
2403 1599 2699 1659 auctorem,
2726 1602 2783 1649 et
2827 1594 3180 1653 Montanistas
3227 1614 3445 1671 urgere,
3485 1611 3540 1656 ut
3576 1616 3673 1657 suo-

2120 1694 2238 1734 rum
2266 1682 2640 1753 episcoporum
2670 1687 2966 1758 catalogum
3003 1688 3243 1755 ederent,
3273 1706 3406 1748 num
3441 1694 3569 1750 forte
3590 1695 3676 1749 ori-

2118 1771 2296 1842 ginem
2327 1788 2476 1829 suam
2510 1776 2593 1832 vel
2625 1778 2916 1848 Apostolis,
2957 1780 3043 1836 vel
3080 1782 3398 1851 apostolicis
3436 1783 3573 1851 viris,
3602 1790 3673 1838 aut

411 1868 468 1916 et
493 1867 548 1915 tu
589 1861 916 1936 presbyter?
939 1875 994 1920 ιιι
1032 1867 1158 1937 quid
1185 1885 1281 1925 vos
1306 1872 1371 1926 ad
1405 1873 1570 1944 pedes
1599 1886 1811 1933 nostros
1838 1882 2014 1937 mitta-
2045 1876 2092 1937 B
2120 1865 2310 1922 sane")
2337 1869 2648 1939 θροεῑοιίοίε
2689 1871 2934 1927 θεοιθείίε
2961 1872 3245 1943 deberem,
3277 1891 3346 1931 ³η
3378 1877 3548 1945 Dillius
3566 1877 3679 1932 βίου’

411 1953 523 2008 tis?
548 1954 615 2009 Et
651 1956 897 2012 misimus
923 1974 1043 2028 nos,
1073 1966 1409 2035 etcomplexi
1437 1968 1559 2026 illos
1590 1987 1919 2032 sumns......
1944 1978 2012 2034 Et

410 2045 540 2101 dum
573 2048 845 2119 loquimur
869 2067 988 2109 cum
1011 2055 1111 2120 eis,
1142 2057 1402 2117 dixerunt
1454 2063 1558 2120 illis
1583 2068 1760 2138 angeli
1796 2087 1809 2124 :
1841 2070 2012 2129 Sinite

413 2142 536 2199 illos
564 2143 919 2217 refrigerent;
947 2158 1003 2204 et
1030 2150 1075 2205 si
1104 2167 1235 2222 quas
1268 2154 1476 2213 habetis
1509 2159 1649 2217 inter
1669 2178 1765 2218 vos
1795 2164 2008 2221 dissen-

411 2240 610 2307 siones,
643 2241 894 2299 dimittite
939 2244 1091 2300 vobis
1140 2247 1407 2318 invicem;
1457 2255 1531 2325 et:
1558 2258 2011 2318 conturbaveruut

412 2349 528 2390 eos.
578 2334 644 2390 Et
695 2334 948 2393 dixerunt
998 2338 1237 2409 Optato:
1285 2343 1503 2418 Corrige
1569 2348 1780 2419 plebem
1839 2362 2007 2423 tuam,

410 2427 535 2497 quia
577 2428 655 2484 sic
702 2428 768 2484 ad
797 2437 849 2483 te
873 2432 1197 2517 conveniunt
1243 2438 1394 2507 quasi
1425 2438 1493 2495 de
1519 2442 1665 2498 circo
1695 2445 2006 2517 redeuntes,

410 2530 465 2578 et
529 2522 599 2579 de
667 2510 986 2580 factionibus
1065 2537 1356 2588 certantes.
1408 2552 1427 2586 ι
1503 2534 1753 2608 Optatum
1843 2510 2008 2601 istum

410 2616 900 2689 carthaginensium
956 2619 1402 2682 Montanistarum
1456 2630 1792 2704 episcOpnm,
1821 2646 1875 2693 et
1907 2640 2010 2695 As-

408 2710 617 2783 pasinm
638 2710 877 2787 ejusdem
912 2732 1074 2781 sectae
1113 2730 1485 2802 presbyterum
1513 2729 1809 2805 Basnagius
1860 2736 2005 2806 facit,

410 2814 466 2861 ct
554 2809 871 2872 alterutrum
955 2820 1225 2880 existimat
1318 2834 1625 2883 nostrorum
1710 2840 2008 2903 martyrum

411 2901 540 2958 Acta
571 2909 943 2968 concinnasse.
999 2915 1196 2973 Contra
1247 2919 1645 2975 eruditissimus
1695 2923 1886 2993 Pagius
1941 2941 2008 2979 ex

408 2994 810 3057 subministrata
853 3005 952 3059 sibi
991 3022 1019 3061 a
1067 3008 1136 3065 cl.
1179 3011 1375 3066 abbate
1424 3010 1697 3067 Ludovico
1756 3014 1826 3069 de
1867 3015 2010 3071 Fcnr

407 3087 782 3152 observatione
809 3099 986 3167 docet,
1033 3101 1557 3174 Carthaginensinm,
1603 3107 1785 3177 utique
1810 3108 2010 3166 Catho-

409 3183 634 3245 licornm
662 3186 691 3257 ,’
722 3192 972 3263 Optatum
1016 3195 1179 3253 fuisse
1232 3198 1565 3270 episcopum,
1619 3209 1674 3256 et
1732 3204 2005 3274 Agrippini

2125 1963 2271 2023 tano,
2303 1959 2391 2014 vel
2416 1959 2574 2016 alicui
2603 1962 2671 2017 de
2694 1961 2926 2019 Montani
2956 1966 3221 2023 examine.
3239 1968 3310 2023 At
3337 1968 3675 2035 Tertullianus,

2115 2059 2175 2105 ut
2203 2065 2367 2121 supra
2394 2054 2751 2124 05tendimus,
2783 2072 2886 2114 non
2919 2076 2978 2115 se
3004 2060 3181 2117 adhuc
3209 2064 3431 2133 putabat
3464 2065 3530 2121 ab
3551 2079 3679 2135 apos-

2115 2144 2395 2201 tolicarnm
2464 2149 2815 2208 ecclesiarum
2877 2157 3256 2215 communione
3302 2162 3594 2230 praicisum,
3641 2168 3681 2214 et

2113 2237 2516 2308 extiatholicis,
2548 2251 2603 2298 et
2626 2242 2966 2302 Montanistis
3014 2264 3177 2304 unum
3217 2250 3442 2308 conﬂari
3484 2252 3677 2308 arbitra-

2113 2326 2270 2384 batur
2313 2330 2557 2389 ecclesiae
2597 2350 2842 2407 corpus:
2875 2340 3018 2410 quod
3067 2341 3119 2398 in
3174 2342 3417 2402 adversis
3459 2345 3681 2402 membris

2113 2419 2338 2479 diversis
2375 2424 2798 2485 institutionibus
2836 2443 3143 2502 regeretur;
3182 2450 3281 2492 nec
3307 2436 3681 2509 disciplinarum

2114 2516 2448 2584 varietatem,
2478 2520 2626 2575 salva
2660 2520 2784 2578 fidei
2835 2525 3056 2596 regula,
3114 2528 3462 2586 ecclesiarum
3514 2528 3681 2585 hedera

2115 2606 2370 2663 unitatem
2398 2627 2413 2675 ;
2443 2611 2584 2668 unde
2618 2613 2706 2668 illa
2737 2616 2856 2687 ejus
2901 2633 3009 2674 vox
3029 2617 3099 2674 de
3127 2623 3438 2691 apostolicis
3475 2622 3689 2680 ecclesiis

2114 2698 2381 2771 loquentis
2410 2720 2426 2758 :
2464 2722 2483 2757 ι
2512 2704 2626 2761 Una
2656 2707 2894 2765 Ecclesia
2922 2725 3107 2767 sumus
3131 2713 3236 2787 (5).
3268 2735 3287 2768 ι
3321 2716 3426 2773 Sed
3448 2716 3692 2789 quomodo

2115 2805 2218 2847 una
2274 2793 2532 2864 Ecclesia,
2589 2798 2635 2853 si
2697 2799 3010 2858 cathedram
3077 2804 3338 2863 adversus
3406 2807 3698 2865 cathedram

2111 2886 2429 2952 erexissent,
2457 2901 2513 2944 et
2555 2891 2864 2964 episcopum
2912 2897 3172 2955 adversus
3198 2903 3516 2974 episcopum
3551 2918 3693 2959 cons-

2114 2975 2421 3033 tituissent?

2184 3067 2383 3123 Verum
2407 3073 2852 3140 quemadmodum
2874 3078 3249 3149 Tertullianus,
3277 3084 3366 3140 ubi
3386 3095 3586 3143 contra
3618 3091 3702 3143 luc-

2112 3160 2309 3215 reticos
2325 3162 2578 3232 disputat,
2604 3166 2979 3238 episcoporum
3022 3172 3268 3231 ordinem
3297 3176 3543 3245 extollit;
3570 3181 3639 3237 ita
3664 3199 3701 3237 Ill

407 3255 839 3341 successorem-et
862 3304 928 3343 ex
959 3288 1107 3343 hisce
1135 3255 1282 3345 Actis
1310 3255 1666 3361 snpitlendum
1695 3255 2007 3353 corcet-tidem
2035 3273 2080 3336 C
2116 3255 2264 3311 "bris
2284 3256 2546 3361 “vin?”
2564 3260 3168 3361 calhfﬂimsqeprinm'
3195 3284 3258 3325 ac
3274 3269 3388 3328 fere
3416 3270 3569 3330 lamis
3600 3292 3700 3346 per.

406 3360 784 3442 episcopordm
816 3378 1155 3436 Latercnlnm
1185 3384 1325 3454 apttd
1347 3360 1756 3446 Schelstratium
1803 3392 1855 3446 in
1904 3393 2014 3449 dis-

407 3472 538 3519 sert.
571 3465 639 3521 de
666 3469 891 3526 ecclesia
923 3473 1192 3532 Africana.
1239 3479 1387 3535 lianc
1431 3481 1735 3551 opinionem
1784 3502 2012 3557 sequen-

406 3554 527 3610 dam
560 3560 782 3615 omnino
800 3565 1069 3631 existimo,
1098 3585 1326 3642 eamque
1358 3574 1481 3629 inde
1533 3577 1816 3645 conﬁrmo,
1868 3581 2009 3651 quod

406 3648 587 3707 nullos
628 3664 752 3710 tunc
788 3655 954 3713 fuisse
991 3660 1240 3719 videatur
1289 3666 1614 3740 Carthagine
1662 3648 2012 3728 Montanista-

406 3757 524 3796 rttm
577 3747 880 3816 episcOpns.
925 3751 1135 3812 Nullius
1175 3758 1414 3827 profecto
1459 3760 1512 3815 in
1560 3763 1670 3818 suis
1714 3763 1863 3818 libris
1896 3783 2011 3820 nm-

406 3851 567 3905 quam
610 3844 853 3901 meminit
874 3846 1256 3919 Tertnllianus,
1287 3856 1415 3924 quin
1448 3855 1652 3912 nnllnm
1678 3866 1787 3912 tum
1822 3858 2006 3926 fuisse,

408 3932 651 4002 pluribus
708 3937 758 3991 in
807 3938 939 3996 locis
985 3946 1423 4005 manifestissime
1470 3947 1686 4005 indicat.
1742 3950 1798 4006 Id
1865 3954 2008 4009 enim

407 4024 810 4087 cvidentissime
849 4033 982 4089 mihi
1012 4037 1268 4109 colligere
1319 4040 1503 4096 videor
1550 4056 1617 4097 ex
1666 4042 1732 4098 iis
1761 4044 2009 4101 omnibus

406 4114 562 4181 locis,
608 4118 661 4173 in
713 4122 906 4192 quibus
956 4128 1301 4183 tratlitionnm
1347 4133 2009 4192 auctoritatemadvcrsns

405 4207 691 4269 hmreticos
713 4226 883 4287 urget.
916 4218 1200 4277 Vultcnim
1226 4223 1493 4280 Christum
1525 4225 1822 4282 doctrinam
1856 4243 2006 4284 suam

404 4302 676 4372 ApoStolis
706 4313 1137 4370 communicasse
1172 4334 1183 4368 :
1214 4318 1502 4386 Apostolos
1524 4319 1654 4374 viris
1693 4320 2009 4388 apostolicis

402 4410 537 4463 quos
567 4394 665 4466 pc?
691 4401 930 4471 singulas
950 4407 1197 4464 civitates
1244 4409 1530 4480 episcopos
1574 4413 1967 4468 constituerunt
1992 4431 2006 4479 ;

403 4487 505 4545 hos
537 4505 663 4547 vero
688 4496 800 4550 suis
825 4502 1249 4569 successoribus,
1287 4504 1336 4558 id
1383 4516 1464 4559 est
1519 4505 1582 4560 iis
1614 4507 1703 4577 qni
1752 4507 2009 4579 deinceps

406 4586 536 4640 vit-is
570 4590 883 4657 apostolicis
924 4594 1263 4651 ordinatione
1309 4597 1544 4668 legitima
1605 4614 2005 4658 successerunt.

2116 3358 2295 3418 mquat
2325 3366 2338 3404 :
2388 3351 2661 3409 Adversus
2702 3357 2988 3414 hazrcticos
3017 3359 3321 3431 disputans,
3370 3364 3577 3422 nullam
3600 3369 3696 3423 sine

2114 3444 2386 3515 episcopis
2429 3448 2742 3517 apostolicis
2769 3467 2953 3507 veram
2980 3457 3225 3524 agnoscit
3251 3456 3553 3516 Ecclesium
3579 3478 3593 3526 ;
3624 3460 3694 3532 qui

2115 3546 2293 3592 tamen
2350 3540 2402 3594 in
2448 3540 2599 3596 libris
2644 3543 2903 3601 adversus
2948 3548 3260 3606 Catholicos
3317 3552 3613 3611 Ecclesiatn
3652 3556 3690 3608 in

2116 3630 2286 3685 tribus
2324 3632 2476 3689 laicis
2503 3637 2780 3693 constituit
2803 3680 2817 3703 ,
2850 3648 2909 3694 ut
2928 3640 3068 3696 libro
3092 3642 3154 3697 de
3179 3642 3397 3698 Exhort.
3420 3645 3603 3702 (lauit.
3626 3644 3689 3713 (Δ)

2119 3738 2137 3771 ‹
2177 3720 2278 3777 Ubi
2328 3732 2458 3791 tres,
2519 3726 2762 3784 Ecclesia
2801 3741 2903 3796 est,
2957 3731 3084 3789 licet
3124 3733 3265 3790 laici.
3294 3754 3313 3787 ι
3368 3735 3435 3791 Et
3465 3737 3597 3794 libro
3636 3743 3687 3789 de

2118 3812 2266 3886 Fuga
2306 3817 2360 3870 in
2391 3817 2650 3875 Persecut.
2702 3821 2784 3895 (5)
2816 3840 2830 3878 :
2869 3824 3026 3881 «Non
3077 3836 3233 3897 potes
3267 3827 3564 3886 discurrere
3605 3844 3686 3899 per
3749 3812 3751 3833 ‘

2111 3909 2374 3978 singulos,
2430 3912 2499 3967 sit
2546 3913 2640 3969 tibi
2695 3924 2751 3971 et
2797 3917 2849 3973 in
2907 3919 3078 3975 tribus
3133 3921 3391 3979 Ecclesia.
3424 3944 3443 3978 ι
3490 3924 3548 3977 Ει
3598 3922 3681 3974 lt'b.
3750 3942 3751 3979 1

2112 4000 2176 4055 de
2218 4002 2444 4059 Pndicit.
2486 4005 2567 4079 (6)
2598 4025 2611 4060 :
2661 4028 2680 4061 ι
2708 4008 2821 4065 Non
2854 4011 3094 4069 Ecclesia
3140 4030 3399 4071 numerus
3427 4014 3683 4088 episcopn'

2111 4107 2249 4149 rum.
2285 4114 2306 4147 ι
2350 4095 2612 4166 Cogitanti
2643 4100 2797 4167 mihi,
2854 4118 2953 4159 cur
2997 4104 3134 4159 adeo
3182 4106 3307 4174 sibi,
3353 4107 3615 4163 contraria
3637 4104 3683 4157 in

2112 4187 2263 4245 hisce
2309 4189 2458 4247 libris
2496 4192 2751 4264 effutiret,
2801 4196 2854 4251 id
2902 4214 3064 4253 unum
3091 4199 3157 4254 ad
3188 4201 3426 4279 animum
3453 4199 3680 4256 occurrit.

2111 4281 2243 4338 Cum
2292 4286 2544 4344 catholici
2593 4290 2833 4360 episcopi
2863 4292 3216 4352 Montanistas
3267 4310 3296 4349 a
3327 4297 3683 4351 communione
3750 4314 3751 4317 η

2112 4378 2457 4449 repellerent,
2512 4397 2687 4453 neque
2743 4384 2841 4453 ipsi
2882 4385 3046 4440 alium
3087 4402 3201 4442 sum
3239 4399 3401 4444 secta:
3449 4388 3684 4444 haberent

2110 4475 2463 4545 episcopum,
2528 4476 2631 4532 hoc
2685 4477 2750 4533 ad
2806 4478 3057 4534 solatium
3112 4496 3268 4537 suum
3336 4483 3679 4552 excogitasse,

2112 4567 2315 4622 nullam
2356 4582 2479 4623 esse
2500 4568 2620 4636 jure
2647 4568 2830 4625 divino
2854 4571 3172 4628 clericorum
3201 4575 3253 4629 in
3284 4575 3452 4631 laicos
3478 4582 3683 4647 potesta-

403 4678 631 4746 Statnit,
662 4696 756 4737 eas
777 4682 1036 4741 duntaxat
1062 4687 1340 4757 ecclesias,
1362 4660 1464 4759 pro
1493 4693 1656 4759 veris,
1689 4703 1744 4750 et
1794 4706 2005 4766 aposto-
2037 4677 2086 4737 Ῐ)
2114 4668 2240 4766 En,"
2297 4660 2522 4766 nuuaT’
2575 4677 2693 4766 qui“
2722 4678 2802 4766 ἠ,
2824 4678 2982 4766 0.3"”
3014 4676 3351 4766 "9995i"""s
3384 4670 3548 4766 1³³⁸9⁸
3570 4682 3680 4723 CW

401 4772 520 4829 licis
572 4775 983 4842 existimandas,
1035 4797 1152 4847 qum
1226 4783 1278 4837 in
1325 4787 1436 4838 suis
1491 4787 1642 4843 lastis
1704 4787 2006 4861 digerendis

399 4869 773 4939 episcoporum
805 4873 1102 4943 calalognm
1141 4873 1206 4928 ad
1237 4875 1472 4948 aliquem
1511 4879 1594 4935 vel
1624 4895 1691 4936 ex
1732 4882 2006 4952 Apostolis

404 4958 768 5029 perduxerint,
799 4964 882 5020 vel
915 4980 976 5020 ex
1007 4967 1313 5032 apostolicis
1353 4970 1483 5025 viris
1506 4972 1596 5041 qtti
1650 4981 1826 5028 tamen
1882 4989 2003 5030 cum

400 5050 670 5122 Apostolis
692 5058 1131 5123 perseveraverit;
1150 5069 1238 5115 aut
1261 5061 1303 5116 si
1322 5063 1495 5118 scrins
1516 5063 1708 5120 fuerint
1724 5066 1999 5127 inStitutae.

397 5143 672 5201 traducem
705 5145 824 5202 fidei
857 5149 925 5204 ab
955 5154 1264 5221 apostolicis
1302 5156 1546 5212 ecclesiis
1575 5158 1903 5227 acceperint,
1949 5166 2004 5214 et

395 5236 462 5293 ab
514 5254 699 5294 earnm
745 5240 997 5313 deinceps
1028 5247 1407 5305 communione
1446 5266 1734 5321 numquam
1786 5250 2000 5309 excide-

395 5329 522 5395 rint,
565 5333 868 5404 cnjnsmodi
920 5349 1074 5395 erant
1123 5344 1369 5399 ecclesiae
1422 5342 1687 5399 Africanae
1749 5360 1868 5414 qua:
1928 5348 1995 5403 ad

396 5418 694 5479 Romanam
728 5426 1023 5485 Ecclesiam
1048 5448 1199 5488 suam
1230 5434 1494 5505 originem
1538 5433 1865 5490 referebant.
1893 5436 1997 5495 Ur-

396 5519 487 5581 get
515 5512 821 5586 hmreticos,
855 5530 910 5575 ιιι
941 5536 1158 5579 suarum
1182 5525 1533 5581 ecclesiarum
1577 5526 1812 5598 origines
1840 5529 2002 5586 edant

394 5613 446 5658 et
472 5605 845 5677 episcoporum
877 5615 1206 5685 catolognm,
1239 5627 1332 5673 aut
1373 5617 1439 5674 ad
1482 5619 1771 5691 Apostolos
1799 5622 1998 5691 perdu-

393 5706 540 5765 cant,
572 5698 736 5755 velatl
759 5707 1086 5773 apostolicos
1109 5709 1272 5779 viros,
1303 5710 1386 5764 vel
1411 5713 1641 5782 primum
1662 5713 1759 5780 sibi
1789 5715 1999 5786 episco-

394 5805 523 5861 pnm
555 5794 624 5848 ab
672 5796 917 5853 ecclesiis
968 5802 1281 5870 apostolicis
1306 5802 1510 5868 datum,
1556 5822 1655 5860 una
1702 5822 1824 5863 cum
1872 5808 1995 5866 ﬁdei

393 5885 616 5952 sernine,
644 5889 955 5946 ostendant.
1001 5894 1361 5953 lta‘adversus
1390 5899 1673 5956 lta‘reticos
1693 5914 1985 5972 argumen-

2111 4753 2422 4821 stringeret.
2454 4752 2527 4807 Ita
2568 4755 2710 4811 enim
2770 4756 2929 4812 flebat
2980 4769 3037 4813 ut
3086 4759 3204 4816 laici
3249 4764 3619 4819 communione
3660 4772 3681 4811 tt

2110 4844 2323 4900 clericis
2369 4848 2669 4918 segregati,
2720 4849 2821 4920 ipsi
2856 4852 2957 4906 sibi
3006 4851 3192 4909 clerici
3234 4865 3439 4922 essent,
3490 4855 3583 4926 ipsi
3612 4867 3682 4906 sa-

2110 4938 2380 5003 cerdotes,
2433 4938 2535 5008 ipsi
2565 4948 2622 4995 et
2660 4941 2971 5012 tinguerent
2999 4953 3055 4999 et
3096 4944 3396 5015 offerrent;
3453 4948 3680 5013 nullaque

2110 5028 2337 5097 proinde
2383 5044 2479 5085 eos
2521 5032 2774 5103 obligatio
2830 5038 3099 5105 manebat,
3152 5048 3208 5093 ut
3247 5054 3340 5109 se,
3396 5056 3683 5097 sacratam.-

2108 5128 2282 5177 torum
2342 5122 2773 5194 recipiendorum
2818 5130 3025 5199 gratia,
3079 5130 3400 5189 clericorum
3448 5133 3677 5202 deinceps

2103 5213 2327 5270 arbitrio
2380 5219 2788 5286 permitterent:
2830 5219 3044 5288 Nonne,
3089 5224 3264 5295 inquit
3292 5227 3410 5282 loco
3455 5228 3609 5282 citato
3627 5225 3677 5278 de

2104 5305 2323 5363 Exhort.
2353 5309 2516 5379 (ἔσει,
2554 5329 2575 5365 ‹
2605 5321 2661 5368 et
2686 5314 2805 5369 laici
2826 5316 3134 5399 sacerdotes
3161 5321 3389 5375 sumus?
3429 5318 3673 5390 Scriptum

2099 5411 2220 5459 est:
2252 5402 2488 5476 Regnum
2515 5422 2714 5477 quoque
2741 5424 2834 5465 nos
2861 5420 2911 5466 et
2953 5412 3240 5468 sacerdotes
3291 5413 3400 5470 Deo
3446 5425 3493 5469 et
3547 5408 3675 5468 Patri

2175 5540 2257 5616 (l)
2296 5538 2428 5616 Cap.
2446 5542 2524 5616 752
2552 5551 2607 5599 et
2635 5557 2786 5616 seqq.

2177 5611 2257 5742 (ἐξ
2283 5611 2412 5697 cap.
2442 5615 2497 5670 5.
2575 5688 2586 5699 .
2654 5689 2666 5701 .

2177 5687 2229 5742 [5
2287 5686 2403 5742 Lib.
2431 5685 2497 5741 de
2524 5686 2664 5742 Vtra:

2172 5685 2252 5761 (fi)
2287 5686 2403 5761 hil).
2431 5685 2497 5761 de
2524 5686 2721 5760 Virgin.
2749 5689 2975 5757 ναίηται,
3001 5704 3120 5761 cap.
3141 5689 3198 5745 2.

2196 5759 2228 5811 4
2283 5757 2411 5828 Cap.
2444 5758 2499 5813 7.

2196 5828 2230 5884 5
2272 5827 2402 5897 Cap.
2436 5830 2523 5884 Η.

2199 5754 2254 5973 ϐξ
2279 5898 2412 5972 Cap.
2442 5899 2523 5956 21.

2173 5898 2253 5976 (ϐ)
2279 5898 2412 5972 Cap.
2442 5899 2535 5957 at.
