3818 6278
108 315 217 371 {BI

989 314 1127 377 PRO
1163 318 1263 377 SS.
1303 316 1695 392 PERPETUA,
1735 320 2149 388 FELICITATE
2186 328 2276 389 ET
2299 333 2536 394 SOClIS.

3319 349 3431 408 162

112 445 203 484 suo
255 431 400 502 fecit.
459 428 838 486 Dilierentiam
897 431 1037 489 inter
1090 433 1335 493 ordinem
1395 448 1451 494 et
1507 439 1719 510 plebem
1749 441 2279 508 Aadmonitionibus
2307 450 2584 511 hominum
2646 454 3059 514 vanissimorum
3097 460 3423 531 verebatur,

116 524 407 579 constituit
450 522 703 580 Ecclesiae
757 526 1055 607 auctoritas
1100 536 1155 582 et
1196 527 1368 585 honor
1394 546 1491 602 per
1521 534 1728 590 ordinis

122 630 446 674 consessum
489 616 853 674 sanetilicatus
882 635 896 672 :
929 619 1069 676 adeo
1099 620 1185 676 ubi
1235 623 1591 683 ecclesiastici
1634 643 1726 682 or-

128 707 275 765 diuis
324 725 428 766 non
478 719 561 766 est
603 721 916 780 consessus,
971 721 1027 769 et
1072 711 1256 780 oﬂ‘ers,
1307 726 1360 771 et
1405 719 1620 789 tinguis,
1671 728 1728 776 ct

133 802 386 858 sacerdos
430 817 489 858 es
528 801 621 858 tibi
669 803 844 860 solus.
876 803 983 861 Sed
1024 805 1114 862 ubi
1170 815 1300 876 tres,
1347 809 1587 867 Ecclesia
1618 822 1721 881 est,

137 895 267 953 licet
315 894 449 951 laici.
501 893 882 968 Unusquisque
931 897 1077 953 enim
1120 914 1217 956 sua
1268 899 1376 958 fide
1416 903 1576 969 vivit;
1624 919 1727 961 nec

138 997 223 1047 est
246 1003 585 1060 personarum
628 990 877 1062 acceptio
915 990 1061 1062 apud
1089 992 1281 1061 Deum,
1331 1003 1436 1052 etc.
1488 996 1651 1067 Igitur
1678 999 1724 1053 si

140 1079 301 1138 habes
334 1081 420 1153 jus
443 1082 742 1139 sacerdotis
792 1082 848 1139 in
897 1085 1201 1156 temetipso,
1248 1086 1339 1143 ubi
1369 1091 1593 1145 necesse
1619 1097 1722 1157 est,

140 1172 327 1230 habeas
366 1184 581 1245 oportet
631 1175 798 1232 etiam
855 1175 1196 1248 disciplinam
1252 1179 1570 1247 sacerdotis,
1634 1183 1723 1240 ubi

137 1281 343 1323 necesse
391 1268 466 1324 sit
510 1268 715 1326 habere
736 1269 824 1342 jus
850 1271 1173 1328 sacerdotis.
1216 1273 1470 1346 Digamus
1502 1277 1725 1349 tinguis?

131 1360 374 1431 Digamus
411 1361 580 1419 offers
606 1363 632 1416 ἲ
671 1363 887 1434 Quanto
930 1366 1101 1437 magis
1130 1366 1270 1424 laico
1314 1368 1531 1439 digamo
1578 1371 1726 1441 Capi-

132 1455 225 1510 tale
267 1465 352 1512 est
383 1472 551 1530 agere
590 1473 691 1528 pro
743 1453 1046 1528 sacerdote,
1095 1475 1218 1517 cum
1260 1448 1361 1533 ipsi
1417 1462 1723 1534 sacerdoti,

134 1549 335 1623 digamo
357 1552 523 1620 facto,
546 1551 859 1609 conferatur
881 1569 1044 1627 agere
1062 1555 1444 1613 sacerdotem?
1475 1577 1496 1611 ι
1531 1560 1725 1614 Annon

138 1644 248 1701 haec
308 1647 509 1717 optima
566 1646 880 1719 conjectura
931 1659 1049 1717 est,
1102 1649 1310 1705 nullum
1380 1659 1495 1706 tum
1559 1650 1729 1708 fuisse

141 1740 465 1813 Carthagine
506 1740 944 1798 Montanistarum
1008 1744 1364 1815 episcopum?
1416 1744 1631 1800 Etenim
1677 1744 1726 1802 si

1836 549 1904 590 ne
1943 537 2392 600 subtraherentur
2415 546 2484 603 de
2507 562 2728 605 carcere
2759 550 3206 609 incantationibus
3226 552 3424 624 aliqui-

1832 624 1931 680 bus
1956 629 2208 701 magicis,
2249 634 2305 691 in
2332 636 2523 694 faciem
2554 642 2835 711 respondit
2859 643 3146 715 Perpetua,
3173 654 3230 702 et
3251 645 3425 707 dixit:

1830 720 1967 787 Quid
2011 727 2194 799 utique
2221 746 2329 788 non
2358 738 2629 805 permittis
2657 740 2977 814 refrigerare
3005 748 3182 804 noxiis
3203 745 3427 805 nobilis-

1794 886 1799 891 η
1830 814 2003 915 simis,
2033 820 2266 880 Caesaris
2289 829 2516 900 scilicet,
2544 843 2599 888 et
2625 836 2786 891 natali
2807 837 3048 908 ejusdem
3076 844 3426 915 pugnaturis?

1828 904 1936 962 Aut
1969 924 2080 1007 non
2114 921 2202 969 tua
2235 917 2406 987 gloria
2446 933 2551 991 est,
2580 926 2624 980 si
2674 904 2984 999 pinguiores
3036 904 3132 991 illo
3149 904 3429 1007 produca-

1829 999 1990 1099 ntur?
2040 1002 2257 1062 Horruit
2292 1019 2348 1065 et
2383 1014 2602 1072 erubuit
2632 1019 2903 1092 tribunus,
2941 1034 2996 1082 et
3025 1027 3095 1082 ita
3116 999 3280 1099 jussit
3308 1032 3430 1089 illos

1832 1088 2117 1151 humanius
2147 1098 2354 1171 haberi,
2396 1115 2457 1162 ut
2492 1107 2749 1167 fratribus
2777 1088 2898 1185 ejus
2918 1127 2975 1174 et
3013 1088 3228 1179 caeteris
3256 1088 3429 1181 facul-

1829 1189 1912 1286 tas
1940 1185 2100 1244 ﬁeret
2125 1190 2450 1265 introeundi,
2484 1210 2540 1255 et
2575 1202 2926 1276 refrigerandi
2961 1224 3086 1267 cum
3113 1212 3216 1282 eis,
3241 1214 3353 1286 jam
3374 1226 3431 1274 et

1832 1275 1950 1378 ipso
1977 1280 2206 1352 Optione
2233 1295 2469 1351 carceris
2487 1275 2798 1357 credente.»
2827 1301 2899 1359 Et
2924 1320 3046 1378 cap.
3073 1324 3126 1377 v,
3155 1275 3285 1366 42'.
3315 1312 3432 1368 Pri-

1830 1370 1920 1429 die
1943 1389 2158 1447 quoque
2185 1394 2307 1437 cum
2337 1384 2426 1440 illa
2462 1401 2617 1474 egena
2649 1391 2856 1461 ultima,
2887 1370 3048 1469 quam
3077 1370 3299 1459 liberam
3328 1419 3429 1461 vo-

1831 1474 1978 1531 cant,
2014 1481 2270 1539 quantum
2293 1476 2346 1531 in
2371 1479 2502 1550 ipsis
2520 1493 2659 1551 erat,
2691 1500 2798 1542 non
2824 1502 3035 1547 cmnam
3053 1493 3299 1565 liberam,
3331 1497 3428 1555 sed

1829 1569 2034 1626 agapen
2054 1575 2352 1633 etenarent,
2377 1579 2480 1626 etc.
2515 1591 2535 1625 ι

1902 1651 2038 1709 Vlll.
2079 1656 2251 1725 Quam
2291 1660 2409 1719 haec
2454 1678 2819 1728 consentanea
2872 1686 2999 1732 sunt
3051 1681 3431 1739 vetustissimas

1829 1739 2089 1803 Ecclesiae
2141 1750 2425 1811 catholicae
2452 1757 2772 1832 disciplinae,
2822 1780 2943 1836 quae
2969 1771 3261 1828 maximam
3287 1787 3433 1828 sem-

144 1831 405 1889 adversus
464 1832 736 1890 haereticos
785 1835 1113 1907 episcopalis
1167 1836 1374 1893 ordinis
1435 1838 1727 1894 auctoritas
1754 1852 1802 1912 Β
1830 1851 1946 1906 per,
1979 1850 2035 1895 et
2085 1853 2380 1903 maternam
2418 1865 2544 1923 erga
2584 1831 2926 1914 confessores
2951 1860 3004 1916 in
3032 1864 3260 1919 vinculis
3298 1878 3432 1921 con-

142 1925 378 1997 urgenda
427 1935 524 1992 est,
564 1923 960 1984 Catholicorum
992 1928 1198 1987 indices
1249 1929 1619 2002 proferuntur.
1670 1932 1729 1991 Si

128 2031 233 2086 pro
274 2016 602 2075 Montanistis
640 2018 902 2077 adversus
952 2018 1262 2079 Catholicos
1310 2021 1723 2093 decertandum,

118 2110 501 2181 episcoporum
555 2113 850 2170 auctoritas
874 2115 1260 2182 contemnitur,
1310 2124 1368 2173 et
1399 2115 1643 2173 Ecclesia
1671 2115 1725 2173 in

116 2204 291 2261 tribus
328 2204 486 2260 laicis
531 2208 896 2265 mnstituitur.
928 2207 1156 2280 Optatus
1194 2211 1376 2283 itaque
1415 2213 1725 2284 episcopus,

112 2296 225 2365 qui,
256 2297 314 2352 in
345 2298 502 2354 Actis
529 2310 837 2357 nostrorum
887 2312 1187 2376 martyrum
1218 2318 1569 2372 memoratur,
1603 2322 1727 2376 per—

109 2404 301 2459 peram
336 2390 509 2449 fuisse
542 2392 742 2450 dicitur
766 2394 1209 2453 Montanistarutn
1238 2400 1729 2471 carthaginiensium

117 2486 441 2555 episcopus:
490 2487 591 2542 sed
631 2490 915 2546 catholicae
956 2492 1325 2547 communioni
1387 2493 1620 2563 praefuit.
1671 2493 1728 2550 Id

125 2576 257 2647 quod
284 2576 458 2634 etiam
488 2579 556 2636 iis
577 2582 895 2653 angelorum
922 2584 1100 2641 verbis
1129 2589 1501 2651 conlirmatnr,
1533 2588 1730 2658 quibus

130 2671 340 2741 iubetur
367 2674 580 2743 plebem
629 2690 783 2731 suam
813 2678 1104 2751 corrigere,
1140 2700 1160 2733 ι
1183 2681 1308 2752 quia
1330 2684 1430 2750 sic,
1460 2682 1727 2754 inquiunt,

130 2763 189 2819 ad
244 2767 678 2836 teconveniunt,
725 2771 878 2841 quasi
929 2772 999 2829 de
1045 2774 1192 2830 circo
1242 2775 1534 2832 redeuntes
1563 2785 1618 2832 et
1662 2775 1730 2831 de

132 2858 452 2919 factionibus
486 2874 784 2939 certantes.
809 2885 831 2918 ι
873 2865 1003 2924 Haec
1026 2869 1171 2923 enim
1201 2870 1361 2924 verba
1393 2884 1497 2925 non
1529 2870 1582 2924 in
1605 2884 1730 2925 eum

139 2952 284 3011 bene
340 2960 693 3029 conveniunt,
749 2961 839 3033 qui
890 2976 1183 3031 paucorum
1238 2962 1515 3019 hominum
1567 2972 1730 3020 seetse

144 3059 412 3118 [int-esset,
441 3052 611 3123 qualis
645 3062 773 3111 tunc
796 3063 914 3109 erat
939 3052 993 3108 in
1024 3054 1201 3110 Africa
1231 3054 1674 3112 Montanistarum
1710 3074 1725 3110 :

135 3145 224 3200 sed
273 3142 366 3212 qui
410 3143 669 3215 populum
722 3154 778 3200 et
823 3145 1222 3203 multitudinem
1252 3147 1596 3216 gubernaret,
1625 3162 1729 3219 qua

1830 1931 2046 1990 stitutos
2069 1939 2304 1995 ostendit
2352 1943 2801 2018 sollicitudinem;
2836 1960 2942 2007 tam
2963 1953 3138 2011 aliena
3180 1957 3433 2019 videntur

1828 2023 1899 2077 ab
1941 2028 2255 2095 asperrimis
2301 2032 2354 2088 in
2403 2040 2639 2106 speciem
2672 2045 3118 2105 montanistarum
3147 2049 3430 2112 institutis.

1829 2111 2098 2174 Lucianus
2125 2120 2178 2175 in
2224 2124 2452 2192 epistola
2490 2129 2561 2187 de
2611 2143 2785 2190 morte
2834 2135 3134 2210 Peregrini,
3187 2153 3430 2203 veterum

1829 2208 2259 2271 Christianorum
2307 2233 2433 2290 erga
2460 2220 2657 2281 fratres
2702 2241 2832 2284 suos
2859 2244 2957 2299 pro
2982 2208 3090 2288 iide
3120 2208 3172 2289 in
3204 2237 3436 2296 vinculis

1829 2302 2056 2371 positos,
2103 2308 2314 2376 pietatis
2335 2321 2392 2367 et
2429 2315 2670 2373 caritatis
2719 2318 2919 2391 ofﬁcia,
2964 2329 3211 2396 quamvis
3237 2344 3300 2386 ea
3329 2347 3431 2389 ne-

1830 2394 1962 2452 farie
1983 2397 2258 2470 deridens,
2303 2407 2560 2477 graphice
2590 2419 2769 2469 tamen
2788 2413 2875 2471 his
2895 2394 3076 2474 verbis
3107 2419 3435 2481 luculenter-

1830 2504 1936 2561 que
1957 2490 2217 2551 describit
2238 2496 2318 2568 (2)
2348 2517 2363 2553 :
2403 2518 2424 2553 ‹
2458 2501 2798 2575 Magistratus
2823 2521 3003 2569 autem
3050 2530 3239 2574 eorum
3271 2521 3432 2579 etiam

1832 2581 1976 2640 intus
2005 2601 2126 2642 cum
2152 2603 2219 2645 eo
2246 2592 2694 2654 condormiebant
2716 2641 2731 2666 ,
2773 2605 3089 2665 custodibus
3121 2616 3431 2684 corruptis:

1835 2674 1967 2731 Dein
2012 2693 2181 2736 eterra:
2209 2686 2370 2740 variae
2415 2687 2913 2762 introducebantur,
2961 2709 3017 2754 et
3060 2704 3203 2759 sacri
3246 2674 3434 2764 eorum

1832 2784 2111 2867 sermones
2158 2776 2571 2837 dicebantur....
2602 2785 2782 2857 Aliqui
2822 2791 2983 2846 etiam
3010 2808 3081 2849 ex
3111 2798 3433 2867 quibusdam

1832 2863 2305 2928 Asim,eivitatibus
2360 2885 2646 2944 venerunt,
2698 2894 2732 2934 e
2780 2885 3059 2939 communi
3098 2863 3434 2949 mittentibus

1832 2950 2178 3050 Christianis,
2207 2964 2300 3033 qui
2331 2965 2448 3022 viro
2473 2983 2633 3039 opem
2661 2969 2882 3039 ferrent,
2938 2977 3217 3050 ipsumque
3243 2982 3434 3040 defen-

1832 3048 2023 3109 derent
2051 3063 2105 3109 et
2153 3059 2587 3118 consolarentur.
2625 3064 3003 3127 Incredibilem
3031 3048 3214 3131 autem
3246 3093 3436 3148 quam-

1831 3142 1955 3200 dam
2007 3148 2337 3207 celeritatem
2380 3155 2693 3224 ostendunt,
2742 3161 2789 3215 si
2829 3163 2959 3233 quid
3008 3166 3113 3222 tale
3161 3142 3435 3238 publicum

135 3251 186 3293 sc
224 3236 423 3292 merito
465 3235 751 3303 Catholici,
802 3247 861 3292 ut
909 3253 973 3294 ex
1016 3236 1206 3293 eodem
1253 3237 1587 3295 Tertulliano
1615 3240 1797 3311 dis-C
1831 3239 2123 3312 contingat.
2176 3242 2326 3300 Illico
2384 3249 2529 3304 enim
2585 3251 2719 3307 nulli
2771 3255 2848 3311 rei
2905 3235 3174 3328 parcum.—
3202 3264 3436 3324 Proinde

134 3330 303 3385 cimus
316 3328 418 3403 (l),
445 3329 758 3387 ellerebant.
780 3329 902 3386 Jam
928 3345 1060 3387 vero
1073 3329 1175 3386 hoc
1198 3339 1513 3401 argumento
1530 3332 1732 3404 liquere

136 3432 296 3494 puto,
338 3422 657 3493 Perpetuam
706 3432 761 3478 et
816 3424 1070 3479 Saturum
1130 3423 1439 3496 sociosque'
1465 3433 1732 3497 martyres

136 3516 412 3573 catholicze
440 3517 834 3573 communionis
860 3516 1048 3584 fuisse,
1096 3532 1202 3573 non
1234 3526 1412 3573 autem
1463 3518 1531 3574 de
1565 3533 1733 3591 grege

141 3610 578 3666 Houlanislarum
625 3634 638 3669 :
690 3626 813 3667 cum
858 3626 1047 3667 eorum
1097 3611 1401 3668 catholicus
1444 3612 1732 3684 episcopus

142 3717 321 3758 curam
348 3713 519 3774 gerat,
570 3704 638 3759 ad
666 3719 762 3761 eos
787 3714 1053 3771 accurrat,
1085 3720 1208 3760 cum
1236 3707 1315 3761 eis
1345 3706 1728 3775 communicet,

146 3794 207 3850 ad
236 3811 418 3851 eorum
466 3810 526 3852 se
555 3795 721 3866 pedes
771 3797 968 3862 mittat,
1019 3811 1302 3852 sermones
1330 3812 1452 3853 cum
1481 3798 1562 3854 eis
1597 3798 1730 3852 mis-

147 3897 275 3953 ceat,
321 3905 505 3946 eorum
543 3888 778 3960 denique
808 3904 964 3959 opem
1005 3888 1279 3960 imploret,
1329 3900 1385 3945 et
1440 3888 1543 3961 ipsi
1587 3906 1732 3946 mar-

147 3992 282 4055 tyres
308 3999 462 4041 suum
488 3998 747 4056 expresse
774 3999 963 4055 papam
1006 3993 1061 4039 et
1089 3984 1401 4054 episcopum
1429 3985 1725 4055 appellent.

207 4077 321 4134 VII.
361 4078 642 4134 Postremo
688 4092 787 4149 pro
818 4077 1020 4133 sanctis
1064 4078 1389 4149 martyribus
1414 4079 1730 4150 conjectura

154 4173 395 4240 nascitur,
448 4187 571 4228 cum
597 4186 665 4227 ex
714 4170 976 4227 Ecclesia:
1004 4170 1389 4239 sollicitudine,
1439 4183 1496 4228 ut
1542 4172 1728 4244 splen-

151 4260 263 4319 dide
306 4264 357 4319 in
381 4279 598 4321 carcere
626 4263 797 4319 sancti
836 4271 1101 4335 martyres
1126 4272 1182 4318 et
1212 4262 1505 4320 liberaliter
1532 4272 1731 4323 tracta—

156 4368 350 4425 remur;
372 4367 476 4414 tum
491 4375 555 4415 ex
568 4356 827 4414 facilitate
841 4372 946 4429 qua
958 4373 1021 4414 ex
1031 4357 1256 4414 hihitum
1271 4359 1373 4416 sibi
1388 4360 1726 4432 refrigerium

159 4445 257 4518 ipsi
280 4461 518 4525 martyres
546 4452 925 4519 admittebant,
958 4453 1028 4508 ab
1051 4454 1198 4508 omni
1240 4469 1462 4523 prorsus
1492 4457 1725 4513 morosi-

159 4547 265 4599 tate
280 4544 568 4618 alieni,quas
584 4547 640 4603 in
661 4545 959 4619 hypocritis
974 4554 1029 4602 et
1046 4547 1331 4615 haereticis,
1349 4548 1412 4605 iis
1424 4550 1727 4621 praesertim

1835 3330 2127 3403 Peregrina
2172 3345 2299 3392 tunc
2342 3340 2528 3397 multae
2557 3345 2801 3413 pecunia:
2845 3350 3217 3422 mittebantur,
3248 3367 3434 3416 etnon

1835 3426 2083 3495 exiguum
2141 3440 2460 3498 proventum
2507 3434 2651 3493 hunc
2700 3439 2985 3499 lucrifecit.
3015 3463 3036 3496 ι
3096 3447 3202 3503 Sed
3244 3449 3435 3508 Chris-

1836 3517 2010 3573 tianos
2047 3519 2150 3575 hac
2169 3521 2238 3577 de
2290 3537 2350 3579 re
2376 3524 2706 3587 disserentes
2735 3532 3039 3593 audiamus.
3072 3537 3304 3597 Sanetus
3328 3542 3435 3616 Cy.

1834 3610 2054 3681 prianus
2106 3612 2347 3683 pluribus
2389 3618 2739 3688 epistolarum
2781 3640 3002 3684 suarum
3054 3631 3190 3690 locis
3236 3610 3436 3694 veteris

1833 3703 1993 3774 hujus
2038 3706 2295 3771 Ecclesia:
2334 3714 2738 3772 consuetudinis
2789 3722 3070 3789 meminit,
3120 3738 3174 3784 et
3215 3728 3269 3784 in
3318 3730 3437 3789 brec

1833 3811 1939 3851 non
1972 3798 2153 3855 minus
2194 3817 2353 3872 quam
2402 3805 2457 3860 in
2499 3806 2603 3863 alia
2632 3823 2778 3866 cura:
2822 3818 3109 3883 pastoralis
3136 3821 3310 3879 oificia
3342 3839 3434 3881 se—

1834 3886 1960 3944 dulo
1990 3904 2055 3946 ac
2097 3893 2332 3951 solerter
2378 3897 2644 3955 incubuit.
2700 3902 2776 3959 Ita
2807 3908 2950 3965 enim
2963 3909 3083 3988 hac
3112 3913 3180 3970 de
3208 3929 3269 3972 re
3296 3933 3437 3988 pra:-

1832 3982 1963 4054 cipit
2013 3986 2238 4057 epistola
2294 3991 2503 4060 quinta,
2544 4010 2706 4066 quam
2760 4015 2793 4054 e
2837 3982 3056 4060 secessu
3106 3982 3326 4081 scripsit
3366 4013 3435 4070 ad

1832 4076 2050 4178 clerum
2078 4097 2092 4133 :
2126 4100 2145 4133 ι
2170 4084 2438 4178 Quantum
2470 4098 2649 4146 autem
2672 4092 2739 4150 ad
2769 4106 3019 4168 sumptus
3044 4076 3434 4178 suggerendos,

1832 4172 1946 4230 sive
1974 4174 2081 4231 illis
2132 4177 2221 4247 qui
2252 4178 2483 4249 gloriosa
2525 4199 2659 4242 voce
2690 4187 2857 4244 Deum
2906 4172 3169 4263 confessi,
3208 4199 3261 4254 in
3309 4172 3434 4256 car;

1832 4278 1956 4321 cere
2001 4277 2128 4322 sunt
2158 4270 2468 4338 constituti,
2496 4275 2617 4332 sive
2659 4278 2745 4345 iis,
2788 4282 2877 4350 qui
2902 4298 3168 4355 pauperes
3197 4299 3252 4344 et
3295 4293 3435 4350 indi-

1830 4370 2017 4428 gentes
2076 4360 2368 4427 laborant,
2426 4375 2551 4434 peto
2613 4369 2747 4425 nihil
2787 4370 2951 4441 desit;
3020 4392 3144 4435 cum
3224 4397 3435 4445 summa

1830 4448 2006 4504 omnis
2048 4465 2168 4520 qum
2212 4451 2430 4510 redacta
2479 4466 2584 4523 est,
2617 4458 2732 4516 illic
2759 4461 2831 4518 sit
2878 4466 3019 4536 apud
3067 4468 3300 4531 clericos
3323 4476 3437 4535 dis-

1830 4545 2029 4601 tributa
2073 4556 2293 4617 propter
2323 4550 2589 4621 ejusmodi
2640 4569 2916 4623 casus;ut
2941 4559 3202 4622 haberent
3228 4569 3434 4640 plures,

153 4634 237 4703 qui
283 4651 342 4693 se
366 4653 566 4694 morum
594 4637 858 4710 gravitate
885 4646 941 4695 et
971 4638 1270 4709 disciplinae
1301 4642 1594 4711 asperitate
1613 4643 1729 4714 jac.
1752 4646 1807 4709 ι)
1833 4636 1975 4693 unde
2033 4638 2100 4695 ad
2138 4642 2492 4700 necessitates
2532 4655 2588 4702 et
2638 4663 2921 4718 pressuras
2950 4634 3279 4727 singulorum
3305 4634 3437 4734 ope;

156 4730 277 4795 lant,
301 4740 355 4785 ut
376 4740 526 4787 erant
545 4730 911 4797 Montanistm,
929 4731 1440 4803 soletutplurimum
1467 4735 1728 4793 eminere.

148 4816 398 4878 Actorum
425 4824 562 4892 loca,
603 4840 723 4895 quae
748 4823 855 4880 huc
885 4824 1174 4895 pertinent,
1225 4825 1526 4882 adnotanda
1580 4838 1725 4896 sunt,

146 4922 259 4984 cap.
285 4930 322 4983 ι,
357 4914 385 4987 §
414 4916 489 4970 2:
538 4935 557 4968 ι
582 4917 661 4973 lbi
692 4928 822 4972 tunc
849 4915 1064 4973 Tertius
1090 4926 1146 4972 ct
1175 4916 1524 4990 Pomponius,
1558 4919 1729 4976 bene-

140 5000 268 5060 dicti
296 5006 543 5064 diacones
586 5009 676 5079 qui
707 5009 864 5066 nobis
888 5009 1290 5075 ministrabant,
1332 5011 1730 5069 constituerunt

136 5100 315 5162 pretio
335 5111 390 5158 ut
409 5105 592 5174 paucis
616 5104 764 5160 horis
786 5104 990 5172 emissi,
1020 5104 1073 5160 in
1095 5103 1372 5161 meliorem
1409 5105 1583 5163 locum
1603 5122 1727 5163 car-

134 5193 282 5249 ceris
306 5197 773 5269 relrigerarcmusi
791 5213 910 5270 cap.
925 5214 1002 5266 ιιι,
1024 5198 1051 5271 §
1072 5200 1123 5254 l:
1147 5217 1167 5252 ι
1179 5199 1380 5256 Deinde
1394 5210 1516 5271 post
1530 5217 1730 5273 paucos

135 5279 285 5353 dies,
314 5286 520 5346 Pudens
569 5291 726 5346 miles
769 5292 926 5362 Optio
967 5293 1285 5364 praepositus
1336 5294 1591 5363 carceris,
1640 5297 1729 5364 qui

126 5384 254 5434 nos
270 5385 431 5455 magni
461 5386 634 5442 facere
660 5387 848 5456 cepit,
878 5386 1181 5458 intelligens
1199 5402 1449 5459 magnam
1477 5389 1726 5446 virtutem

138 5480 278 5528 esse
318 5476 366 5530 in
406 5479 578 5547 nobis,
612 5480 811 5535 multos
838 5478 1036 5537 fratres
1064 5481 1131 5536 ad
1160 5497 1261 5538 nos
1300 5481 1637 5548 admittebat,
1670 5495 1730 5542 ut

132 5571 225 5616 et
261 5580 347 5623 nos
381 5580 430 5625 et
471 5572 546 5627 illi
597 5572 828 5629 invicem
878 5574 1320 5646 rcfrigeraremus
1366 5591 1485 5647 cap.
1516 5593 1567 5646 v,
1595 5577 1680 5650 §5
1712 5598 1726 5633 :

136 5670 198 5707 ει
228 5657 340 5717 Cum
366 5679 393 5719 a
419 5665 629 5722 tribuno
653 5667 960 5739 castigatius
1006 5682 1072 5724 eo
1097 5677 1484 5739 tractarentur,
1516 5672 1637 5742 quia
1663 5688 1729 5729 ex

242 5823 308 5897 (Ι)
330 5826 529 5884 Lih.'de
556 5829 802 5903 Jejuniis,
833 5847 949 5904 cap.
982 5832 1070 5889 11.

1832 4732 1940 4786 rari
1983 4734 2212 4803 possint.
2244 4754 2264 4788 ι
2310 4736 2362 4792 Is
2412 4752 2580 4809 porro
2617 4751 2736 4799 erat
2771 4744 3083 4806 christiana:
3112 4755 3282 4824 plebis
3307 4732 3435 4830 erga

1831 4824 2174 4885 confessores
2216 4828 2459 4900 affectus,
2513 4844 2574 4890 ut
2619 4851 2728 4893 non
2773 4840 2822 4895 ei
2877 4841 2977 4897 hac
3028 4845 3081 4901 in
3136 4862 3290 4920 parte
3335 4824 3435 4910 sti-

1833 4917 2009 4973 mulos
2052 4918 2274 4989 addere,
2324 4924 2421 5011 sed
2449 4924 2672 4984 fratrum
2700 4930 2770 4987 ad
2810 4946 3058 4993 carceres
3084 4917 3430 5019 concursum,

1832 5009 1898 5065 ad
1947 5010 2209 5070 fovendos
2226 5009 2435 5074 scilicet
2459 5027 2621 5091 atque
2650 5022 3027 5086 refocillandos
3070 5009 3431 5113 confessorcs,

1906 5193 1985 5287 (1)
2012 5203 2091 5295 ς,οἱ
2116 5196 2158 5295 ἴ
2177 5202 2224 5295 ἐν
2246 5205 2378 5254 τέλει
2413 5208 2496 5295 neti
2509 5208 2674 5295 ..αὐτῶν
2690 5213 2792 5295 ¹καὶ
2831 5220 3160 5295 συνεξιὶοιυέον
3186 5226 3310 5278 ἔνδον
3331 5226 3436 5295 μετ’

1830 5271 2352 5353 αβτοῧβιξιφθείραξτςς
2376 5282 2484 5336 τοὺς
2505 5279 2877 5353 διᾳμῳύλακας·
2910 5287 3017 5342 εἶτα

1830 5342 2169 5435 eiusei/uiginti,
2194 5344 2285 5435 ηεξ
2303 5342 3209 5435 λόγοςἱεροὶνςῦτξονίὲλέγοντο..,βίέῶ

1830 5426 1935 5506 κτῶ-ιΧ
2050 5416 2178 5505 Acth
2203 5416 2378 5506 1:61:02»
2423 5423 2549 5506 laris
2592 5422 2652 5473 ὧν
2688 5425 2798 5506 ἧκόν
2829 5416 2974 5496 οιῖινες,
3012 5454 3101 5492 τῶν
3137 5416 3436 5506 χρξηιαξξν

1833 5483 2117 5538 στελλόντων
2144 5487 2353 5580 ἀπόίτοῧ
2380 5498 2557 5556 κοινοῦ,
2590 5498 2903 5560 βοηθήσοντες
2929 5483 3013 5555 nisi
3040 5483 3437 5580 {adsim};

1836 5559 1916 5580 ..-ἶ
1968 5562 2182 5580 ,_-_,-s.sﬂ
2494 5568 2506 5580 ι
2581 5567 2602 5580 nl
2639 5566 2661 5580 α
2786 5562 2798 5577 Ὅ

1832 5559 1942 5653 ξε.ὶὲ
1955 5558 2402 5653 σξαριμυθῖσὸμξῖοι
2453 5568 2534 5613 τόν
2575 5558 2742 5653 ἱνδρα..
2770 5558 3021 5653 Ᾱμγάσενον
3045 5558 3101 5628 ἓξ

1834 5628 2174 5724 (mactaverat
2199 5632 2390 5681 ἐπειδᾶν
2413 5628 2693 5724 Its-etagro?
2704 5628 2915 5702 *γένηίτειῖ
2931 5647 3172 5714 δημόσιον,
3199 5659 3243 5705 ἰν
3259 5628 3439 5724 Agaga}

1835 5700 1925 5724 ηδ.-
1956 5718 2058 5724 μη--
2096 5706 2196 5724 -91...
2234 5704 2291 5724 ,ι
2551 5707 2563 5724 \
2594 5709 2643 5724 ι.
2752 5712 2763 5724 ι
2869 5720 2906 5724 -.

1835 5700 1928 5787 Ζὰρ
1953 5698 2197 5768 ἀφειδοῦσι
2229 5704 2429 5787 πιεὶνεςωνΣ
2461 5700 2563 5758 Καὶ
2678 5698 2764 5761 atati
2868 5698 3121 5787 Περίνρίνῷ
3136 5698 3438 5784 $63133;

1838 5771 1920 5828 ἧκε
1972 5780 2202 5865 ξρνίμιξτσι
2227 5770 2345 5841 παρ’
2372 5775 2528 5827 αὐτῶν
2578 5782 2659 5829 ἐπὶ
2704 5770 2944 5856 προῖξάσεὶ
2979 5770 3067 5843 ἑὲςιν
3098 5772 3307 5865 's..,..-..,
3356 5770 3439 5857 ,ἀλ

1847 5847 1978 5865 ___l,-
2022 5862 2061 5865 ΑΔ.
2094 5861 2209 5865 -.ᾼΑΑ
2288 5848 2297 5862 ὶ
2426 5848 2438 5864 Ι
2563 5856 2578 5865 ι
2686 5863 2692 5865 Α
2968 5852 2974 5858 ⁸

1840 5842 2062 5910 πρόσοδον
2090 5842 2141 5893 οὗ
2155 5848 2332 5913 μικρὰν
2353 5848 2534 5906 rati)th
2555 5842 2837 5913 ἰποιήσάιτέ.
