3818 6278
410 310 515 380 163

1470 350 1477 357 .
1562 304 2009 376 assensum
2046 284 2529 377 subiecerint
3626 310 3697 378 tu

406 452 473 489 ex
521 433 815 506 prudentiae
859 432 1064 504 legibus
1116 430 1389 487 moderari
1442 447 1577 504 opas
1620 440 1790 488 esset.
1843 429 2454 492 lludeAeducandnm.
2505 434 2733 490 Carnem
2763 434 2906 490 enim
2936 434 3187 507 saginari,
3218 441 3273 492 et
3302 433 3568 506 spiritum
3601 448 3698 490 esu.
3740 429 3787 507 ΙΙ

407 530 589 583 statim
638 526 949 598 subjuugit:
988 544 1008 575 ε
1038 524 1169 579 Peto
1207 539 1442 596 quoque,
1490 526 1558 580 ad
1609 526 2001 596 procurandum

407 623 665 692 quietem,
706 620 927 674 solertia
974 628 1030 674 et
1058 619 1366 675 sollicitudo
1409 630 1584 675 vestra
1628 634 1733 674 non
1765 620 1997 688 desinat;

412 716 533 770 nam
562 715 661 770 etsi
696 711 896 767 fratres
942 728 1038 783 pro
1088 712 1379 769 dilectione
1400 728 1502 769 sua
1549 714 1729 783 cupidi
1770 720 1897 768 sunt
1935 713 2002 770 ad

408 806 835 863 conveniundutn
886 816 943 863 et
989 807 1315 863 visitaudum
1372 808 1720 865 confessurus
1783 807 1997 876 bonos,

409 917 543 971 quos
572 900 862 956 illustravit
899 902 1013 973 jam
1042 903 1291 973 gloriosis
1333 904 1498 959 initiis
1526 903 1704 959 divina
1741 904 1997 976 dignatio,

408 1003 591 1050 tamen
637 1007 795 1051 caute
824 997 946 1063 hoc,
996 1005 1054 1052 et
1080 1006 1186 1052 nun
1217 996 1577 1068 glomeratim.
1614 1012 1710 1052 nec
1742 1013 1836 1068 per
1864 998 2002 1052 tnui-

401 1089 684 1146 titudiuem
712 1090 872 1145 simul
889 1089 1131 1160 junctam
1161 1099 1292 1160 puto
1314 1105 1438 1146 esse
1470 1091 1775 1146 facientium
1802 1107 1817 1149 :
1851 1105 2001 1147 ncex

402 1182 504 1239 hoc
532 1183 651 1253 ipso
676 1183 876 1239 invidia
906 1186 1225 1251 concitetur,
1274 1194 1330 1240 et
1359 1185 1665 1242 introeundi
1702 1185 1878 1240 aditus
1904 1185 2000 1241 dc-

404 1285 648 1347 negeltur,
678 1286 732 1332 et
750 1275 887 1331 dum
914 1277 1243 1333 insatiabiles
1266 1278 1493 1333 multum
1526 1279 1795 1343 Multus,
1824 1286 1997 1333 tbtum

401 1369 709 1439 perdamus.
765 1368 1045 1426 Consulite
1094 1384 1223 1441 ergo
1278 1378 1339 1426 et
1382 1371 1696 1441 providete,
1762 1379 1821 1425 ut
1872 1384 1998 1425 cum

403 1471 831 1531 temperamento
885 1462 988 1519 lace
1013 1465 1097 1534 agi
1126 1465 1290 1519 tutius
1321 1465 1528 1534 possit:
1572 1466 1643 1519 ita
1675 1473 1736 1519 ut
1773 1464 1997 1535 presby-

401 1558 499 1612 teri
556 1571 792 1627 quoque,
849 1558 939 1626 qui
997 1557 1107 1612 illic
1156 1556 1297 1627 apud
1348 1558 1689 1613 confessurus
1738 1557 1994 1625 oderunt,

398 1646 594 1718 singuli
644 1664 768 1703 cum
809 1648 1033 1719 singulis
1070 1647 1318 1704 diacouis
1364 1665 1460 1719 per
1508 1654 1656 1706 vices
1702 1650 1992 1707 alterneut:

397 1741 518 1811 quia
569 1752 625 1797 et
679 1742 903 1797 mutatio
954 1757 1331 1812 personarum,
1388 1753 1445 1800 et
1498 1744 1817 1801 vicissitudo
1861 1761 1994 1801 con-

2107 529 2216 584 rire
2246 545 2351 584 non
2384 529 2622 601 prodest.
2654 547 2674 581 ι
2706 528 2773 585 Et
2800 527 2957 596 infra,
2988 531 3165 600 capite
3185 527 3465 585 secundo:
3504 546 3527 580 ι
3550 526 3694 598 Ipsam

2110 622 2321 679 interim
2371 622 2833 682 conversationem
2865 622 3047 678 amenti
3072 631 3126 677 et
3162 623 3399 678 carceris
3430 633 3694 690 compare-

2109 732 2248 783 mus,
2289 718 2334 773 si
2364 732 2470 774 non
2502 719 2622 789 plus
2669 718 2721 772 in
2771 731 2985 773 carcere
3010 717 3229 788 Spiritus
3257 716 3520 787 acquirit,
3566 730 3692 783 quin

2106 824 2232 866 care
2260 810 2483 876 amittit;
2517 812 2680 866 immo
2698 821 2751 866 et
2770 810 3042 881 quiniusta
3070 818 3217 875 sunt,
3244 825 3371 865 caro
3390 824 3505 863 non
3524 807 3693 865 amittit

2108 915 2203 971 per
2244 916 2427 957 curam
2462 902 2734 968 Ecclesiae,
2778 910 2833 957 et
2858 914 3062 974 agapen
3090 900 3336 956 fratrum.
3361 921 3383 953 ι
3422 900 3544 956 Sed
3578 911 3693 969 βοει-

2105 1008 2268 1065 quam
2293 1008 2415 1051 sese
2444 1008 2667 1066 prorsus
2694 996 2746 1049 in
2777 994 3115 1064 disciplinam
3160 993 3404 1050 ltlontani
3459 992 3690 1063 tradidit,

2105 1098 2159 1145 et
2202 1090 2449 1145 acerbius
2493 1096 2654 1160 atque
2680 1088 3098 1145 inverecundius
3138 1102 3260 1143 eum
3289 1086 3613 1144 Catltolicis
3635 1102 3692 1158 ge-

2104 1196 2226 1237 rere
2250 1180 2550 1237 simultates
2566 1181 2733 1252 cmpit
2756 1221 2771 1247 ,
2803 1191 2914 1237 tum
2934 1179 3194 1237 Ecclesiae.
3218 1195 3343 1252 erga
3363 1179 3691 1237 confessores

2112 1275 2428 1331 claritatem
2455 1275 2615 1347 longe
2636 1288 2793 1346 quam
2810 1274 3409 1331 Lucianusinvidiusius
3440 1273 3690 1342 traduxit;

2106 1376 2215 1422 tum
2245 1382 2365 1437 qua
2388 1366 2709 1437 Christianis
2735 1366 3070 1423 observanda
3102 1367 3243 1423 fbret
3268 1368 3320 1421 in
3370 1367 3619 1421 vinculis
3642 1382 3692 1423 ex

2102 1434 2545 1515 Montanistaruat
2563 1460 2768 1530 legibus
2783 1469 2838 1516 at
2852 1460 3110 1516 institutis
3140 1460 3386 1515 victuaet
3404 1458 3691 1528 diatriba

2102 1554 2383 1621 severitas,
2404 1551 2492 1609 bis
2530 1554 2583 1609 in
2603 1553 2743 1609 libro
2760 1557 2823 1608 de
2839 1552 3069 1625 Jejttut'is
3093 1553 3271 1609 verbis
3291 1553 3565 1624 exposuit
3598 1551 3689 1623 (i):

2108 1664 2126 1701 t
2166 1649 2328 1704 Plane
2359 1660 2594 1707 vestrum
2619 1660 2723 1717 est,
2765 1651 2818 1705 in
2842 1650 3150 1708 carceribus
3178 1651 3408 1721 popinas
3447 1648 3688 1705 exhibete

2101 1744 2424 1814 atartyribus
2465 1746 2703 1811 incertis,
2757 1758 2825 1801 ne
2863 1743 3309 1801 consuetudinem
3346 1752 3622 1815 quaerant
3643 1759 3685 1798 ne

394 1835 720 1890 venientium
768 1836 959 1890 minuit
1005 1836 1282 1892 invidiam.
1314 1856 1335 1890 ι
1416 1840 1482 1894 Et
1527 1840 1751 1911 epistola
1788 1841 1853 1895 η
1878 1880 1894 1907 ,
1929 1839 1996 1896 ad
2025 1834 2075 1897 Β
2107 1836 2297 1891 tardent
2350 1838 2494 1904 vitm,
2551 1850 2621 1893 ne
2658 1850 2798 1893 nova
2830 1837 3171 1893 abstinentia:
3218 1836 3523 1906 disciplina
3558 1850 3685 1891 san-

396 1927 617 1984 Pamelii
650 1940 906 1985 numeros
933 1930 1026 1998 57,
1053 1930 1123 1987 de
1150 1931 1342 1987 eodem
1369 1944 1688 2005 argumento
1710 1936 1780 1989 ita
1808 1948 1995 1991 rursus

398 2024 589 2078 scribit
613 2023 681 2077 ad
720 2023 930 2079 clerum
961 2042 976 2080 :
1025 2042 1045 2077 ε
1073 2026 1408 2097 Quamquam
1440 2031 1603 2083 sciam
1647 2044 1765 2093 vos,
1800 2029 1996 2085 fratres

397 2115 722 2182 eharissimi,
742 2116 937 2174 litteris
963 2118 1101 2174 meis
1126 2119 1435 2191 frequenter
1458 2122 1763 2179 admonitos
1790 2139 1909 2180 esse
1937 2132 1995 2179 ut

394 2209 627 2279 gloriosa
658 2223 791 2265 voce
821 2210 1109 2266 Dominum
1148 2213 1432 2282 confessis,
1463 2222 1521 2270 et
1547 2216 1599 2270 in
1621 2231 1837 2272 carcere
1863 2232 1994 2271 con-

391 2305 594 2359 stitutis
637 2306 816 2359 omnis
854 2304 1127 2377 diligentia
1167 2308 1512 2377 praebeatur;
1572 2316 1750 2365 tamen
1796 2308 1992 2364 identi-

389 2399 512 2455 dem
566 2400 717 2455 vobis
744 2401 1015 2466 incumbo,
1070 2416 1142 2457 ne
1195 2402 1327 2473 quid
1376 2402 1444 2457 ad
1496 2414 1682 2458 suram
1738 2403 1879 2459 desit
1926 2404 1991 2459 iis

393 2493 589 2564 quibus
629 2493 696 2548 ad
740 2493 969 2564 gloriam
1016 2493 1147 2549 nihil
1176 2493 1349 2550 deest.
1383 2494 1559 2566 Atque
1590 2497 1791 2551 utinam
1840 2495 1944 2553 loci
1971 2539 1987 2564 ,

393 2596 449 2642 et
490 2584 689 2657 gradus
733 2586 839 2641 mei
896 2587 1135 2643 conditio
1160 2588 1518 2657 permitteret,
1567 2596 1625 2644 ut
1679 2590 1792 2661 ipse
1848 2602 1992 2646 nunc

392 2692 631 2751 pmens
673 2693 794 2734 esse
837 2694 1092 2750 possem:
1127 2680 1415 2752 Promptus
1443 2691 1495 2736 et
1534 2682 1707 2738 libens
1758 2684 1989 2739 solemni

392 2772 692 2828 ministerio
730 2781 918 2827 cuncta
969 2774 1114 2829 circa
1153 2773 1478 2830 fortissimos
1528 2774 1722 2831 fratres
1772 2782 1989 2832 nostros

389 2864 694 2921 dilectionis
723 2865 980 2936 obsequia
1000 2867 1330 2937 complerem
1362 2884 1375 2921 :
1405 2867 1500 2922 sed
1532 2865 1769 2922 itﬁuium
1807 2882 1985 2923 meum

387 2968 563 3015 vestra
602 2959 877 3030 diligentia
928 2970 1302 3027 repraesentet,
1354 2962 1593 3017 ethicis!
1622 2963 1822 3029 ,ottntia
1867 2978 1988 3032 quae

389 3052 506 3109 fieri
552 3062 769 3124 oportet
817 3053 962 3111 circa
1001 3066 1096 3110 eos
1124 3068 1261 3126 quos
1309 3055 1364 3110 in
1399 3056 1597 3111 talibus
1626 3058 1833 3113 meritis
1864 3058 1987 3115 lidel

386 3161 451 3201 ac
476 3147 689 3202 virtutis
732 3146 1019 3203 illustravit
1064 3148 1244 3203 divina
1294 3149 1558 3219 dignatio.
1594 3169 1613 3203 ι
1651 3150 1717 3206 Et
1768 3152 1902 3208 infra
1932 3155 1983 3209 in

2098 1932 2426 1998 dalizentur,
2465 1946 2585 1987 cum
2619 1946 2717 1987 nec
2743 1932 2833 1987 ille
2861 1932 3123 1986 Pristinus
3151 1937 3333 1987 vester
3375 1945 3493 1985 non
3544 1929 3686 1984 chris-

2100 2028 2274 2082 tianos
2302 2036 2508 2099 martyr
2549 2027 2820 2095 attlgcret,
2869 2041 3030 2095 quem
3075 2034 3132 2080 et
3160 2026 3419 2082 facultate
3446 2026 3685 2080 custodia

2098 2119 2282 2175 libera:
2307 2119 2617 2190 aliquandiu
2658 2120 2850 2175 fartum
2888 2119 3139 2175 omnibus
3168 2120 3379 2175 balneis
3398 2118 3565 2190 quasi
3595 2120 3684 2188 lup

2099 2214 2310 2269 tismate
2354 2213 2690 2282 melioribus,
2741 2223 2795 2269 et
2832 2213 3086 2268 munibus
3116 2212 3343 2268 luxuriae
3391 2212 3679 2268 secessibus

2096 2308 2245 2377 quasi
2286 2306 2547 2362 Ecclesiae
2581 2307 2967 2362 secretioribus
2991 2342 3004 2371 ,
3030 2315 3084 2361 et
3112 2306 3363 2359 carnibus
3393 2308 3532 2359 vita:
3562 2305 3680 2359 istius

2096 2400 2363 2455 illecebris
2398 2401 2551 2471 quasi
2578 2402 2796 2455 tbternae
2832 2398 3186 2469 dignioribus,
3237 2397 3343 2453 hoc
3370 2406 3512 2469 puto
3570 2398 3678 2451 obli-

2094 2506 2274 2565 gatum
2322 2509 2393 2550 ne
2419 2495 2555 2550 mori
2583 2494 2784 2549 vellet:
2841 2501 3114 2564 postrema
3144 2495 3263 2564 ipso
3307 2491 3609 2547 tribunalis
3636 2491 3680 2546 de

2094 2586 2213 2642 luce
2232 2601 2440 2642 summa
2460 2585 2682 2641 condito
2709 2600 2860 2641 mero
2888 2592 3158 2656 tamquam
3189 2583 3439 2639 antidoto
3465 2596 3679 2655 prmitie-

2093 2678 2352 2759 dicatum,
2384 2679 2455 2733 ita
2482 2678 2803 2743 enervastis,
2858 2687 2916 2733 ut
2942 2680 3134 2748 patinis
3160 2677 3392 2748 singulis
3439 2676 3675 2732 titillatus

2095 2771 2115 2843 (
2132 2772 2232 2829 ltoc
2258 2774 2403 2828 enim
2430 2773 2668 2829 ebrietas
2694 2772 2994 2845 sentiebat)
3037 2786 3195 2843 quem
3228 2773 3525 2828 Dominum
3573 2787 3681 2828 eon-

2093 2862 2337 2919 dteretar
2362 2866 2711 2936 interroganti
2759 2864 2976 2936 praesidi
3004 2863 3342 2935 respondere
3368 2879 3473 2921 non
3502 2873 3681 2936 potue-

2091 2958 2161 3013 rit
2206 2960 2484 3029 amplius:
2524 2941 2687 3031 atque
2718 2960 2788 3015 ita
2834 2960 2904 3016 de
2952 2958 3056 3015 hoc
3092 2961 3204 3031 jam
3244 2968 3512 3025 extortus,
3578 2975 3679 3016 cata

2090 3050 2353 3120 singultus
2390 3062 2446 3106 et
2495 3060 2681 3108 ructus
2710 3055 2858 3107 solos
2889 3052 3133 3118 haberet,
3184 3054 3239 3107 in
3264 3052 3375 3121 ipsa
3398 3054 3684 3122 negatione

2089 3142 2331 3214 digessit.
2364 3163 2383 3198 ι
2446 3145 2570 3201 Haec
2600 3146 2746 3201 Tcrt.
2803 3146 2872 3202 de
2913 3146 3228 3209 Catholicis,
3274 3160 3388 3216 qua:
3432 3144 3686 3214 quamvis

386 3239 576 3295 eadem
603 3239 852 3309 cpistola,
887 3238 1112 3296 Tertulli
1138 3241 1190 3294 in
1212 3241 1279 3296 iis
1297 3242 1510 3311 pictatis
1544 3243 1738 3300 officiis
1766 3244 1988 3317 diligett-
2018 3233 2066 3300 C
2097 3237 2163 3292 ad
2204 3238 2455 3294 invidiam
2491 3240 2790 3297 faciendam
2826 3241 2932 3296 sint
2966 3241 3105 3295 ultra
3134 3239 3354 3295 modum
3375 3248 3679 3310 uascula,

388 3331 537 3399 tiam,
566 3330 1156 3402 atquesollicitutlinem
1183 3334 1362 3389 laudat
1390 3352 1403 3388 :
1442 3348 1463 3387 α
1490 3338 1822 3409 Quamquam
1851 3320 1986 3398 Ter-

388 3426 572 3493 tullus,
601 3426 948 3481 fidelissimus
972 3435 1028 3481 et
1067 3427 1449 3487 devotissimus
1477 3432 1639 3491 frater
1667 3444 1871 3507 noster,
1890 3454 1988 3511 pro

387 3528 585 3576 cratem
637 3519 1001 3576 sollicitudine
1042 3531 1250 3578 etcum
1278 3534 1395 3592 sua,
1434 3540 1595 3597 quam
1639 3527 1890 3587 fratribus
1933 3535 1987 3591 in

385 3612 533 3667 omni
575 3612 838 3683 obsequio
884 3615 1214 3684 operationis
1267 3616 1524 3689 impertit,
1578 3624 1669 3693 qui
1717 3636 1815 3680 nec
1872 3626 1981 3683 illic

385 3706 527 3760 circa
571 3719 757 3760 curam
803 3718 1090 3777 corporum
1151 3706 1322 3775 deest,
1378 3719 1531 3767 είς.»
1594 3714 1672 3771 Ad
1730 3716 1986 3776 diaconos

388 3797 508 3852 haec
544 3812 672 3852 cura
717 3797 1029 3867 specialiter
1068 3802 1391 3869 pertinebat.
1442 3812 1499 3859 ut
1547 3822 1654 3862 non
1685 3807 1859 3863 solum
1918 3826 1985 3867 ex

383 3898 694 3946 nostrorum
726 3900 1022 3964 martyrum
1059 3891 1227 3959 Actis,
1286 3896 1381 3951 sed
1430 3897 1592 3953 etiam
1626 3916 1690 3955 ex
1741 3901 1983 3972 ejusdem

384 3983 635 4054 Cypriani
679 3984 924 4054 epistolis
964 3995 1114 4040 ctex
1162 3986 1399 4060 Dionysii
1454 3991 1611 4047 Alex.
1659 3996 1885 4063 epistola
1916 3996 1982 4053 ad

384 4074 672 4131 Domitium
712 4084 768 4131 et
815 4074 1146 4146 Didymum,
1201 4079 1289 4133 ubi
1346 4080 1565 4139 Eusebii
1620 4084 1838 4142 Diaconl
1896 4102 1985 4145 se-

381 4168 658 4225 dulitatem
684 4170 1048 4239 commendat,
1086 4172 1180 4242 qui
1208 4173 1263 4227 in
1295 4185 1559 4248 martyres
1591 4179 1983 4241 Alexandrinos

380 4274 500 4318 eam
530 4277 713 4319 curam
740 4263 1023 4334 impendit,
1055 4278 1215 4336 quam
1242 4280 1367 4339 erga
1397 4280 1663 4345 martyres
1699 4272 1978 4350 Cunliagi.

381 4357 597 4412 nienses
640 4356 1055 4429 Tertullustl):
1089 4358 1428 4430 «Eusebius,
1475 4376 1633 4435 quem
1678 4367 1816 4425 Deus
1866 4371 1978 4440 jam

380 4447 504 4503 inde
546 4450 616 4505 ab
654 4450 807 4505 initio
859 4452 1180 4521 roboravit,
1229 4454 1549 4527 impulitque
1592 4468 1651 4514 ut
1699 4462 1977 4520 confesso-

379 4541 528 4597 ribus
582 4540 634 4594 in
685 4542 930 4597 custodia
984 4544 1180 4613 positis
1244 4548 1544 4605 ministeria
1600 4562 1817 4611 strenue
1872 4574 1974 4614 cx-

2092 3331 2240 3389 clare
2290 3342 2470 3390 tamen
2514 3335 2827 3404 ostendunt,
2876 3335 3044 3392 fuisse
3080 3335 3379 3393 catholicos
3424 3345 3679 3407 martyres
3740 3331 3787 3407 Ιη

2092 3427 2145 3482 in
2176 3426 2421 3496 vinculis,
2454 3429 2628 3500 quoad
2678 3444 2776 3499 per
2813 3430 3012 3486 milites
3050 3436 3107 3485 et
3151 3431 3407 3486 custodes
3461 3430 3675 3500 licebat,

2090 3522 2372 3591 Splendide
2412 3537 2479 3578 ac
2524 3522 2817 3579 liberaliter
2839 3522 3084 3580 'ltabitos.
3139 3524 3215 3579 De
3242 3524 3668 3580 Montanistaruu

2090 3628 2221 3669 vero
2248 3614 2442 3669 duritia
2471 3616 2839 3687 gravitateque
2863 3616 2979 3672 hinc
3003 3626 3160 3674 antea
3180 3619 3557 3689 praemiserat:
3581 3638 3600 3672 ι
3621 3618 3672 3676 lit

2089 3707 2158 3764 ab
2199 3708 2407 3765 Joanne
2450 3709 2757 3765 Paracletus
2807 3710 3184 3778 obmutuisset,
3235 3712 3339 3781 ipsi
3381 3712 3541 3768 nobis
3570 3726 3670 3783 pro-

2089 3803 2266 3874 pheta:
2294 3805 2346 3858 in
2395 3803 2532 3859 hanc
2568 3805 2800 3860 maxime
2830 3822 3076 3863 caussam
3102 3810 3507 3866 exstitissemns
3534 3851 3568 3866 ..
3595 3810 3665 3864 in-

2086 3896 2327 3952 dicentes
2354 3912 2569 3953 onmem
2595 3903 3007 3973 ταπεινθφρόνησιν
3036 3917 3155 3957 cum
3211 3917 3404 3959 carcer
3431 3903 3664 3959 ediscen-

2088 3987 2210 4055 dus,
2236 3996 2294 4044 et
2320 3989 2488 4045 fames
2522 4004 2583 4045 ac
2611 3992 2729 4047 sitis
2751 3994 3090 4061 exercendae,
3123 4003 3300 4051 etiam
3319 3997 3511 4053 inediae
3527 4008 3671 4069 quam

2087 4081 2230 4136 anxii
2261 4083 2436 4137 victus
2466 4084 2747 4140 tolerantia
2776 4086 3084 4157 usurpanda
3110 4090 3202 4155 sit,
3236 4097 3297 4144 ut
3326 4091 3378 4145 in
3408 4104 3672 4147 carcerem

2087 4175 2209 4229 talis
2234 4175 2464 4232 introeat
2486 4176 2839 4243 christianos,
2888 4181 3061 4249 qualis
3090 4181 3218 4237 inde
3249 4183 3541 4254 prodiwet;
3565 4199 3677 4239 non

2086 4276 2298 4337 prunam
2356 4268 2462 4325 illic
2494 4284 2769 4340 passurus,
2798 4273 2894 4330 sed
2940 4274 3308 4347 disciplinam;
3346 4293 3437 4333 nec
3483 4278 3672 4334 sreculi

2087 4368 2373 4428 tormenta,
2433 4363 2529 4419 sed
2559 4364 2757 4432 cilicia,
2811 4378 2984 4438 eoque
3040 4368 3293 4426 fidentior
3335 4380 3673 4442 pmessurus

2081 4454 2149 4509 ad
2188 4464 2466 4513 certamen
2494 4472 2527 4514 e
2556 4460 2800 4515 custodia
2827 4462 3029 4517 abusus
3068 4464 3199 4519 nihil
3234 4465 3439 4521 habens
3470 4466 3663 4531 carnis,

2081 4548 2161 4605 sic
2198 4560 2259 4604 ut
2304 4562 2407 4607 nec
2454 4551 2686 4609 habeant
2732 4564 2994 4613 tormenta
3028 4560 3346 4628 materiam;
3394 4572 3511 4617 cum
3558 4560 3667 4615 sola

378 4630 629 4695 biberet;
674 4640 840 4703 utque
884 4646 1378 4693 consumuntorum
1421 4654 1485 4696 ac
1532 4642 1810 4702 beatorum
1837 4664 1976 4706 mar-
2000 4635 2059 4702 Β
2083 4650 2135 4698 et
2161 4642 2311 4697 arida
2338 4644 2411 4698 sit
2430 4653 2553 4701 cute
2572 4645 2846 4715 loricatus,
2875 4656 2931 4704 et
2958 4657 3146 4705 contra
3168 4652 3403 4722 ungulas
3428 4665 3663 4718 corneus,

380 4732 559 4795 tyrum
579 4722 842 4816 cadavera
887 4740 997 4782 non
1018 4728 1137 4783 sine
1179 4731 1373 4798 capitis
1411 4733 1493 4787 sui
1542 4736 1781 4805 periculo
1820 4756 1977 4816 sepe-

379 4816 523 4871 liret.
546 4834 566 4868 ›
598 4814 956 4873 Tertullianus
982 4827 1270 4891 aetatulam
1290 4838 1358 4877 se
1378 4824 1452 4879 ait
1474 4826 1712 4884 Ecclesia
1755 4814 1976 4895 omnino

262 4893 269 4900 ’
376 4907 754 4977 abalienasset,
809 4920 864 4966 et
911 4911 1195 4981 abruptius
1239 4914 1499 4973 adversus
1536 4936 1654 4976 eam
1694 4893 1974 4998 disputare

377 5000 650 5070 erupisset,
701 5002 753 5056 in
790 5002 930 5058 libro
972 5003 1041 5057 ad
1086 5003 1353 5077 longi-as
1380 5009 1620 5081 ejusdem
1663 5021 1827 5075 moris
1849 5038 1972 5079 cum

377 5091 535 5148 laude
582 5093 873 5149 meminit:
907 5112 925 5145 t
955 5094 1100 5151 Inter
1116 5090 1317 5156 'carnis
1368 5104 1642 5174 alimenta,
1704 5110 1971 5170 benedicti

374 5195 639 5257 martyres
686 5185 987 5257 designati,
1042 5206 1163 5261 qua:
1218 5194 1370 5252 vobis
1422 5207 1478 5254 et
1532 5200 1748 5258 domina
1802 5215 1975 5263 mater

371 5279 614 5336 Ecclesia
657 5278 727 5334 de
753 5279 1009 5338 uberibus
1034 5287 1145 5342 suis
1168 5296 1222 5344 et
1243 5288 1438 5363 singuli
1469 5291 1663 5351 fratres
1684 5294 1753 5353 de
1781 5299 1972 5369 Opibus

369 5374 483 5430 suis
551 5373 782 5444 propriis
834 5372 887 5431 in
938 5391 1209 5438 carcerem
1266 5386 1708 5456 soluniuistrant,
1790 5395 1971 5463 capite

440 5536 492 5607 (l
503 5537 521 5605 )
561 5538 781 5633 EPUEFM;
798 5547 929 5633 δνβε
955 5546 1111 5633 ἀρχῆς⁵
1130 5553 1159 5602 ὁ
1182 5554 1304 5609 θεὸς
1325 5554 1645 5633 Δἔνιόυνάηιιθιισῑ
1669 5559 1755 5610 ad;
1790 5580 1965 5633 παρεσ-

365 5616 643 5700 κεῦεέσιξτάς
670 5617 927 5700 {recepimus
945 5616 1039 5700 τῶν
1067 5625 1241 5700 ξιτατ(
1258 5629 1491 5700 potant;
1516 5616 1764 5695 percpi-im
1789 5616 1963 5700 ὁμίλο-

362 5698 518 5774 ῒςτῶν
537 5687 784 5774 ἐναγωςή
803 5687 1131 5774 ἀποπληροῦν,
1163 5695 1245 5745 καὶ
1260 5687 1358 5754 ⁷ιι-ἂες
1381 5710 1473 5750 τῶν
1742 5687 1961 5774 mpura-

362 5757 583 5840 2319‘???
625 5764 828 5840 Σιώπῳί
860 5765 947 5840 καί
994 5772 1251 5840 multis):
1281 5774 1533 5837 ιιππτύρων
1563 5757 1655 5827 ἰὖκ
1706 5757 1960 5840 ἀκιδδὺνως

361 5822 579 5886 ixi-citi».
610 5825 764 5902 Apud
786 5822 1014 5901 Eusebi,
1158 5822 1418 5909 Vll,'cap.
1443 5822 1501 5894 ἒ.

2082 4735 2361 4803 prmissa
2384 4736 2494 4804 jam
2528 4738 2805 4809 sanguinis
2834 4753 3019 4808 succo,
3051 4752 3326 4814 tamquam
3352 4745 3536 4800 anima:
3565 4742 3664 4796 imo

2082 4825 2424 4896 pedimentis,
2455 4840 2783 4902 properante
2808 4831 2921 4903 jam
2948 4844 3001 4890 et
3030 4836 3166 4907 ipsa,
3196 4853 3323 4909 qua:
3366 4852 3502 4909 saepe
3523 4814 3662 4907 ᾔειῙαῖ

2079 4933 2234 4985 nans,
2281 4932 2507 4976 mortem
2538 4923 2605 4979 de
2634 4926 2886 4995 proximo
2928 4929 3088 4984 norit.
3123 4943 3159 4983 ι’
3196 4930 3322 4987 Haec
3358 4932 3517 4986 victus
3542 4944 3662 4984 aus-

2078 5013 2283 5077 teritas,
2339 5029 2497 5085 quam
2550 5016 2641 5073 hic
2690 5018 3059 5078 Tertullianus
3114 5037 3181 5079 ex
3232 5025 3661 5080 Montanistarum

2075 5105 2355 5177 disciplina
2410 5108 2686 5177 describit,
2732 5127 2837 5167 non
2890 5114 2978 5169 ltic
3033 5115 3207 5172 solum
3253 5118 3308 5173 in
3361 5126 3658 5174 nostrorum

2077 5208 2372 5269 martyrum
2424 5202 2572 5258 Actis
2614 5203 2803 5261 imllibi
2845 5217 3104 5278 apparet;
3163 5209 3292 5280 quin
3339 5224 3429 5268 eos
3470 5217 3657 5264 contra

2075 5297 2324 5365 appetitis
2386 5297 2617 5355 vidimus
2666 5301 2791 5357 cibo
2831 5312 3071 5374 potuque
3123 5304 3298 5362 libere
3340 5312 3559 5370 utentes,
3603 5311 3660 5358 et

2073 5400 2195 5443 cum
2247 5390 2558 5462 castigatius
2596 5403 2976 5462 tractarentur,
3010 5397 3331 5468 Perpetuam
3366 5397 3660 5455 audivimus

2075 5478 2158 5535 bis
2202 5484 2476 5539 tribunum
2531 5485 2709 5543 verbis
2755 5489 3147 5562 objurgantem,
3188 5496 3347 5566 eique
3373 5502 3545 5551 sancta
3569 5507 3657 5547 se-

2069 5574 2300 5631 curitate
2344 5577 2614 5635 dicentem
2644 5598 2656 5632 :
2694 5599 2713 5632 t
2737 5582 2875 5650 Quid
2907 5585 3089 5655 utique
3130 5600 3238 5642 non
3291 5585 3541 5659 permittis
3566 5601 3655 5640 re-

2066 5667 2324 5740 frigerare
2377 5674 2550 5729 noxiis
2616 5675 2989 5747 nobilissimis,
3029 5678 3256 5737 Cmsaris
3312 5681 3531 5747 scilicet,
3596 5682 3655 5740 et

2139 5852 2218 5927 (1)
2248 5854 2429 5926 Capite
2458 5855 2796 5917 duodecimo.
