3818 6278
113 310 218 366 tos
968 274 1104 356 Ιηιο
1141 299 1237 357 ss.
1278 296 1666 367 pearerua,
1695 297 2106 356 ‘FELICITATE
2146 287 2236 356 ET
2276 289 2510 358 socus.
3294 294 3399 364 me

111 419 300 493 aliquid
342 426 395 474 et
433 431 464 470 a
510 414 664 469 nobis
695 413 836 484 quod
886 413 1041 468 faciat
1069 414 1135 468 ad
1177 415 1433 485 Spiritum
1478 432 1692 486 quoque
1718 416 1772 476 Α
1874 416 1941 470 Χ.
1985 415 2136 470 Nunc
2162 431 2324 484 vero,
2354 417 2598 488 quamvis
2625 417 2754 472 mihi
2779 418 2886 487 jam
2910 417 3092 474 videar
3112 459 3128 485 ,
3161 435 3276 488 quae
3308 436 3403 490 po-

113 515 278 569 natali
306 510 535 582 eiusdem
587 508 945 577 pugnaturis?
985 517 1077 562 aut
1121 525 1228 562 non
1274 518 1363 564 tua
1393 509 1562 579 gloria
1589 520 1691 576 est,
1801 519 1976 565 terant
2030 511 2082 564 in
2129 519 2410 578 utramque
2473 520 2678 580 partem
2723 510 2790 564 de
2835 511 3035 566 nostris
3080 513 3402 581 martyribus

121 609 165 661 si
207 605 500 676 pinguiores
546 601 632 654 illo
683 599 1124 670 producantur?)
1159 599 1292 668 Quae
1319 609 1466 656 certe
1495 602 1692 666 verba,
1797 603 2090 670 disputari,
2143 605 2196 657 in
2242 604 2476 658 medium
2534 604 2821 673 pratulisse
2868 622 2881 658 :
2939 605 3144 659 sustine
3189 617 3397 673 tamen,

125 693 584 771 praeterexcelsam
604 692 770 747 animi
804 693 1145 748 securitatem
1169 703 1223 748 et
1252 693 1693 764 indolem,quam
1799 693 1991 760 lector,
2040 705 2097 749 ut
2151 705 2204 750 te
2263 697 2532 766 paulisper
2581 698 2890 764 detineam,
2950 698 3125 768 quoad
3180 701 3396 768 omnia,

137 807 244 863 prie
269 806 324 845 se
349 789 530 853 ferunt,
553 793 783 840 mentem
811 785 973 839 etiam
1015 785 1294 854 Perpetua:
1325 785 1699 840 demonstrant
1800 788 2059 856 prolixius
2098 787 2319 842 forsitan
2357 789 2664 858 disputata,
2711 791 2811 844 sub
2859 807 3021 845 unum
3063 791 3223 846 veluti
3270 807 3402 846 con-

135 902 164 940 a
204 880 611 940 Montanistarum
644 879 903 932 institutis
930 880 1154 932 omnino
1196 879 1450 942 alienam,
1500 888 1555 934 et
1578 879 1697 934 aliis
1804 887 2045 947 spcctum
2093 895 2321 948 ponam;
2350 891 2404 936 et
2449 883 2726 951 utriusque
2774 883 3044 952 opinionis
3094 884 3398 954 Momenta,

135 994 286 1050 quam
333 973 680 1030 Tertullianus
731 973 1149 1042 cogitationibus
1217 973 1517 1042 praeditam.
1559 973 1698 1041 Quid
1804 984 1908 1027 tam
1936 973 2052 1041 ejus
2082 973 2327 1028 videlicet
2374 989 2496 1044 qurc
2516 985 2730 1029 sanctos
2772 985 3055 1047 martyres,
3092 977 3165 1031 uti
3199 988 3405 1034 monta-

138 1076 268 1128 enim
295 1069 411 1124 adeo
431 1067 762 1122 contrarium
803 1081 963 1136 quam
993 1065 1278 1136 Perpetua:
1305 1077 1359 1120 et
1386 1067 1699 1122 Tertulliani
1803 1065 1968 1121 nistas
2027 1067 2284 1133 traducit,
2349 1083 2510 1137 quam
2568 1069 2684 1138 ejus
2729 1085 2849 1138 qua:
2913 1070 3123 1124 illorum
3169 1073 3404 1140 patroci-

137 1167 227 1222 hac
270 1165 328 1219 de
366 1178 420 1216 re
455 1176 653 1216 sensus
701 1169 757 1214 et
806 1159 1012 1214 verba?
1043 1159 1142 1215 llle
1188 1159 1540 1214 christianum
1590 1162 1703 1216 vult
1802 1161 1946 1214 niani
1972 1162 2235 1229 suscepit,
2268 1176 2433 1230 pauca
2463 1163 2514 1215 in
2537 1163 2698 1216 verba
2727 1162 3028 1229 conferam,
3054 1173 3405 1235 utrorumque

131 1258 190 1312 ad
229 1263 487 1310 certamen:
536 1270 569 1308 e
595 1251 838 1308 custodia
880 1252 1197 1321 procedere,
1249 1252 1380 1306 nihil
1412 1253 1700 1309 habentem
1804 1253 2044 1307 instituta
2075 1255 2498 1322 comparatione.
2524 1255 2628 1310 Sed
2649 1255 2794 1324 prius
2824 1256 2978 1309 nobis
3006 1258 3057 1311 in
3086 1260 3403 1312 meritoriam

123 1350 302 1414 carnis,
345 1347 458 1402 sola
490 1359 545 1402 et
592 1346 740 1400 arida
773 1357 895 1401 cute
924 1346 1228 1411 loricatum,
1277 1346 1552 1416 praemisso
1591 1348 1701 1417 jam
1805 1360 2059 1400 revocare
2087 1346 2375 1412 debemus,
2425 1347 2563 1401 hanc
2591 1363 2748 1400 unum
2793 1362 2913 1403 esse
2939 1361 3004 1403 ex
3049 1349 3153 1402 illis
3183 1360 3405 1404 contro-

126 1444 374 1516 sanguinis
421 1457 611 1506 succo,
662 1457 768 1498 etc.
817 1443 1080 1512 Perpetua
1135 1461 1264 1500 vero
1310 1461 1431 1501 cum
1488 1448 1704 1502 tribuno
1806 1443 2025 1508 versiis,
2068 1442 2136 1496 de
2185 1442 2380 1512 quibus
2431 1445 2696 1498 sententia
2747 1455 2860 1500 toto
2915 1448 3248 1515 pronuntiari
3295 1463 3403 1504 non

128 1539 186 1594 de
214 1540 371 1593 victus
408 1537 672 1592 tenuitate
705 1538 1009 1605 expostulat
1033 1547 1108 1604 et,
1140 1554 1462 1610 quamquam
1490 1541 1636 1596 festiv

1900 1543 2015 1599 est,
2069 1535 2168 1588 nisi
2211 1535 2277 1587 ad
2327 1536 2567 1606 singulas
2615 1546 2801 1604 notas,
2835 1547 2890 1592 et
2938 1553 3128 1594 omnes
3174 1541 3408 1595 circum-

136 1631 202 1685 ait
243 1639 404 1684 tamen
467 1629 802 1698 pinguiorem
842 1630 982 1683 velle
1024 1646 1094 1684 se
1145 1632 1195 1683 in
1251 1632 1704 1702 amphitheatrum
1807 1628 2030 1682 slanlias
2059 1629 2296 1681 animum
2328 1629 2748 1697 adverterimus,
2779 1646 2897 1700 quae
2927 1633 3008 1686 vel
3035 1648 3102 1687 ex
3126 1632 3242 1702 ipsa
3273 1649 3330 1688 re
3357 1634 3410 1689 in

147 1725 362 1795 produci.
391 1723 489 1780 nte
514 1725 818 1779 Catholicos
856 1726 1234 1795 reprehendit,
1266 1729 1410 1798 quod
1450 1730 1703 1794 Pristino,
1813 1720 2176 1787 disrulalim-e
2213 1722 2399 1790 iposila
2448 1723 2712 1787 mimum.
2765 1723 2848 1776 vel
2893 1739 3010 1777 eam
3074 1725 3412 1781 extrinsecus

149 1821 255 1887 ipso
305 1818 563 1872 tribunalis
606 1816 717 1882 die,
776 1818 977 1872 lautius
1024 1820 1328 1874 convivium
1380 1822 1704 1890 paraverint.
1738 1817 1784 1875 Β
1812 1813 2172 1876 comitantur;
2215 1815 2280 1868 de
2318 1815 2514 1884 quibus
2557 1817 2954 1884 sapientissima
2989 1817 3078 1871 illa
3119 1820 3410 1874 constituta

145 1912 374 1982 Perpetua
403 1924 543 1974 vero,
577 1910 816 1980 sociique
841 1922 1122 1982 martyres,
1149 1913 1317 1982 pridie
1343 1931 1500 1984 quam
1522 1916 1708 1971 bestiis
1814 1907 1994 1976 regula
2026 1917 2107 1960 εει
2134 1907 2211 1978 (1)
2252 1926 2263 1959 ε
2291 1909 2432 1976 αυοιΙ
2461 1910 2504 1962 Si
2538 1909 2751 1978 quidem
2779 1924 2968 1967 omnes
2996 1911 3414 1967 Circumstanlim

139 2004 495 2072 objicerenlur,
516 2017 726 2057 ctenam
757 2018 916 2072 quam
946 2003 1168 2058 liberam
1195 2007 1474 2070 vocabant,
1507 2019 1562 2062 et
1588 2024 1707 2078 quae
1813 1999 1945 2052 tales
1974 2009 2096 2052 sunt
2117 2042 2131 2063 ,
2160 1999 2347 2068 quales
2389 2002 2662 2055 rarissime
2710 2002 3055 2057 inveniuntur
3095 2020 3217 2057 cunt
3272 2003 3417 2059 falsi~

127 2100 364 2155 bestiariis
383 2101 686 2156 lautissima
717 2101 1023 2172 parabatur,
1040 2104 1348 2174 neutiquam
1365 2120 1635 2175 respucrul

1905 2106 1919 2146 ξ
1972 2091 2304 2159 conjunctae,
2355 2093 2453 2146 viri
2505 2094 2780 2162 prudentis
2827 2106 2908 2149 est
2974 2098 3299 2167 morigerum
3354 2113 3413 2154 se

185 2193 267 2248 IX.
305 2195 356 2248 In
382 2211 500 2265 quo
525 2211 658 2251 sane
684 2196 1066 2251 catholicorum
1098 2209 1390 2269 martyrum
1419 2211 1693 2258 consuetu-

1909 2185 2051 2239 :bere
2071 2225 2086 2251 ,
2115 2192 2166 2239 et
2189 2201 2470 2241 assensum
2499 2188 2653 2243 facile
2681 2191 3110 2246 accommodare.
3135 2191 3288 2258 Quod
3313 2194 3356 2246 si
3388 2209 3417 2248 e

125 2287 280 2342 dinem
303 2289 479 2342 seu,”
515 2297 671 2356 δυηιν
703 2290 792 2357 qui
828 2289 1003 2342 iiiaios
1043 2290 1145 2344 sibi
1174 2292 1323 2346 cibos
1349 2308 1470 2346 cum
1507 2296 1708 2364 grana-
1811 2287 1999 2332 contra
2030 2281 2109 2333 hac
2133 2281 2556 2336 circumstantia:
2585 2284 2851 2352 ejusmodi
2883 2295 3008 2340 sunt
3037 2299 3156 2356 qua:
3182 2287 3419 2356 saepissi-

124 2394 224 2433 rum
250 2381 459 2434 actione
484 2381 1187 2450 percipereconsueverunt.
1215 2384 1540 2452 Alcibiades,
1572 2401 1709 2442 unus
1813 2388 1897 2427 me
1922 2373 2544 2462 adi'l'icmmufalsnﬂlem
2591 2379 2787 2433 “abem
2807 2422 2822 2446 ν
2856 2382 2995 2434 "lii"
3019 2383 3184 2451 exi8“
3228 2392 3282 2436 υι
3329 2382 3416 2438 νοῙ

125 2486 149 2525 e
185 2473 500 2544 martyribus
528 2471 990 2543 Liigduuensilnm,
1040 2485 1314 2531 austerum
1363 2479 1575 2534 vivendi
1617 2495 1709 2550 ge-
1815 2480 2091 2519 assensum
2121 2476 2362 2521 “DSlI‘um
2393 2470 2765 2536 inhibeamus,
2794 2474 2890 2543 gvel
2922 2485 2978 2528 ut
3001 2473 3186 2529 falsum
3212 2475 3421 2544 judice-

130 2582 244 2634 nus,
283 2567 429 2637 quod
486 2578 772 2637 antequam
823 2584 922 2638 pro
970 2568 1074 2624 fide
1123 2570 1705 2641 eornprehenderetur,
1815 2574 1934 2614 mus
1953 2560 2093 2630 quod
2127 2571 2538 2628 narratur,cnm
2562 2567 2868 2621 nullatenus
2889 2579 3141 2638 appareat
3166 2568 3296 2624 illud
3329 2587 3421 2628 ve-

136 2672 334 2716 sectatns
375 2661 588 2728 fuerat,
635 2664 690 2718 in
729 2677 947 2717 carcere
975 2662 1261 2717 retinebat.
1313 2663 1496 2719 Attalo
1529 2675 1644 2720 ante

1919 2667 2091 2718 resse,
2115 2656 2355 2724 quamvis
2371 2656 2586 2712 aliunde
2625 2659 2752 2728 quin
2775 2659 2891 2714 fieri
2914 2663 3145 2729 potuerit
3178 2663 3423 2722 absolute

137 2771 219 2824 per
242 2755 490 2810 visionem
516 2765 795 2810 ostensum
823 2766 904 2810 est
923 2797 939 2820 ,
973 2771 1081 2808 non
1119 2763 1264 2810 recte
1317 2772 1491 2826 neque
1521 2757 1637 2812 ordi

1909 2761 1918 2798 I
1951 2757 2239 2817 repugnet,
2268 2757 2357 2801 aut
2383 2750 2542 2803 etiam
2572 2765 2762 2818 reapse
2791 2750 2986 2806 faetum
3029 2767 3135 2808 non
3167 2767 3322 2821 esse,
3352 2773 3417 2816 ea

143 2848 294 2903 facere
333 2847 705 2913 Alcibiadem,
761 2845 903 2918 quod
955 2846 1092 2902 duro
1139 2848 1231 2901 illo
1274 2859 1329 2903 et
1383 2860 1601 2904 auslero
1656 2859 1712 2905 et
1815 2843 2136 2897 certitudine
2166 2857 2269 2897 non
2295 2853 2525 2910 constet,
2555 2859 2714 2915 quam
2743 2847 3164 2918 metaphysicam
3203 2863 3421 2919 vocant,

147 2942 379 3011 singulari
413 2943 528 2996 vim
571 2956 772 3012 genere
813 2951 1074 2997 uteretur,
1107 2941 1293 2997 Testes
1325 2943 1483 3012 hujus
1513 2944 1589 2998 rei
1619 2943 1715 2996 ha-
1816 2945 1868 2988 et
1915 2949 2017 3004 qua
2075 2938 2466 2992 mathematica:
2531 2938 2812 2993 facultates
2863 2940 3113 3009 gaudent.
3176 2943 3422 3001 Hominis

147 3034 309 3089 bemus
331 3036 483 3106 longe
503 3037 887 3108 gravissimos,
933 3035 1322 3106 Lugdunenses
1365 3037 1512 3106 ipsos
1553 3047 1714 3108 atque
1818 3027 1958 3080 enim
2011 3028 2488 3096 ίῐηρτυάθηιίεείίηί
2535 3039 2590 3086 ei
2617 3032 2814 3086 ""“ius
2848 3032 3035 3102 Ῑυάίοίί
3077 3046 3248 3104 θεεειν
3278 3039 3450 3107 eius“

145 3125 444 3183 Viennenses
475 3129 527 3182 in
561 3127 846 3199 Encyctica
887 3127 953 3182 de
982 3129 1240 3198 martyrio
1281 3143 1530 3193 suorum,
1573 3129 1714 3198 apud
1821 3123 1962 3176 modi
2003 3123 2322 3178 evidentiam
2352 3134 2405 3179 et
2439 3125 2814 3180 certitndinem
2855 3131 3128 3197 requirere
3169 3132 3218 3183 in
3261 3133 3422 3187 rebus

134 3219 445 3287 Eusebium,
501 3220 729 3291 epistola
783 3218 864 3293 (l)
921 3240 934 3275 :
1010 3239 1028 3273 ‹
1086 3222 1393 3278 Alcibiades
1460 3224 1710 3294 quidam,
1742 3215 1786 3278 C
1822 3217 2284 3288 contingentibus,
2326 3229 2380 3273 et
2408 3221 2822 3288 particularibus
2851 3220 3037 3288 factis,
3071 3238 3190 3294 qua:
3224 3225 3274 3278 in
3307 3227 3424 3280 his-

134 3330 250 3368 UUIIS
275 3331 340 3368 ex
374 3315 587 3369 illorum
627 3327 924 3386 martyrum
954 3331 1202 3382 numero,
1255 3317 1450 3372 durum
1481 3328 1533 3374 et
1558 3333 1719 3388 squa-
1824 3313 1976 3367 toriis
2003 3320 2307 3372 narrantur,
2333 3321 2389 3366 et
2417 3315 2693 3367 hominum
2727 3315 3074 3382 testimoniis,
3105 3325 3160 3372 et
3193 3317 3297 3373 fide
3325 3317 3426 3373 hu-

128 3407 275 3462 lidum
307 3408 526 3463 vivendi
554 3423 726 3477 genus
770 3409 1108 3475 sectabatur;
1159 3410 1469 3481 nullumque
1499 3413 1720 3468 omnino
1824 3419 1978 3460 mana
2008 3405 2266 3459 Ιιὶιιιιιιυνο

128 3501 291 3556 cibnm
321 3501 652 3566 admittens,
704 3502 822 3556 solo
873 3518 1008 3572 pane
1059 3513 1113 3558 et
1157 3519 1292 3574 aqua
1336 3505 1404 3560 ad
1452 3506 1504 3560 id
1553 3520 1722 3576 usque
1899 3498 1990 3551 “is
2018 3497 2234 3567 Ροείῐίει
2269 3509 2581 3569 argumenta
2612 3498 3000 3570 Bﬂsnagiicum
3035 3502 3232 3557 “OSlris
3263 3518 3421 3574 argu-

131 3593 377 3662 temporis
403 3593 543 3648 vesci
575 3606 946 3649 consueverat.
975 3596 1217 3666 Cumque
1251 3598 1300 3651 in
1332 3613 1548 3653 carcere
1582 3600 1723 3668 posi-
1827 3595 2051 3659 mentis,
2096 3593 2333 3648 rationes
2364 3603 2484 3648 cum
2531 3595 2827 3649 rationibus
2865 3595 3227 3652 conferamus.
3261 3599 3427 3669 Equi

132 3694 206 3738 tus
232 3685 480 3741 eamdem
513 3686 724 3741 vivendi
763 3689 1024 3743 rationem
1052 3691 1213 3746 vellet
1243 3693 1478 3748 retinere
1499 3735 1511 3758 ,
1540 3692 1724 3749 Attalo
1827 3699 2002 3743 autem
2031 3688 2416 3758 prudentisque
2441 3689 2658 3743 lectoris
2685 3690 2788 3742 erit
2837 3690 2886 3743 ei
2938 3705 3154 3744 causam
3210 3691 3425 3761 adiudi-

135 3789 242 3848 post
269 3783 500 3850 primum
521 3821 538 3846 ,
567 3781 707 3850 quod
738 3783 789 3836 in
811 3783 1205 3853 amphitheatro
1229 3787 1532 3842 coniecerat
1551 3797 1724 3842 certa-
1828 3797 1951 3836 care
1969 3822 1984 3848 ,
2011 3783 2162 3850 cujus
2189 3781 2421 3835 rationes
2443 3781 2743 3846 rarissime,
2769 3791 2864 3836 aut
2887 3783 3076 3838 saltem
3105 3786 3277 3839 rarius
3297 3801 3420 3841 cum

137 3888 278 3938 mea,
309 3873 604 3928 revelatum
635 3884 748 3940 est,
801 3891 904 3928 non
932 3888 1081 3932 recte
1130 3893 1302 3948 neque
1331 3879 1518 3934 ordine
1547 3880 1727 3936 facere
1832 3875 2065 3930 falsitate
2090 3877 2392 3945 conjunctae
2419 3885 2563 3939 sunt,
2595 3891 2752 3947 quam
2777 3892 2896 3948 quae
2925 3893 2994 3933 ex
3022 3879 3245 3935 adverSa
3275 3889 3428 3951 parte

137 3965 495 4031 Alcibiadem,
531 3967 620 4037 qui
676 3977 731 4022 et
771 3970 1032 4024 creaturis
1072 3970 1166 4025 Dei
1207 3973 1426 4027 minime
1463 3984 1724 4041 uteretur,
1835 3971 2216 4040 producuntur.
2245 3971 2311 4025 Et.
2331 3973 2582 4041 quoniam
2620 3988 2740 4026 cum
2780 3976 3017 4029 externis
3059 3985 3169 4030 tum
3204 3977 3428 4033 internis

143 4069 188 4112 et
210 4058 328 4113 aliis
352 4061 653 4130 exemplum
693 4061 936 4116 scandali
963 4061 1132 4118 fieret.
1163 4063 1344 4118 Paruit
1380 4066 1556 4136 itaque
1587 4065 1730 4121 Alci-
1832 4062 2161 4132 argumentis
2191 4066 2439 4132 utrinque
2467 4074 2755 4134 pugnatum
2779 4075 2898 4121 est:
2929 4077 3273 4124 externorum
3303 4085 3428 4125 cum

149 4150 339 4218 biades,
355 4161 407 4208 et
425 4155 632 4209 cunctis
657 4154 1078 4226 deincepscibis,
1111 4160 1412 4227 promiscue
1440 4162 1514 4215 uti
1543 4162 1727 4232 coepit,
1827 4156 2105 4221 externis,
2136 4163 2191 4210 et
2220 4157 2548 4211 internarum
2593 4169 2712 4210 cum
2770 4157 2834 4211 iis
2871 4173 2990 4228 quae
3034 4172 3158 4215 sum
3187 4162 3430 4230 ejusdem

150 4249 338 4314 gratias
359 4264 517 4318 agens
548 4250 678 4306 Deo.
707 4251 893 4321 Neque
916 4253 1058 4306 enim
1079 4253 1258 4308 divina
1279 4256 1448 4324 gratia
1472 4270 1566 4310 eos
1598 4272 1733 4326 pm.
1835 4250 2076 4321 generis,
2133 4251 2474 4305 collationem
2532 4251 2892 4305 instituemus.
2943 4253 3096 4318 Quod
3143 4254 3209 4307 ad
3252 4256 3430 4323 priora

159 4342 319 4392 scotia
360 4355 449 4394 sua
485 4342 853 4410 destituerat;
909 4345 1003 4400 sed
1054 4348 1418 4404 consultorem
1468 4349 1735 4406 habebant
1839 4345 1926 4398 illa
1961 4344 2223 4412 pertinet,
2260 4344 2372 4397 sive
2399 4353 2653 4408 externa,
2700 4343 2877 4396 nullus
2922 4344 3169 4413 equidem
3209 4346 3436 4417 dubito,

167 4430 404 4501 Spiritum
424 4446 685 4493 sanctum.
723 4457 743 4489 ι
778 4439 912 4493 Huic
948 4440 1127 4510 itaque
1157 4441 1330 4495 eidem
1360 4443 1581 4512 Spiritui
1611 4457 1736 4498 ηοε-
1838 4435 1964 4506 qui"
1989 4435 2137 4502 jUW‘
2184 4434 2421 4504 regillam
2472 4434 2732 4504 Ροείιπηὶν
2783 4444 2836 4488 ei
2882 4437 3182 4505 θθβίίηιῑιιῐη
3231 4440 3440 4497 calculo

171 4524 236 4578 tri
288 4540 518 4601 martyres
565 4546 776 4586 morem
832 4544 1121 4602 gerentes,
1186 4549 1524 4591 communem
1585 4539 1678 4593 illo

1930 4527 2262 4597 nprobatam,
2296 4525 2472 4592 nobis,
2508 4541 2601 4580 seu
2631 4527 2807 4596 potius
2836 4532 3036 4583 sanctis
3073 4531 3438 4604 martyribus,

163 4633 314 4688 quem
338 4620 587 4692 diximus,
620 4625 1005 4696 vulgaremque
1036 4628 1157 4681 vitae
1200 4627 1416 4682 modum
1439 4671 1453 4695 ,
1482 4631 1641 4684 etiam
1682 4632 1735 4684 in
1761 4619 1814 4678 D
1842 4635 1998 4676 causa
2031 4621 2381 4691 adjudieanda
2427 4622 2521 4675 sit.
2552 4620 2682 4675 Nam
2710 4635 2831 4692 qua:
2854 4622 2921 4678 de
2949 4633 3255 4681 nostrorum
3296 4642 3442 4681 mar-

168 4712 410 4784 Vinculis,
439 4728 799 4789 usurparunt,
848 4720 916 4774 ab
953 4735 1015 4774 ea
1047 4719 1257 4774 vivendi
1303 4723 1510 4777 ratione
1553 4735 1740 4792 aperte
1844 4724 2018 4784 lyram
2047 4721 2192 4767 recta
2227 4712 2330 4767 fide
2373 4712 2630 4767 habemus
2660 4722 2885 4768 externa
2932 4716 3265 4782 testimonia,
3299 4718 3448 4786 ejus-

167 4802 430 4874 diversum,
459 4817 615 4882 quem
645 4812 759 4868 suis
780 4811 1114 4868 Montanium
1142 4814 1467 4885 martyribus
1493 4815 1743 4885 prieseri-
1844 4804 1987 4860 modi
2029 4815 2186 4872 sunt,
2229 4816 2287 4860 ιιι
2316 4807 2560 4876 quamvis
2605 4819 2770 4860 unum
2827 4817 2920 4860 aut
2991 4809 3217 4863 alterum
3244 4809 3446 4865 faltere

167 4910 386 4967 pserunt.
1844 4896 2041 4968 possit,
2076 4907 2168 4951 aut
2193 4897 2478 4968 aliquando
2512 4897 2674 4952 etiam
2710 4896 2991 4963 fefellerit,
3024 4900 3203 4954 omnia
3233 4910 3409 4956 utnien
3431 4941 3449 4967 ,

1847 5004 1952 5043 non
1981 4989 2155 5044 dicant
2202 4991 2496 5055 rarissime,
2539 4991 2630 5045 sed
2687 5006 2972 5061 numquam
3033 4993 3254 5049 omnino
3301 4994 3454 5049 inve—

243 5083 308 5154 (Ι)
341 5081 623 5144 Ᾱὶκσειᾶδου
671 5097 766 5160 γάρ
815 5113 943 5152 τινος
991 5095 1042 5156 ἐξ
1095 5094 1270 5156 atinas,
1321 5094 1447 5144 πάνυ
1496 5093 1745 5160 αὐχμηρὸν

1947 5092 2070 5136 ntur
2094 5097 2214 5136 cum
2245 5082 2476 5138 falsitate
2494 5083 2798 5152 conjuncta.
2816 5084 2998 5154 Neque
3032 5085 3173 5140 enim
3199 5087 3452 5157 martyris

174 5162 367 5244 ξιοξντος
394 5172 518 5231 βίον,
548 5167 629 5216 καὶ
671 5167 867 5230 μηδενδς
890 5168 1000 5222 ὅλως
1027 5171 1251 5234 ’προτέρω
1298 5165 1682 5232 μεταλαμβάνον·

1940 5176 2108 5246 :ujus,
2162 5187 2252 5230 aut
2304 5176 2631 5231 coxifcssoris
2678 5177 2860 5230 alferri
2904 5188 3078 5246 potest
3106 5180 3448 5248 exemplum,

1855 5284 2012 5339 quem
2045 5269 2281 5323 Ecclesia
2315 5270 2365 5322 in
2413 5277 2718 5322 sanctorum
2750 5269 2928 5322 albani
2977 5287 3072 5336 ea,
3099 5285 3207 5340 qna
3249 5272 3453 5342 Perpe-

180 5372 196 5381 ι
275 5361 282 5365 .
353 5361 359 5370 .
441 5361 458 5375 ,.
717 5361 731 5376 ,
816 5361 826 5370 ,
1035 5361 1043 5375 .
1077 5361 1086 5374 .
1151 5361 1156 5362 γ
1396 5361 1404 5375 .
1609 5361 1621 5374 .

180 5387 226 5443 ἢν
244 5374 282 5443 ἐξ
303 5385 363 5439 τῷ
385 5381 680 5447 ἀμφιθεάτρῳ
703 5389 880 5443 ἤνυσεν,
905 5383 1233 5448 ἀπεκαλίφθη,
1251 5384 1327 5432 ὃτι
1339 5387 1408 5444 μί
1425 5386 1624 5438 tta-153:7?
1630 5399 1648 5428 ο
1660 5397 1688 5428 ιε

1951 5379 2000 5415 ιιι
2033 5363 2313 5432 sociosque
2344 5370 2626 5430 martyres,
2661 5361 2974 5417 celebritate
3000 5405 3013 5426 ,
3057 5363 3334 5430 retulerit,
3364 5365 3454 5435 qui

184 5451 520 5525 ῗΝΑλκιϐιᾶδης
567 5461 639 5517 μῆ
688 5459 918 5518 χρώμενος
957 5455 1054 5512 τοῖς
1095 5461 1322 5518 κτίσμασι
1358 5460 1441 5504 τοῦ
1487 5455 1626 5525 βιοῦ,
1672 5473 1692 5500 κ

1950 5455 2051 5510 nde
2081 5465 2199 5525 post
2226 5453 2528 5523 quindecim
2577 5451 2644 5507 ab
2685 5453 2801 5524 ejus
2827 5455 2973 5508 Oliitn
3020 5455 3215 5510 sarcula
3255 5474 3281 5509 a
3315 5468 3458 5514 recta

193 5515 472 5572 ἀλλςιςτόπιν
497 5525 755 5573 σχγνῖἇὶου
779 5523 1166 5587 ὑπολειπόμενος⁹
1183 5526 1381 5582 πεισθεὶς
1406 5523 1452 5571 δὲ
1473 5513 1698 5573 Ᾱλκιϐιέιδ

197 5586 358 5628 ﬂint.“
373 5591 526 5628 ἀδελ-ἲς..
556 5598 872 5628 ιιι-ρῖἆηέκαρ
923 5601 1002 5628 ..ριὶ
1033 5597 1306 5628 ιμθιυμιιέρρρ.
1339 5603 1402 5628 -ίί
1419 5598 1519 5628 ﬂeti
1545 5607 1557 5621 ⁸
1596 5594 1647 5628 ιλ
1669 5615 1701 5628 Ἠ

1953 5563 1964 5601 ε
1995 5556 2242 5616 repertus
2285 5543 2444 5598 fuerit
2488 5543 2714 5598 alienos.
2745 5546 2920 5611 Quare
2951 5547 3285 5615 prudentiam
3329 5549 3461 5603 Bas-

201 5593 526 5660 ῗίντωνάνιδθν
549 5598 892 5657 mei-inme.
923 5601 1002 5644 καὶ
1033 5597 1309 5660 ηὒκαρίστει
1419 5598 1557 5659 Θεῷ·
1596 5594 1647 5644 οὗ
1669 5597 1759 5659 γάρ
1861 5593 2010 5660 ῗῗζῖςξ
2026 5593 2444 5660 Ἱῖἶζεῗῖζζζῖξξ
2489 5593 3457 5660 "1:1.“If.{:__‘}LT"::_TZ.

207 5649 218 5663 ,
549 5639 892 5657 r‘--"*'r""'v
923 5639 1000 5644 --τη
1035 5639 1309 5660 'I'I.“r""'
1347 5639 1508 5659 '1'".
1599 5639 1642 5644 τ’
1674 5639 1703 5654 I‘

195 5667 495 5732 αγετῐσιεπτοι
519 5669 708 5730 χάριτος
731 5672 850 5717 Θεοῦ
873 5668 1008 5725 ἦσαν,
1043 5669 1165 5717 οἱ).λά
1187 5673 1238 5720 τὸ
1266 5670 1454 5730 Πνεῦμα
1480 5672 1532 5717 τὸ
1556 5664 1688 5732 ἅγιον

1953 5642 2002 5710 iii
2047 5639 2447 5706 desideramus,
2507 5651 2629 5692 cum
2670 5639 2737 5694 ad
2781 5639 3152 5694 extenuandas
3197 5641 3461 5711 propositi

197 5727 426 5804 uesania»
490 5727 666 5804 αἰτεῖς.
727 5733 879 5804 Apud
967 5734 1305 5803 Euscbimn.,
1380 5727 1475 5789 in».
1524 5727 1756 5787 V'msz.

200 5789 402 5868 Eccles.,
424 5816 538 5875 cap.
565 5789 640 5858 3f
777 5789 789 5804 ⁵
1063 5789 1068 5790 ί
1180 5789 1184 5790 ⁷
1271 5789 1305 5803 ⁷’
1937 5800 2016 5875 (Ι)
2047 5797 2164 5856 Vid.
2189 5797 2367 5872 Logic.
2401 5799 2515 5857 sive
2542 5798 2604 5855 de
2635 5799 2756 5857 Arte
2776 5799 2938 5875 Cogit,
2961 5807 3098 5873 part.
3121 5815 3195 5872 1v,
3216 5812 3334 5874 cap.
3367 5799 3460 5876 15,
