3818 6278
385 338 490 394 167

1529 325 1967 388 ΒΙΞΞΕΒΤΛΤΙΟ

2085 320 2496 380 ?0LOGETIC.\
3601 327 3668 385 163

383 453 691 526 argumenti
719 451 860 508 vires
889 448 1138 519 exempla
1172 447 1375 503 indicat
1407 447 1761 518 quorumdam
1802 444 1982 499 haere-
2012 444 2064 503 Α
2092 442 2285 495 bonam
2321 454 2600 510 possemus
2645 447 2700 494 et
2741 441 2792 494 in
2838 439 3032 494 malam
3067 449 3273 510 partem
3323 441 3666 512 interpretari,
3723 439 3738 496 l

336 549 342 556 '
384 547 647 611 ticorum,
675 559 902 616 quorum
951 543 1168 597 nomina
1197 541 1248 596 iu
1290 557 1385 597 sua
1429 540 1806 612 martyrologia
1865 537 1984 609 qui-

387 638 509 693 dam
542 639 797 692 horumce
831 650 1055 706 operum
1107 633 1520 689 concinnatores
1547 632 1753 703 privato
1779 629 1983 700 judicio

385 732 698 788 retulerunt.
745 729 826 783 Ad
881 737 1255 800 argumentum
1313 730 1456 784 enim
1507 725 1978 789 labefactandam,

384 825 525 895 quod
553 839 618 877 ex
642 821 854 892 publico
883 831 937 878 et
965 821 1273 886 universali,
1298 830 1350 876 et
1380 837 1475 890 per
1502 831 1579 874 t0t
1605 818 1800 873 saecula
1829 832 1984 871 nunr

391 931 548 987 quam
582 916 886 984 interrupto
927 925 1235 970 sanetorum
1290 913 1433 969 cultu
1463 912 1765 974 conficitur,
1811 909 1983 963 lucre-

382 1011 518 1064 ticus
544 1007 743 1078 aliquis
771 1009 821 1061 in
855 1007 1089 1062 medium
1121 1005 1309 1061 fuisset
1339 1003 1715 1066 adducendus,
1746 1001 1901 1072 cujus
1929 1003 1981 1055 in

380 1102 620 1158 Ecclesia
651 1100 828 1156 cultus
858 1115 964 1156 non
1022 1100 1198 1155 minus
1251 1099 1412 1168 fuerit
1465 1113 1622 1166 quam
1676 1105 1982 1150 nostrorum

384 1208 680 1268 martyrum
744 1195 1115 1266 pcrvulgatus.
1151 1193 1372 1264 Magnus
1402 1188 1729 1245 Athanasius
1758 1187 1812 1242 in
1839 1186 1982 1257 epis-

385 1295 497 1351 tota
521 1296 852 1367 apologetiea
902 1308 1001 1364 pro
1047 1301 1235 1345 sancto
1286 1285 1540 1354 Dionysio
1570 1284 1723 1339 Alex.
1773 1281 1838 1336 ad
1867 1281 1984 1351 ejus

381 1389 757 1445 orthodoxiam
785 1386 1047 1442 adversus
1074 1382 1307 1439 Ariauos
1334 1377 1728 1440 vindicandam,
1755 1375 1856 1429 hoc
1882 1376 1984 1429 im-

381 1483 570 1554 primis
609 1483 776 1536 utitur
802 1485 1156 1550 argumento,
1184 1473 1326 1543 quod
1355 1486 1603 1541 maguum
1656 1480 1710 1524 et
1758 1467 1984 1524 eviden-

380 1577 648 1632 tissimum
674 1574 948 1631 existimat
970 1568 1048 1643 (1)
1078 1587 1091 1622 :
1126 1587 1145 1622 ‹
1179 1566 1350 1636 Magni
1375 1573 1523 1620 certe
1548 1561 1852 1632 argumenti
1876 1569 1981 1625 est,

383 1673 438 1725 in
469 1669 574 1725 hoc
604 1668 729 1724 illos
754 1681 884 1722 vere
923 1679 1032 1720 non
1080 1661 1283 1722 dicere.
1316 1657 1414 1713 sed
1443 1656 1616 1712 virum
1643 1653 1982 1720 calumniari,

381 1761 521 1832 quod
556 1776 653 1816 nec
680 1759 773 1814 ille
799 1769 1050 1826 umquam
1079 1752 1147 1807 ab
1181 1750 1301 1805 aliis
1341 1747 1608 1819 episcopis
1633 1745 1985 1816 deprehensae

2090 533 2197 589 Sed
2243 533 2331 587 ubi
2366 533 2710 588 inveniuntur
2758 548 2880 587 cum
2929 534 3212 588 sanctitate
3259 542 3314 589 ct
3355 533 3668 604 simplicitate

2089 628 2230 690 vitm,
2251 643 2372 682 cum
2397 627 2738 684 miraculiset
2757 627 3128 682 vaticiniorum
3158 637 3354 682 eventu
3387 627 3668 699 conjuncta,

2085 719 2228 772 ratio
2276 718 2510 788 postulat
2549 729 2608 773 ut
2635 733 2695 773 ea
2728 717 2782 772 in
2814 727 3046 788 partem,
3079 717 3255 789 quoad
3300 720 3417 774 fieri
3464 720 3668 790 poterit,

2085 811 2350 882 optimam
2389 813 2738 872 accipiamus.
2769 811 2836 865 Et
2866 813 2989 866 hinc
3033 820 3409 882 argumentum
3448 808 3667 882 exsistit,

2084 918 2149 958 ex
2181 919 2287 972 quo
2315 904 2662 959 adversarius
2693 905 2838 959 nulla
2859 945 2873 968 ,
2927 915 2982 958 ut
3030 904 3158 959 mihi
3187 905 3400 961 videtur
3422 947 3436 970 ,
3493 905 3668 964 ratione

2085 997 2255 1065 possit
2280 997 2530 1052 evadere.
2565 998 2672 1052 Aut
2699 999 2842 1053 enim
2870 997 2936 1053 iis
2963 1014 3083 1069 qua:
3110 999 3176 1055 de
3218 1010 3533 1055 nostrorum
3569 1016 3668 1057 inar—

2087 1101 2262 1162 tyruin
2290 1093 2606 1160 virtutibus,
2659 1093 2990 1164 prephetiis,
3039 1101 3094 1149 et
3143 1095 3417 1151 miraculis
3449 1096 3504 1151 in
3559 1096 3668 1154 Actis

2084 1184 2412 1252 referuntur,
2447 1185 2606 1242 fidem
2653 1187 3058 1252 accommodat,
3090 1196 3182 1242 aut
3222 1188 3400 1257 potius
3447 1190 3667 1260 abrogat.

2085 1277 2138 1332 Si
2169 1278 2325 1332 fidem
2359 1277 2582 1346 habeat,
2616 1280 2670 1333 in
2704 1288 2818 1335 tuto
2847 1280 3088 1349 profecto
3113 1287 3196 1336 est
3221 1290 3528 1336 sanctorum
3555 1297 3670 1338 mar-

2088 1382 2263 1444 tyrum
2297 1372 2651 1439 orthodoxia;
2695 1390 2817 1429 cum
2860 1390 2938 1430 ea:
2969 1377 3217 1440 virtutes,
3251 1378 3304 1430 in
3335 1377 3537 1447 quibus
3565 1377 3670 1432 nihil

2088 1465 2345 1531 fucatam,
2378 1466 2508 1520 nihil
2550 1467 2912 1524 adulterinum
2952 1478 3222 1538 repertum
3249 1479 3349 1533 est,
3381 1469 3521 1524 nihil
3557 1470 3673 1526 deni-

2087 1574 2190 1628 que
2220 1576 2314 1627 per
2343 1560 2742 1617 simulationem
2773 1573 2828 1616 et
2859 1562 3186 1634 bypocrisim
3211 1572 3445 1634 gestum,
3495 1579 3568 1619 ea
3607 1567 3672 1619 mi-

2088 1655 2287 1719 racula,
2345 1670 2422 1708 ere
2478 1656 2796 1726 prophetiae,
2833 1657 2888 1711 in
2942 1658 3249 1729 btereticosf,
3273 1668 3550 1731 martyres
3603 1677 3671 1718 nou

2087 1748 2453 1814 conveniant;
2509 1750 2680 1804 multo
2733 1761 2912 1807 autem
2971 1753 3150 1808 minus
3200 1753 3252 1807 in
3304 1753 3669 1825 Montanistas,

379 1851 668 1923 impietatis
693 1849 978 1904 damnatus
997 1887 1014 1914 ,
1047 1843 1361 1914 episcopatu
1388 1839 1576 1910 pulsus
1604 1838 1708 1902 sit,
1750 1847 1808 1890 ut
1847 1837 1918 1890 illi
1951 1851 1984 1891 e
2013 1848 2060 1907 Β
2088 1854 2206 1907 qua:
2235 1841 2284 1892 in
2317 1841 2464 1895 Actis
2495 1842 2782 1910 habentur,
2811 1844 2878 1898 ab
2903 1859 3092 1899 eorum
3124 1843 3389 1916 dogmatis
3409 1889 3422 1902 .
3452 1858 3510 1900 et
3540 1847 3667 1902 disci-

381 1945 544 2002 Clero
609 1942 775 2018 ejecti.
816 1947 988 2004 sunt;
1057 1949 1233 2006 neque
1285 1932 1511 1987 haeresis
1582 1927 1986 1999 propugnanda:

381 2051 542 2092 causa
593 2033 879 2090 secesserit
918 2030 987 2085 ab
1018 2026 1294 2091 Ecclesia;
1323 2023 1419 2078 sed
1452 2023 1507 2077 in
1555 2021 1644 2075 illa
1678 2021 1764 2090 pie
1791 2019 1988 2074 obdor-

382 2131 582 2197 mierit,
614 2129 839 2200 ejusque
867 2123 1129 2181 memoria
1159 2121 1419 2176 hactenus
1445 2132 1568 2172 cum
1609 2115 1848 2184 patribus
1889 2129 1984 2168 ce-

386 2227 592 2283 lebrata
618 2264 632 2284 .
665 2231 720 2278 et
745 2235 852 2276 una
881 2220 934 2273 in
959 2217 1141 2272 album
1171 2213 1340 2269 relata
1371 2211 1460 2266 sit.
1488 2209 1544 2264 Si
1573 2209 1714 2264 enim
1757 2205 1944 2263 eadem
1968 2247 1982 2271 ,

377 2335 498 2391 quae
524 2317 621 2382 illi,
651 2315 932 2377 sensisset,
967 2317 1059 2363 aut
1088 2307 1135 2361 si
1177 2305 1504 2376 scriptorum
1551 2315 1776 2356 suorum
1820 2299 1985 2353 ratio-

381 2430 506 2471 nem
537 2427 643 2467 non
673 2405 1037 2467 reddidisset;
1067 2400 1290 2456 minime
1324 2397 1547 2453 dubium
1581 2437 1594 2459 ,
1627 2392 1982 2465 quimeadem

382 2509 608 2571 fuisset,
654 2517 757 2574 qua
794 2501 901 2564 illi,
949 2511 1107 2568 paena
1140 2491 1474 2565 plectendas.
1516 2509 1535 2542 ι
1574 2489 1656 2543 Att
1699 2489 1801 2542 hoc
1822 2487 1984 2542 etiam

382 2597 658 2657 Athanasii
687 2609 785 2666 pro
812 2589 1067 2662 Dionysio
1094 2593 1470 2658 argumentum
1501 2581 1689 2652 frigida
1728 2581 1828 2635 hac
1857 2581 1986 2636 Bas-

383 2692 569 2763 nagius
599 2686 952 2758 reSponsione
978 2681 1262 2743 diluisset,
1295 2676 1439 2748 quod
1469 2674 1708 2730 bwretici
1745 2671 1985 2742 episcopi

385 2783 674 2856 aliquando
697 2781 751 2836 in
775 2775 1161 2850 martyrologia
1179 2816 1194 2841 ,
1225 2781 1317 2828 aut
1334 2787 1489 2828 sacra
1511 2769 1562 2825 di
1571 2779 1725 2840 ptyca
1749 2768 1986 2837 irrepse-

381 2879 536 2936 rint?
566 2877 658 2932 Na:
683 2874 836 2930 futile
893 2882 949 2928 et
1000 2883 1224 2942 prorsus
1266 2866 1542 2936 indignum
1572 2864 1688 2917 viro
1736 2860 1985 2931 prudenti

380 2985 697 3044 responsum
729 2969 744 3022 ι
777 2966 1028 3034 Quinimo
1073 2961 1380 3031 exemplum
1425 2955 1765 3014 statuendum
1797 2954 1986 3009 fuisset

380 3068 435 3122 in
467 3065 720 3128 homine,
753 3059 808 3114 in
853 3072 1014 3129 quem
1063 3054 1179 3108 hazc
1225 3051 1404 3107 omnia
1448 3048 1611 3104 simul
1641 3046 1980 3102 orthodoxae

381 3160 574 3216 indicia
605 3153 996 3218 convenerint,
1027 3149 1118 3216 qui
1145 3157 1322 3202 tamen
1348 3153 1468 3214 post
1498 3141 1728 3211 plurium
1769 3140 1835 3194 ab
1865 3139 1984 3206 ejus

2091 1929 2234 2000 plina
2259 1973 2274 1997 ,
2309 1943 2363 1986 ut
2404 1933 2771 2001 ostendimus,
2817 1947 3072 2006 perquam
3099 1937 3296 1992 aliena.
3348 1937 3416 1991 Et
3446 1947 3612 2004 tunc,
3637 1949 3671 1996 ut

2090 2024 2236 2090 disi,
2293 2028 2430 2081 ratio
2480 2028 2754 2094 postulat,
2807 2037 2866 2083 ut
2911 2031 3148 2086 visiones
3191 2039 3247 2086 et
3295 2033 3670 2101 revelationes,

2090 2119 2540 2188 quemadmodum
2572 2129 2628 2176 et
2669 2137 2699 2175 a
2729 2122 2918 2187 nobis,
2966 2131 3021 2177 et
3060 2132 3186 2178 ante
3229 2139 3326 2178 nos
3364 2140 3395 2178 a
3437 2125 3565 2179 divo
3595 2127 3670 2180 Au-

2089 2214 2302 2282 gustino
2341 2224 2398 2268 et
2437 2214 2505 2269 ab
2543 2215 2661 2269 aliis
2689 2215 2832 2269 veris
2877 2214 3204 2272 doetissimis
3251 2217 3449 2272 factum
3504 2220 3669 2284 est,in

2089 2307 2346 2375 optimam
2379 2316 2587 2378 partem
2616 2309 3054 2379 interpretemur.
3099 2308 3191 2366 Sin
3230 2319 3411 2366 autem
3469 2312 3542 2365 iis
3585 2328 3670 2382 qua:

2089 2399 2156 2455 de
2183 2401 2484 2471 Perpetua,
2515 2403 2815 2458 Felicitatis
2840 2405 3220 2475 sociorumque
3259 2415 3566 2477 martyrum
3598 2407 3669 2461 vir-

2091 2494 2310 2560 tutibus,
2341 2505 2446 2551 etc.
2468 2538 2482 2558 .
2526 2495 2866 2563 referuntur,
2897 2497 3058 2554 fidem
3104 2499 3398 2570 Basnagius
3430 2500 3669 2571 derogat,

2088 2589 2275 2644 eadem
2304 2591 2530 2658 ratione,
2564 2601 2620 2647 et
2650 2593 2714 2647 iis
2743 2593 2902 2649 fidem
2927 2594 3190 2665 abrogare
3218 2594 3461 2661 debebit,
3495 2597 3670 2665 quain

2091 2683 2238 2738 Actis
2263 2683 2330 2739 ad
2357 2686 2590 2742 visiones
2617 2696 2671 2742 et
2696 2687 3056 2742 revelationes
3085 2699 3378 2759 martyrum
3404 2691 3670 2758 pertinent.

2087 2772 2236 2828 Nulla
2268 2776 2411 2831 enim
2441 2779 2579 2832 ratio
2619 2779 2850 2849 patitur,
2901 2789 2958 2834 ιιι
2996 2781 3147 2836 Actis
3190 2791 3378 2836 contra
3431 2792 3670 2852 martyres

2088 2866 2312 2930 credat,
2347 2883 2444 2938 pro
2469 2871 2796 2942 martyribus
2825 2870 2985 2927 fidem
3029 2887 3135 2928 non
3170 2872 3383 2928 habeat.
3416 2872 3670 2943 Praecipue

2090 2972 2209 3011 cum
2237 2959 2397 3031 longe
2427 2963 2716 3031 proclivius
2740 2963 2809 3018 sit
2833 2964 3144 3020 existimare
3196 2964 3448 3021 Actorum
3480 2967 3673 3038 compi-

2089 3053 2312 3111 latorem
2344 3057 2394 3111 in
2436 3059 2499 3113 iis
2540 3075 2658 3129 qua:
2687 3060 2754 3114 de
2781 3061 3079 3116 visionibus
3115 3071 3319 3129 narrat,
3365 3076 3480 3116 esse
3528 3078 3674 3116 men-

2090 3156 2239 3206 titum
2268 3195 2282 3218 ,
2316 3169 2474 3225 quam
2506 3157 2557 3210 in
2587 3156 2652 3209 iis
2681 3171 2800 3228 qua:
2825 3155 2894 3210 de
2921 3156 3086 3227 signis
3113 3164 3170 3212 et
3193 3156 3447 3212 miraculis
3471 3156 3634 3210 habet
3659 3173 3671 3209 :

381 3255 528 3310 obitu
557 3250 878 3306 saeculorum
909 3240 1250 3300 intervallum
1287 3237 1446 3293 fuerit
1477 3235 1762 3288 hazreticus
1792 3233 1980 3301 depre—
2008 3249 2051 3309 α
2086 3253 2350 3310 visionum
2379 3252 2518 3305 enim
2542 3294 2555 3316 ν
2605 3259 2661 3305 et
2704 3251 3107 3305 ,evemionnm
3147 3251 3296 3305 solus
3341 3249 3472 3305 Deus
3521 3252 3674 3304 ιεειίε
3755 3299 3758 3306 ι

383 3349 603 3404 hensus.
635 3343 740 3410 Sed
773 3339 997 3408 hujusce
1023 3334 1105 3390 rei
1133 3332 1338 3388 nullum
1365 3328 1585 3383 omnino
1611 3335 1786 3382 exstat
1813 3326 1865 3379 in
1895 3340 1984 3380 ec-

383 3436 701 3496 clesiasticis
729 3425 1092 3487 monumentis
1117 3423 1442 3493 exemplum.
1469 3420 1599 3488 Quae
1624 3435 1753 3474 vero
1785 3419 1984 3474 Basna-

381 3534 473 3606 gio
499 3538 790 3602 suppetunt
819 3541 887 3581 ex
911 3519 1226 3582 Tertulliani
1254 3516 1571 3573 auctoritate
1591 3556 1606 3581 ,
1639 3524 1692 3569 et
1721 3515 1981 3569 Actorum

382 3625 736 3696 compilatore
760 3620 1018 3676 adversus
1047 3616 1366 3685 Perpetuam
1396 3610 1681 3680 sociosque
1718 3617 1983 3679 martyres

382 3722 709 3792 conjectura:
737 3711 1000 3785 ejusmodi
1033 3719 1179 3774 sunt,
1212 3723 1332 3779 quae
1361 3705 1645 3761 falsitatem
1673 3702 1980 3772 adjunctam

383 3832 491 3873 non
524 3828 648 3871 raro
678 3820 733 3868 et
783 3805 1214 3864 manifestissime
1245 3802 1464 3857 habent.
1497 3800 1670 3865 Cum,
1701 3806 1758 3852 ut
1795 3806 1982 3853 osten-

383 3910 583 3972 dimus,
606 3903 970 3962 Tertulliauus
984 3908 1041 3955 et
1068 3896 1364 3954 catholicos
1397 3903 1661 3964 martyres
1685 3892 1984 3961 saepissime

383 4002 714 4065 laudaverit,
761 4007 814 4053 et
859 3995 926 4052 ad
967 4008 1150 4050 eorum
1195 3987 1629 4046 communionem
1677 3985 1986 4054 adspirave-

383 4100 492 4166 rit,
523 4106 580 4154 et
621 4090 919 4153 Novatiani
939 4088 1204 4158 denique,
1235 4099 1343 4139 non
1375 4081 1554 4135 minus
1584 4094 1744 4149 quam
1778 4077 1986 4132 Monta—

383 4193 539 4248 nistaa
585 4189 652 4244 ab
700 4183 939 4242 Ecclesia
987 4178 1252 4238 catholica
1299 4184 1544 4231 extorres
1593 4171 1982 4226 catholicorum

383 4285 516 4341 Acta
563 4292 858 4352 martyrum
911 4274 1014 4330 luci
1058 4269 1340 4335 dederint,
1391 4280 1635 4336 seraeque
1685 4263 1983 4334 posteritati

381 4375 810 4437 commendarint
825 4413 841 4439 ,
883 4379 986 4426 etc.

454 4474 654 4531 Eadem
681 4480 766 4528 est
797 4469 1134 4523 internorum
1156 4465 1599 4532 argumentorum
1624 4453 1980 4525 comparatio.

379 4573 574 4629 Nostra
600 4567 744 4624 enim
776 4578 842 4617 ex
869 4558 1156 4616 sanctitate
1175 4561 1490 4622 martyrum,
1507 4565 1575 4604 ex
1603 4562 1792 4603 eorum
1813 4546 1983 4600 virtu-

2087 3359 2202 3406 erat
2250 3354 2304 3401 et
2335 3357 2620 3416 martyres,
2647 3344 2736 3414 qui
2761 3343 2872 3413 jam
2894 3343 3114 3400 fuerunt
3137 3360 3166 3400 e
3193 3345 3436 3400 vivorum
3462 3358 3671 3398 numero

2088 3439 2421 3497 immanitate
2463 3438 2777 3493 carnificum
2819 3437 3123 3505 exturbati;
3166 3453 3288 3508 qua:
3327 3451 3455 3491 vero
3492 3434 3561 3490 ad
3589 3435 3672 3490 mi-

2086 3535 2266 3591 racula
2309 3534 2618 3604 pertinent,
2659 3533 2712 3588 in
2756 3540 2942 3602 aperto
2985 3529 3228 3601 quaedam
3256 3543 3479 3595 eorum,
3527 3537 3584 3584 et
3629 3528 3662 3582 in

2086 3627 2266 3683 medio
2291 3626 2693 3696 amphitheatro
2716 3640 2745 3679 a
2785 3624 3050 3694 scriptore
3079 3635 3264 3677 comvo
3280 3631 3434 3693 gesta
3464 3636 3664 3676 narran-

2087 3729 2204 3786 tur,
2239 3720 2329 3776 ubi
2382 3717 2623 3790 profecto
2667 3719 2720 3771 in
2775 3726 2996 3772 auctore
3041 3725 3498 3784 contemporaueo
3547 3713 3667 3767 ullus

2086 3815 2313 3883 fraudis,
2344 3822 2400 3869 et
2427 3812 2750 3884 suscipionis
2777 3811 2927 3866 locus
2953 3823 3079 3864 esse
3115 3822 3221 3863 non
3272 3817 3485 3878 potest;
3530 3806 3660 3860 facit-

2086 3922 2189 3977 que
2215 3905 2301 3961 hic
2332 3907 2598 3971 maxime,
2629 3903 2773 3974 quod
2802 3903 2870 3958 de
2917 3902 2969 3956 id
3011 3916 3180 3971 genus
3225 3900 3502 3955 miraculis
3541 3913 3661 3968 prae-

2086 3999 2229 4054 clare
2259 3996 2564 4052 Dodwellus
2591 3996 2843 4050 observat
2865 3991 2943 4066 (t)
2975 4010 2989 4046 :
3017 3991 3073 4048 Si
3103 4007 3167 4048 ea
3195 3991 3404 4046 scilicet
3446 3991 3541 4060 pro
3569 3989 3665 4042 bis-

2088 4093 2268 4147 lorica:
2310 4089 2434 4146 fidei
2463 4099 2658 4159 captu,
2685 4099 2846 4159 atque
2889 4093 3075 4140 natura
3121 4085 3340 4154 probari
3385 4082 3481 4137 sibi
3515 4077 3670 4135 velint

2086 4183 2264 4252 atbei,
2299 4183 2432 4238 nihil
2463 4198 2683 4253 prorsus
2709 4196 2830 4238 esse
2882 4179 3023 4250 quod
3067 4179 3153 4233 hic
3206 4176 3506 4232 desiderare
3543 4188 3670 4242 pos-

2086 4281 2233 4342 sint,
2289 4277 2576 4346 quominus
2628 4271 2934 4344 liujusmodi
3003 4269 3345 4326 narrationes
3396 4265 3666 4320 videantur

2085 4384 2206 4425 esse
2231 4367 2568 4423 verissimae:
2622 4384 2641 4417 ι
2689 4363 2956 4434 Imprimis
2999 4362 3142 4416 enim
3174 4376 3284 4415 non
3331 4360 3382 4413 in
3428 4352 3664 4425 angulis,

2087 4461 2282 4532 inquit,
2313 4469 2407 4516 aut
2434 4459 2618 4530 paucis
2639 4455 2958 4524 quibusdam
2991 4453 3224 4509 consciis
3247 4493 3263 4519 ,
3306 4463 3521 4522 quorum
3549 4458 3666 4515 pos-

2085 4565 2169 4610 set
2204 4555 2466 4608 interesse
2490 4591 2506 4619 ,
2535 4550 2630 4606 sed
2664 4551 2840 4620 palam
2863 4556 3035 4618 gesta,
3065 4555 3120 4600 et
3148 4547 3202 4600 in
3244 4545 3483 4599 omnium
3516 4552 3665 4594 cons-

383 4668 523 4724 tihus
546 4706 561 4731 ,
593 4671 648 4718 et
673 4655 969 4720 miraculis,
999 4659 1054 4707 et
1084 4645 1372 4710 vaticiniis,
1399 4653 1455 4699 et
1479 4657 1544 4697 ex
1576 4639 1967 4710 prophetiarurr

2089 4658 2243 4720 pectu
2293 4655 2552 4712 narrant,
2599 4653 2707 4698 tam
2758 4641 3097 4697 inimicorum
3137 4653 3302 4710 quam
3345 4636 3656 4698 amicorum,

380 4762 527 4820 exitu
557 4753 935 4815 coniiciuntur,
975 4759 1096 4816 qua:
1125 4739 1286 4796 simul
1316 4735 1496 4792 omnia
1535 4745 1823 4802 numquam
1862 4747 1979 4787 om-

380 4856 510 4911 nino
539 4848 890 4905 inveuiuntur
918 4853 1043 4895 cum
1075 4831 1266 4889 lmresi
1298 4829 1465 4884 fuisse
1491 4825 1800 4895 conjuncta.
1847 4823 1979 4892 Qua;

379 4959 510 5004 vero
545 4939 687 5011 apud
716 4932 1036 5004 Basnagium
1085 4943 1154 4984 ex
1195 4920 1546 4996 quarumdam
1579 4920 1845 4976 visionum
1871 4959 1887 4983 ,
1920 4925 1979 4972 ut

380 5038 484 5110 ipsi
543 5009 794 5098 videtur,
848 5019 1270 5080 inc0ncinnitate
1336 5014 1782 5085 proficiscuntur,
1855 5009 1978 5062 talia

377 5104 505 5190 sunt
539 5144 658 5202 quae
699 5135 757 5182 ut
817 5119 1083 5182 multum,
1124 5111 1418 5168 secundum
1449 5124 1506 5165 se
1533 5117 1773 5182 Spectata
1794 5147 1809 5173 ,
1842 5104 1976 5160 etin

384 5321 387 5324 ⁴
456 5313 533 5386 (1)
572 5319 716 5377 Μέγα.
730 5316 815 5376 μὶν
846 5302 922 5357 οὖν
943 5307 1195 5369 τεκμήριον
1214 5301 1296 5351 τοῦ
1317 5295 1440 5362 μηδὲ
1454 5299 1592 5346 τοῦτο
1621 5299 1782 5378 λὲγεινῖ
1803 5288 1978 5386 foroin

382 5359 578 5453 att-30$,
610 5359 741 5438 ἀίὶὲί
769 5388 845 5433 τὸν
874 5377 1020 5442 ἄνδρα
1058 5371 1377 5438 συκοφαντεῖν,
1406 5370 1478 5419 ὅτι
1518 5374 1641 5453 μῄτε
1662 5359 1978 5452 παρ’ςὲτέρων

380 5435 647 5517 inextincta
669 5451 744 5507 ἐπ’
775 5450 963 5515 ἀσεϐείᾳ
992 5447 1325 5508 καταγνωσθεὶς
1367 5436 1622 5517 nime).qu
1659 5447 1744 5490 ri:
1786 5435 1976 5517 ἐπέπο-

383 5503 641 5517 i-Iwnvr—v‘v
671 5503 718 5507 --ν
939 5503 948 5515 σ
1125 5503 1134 5508 ν
1611 5508 1622 5521 Ρ

383 5551 492 5598 rei},
524 5539 671 5597 ὥσπερ
705 5527 833 5578 οὗτοι
858 5525 946 5575 τοῦ
966 5520 1160 5588 κλῆρον,
1189 5528 1306 5581 μήτε
1329 5511 1469 5567 αὐτὸς
1490 5512 1548 5566 ὡς
1573 5503 1974 5598 αίΡεσινκέκδαῶἶ

440 5583 446 5594 ⁸
712 5590 722 5598 ι
1041 5594 1073 5598 --
1096 5588 1133 5598 ,ι
1170 5593 1183 5598 Α
1269 5588 1284 5598 ι
1332 5595 1348 5598 4
1495 5586 1508 5598 Δ
1728 5597 1747 5598 ,,
1786 5584 1814 5598 Η
1893 5594 1973 5598 ..---

694 5590 961 5674 Eulaeus;
985 5631 998 5652 ,
1019 5581 1133 5674 32.1)?
1152 5593 1207 5674 ‘29
1231 5588 1352 5649 αὐτῇ
1381 5586 1662 5674 κῗκοὶμῖιται
1692 5581 1862 5674 notitiae,
1882 5581 1974 5674 Ϊῗὶ

383 5652 425 5739 ἡν
446 5652 603 5744 ἐμήμη
631 5679 772 5738 μέχρι
793 5675 869 5724 νῦν
897 5667 1042 5717 orba-oi}
1053 5663 1179 5729 μετὰ
1196 5671 1285 5712 τῶν
1313 5658 1524 5744 «enimn
1549 5655 1650 5738 ξσῖι
1675 5652 1752 5744 κιναῖ
1768 5652 1976 5744 γέγραπζ

379 5724 463 5806 δέκα.
494 5767 506 5780 ο
524 5724 768 5815 γέρρ’ξςν
795 5746 858 5795 τὰ
896 5743 1071 5790 τοῧτων
1095 5740 1346 5799 φρονήσας.
1398 5727 1450 5813 ἢῇ
1463 5724 1571 5792 περὶ
1593 5724 1661 5815 ’ὧν
1690 5726 1856 5809 ἐγρέζψε
1881 5724 1972 5808 ’μῇ

381 5795 438 5882 ἐν
464 5795 890 5886 ἀπὸλςῖντςσάξμε.)ος,
921 5811 999 5860 οὒκ
1029 5795 1381 5866 ἦν’ἆμφίϐοὶων
1427 5798 1501 5848 ὅτι
1549 5798 1728 5852 πάντως
1754 5795 1816 5844 τὰ
1844 5795 1971 5840 αὖτᾶ

984 5883 990 5886 .
1030 5880 1045 5886 -
1144 5867 1571 5886 ..-μη-...υυιμεηη
1634 5865 1746 5886 ιλ..
1818 5876 1846 5886 ,ι
1901 5861 1931 5886 τι

379 5861 1113 5954 £é:“4i.'§a}’li§2§{ignavo...
1143 5861 1598 5925 illontfaucouiau.
1634 5865 1795 5927 Lam,
1818 5876 1871 5912 n.
1901 5861 1954 5913 5.

2082 4747 2211 4816 quin
2239 4743 2413 4813 potius
2439 4740 2774 4795 inimicorum
2795 4779 2808 4802 ,
2837 4736 2929 4806 qui
2953 4735 3127 4790 locum
3155 4733 3207 4786 in
3241 4730 3466 4786 theatris
3493 4723 3659 4798 praci-

2085 4853 2246 4907 puum
2287 4835 2572 4889 habebant.
2629 4832 2707 4886 lta
2753 4829 2950 4884 factum
3001 4840 3107 4881 non
3154 4822 3319 4879 modo
3369 4830 3427 4877 ut
3470 4817 3554 4890 qui
3598 4829 3658 4869 ea

2081 4929 2426 5002 scripserint,
2460 4942 2521 4982 ea
2552 4937 2700 4981 certo
2732 4930 2953 4994 possent
2980 4932 3348 4990 cognoscere;
3381 4913 3472 4972 sed
3496 4923 3547 4968 et
3572 4907 3656 4977 qui

2078 5027 2180 5080 alia
2211 5025 2262 5078 in
2294 5022 2560 5078 sententia
2606 5028 2790 5076 essent
2810 5059 2826 5085 ,
2858 5033 2919 5073 ea
2952 5014 3108 5070 facile
3150 5023 3376 5084 possent
3425 5017 3658 5075 certoque

2079 5119 2348 5177 refellere.
2379 5115 2603 5184 Deinde,
2636 5113 2759 5169 talia
2798 5113 2961 5168 fuisse
2988 5109 3103 5165 hac
3127 5119 3300 5180 gesta,
3330 5115 3390 5162 ut
3420 5102 3656 5176 plurimo-

2082 5229 2201 5269 rum
2235 5210 2496 5278 intererit,
2527 5218 2580 5265 ct
2619 5221 2776 5278 quam
2822 5204 3075 5268 maxime,
3125 5216 3193 5256 ne
3222 5201 3415 5255 lateret
3439 5195 3655 5252 veritas,

2079 5307 2175 5364 sed
2227 5306 2402 5378 potius
2452 5313 2512 5358 ut
2555 5312 2702 5359 esset
2760 5297 3207 5368 compertissima.
3264 5293 3655 5349 Persecutorum

2075 5402 2368 5464 intererat,
2399 5414 2467 5454 ne
2498 5397 2614 5452 hinc
2641 5410 2766 5450 vera
2797 5393 3170 5457 crederentur,
3200 5389 3392 5460 quibus
3418 5381 3652 5457 gravissi-

2081 5513 2164 5553 ma
2197 5497 2373 5550 forent
2417 5489 2749 5548 crudelitatis
2797 5487 3015 5543 infamia
3059 5483 3197 5554 apud
3248 5483 3519 5541 absentes,
3553 5484 3650 5528 tam

2078 5593 2227 5647 vivos
2267 5603 2423 5658 quam
2462 5585 2622 5641 etiam
2652 5591 2920 5654 posteros,
2950 5576 3208 5634 onerandi
3233 5593 3248 5643 ;
3277 5575 3466 5646 quibus
3488 5568 3652 5625 divino

2077 5849 2104 5920 ἓ
2148 5775 2228 5849 (l)
2279 5775 2498 5829 Disscrt.
2544 5785 2614 5827 xu
2653 5765 2992 5842 Cyprianica,
3021 5765 3089 5821 de
3118 5761 3337 5836 Marlgr.
3389 5747 3652 5817 Fortitud-,

2157 5851 2244 5902 45.
3007 5895 3009 5898 .

2157 5851 2244 5902 45.
