3818 6278
150 324 276 382 169

783 326 852 383 lN
887 326 1283 390 FRAGMENT.
1313 330 1402 390 DE
1439 332 1535 393 SS.
1576 332 1932 396 SCRlPTUB.
1978 338 2252 400 CANONE
2292 342 2839 406 ANNOTATIONES.

2228 150 2257 165 utr
2426 152 2441 163 ι
2754 156 2793 177 ν
3042 144 3071 161 δ

3378 361 3479 420 171)

147 462 333 518 etiam
383 461 642 536 suilragio
680 463 919 523 damnati
969 469 1301 530 viderentur.
1350 468 1776 532 Christianorum
1806 479 1855 541 Λ
1885 489 2095 550 runtur,
2140 498 2258 540 cuin
2300 486 2424 543 boni
2452 488 2550 543 viri
2589 488 2657 544 sit
2704 498 2760 545 et
2804 492 2940 562 arqui
2983 488 3178 563 judicis
3219 490 3379 553 dubia
3425 500 3478 554 in

156 554 345 611 etiam
375 558 608 613 maxime
632 558 870 614 omnium
910 561 1200 629 intererat,
1246 564 1510 636 siquidem
1559 568 1785 626 fuissent

168 644 321 704 falsa
346 691 365 717 ,
393 664 463 706 ne
491 665 611 705 vera
631 651 1014 721 crederentur,
1042 655 1238 726 quibus
1269 665 1445 715 tantos
1476 658 1633 730 hujus
1661 664 1783 719 vita:

176 740 463 795 cruciatus
512 750 617 796 tam
654 742 799 799 nulla
832 742 1132 803 futurorum
1155 750 1499 819 prtemiorum
1533 755 1782 812 mercede

170 832 458 891 luctaturi.
476 833 590 890 Non
605 845 685 890 est
699 837 879 909 itaque
898 839 1040 911 quod
1086 841 1425 911 suSpiccmur
1446 856 1780 918 contemptas

172 923 282 982 has
325 926 489 982 fuisse
534 929 913 998 narrationes;
958 927 1055 987 sed
1084 946 1214 989 vero
1258 948 1474 991 omnem
1504 938 1683 1006 potius
1710 941 1777 997 ab

172 1021 422 1093 utrisque
451 1020 784 1093 diligentiam
826 1024 878 1079 in
924 1024 1030 1082 illis
1068 1028 1321 1085 eruendis
1366 1029 1482 1088 fore
1525 1033 1781 1090 adhiben-

172 1112 322 1168 dam.
357 1131 383 1169 ι
418 1115 574 1182 Quod
625 1118 671 1172 si
717 1116 848 1173 Acta
874 1117 1156 1190 Perpetua:
1206 1121 1275 1177 ab
1329 1132 1547 1180 auctore
1592 1140 1776 1184 coaevo

170 1207 400 1262 collecta
430 1205 606 1264 fuisse
630 1208 924 1282 Basnagius
951 1222 1144 1283 negat,
1183 1213 1294 1285 jam
1340 1230 1406 1271 eo
1446 1233 1533 1275 res
1584 1219 1778 1276 recidit

162 1307 221 1352 ut
258 1314 489 1355 omnem
522 1316 632 1357 non
658 1303 835 1358 solum
864 1303 1139 1362 miraculis
1161 1347 1175 1371 ,
1223 1306 1319 1363 sed
1350 1308 1507 1364 etiam
1546 1310 1774 1367 visioni-

159 1388 266 1446 bus
297 1390 469 1448 ﬁdem
498 1392 843 1465 derogemus,
867 1404 922 1451 et
946 1396 1013 1451 ad
1045 1406 1265 1453 externa
1296 1411 1611 1471 argumenta
1639 1418 1773 1459 con-

159 1487 439 1539 troversia
475 1494 590 1540 tota
621 1495 928 1550 revocetur,
959 1487 1014 1543 in
1043 1488 1236 1559 quibus
1258 1490 1490 1548 vidimus
1516 1501 1774 1564 quantum

161 1571 462 1646 Perpetua:
529 1590 694 1635 causa
769 1577 1081 1649 triumphet.
1152 1581 1375 1637 Demus
1404 1592 1601 1641 tamen
1628 1585 1776 1656 paria

166 1680 295 1724 esse
324 1684 450 1741 quae
485 1669 543 1727 in
584 1679 865 1744 utramque
889 1682 1096 1745 partem
1144 1688 1417 1734 momenta
1453 1679 1616 1737 modo
1643 1681 1776 1739 ali‘e-

1888 574 2161 631 meliorem
2216 580 2390 647 potius
2424 588 2626 650 partem
2668 597 2826 654 quam
2859 584 2912 639 in
2952 584 3276 645 deteriorem
3314 590 3482 647 inter-

1886 669 2084 736 pretari
2109 712 2123 735 ,
2157 680 2210 726 ct
2241 688 2398 728 nemo
2441 689 2546 745 qua
2574 672 2771 730 fruitur
2822 676 2976 734 bonae
3016 678 3171 736 firmat
3208 692 3262 737 et
3297 684 3482 741 existi-

1884 763 2135 818 mntionis
2194 768 2568 834 possessione,
2610 767 2718 833 nisi
2760 771 2934 827 malus
2972 773 3135 827 certis
3178 773 3388 831 indiciis
3428 785 3485 833 et

1882 854 2179 923 perspicuis
2224 861 2555 927 argumentis
2592 859 3023 929 demonstretur,
3071 865 3195 921 exui
3238 866 3431 924 debeat
3465 911 3481 935 ,

1881 942 2030 998 nullo
2069 946 2230 1001 modo
2271 948 2683 1017 permittendum
2728 962 2847 1007 erat
2885 962 2942 1008 ut
2976 970 3040 1010 ea
3080 973 3200 1027 qua:
3229 959 3340 1028 jam
3388 976 3486 1031 per

1880 1033 2186 1105 quindecim
2207 1040 2403 1094 saecula
2442 1048 2605 1096 rectae
2629 1040 2750 1098 fidei
2797 1054 2851 1100 et
2879 1047 3175 1105 sanctitatis
3210 1052 3487 1108 existima-

1878 1127 2026 1183 tione
2069 1129 2236 1199 gavisi
2276 1141 2438 1199 sunt,
2489 1132 2560 1187 ob
2603 1134 2751 1191 teres
2789 1137 3049 1208 quasdam
3099 1141 3480 1212 conjecturas,

1882 1220 2141 1291 Perpetua
2165 1224 2403 1295 sociique
2431 1235 2697 1299 martyres
2711 1240 3059 1288 exuerentur.
3088 1233 3241 1302 Quod
3267 1236 3484 1307 quidem

1877 1311 1930 1367 in
1954 1328 2113 1371 causa
2144 1313 2245 1371 fuit
2291 1326 2346 1372 ut
2396 1318 2449 1372 in
2480 1318 2580 1375 hac
2609 1325 2978 1379 controversia
3028 1325 3331 1383 defensoris
3359 1346 3486 1399 par-

1880 1412 1959 1462 tes
1987 1408 2040 1461 in
2070 1423 2158 1465 me
2178 1407 2322 1465 ultro
2350 1411 2705 1483 susciperem,
2760 1424 2816 1472 et
2852 1416 2993 1472 hanc
3032 1419 3483 1493 qualemcumque

1880 1512 2053 1554 meam
2090 1499 2524 1560 dissertationem
2570 1505 2623 1559 in
2671 1505 2940 1576 publicum
2988 1509 3323 1579 emitterem,
3364 1527 3487 1583 qua:

1880 1599 1990 1647 tota
2019 1603 2215 1663 quanta
2257 1605 2372 1663 est,
2404 1597 2606 1654 utinam
2635 1599 2688 1654 in
2718 1600 2811 1657 Dei
2868 1601 3127 1660 honorem
3173 1612 3229 1662 et
3256 1605 3485 1678 gloriam

1882 1694 2179 1758 martyrum
2210 1688 2397 1745 cedat!

1018 2243 1024 2248 ,
1151 2097 2529 2241 ANNOTATIONES
2822 2036 2825 2039 λ

637 2360 763 2448 IN
813 2350 1662 2456 FRAGMENTUM
1711 2367 1838 2458 IN
1842 2373 2206 2462 CERTI
2244 2377 2942 2471 SCRIPTORIS

156 2579 453 2725 DE
536 2580 1358 2738 CANONE
1469 2594 1730 2744 ss.
1834 2598 3480 2768 SCRIPTURARUM.

172 2822 383 2941 (12L?
377 2827 619 2941 Huratgr.
639 2828 837 2941 totum.
866 2833 986 2887 fuit.
1010 2834 1163 2941 mdedii
1183 2836 1292 2897 arvi,
1312 2843 1349 2893 t.
1372 2856 1443 2894 ut.
1469 2843 1563 2895 col.
1586 2845 1698 2898 854.
1724 2846 1943 2902 Galland.
1970 2850 2102 2904 Bibl.
2135 2856 2261 2906 ναι.
2286 2857 2397 2906 PP.
2419 2861 2455 2907 t.
2481 2873 2535 2919 ιι,
2560 2875 2611 2924 p.
2631 2860 2741 2913 208.
2766 2861 2949 2916 Routb.
2968 2868 3125 2932 Betiq.
3142 2883 3244 2924 scr.
3284 2876 3322 2924 t.
3364 2889 3429 2938 iv,
3449 2891 3502 2941 p.

254 2939 263 2941 _
385 2925 473 2941 ε...
574 2917 654 2941 tm.
775 2921 979 2941 mam...
1082 2932 1102 2941 -
1130 2919 1219 2941 ιη...
1288 2926 1329 2941 ,γ
1384 2925 1422 2941 η.
1465 2926 1489 2941 ..
1524 2927 1581 2941 η-
1739 2930 1821 2941 η-
1886 2933 1925 2941 --
1990 2935 2002 2941 -
2057 2937 2068 2941 -
2102 2934 2133 2941 -.

250 2910 306 2958 3.
341 2908 491 2963 Ἐκεῖ.
534 2912 709 2965 Stoch.
736 2914 997 2968 Comment.
1039 2917 1102 2970 de
1125 2919 1238 2972 libr.

1281 2926 1351 2975 N.
1384 2925 1441 2975 T.
1465 2926 1492 2991 §
1520 2927 1600 2990 65,
1642 2942 1692 2993 p.
1732 2930 1841 2983 199.
1884 2933 2215 2986 Freindaller.
2256 2945 2545 3005 Comment.,
2566 2942 2703 2998 Line.
2731 2945 2872 2999 1802.
2898 2925 3215 3007 Kirclinoser.
3263 2925 3504 3018 ρυειιὲιῖζ

257 3005 409 3046 suum
424 2995 540 3061 long
554 3011 645 3050 sur
667 2998 966 3055 Geschichte
985 3004 1079 3056 der
1099 3005 1650 3065 Neutestamentlichen
1670 3027 1867 3068 canous.
1893 3015 2088 3069 Zurich.
2112 3019 2252 3071 1842.
2278 3035 2327 3086 p.
2351 3021 2400 3084 1,
2424 3023 2499 3088 2.)

1501 3192 2192 3253 «arceo-ae»

272 3377 480 3439 Primus
524 3380 845 3441 Muratorius
881 3383 1227 3441 veterrimum
1274 3383 1379 3442 hoc
1424 3384 1596 3443 edidit
1650 3385 1796 3458 frag-
1824 3392 1875 3454 B
1906 3404 1928 3439 ‹
1961 3400 2024 3444 ac
2051 3398 2340 3462 propterea
2382 3407 2509 3465 spes
2537 3391 2668 3453 inihi
2700 3409 2948 3470 superest
3002 3401 3118 3461 fore
3160 3415 3217 3463 ut
3250 3408 3505 3472 libentius

215 3487 472 3545 mentum,
504 3479 557 3534 in
587 3494 693 3549 quo
733 3478 801 3535 de
837 3494 1044 3535 canone
1073 3476 1207 3536 Novi
1235 3479 1567 3565 Testamenti
1599 3479 1793 3552 agitur.

229 3566 277 3625 Is
292 3583 410 3624 vero
430 3569 854 3642 inAntiquitatum
871 3569 1174 3627 Italicarum
1194 3573 1348 3628 medii
1376 3570 1450 3628 Δι’
1456 3575 1523 3640 υἱ,
1549 3582 1694 3628 tomo
1715 3588 1797 3628 ιιι.

227 3656 421 3715 Mediol.
451 3661 610 3727 1740,
645 3662 710 3717 de
734 3650 921 3718 codice
963 3675 1106 3719 msto
1125 3707 1140 3732 ,
1168 3680 1233 3721 ex
1249 3680 1356 3737 quo
1377 3664 1518 3721 idem
1540 3662 1796 3734 desump-

227 3757 324 3805 tum
348 3761 427 3808 est
450 3796 465 3819 ,
497 3752 614 3809 lucc
642 3755 940 3825 praemisit:
976 3774 996 3808 ι
1027 3756 1135 3813 Sed
1164 3757 1377 3829 quando
1400 3758 1665 3831 enauimus
1685 3758 1799 3813 vul-

230 3861 247 3894 ι
277 3860 396 3901 nera
424 3847 604 3902 rimari
632 3848 826 3905 litteris
867 3848 1067 3907 inﬂicta
1090 3892 1105 3917 ,
1138 3850 1263 3907 dum
1295 3849 1444 3909 rudia
1472 3853 1670 3910 sarcula
1694 3854 1794 3911 de-

226 3953 245 3989 ι
276 3950 583 4006 currerent,
631 3956 700 3997 ne
757 3941 862 3998 hoc
912 3943 1128 4016 quidem
1177 3942 1623 4003 dissimulandum
1666 3957 1749 4005 est
1785 3988 1800 4014 ,

225 4046 243 4080 t
276 4029 698 4102 imperitissimos
731 4043 787 4090 et
822 4034 1221 4095 indoctissimos
1268 4040 1513 4096 homines
1554 4041 1796 4097 crebrius

222 4142 242 4176 ι
273 4140 423 4196 quam
455 4137 614 4184 antea
660 4126 828 4185 fuisse
872 4128 1141 4185 adhibitos
1178 4131 1243 4187 ad
1290 4131 1674 4189 exscribendos
1708 4147 1801 4189 co-

221 4233 243 4267 r
271 4215 441 4289 dices,
484 4234 623 4292 quos
667 4220 949 4292 propterea
992 4222 1266 4280 erroribus
1320 4239 1386 4281 ac
1436 4225 1685 4282 sordibus
1734 4224 1800 4281 ad

224 4327 243 4361 ι
276 4326 519 4370 nauseam
534 4330 704 4385 usque
725 4315 963 4383 repletos
984 4315 1246 4374 intueare.
1266 4316 1346 4373 Ex
1376 4317 1459 4374 bis
1482 4333 1588 4374 non
1602 4333 1804 4390 paucos

227 4419 246 4454 ι
282 4419 393 4475 pra:
424 4408 671 4475 inanibus
718 4407 910 4475 habui,
957 4417 1012 4465 et
1036 4411 1340 4481 exemplum
1393 4411 1588 4468 afferre
1614 4412 1802 4484 juvat,

1913 3498 1932 3533 ‹
1972 3497 2002 3536 a
2031 3481 2320 3541 lectoribus
2346 3487 2665 3561 accipiatur,
2695 3505 2759 3545 ac
2802 3496 3069 3566 praecipue
3098 3501 3241 3571 quod
3267 3504 3503 3577 antiqui-

1909 3591 1927 3624 ι
1964 3582 2126 3629 tatem
2154 3575 2397 3634 redoleat
2421 3594 2631 3636 summe
2658 3584 3040 3643 venerabilem.
3087 3609 3106 3643 ι

1975 3665 2178 3725 Deinde
2200 3671 2661 3744 ostenditopinari
2687 3691 2746 3731 se
2796 3676 3116 3740 Muratorius
3154 3687 3497 3748 tribuendum

1901 3773 2022 3815 esse
2043 3758 2398 3832 fragmentum
2441 3763 2593 3831 Caio,
2615 3768 2860 3826 ecclesiae
2880 3772 3135 3831 Romanae
3155 3781 3501 3852 presbytero,

1902 3852 1991 3922 qui
2036 3851 2216 3910 tloruit
2260 3859 2459 3915 saeculo
2500 3872 2732 3918 exeunte
2776 3867 3034 3923 secundo.
3100 3870 3245 3926 fdem
3295 3851 3510 3932 censuit

1905 3958 2119 4016 quoque
2148 3946 2218 4003 cl.
2262 3947 2573 4009 Gallandius
2607 3954 2659 4010 in
2706 3956 3100 4029 prolegomenis
3161 3965 3289 4020 tomi
3338 3983 3376 4022 ll
3415 3967 3507 4024 Bi-

1904 4037 2169 4097 bliotheca:
2208 4057 2320 4099 sua:
2364 4045 2624 4113 Patrum,
2675 4063 2727 4119 p.
2784 4050 2880 4117 25,
2933 4061 2989 4108 et
3046 4066 3329 4126 propterea
3363 4061 3508 4132 quod

1903 4130 2175 4199 Miltiadis,
2202 4135 2289 4192 vel
2317 4146 2373 4192 ut
2403 4138 2491 4194 hic
2514 4140 2771 4197 scribitur
2795 4158 3023 4211 nomen,
3057 4146 3310 4204 Miltiadis
3339 4192 3354 4216 ,
3382 4130 3505 4208 liae-

1905 4225 2057 4281 retici
2083 4227 2358 4297 cujusdam
2389 4233 2717 4288 mentionem
2742 4234 2927 4305 injecit
2968 4236 3255 4308 fragmenti
3284 4255 3503 4314 auctor,

1906 4317 2047 4373 istud
2102 4319 2244 4374 idem
2289 4331 2599 4392 excerptum
2631 4323 2744 4377 vult
2786 4324 3097 4384 Gallandius
3139 4334 3408 4401 pertinere
3436 4339 3504 4393 ad

1861 4444 1873 4453 ο
1905 4409 2324 4481 disputationem
2359 4429 2520 4484 quam
2564 4414 3130 4475 adversusProculum
3146 4437 3242 4480 seu
3257 4425 3506 4486 Proetum

237 4514 257 4547 ι
292 4499 428 4569 quod
455 4518 555 4559 non
599 4518 709 4558 uno
738 4506 955 4561 nomine
981 4545 997 4571 ,
1027 4505 1127 4560 nisi
1169 4504 1298 4559 mihi
1328 4503 1482 4561 facile
1511 4505 1759 4563 blandior
1783 4547 1800 4571 ,
1906 4503 2366 4578 Cataphrygarum
2432 4518 2756 4568 sectatorem
2785 4511 2945 4568 Caius
2973 4520 3296 4590 composuit.
3361 4526 3507 4581 Ληο-

222 4605 242 4640 r
275 4588 449 4648 lucem
465 4609 760 4668 exposcere
790 4597 1019 4681 videtur.
1040 4597 1659 4653 ‘AsservatAmbrosiana
1699 4598 1807 4654 Me-
1909 4599 2281 4669 nymusenim
2335 4600 2565 4672 scriptor
2605 4602 2745 4674 apud
2789 4603 3076 4663 Eusebium
3100 4588 3207 4667 lib.
3242 4628 3273 4667 v
3338 4613 3505 4681 flist.,

216 4700 235 4734 ι
271 4664 600 4745 diolanensis
626 4664 953 4759 bibliotheca
983 4691 1450 4749 membranaceum
1479 4692 1749 4757 codicem,
1774 4706 1806 4748 e
1909 4664 1965 4746 εί
1990 4691 2077 4757 16,
2113 4707 2207 4749 seu
2234 4709 2391 4764 supra
2425 4664 2476 4750 in
2503 4696 2611 4750 vol.
2642 4664 2769 4753 ineo
2791 4714 2847 4763 ιι,
2878 4714 2930 4770 p.
2963 4700 3048 4771 75,
3076 4664 3178 4760 sub
3195 4664 3375 4777 ipsum
3408 4664 3508 4765 ini:

215 4794 235 4828 r
268 4775 530 4837 Bobiensi
559 4790 841 4853 acceptum
875 4825 890 4847 ,
945 4782 1099 4855 cujus
1125 4784 1414 4856 antiquitas
1444 4798 1580 4855 pene
1610 4783 1674 4839 ad
1706 4798 1806 4838 an-
1833 4781 1879 4845 C
1913 4783 2045 4839 tium
2074 4785 2289 4855 Operis,
2339 4788 2480 4857 quod
2510 4787 2769 4845 adversus
2797 4788 3164 4866 Cataphrygas
3189 4775 3505 4870 contexuit,

212 4884 231 4920 ι
267 4884 375 4926 nos
416 4872 565 4930 mille
607 4873 868 4931 accedere
911 4875 1046 4931 mihi
1075 4877 1186 4932 visa
1231 4885 1335 4933 est.
1387 4876 1631 4947 Scriptus
1665 4875 1809 4931 enim
1914 4873 2164 4932 litoresim
2221 4878 2461 4933 nominat
2506 4878 2775 4936 Miltiadis.
2836 4879 2989 4947 Quod
3028 4893 3206 4942 tamen
3243 4888 3508 4950 Gallandii

210 4978 230 5010 ι
272 4961 379 5018 fuit
397 4963 592 5023 litteris
614 4966 927 5038 majusculis
946 4978 1000 5024 et
1020 4968 1315 5041 quadratis.
1335 4969 1541 5026 Titulus
1564 4970 1812 5040 praitixus
1916 4978 2293 5039 argumentum
2318 5010 2335 5037 ,
2381 4970 2589 5027 etiamsi
2637 4970 2707 5027 de
2748 4971 2983 5028 lectione
3025 4974 3313 5047 Miltiadis,
3357 4985 3510 5055 cujus

211 5070 232 5104 ι
271 5058 454 5113 omnia
492 5057 683 5115 tribuit
730 5058 963 5116 Johanni
1005 5059 1433 5133 Chrysostomo,
1479 5062 1574 5117 sed
1624 5061 1814 5129 immc-
1915 5057 2038 5113 loco
2064 5059 2349 5116 Alcibiades
2376 5062 2617 5117 nonnulli
2665 5062 2849 5118 volunt
2876 5078 3169 5134 reponere,
3206 5071 3340 5127 satis
3383 5089 3513 5131 con-

215 5162 234 5197 I
272 5149 403 5216 ritu,
436 5167 491 5221 p.
526 5151 655 5208 851.
694 5172 714 5206 ι
765 5153 902 5209 Tum
929 5170 1058 5211 vero
1086 5157 1296 5212 cmtcris
1330 5158 1641 5212 tractatibus
1669 5198 1685 5225 ,
1723 5171 1791 5226 qu

1976 5149 2161 5217 iterit,
2194 5151 2331 5206 haud
2374 5154 2505 5208 satis
2552 5151 2754 5211 valeret
2808 5153 2875 5211 ad
2939 5155 3106 5214 hocce
3156 5159 3513 5232 fragmentum

209 5237 269 5295 in
296 5244 482 5303 codice
522 5247 902 5316 continentur,
938 5253 1282 5318 memoratis,
1316 5253 1489 5324 pergit
1517 5252 1596 5307 rir
1631 5251 1698 5307 cl.
1745 5253 1816 5306 ita
1919 5240 2050 5299 Caio
2078 5243 2478 5302 vindicandum.
2518 5246 2688 5302 Porro
2730 5246 3105 5308 Muratorianze
3125 5254 3194 5310 de
3216 5254 3348 5311 Caio
3385 5272 3516 5315 con-

208 5330 460 5403 Scribere
491 5358 505 5395 :
542 5358 562 5391 ι
595 5339 677 5395 Ex
695 5341 886 5397 codem
915 5357 1044 5413 ergo
1070 5343 1256 5400 codice
1281 5360 1384 5417 ego
1414 5338 1658 5416 decerpsi
1684 5342 1796 5416 frag

1978 5345 2145 5393 cturte
2173 5347 2497 5410 opposuerat
2524 5354 2645 5395 sese
2672 5338 2734 5394 V.
2769 5341 2830 5395 D.
2863 5341 3164 5400 Everardus
3189 5344 3469 5407 Stoschius
3497 5394 3515 5421 ,

224 5446 247 5480 ς
282 5441 525 5489 mentum
564 5435 999 5504 antiquissimum
1029 5478 1044 5501 ,
1087 5437 1154 5493 ad
1205 5452 1467 5493 canoncm
1519 5437 1819 5493 divinarum
1924 5433 2016 5502 qui
2062 5434 2178 5504 ipse
2216 5433 2269 5489 in
2308 5431 2740 5488 Commentatione
2787 5435 2851 5490 de
2889 5435 3159 5495 Librorum
3189 5440 3328 5498 Novi
3378 5444 3517 5504 Terr.

233 5539 256 5573 ι
291 5523 686 5597 scripturarum
732 5538 1000 5599 spectans.
1058 5529 1198 5586 Nulli
1240 5530 1527 5601 diligentite
1556 5530 1819 5602 peperci,
1925 5522 2173 5593 Conone,
2224 5524 2472 5580 Francof.
2523 5524 2591 5581 ad
2651 5524 2902 5582 Viadrum
2954 5530 3087 5586 edit.
3149 5548 3292 5591 anno
3331 5538 3519 5609 1755,

242 5629 265 5665 ι
302 5623 361 5671 ut
381 5618 492 5689 ejus
541 5630 813 5677 auctorem
849 5621 1154 5691 detegerem
1182 5663 1198 5689 ,
1249 5623 1517 5694 simulque
1566 5621 1821 5677 rescirem
1925 5618 2281 5689 fragmentum
2332 5617 2846 5708 postJMuratorium
2874 5622 3140 5692 repetivit.
3174 5626 3264 5682 Ait
3291 5630 3435 5684 enim
3466 5631 3522 5688 in

240 5725 263 5760 ι
300 5725 424 5766 num
455 5711 717 5769 hactenus
759 5714 964 5771 editum
1012 5714 1191 5771 tuerit.
1232 5714 1342 5771 Nisi
1387 5730 1476 5771 me
1520 5713 1826 5770 fefellerunt
1929 5711 1978 5784 §.
2037 5711 2145 5779 65,
2201 5727 2253 5782 p.
2326 5710 2471 5779 199,
2528 5723 2841 5784 argumenta
2887 5731 3008 5787 qua:
3057 5717 3124 5772 ad
3161 5720 3523 5791 conjecturam

243 5819 266 5854 ι
301 5805 439 5860 oculi
465 5845 482 5872 ,
525 5813 623 5859 aut
661 5806 1008 5878 complurium
1050 5807 1309 5864 librorum
1352 5806 1637 5874 defectus,
1668 5821 1826 5877 quem
1931 5817 2083 5859 suam
2145 5804 2629 5862 commendandam
2673 5805 2816 5863 idem
2861 5807 3018 5866 allert
3067 5809 3424 5883 Muratorius,
3471 5819 3523 5873 ei

247 5911 271 5951 ι
306 5910 415 5953 non
442 5894 618 5951 semel
646 5895 824 5967 doleo,
856 5914 1118 5972 nusquam
1148 5899 1476 5971 deprehendi
1499 5899 1829 5973 evulgatum,
1934 5912 2125 5972 parum
2157 5898 2546 5973 probabilitatis
2573 5901 2863 5961 conciliare
2890 5921 2905 5960 :
2960 5921 2980 5956 ‹
3018 5903 3170 5974 Quod
3199 5908 3338 5965 enim
3368 5909 3528 5977 Caius

382 6024 391 6033 -
478 5990 761 6056 Panos.
799 5992 909 6059 ΙΙΙ.
1354 6052 1355 6055 η

2910 5996 2950 6065 6
