3784 6272
329 529 367 563 1

1054 156 1095 181 ν

403 331 502 387 171

1062 329 1131 386 IN
1168 326 1564 386 FRAGMENT.
1610 326 1698 382 ne
1738 319 1837 380 ss.
1880 312 2139 375 sempr.
2185 317 2463 379 canone
2501 292 3050 381 ANNOTATIONES.

3582 321 3665 378 172

409 468 427 500 ‹
462 446 757 521 Epistulam
780 447 847 503 ad
867 446 1118 502 Hebraeos
1135 445 1377 516 rejecerit
1407 454 1676 515 tamquam
1704 456 1807 496 non
1828 451 1983 493 cano.
2015 432 2072 495 Α
2096 437 2160 491 ad
2190 454 2317 495 saec.
2358 443 2609 513 primum.
2645 442 2674 516 §
2710 442 2813 526 ‘54,
2847 458 2901 513 p.
2929 440 3069 509 161,
3099 440 3168 498 de
3196 441 3390 499 eodem
3439 440 3548 497 haec
3580 458 3662 514 po-

406 558 426 590 (
464 540 673 605 nicam,
704 536 755 593 id
802 538 898 607 ipsi
937 552 1057 591 cum
1087 535 1328 606 pluribus
1358 536 1476 591 aliis
1498 578 1511 600 ,
1546 535 1747 591 Irenaeo
1770 549 1820 588 e.
1848 549 1901 603 g.
1939 543 1994 587 et

409 650 427 683 ι
462 631 770 703 Hippolyto,
790 630 951 683 immo
976 637 1110 683 teste
1129 627 1362 683 Eusebio
1393 628 1486 683 lib.
1514 626 1759 695 νι,‹ε.20,
1781 637 1833 681 et
1864 626 1991 680 llie-

406 742 424 773 ι
464 736 688 789 ronymo
739 719 802 774 de
851 717 985 773 Viris
1036 718 1128 773 ιιι.
1175 734 1227 774 c.
1278 719 1534 788 60,cum
1581 718 1836 803 pluribus
1870 716 1993 771 aliis

404 833 424 866 σ
458 814 717 868 Romana:
760 812 1002 868 ecclesiae
1049 812 1359 867 doctoribus
1418 826 1702 866 commune
1745 811 1858 864 luit.
1925 810 1995 866 Et

404 925 423 957 ‹
457 905 600 976 quod
629 905 853 961 Hermas
883 905 1212 973 temporibus
1249 904 1483 959 auctoris
1511 902 1794 974 fragmenti
1819 946 1832 969 ,
1866 902 1996 958 Pas.

405 1017 424 1049 ‹
462 1008 621 1053 torem
673 998 1060 1067 conscripsisse
1108 997 1353 1064 dicatur,
1387 996 1439 1050 id
1490 997 1559 1052 ad
1612 997 1774 1051 alium
1805 1012 1995 1067 quem-

404 1108 423 1141 ‹
458 1106 686 1160 cumque
733 1090 822 1160 qui
878 1105 942 1145 ea
994 1098 1153 1144 mtate
1221 1088 1352 1159 vigit
1408 1089 1663 1160 applicari
1736 1098 1930 1158 potest.
1969 1108 1989 1143 ι

398 1183 534 1237 Dum
609 1198 739 1237 vero
809 1181 990 1236 clarus
1058 1181 1141 1237 vir
1209 1180 1491 1236 Stoschius
1551 1180 1634 1254 ἐξ.
1692 1180 1754 1236 61
1820 1192 1872 1238 et
1926 1182 1995 1237 62

400 1276 754 1345 abjudicanda
786 1276 904 1332 haec
947 1274 1082 1331 Caio
1110 1286 1295 1331 censet
1324 1318 1337 1344 ,
1368 1284 1651 1345 propterea
1678 1276 1819 1344 quod
1853 1276 1992 1330 idem

396 1368 555 1423 Caius
604 1369 742 1441 apud
798 1370 1086 1425 Eusebium
1118 1369 1210 1426 lib.
1239 1385 1316 1424 ιιι.
1367 1366 1509 1424 Hist.
1533 1412 1547 1438 ,
1577 1386 1625 1422 c.
1653 1368 1745 1432 28,
1787 1368 1997 1440 Apoca-

395 1460 570 1533 lypsin
595 1460 816 1517 Joannis
843 1461 1084 1518 Cerinthi
1110 1479 1230 1519 esse
1259 1463 1562 1528 existimet,
1591 1478 1748 1534 quam
1776 1463 1993 1534 quidem

394 1563 583 1609 anetor
605 1553 889 1625 fragmenti
917 1571 1013 1626 pro
1045 1556 1181 1611 libro
1203 1558 1463 1612 canonico
1502 1555 1695 1624 habet,
1728 1557 1778 1610 id
1804 1555 1995 1610 memi—

393 1647 539 1704 nisse
585 1632 880 1716 debemus,
930 1649 1091 1705 verba
1139 1647 1252 1705 Caii
1297 1659 1477 1705 utrum
1523 1651 1591 1705 ad
1632 1650 1992 1722 Apocalypsin

393 1739 452 1796 S.
478 1740 701 1795 Joannis
726 1742 1062 1810 pertineant,
1091 1740 1264 1796 adhuc
1290 1743 1390 1796 sub
1408 1743 1589 1814 judice
1618 1758 1772 1809 esse;
1801 1759 1904 1813 qua
1929 1742 1995 1797 de

2093 536 2200 590 suit
2231 554 2243 589 :
2280 555 2297 587 ι
2336 539 2535 592 Auctor
2564 540 2776 609 ignotus
2813 535 3271 605 est._Muratorius
3298 536 3504 600 Caium,
3531 552 3662 607 pres-

2101 652 2121 686 ι
2159 632 2404 704 bylerum
2434 634 2750 696 Romanum,
2782 646 2902 687 esse
2930 639 3104 703 putat,
3153 630 3244 701 qui
3280 629 3554 686 occidente
3582 646 3663 691 sa:-

2102 743 2121 776 (
2160 725 2283 781 culo
2318 725 2555 781 secundo
2582 723 2783 779 ﬂoruit.
2842 722 2954 778 Hoc
2978 722 3193 794 quidem
3230 721 3451 777 dubium
3479 732 3557 776 cst
3580 744 3593 779 :
3617 723 3665 778 il-

2102 837 2122 870 ι
2156 819 2247 874 lud
2271 836 2396 875 vero
2415 836 2481 875 ex
2505 821 2620 890 ipso
2644 818 2822 874 libello
2844 829 3072 881 certum,
3091 817 3290 873 sarculo
3311 833 3434 874 eum
3456 818 3665 874 secundo

2104 930 2122 963 ι
2159 922 2213 966 et
2241 910 2335 967 illo
2362 911 2574 982 quidem
2609 923 2849 982 tempore
2889 927 2996 981 quo
3026 903 3253 967 llermas
3291 911 3344 964 in
3396 911 3527 965 vivis
3555 910 3665 979 fuit,

2105 1024 2123 1057 ι
2159 1005 2462 1074 scripsisse.
2514 1005 2571 1059 ιιι
2617 1005 2720 1060 hoc
2769 1003 2932 1076 igitur
2976 1006 3155 1075 magni
3200 1004 3358 1075 pretii
3401 1003 3669 1075 fragmento

2104 1115 2122 1149 ι
2160 1097 2274 1150 haec
2302 1096 2368 1152 de
2393 1097 2589 1152 Herma
2618 1098 2814 1168 scripta
2847 1098 3098 1170 leguntur
3130 1116 3143 1152 :
3168 1097 3435 1153 Pastorem
3457 1113 3572 1153 vero
3597 1114 3671 1152 tut-

2106 1209 2125 1241 t
2164 1188 2380 1260 perrime
2405 1188 2714 1257 temporibus
2740 1191 2928 1243 nostris
2947 1190 3001 1243 in
3026 1191 3146 1244 urbe
3172 1188 3341 1245 Roma
3368 1188 3561 1244 Herum
3580 1206 3672 1244 εοιι·

2105 1298 2123 1332 ι
2159 1279 2391 1351 scripsit,
2428 1279 2630 1335 sedente
2665 1282 2910 1336 cathedra
2955 1283 3092 1341 urbis
3125 1280 3307 1339 Roma:
3348 1283 3569 1338 ecclesia:
3595 1282 3673 1337 Pio

2105 1388 2123 1421 ‹
2162 1372 2415 1444 episcopo,
2445 1378 2609 1445 fratre
2634 1376 2763 1445 ejus.
2791 1393 2809 1427 ι
2844 1374 2973 1431 Haec
2999 1374 3352 1433 Moshemius.
3384 1377 3585 1448 Itaque,
3603 1386 3675 1433 aut

2101 1481 2267 1537 prope
2288 1467 2478 1523 abesse
2524 1468 2734 1524 videtur
2753 1479 2941 1525 auctor
2960 1485 2989 1524 a
3018 1470 3197 1527 medio
3219 1473 3419 1531 sacculo
3439 1474 3676 1541 secundo,

2099 1561 2314 1631 quando
2338 1562 2405 1617 ad
2434 1562 2637 1619 exitum
2667 1563 2882 1635 quidem
2916 1564 3205 1635 perductus
3234 1565 3411 1624 fuerat
3447 1567 3529 1623 Pii
3581 1568 3677 1635 epi-

2102 1664 2377 1725 scopatus,
2406 1663 2499 1709 aut
2526 1667 2676 1713 certe
2712 1666 2926 1717 constat
2962 1657 3113 1712 illum
3136 1668 3265 1714 ante
3295 1660 3505 1715 ﬁnitum
3533 1676 3678 1717 saecu-

2099 1745 2208 1799 lum
2250 1762 2345 1801 sua
2385 1748 2703 1818 scripsisse,
2743 1750 2950 1804 etiamsi
2995 1751 3061 1806 de
3100 1767 3225 1808 vera
3266 1762 3426 1809 aatate
3455 1754 3678 1824 Opusculi

392 1849 453 1890 re
482 1850 604 1890 cum
636 1848 734 1889 nos
773 1834 838 1888 ad
876 1834 992 1905 ejus
1018 1833 1320 1906 fragmenta
1346 1836 1543 1905 aliquid
1570 1836 1947 1890 annntavimus
1972 1876 1985 1900 ,
2019 1827 2067 1887 Β
2096 1837 2330 1893 Pastoris
2366 1842 2621 1909 appellati
2660 1840 2817 1897 aliter
2864 1852 3146 1899 statuatur.
3194 1844 3292 1913 Qui
3333 1861 3463 1902 vero
3503 1847 3678 1903 factum

391 1925 448 1981 in
477 1927 584 1981 vol.
617 1942 655 1981 ιι
684 1923 994 1995 Reliquiar.,
1026 1942 1126 1997 pag
1167 1928 1253 1988 16,
1286 1936 1396 1982 ιυιιι
1426 1941 1559 1983 vero
1598 1927 1667 1982 cl.
1703 1926 1989 1982 Freindal-

391 2017 533 2073 lerus
570 2016 851 2087 fragmenti
886 2017 1044 2087 hujus
1094 2034 1327 2088 nuperus
1366 2017 1541 2074 editor
1568 2062 1584 2086 ,
1633 2020 1700 2075 de
1726 2035 1832 2090 quo
1864 2036 1984 2075 mox

388 2109 699 2165 memorabo
727 2152 743 2176 ,
773 2110 1063 2177 disseruit,
1105 2111 1166 2183 §§
1193 2112 1226 2168 9
1255 2124 1308 2168 et
1336 2113 1423 2170 10.
1462 2113 1624 2179 Aliud
1656 2116 1877 2186 insuper
1905 2127 1988 2172 est

391 2210 767 2273 argumentum
794 2213 979 2258 contra
998 2202 1185 2258 Caium
1212 2222 1239 2258 a
1256 2204 1505 2261 Stoschio
1525 2208 1593 2261 ita
1618 2209 1981 2278 propositum:

385 2304 658 2350 auctorem
693 2294 973 2365 fragmenti
1000 2298 1081 2351 vel
1109 2298 1321 2367 penitus
1351 2299 1682 2370 ignoravisse
1713 2342 1728 2368 ,
1759 2302 1838 2357 vel
1873 2302 1983 2357 sal-
2002 2332 2015 2342 ν

385 2394 492 2443 tem
524 2401 629 2442 non
657 2386 1101 2459 anintadvatiss'e
1122 2431 1138 2455 ,
1162 2388 1440 2461 Epistolas
1468 2389 1615 2448 Pauli
1633 2391 1832 2448 dudum
1860 2406 1987 2452 ante

385 2480 553 2535 visam
607 2472 663 2537 et
711 2482 910 2537 editam
964 2500 995 2537 a
1048 2482 1257 2541 Joanne
1307 2488 1553 2557 apostolo
1620 2488 1980 2561 Apocalypsin

383 2572 612 2641 scriptas
633 2572 818 2640 fuisse,
840 2575 1013 2645 qualis
1030 2576 1245 2663 quidem
1267 2594 1420 2639 error
1431 2590 1486 2635 et
1506 2582 1850 2653 incogitantia
1868 2581 1980 2659 dif-

383 2666 594 2735 ﬁculter
622 2667 691 2722 de
716 2667 873 2731 Caio,
903 2684 1061 2749 quem
1092 2670 1355 2750 Eusebius
1398 2671 1468 2726 Η.
1500 2673 1565 2735 Ε.
1595 2691 1644 2729 vn
1670 2717 1684 2742 ,
1714 2673 1750 2731 2
1774 2688 1806 2731 ‘.
1833 2666 1983 2747 Mp4

380 2766 686 2829 λογιώτατον,
715 2767 771 2816 et
793 2760 947 2832 cujus
968 2766 1475 2822 commentationem
1503 2779 1688 2823 contra
1724 2767 1977 2824 Proclum

375 2850 599 2910 Photius
638 2855 763 2911 cod.
815 2856 908 2923 48,
948 2862 1215 2915 caecout»
1259 2863 1466 2926 διάὶιξιν
1506 2871 1661 2915 vocat
1694 2902 1710 2926 ,
1766 2861 1978 2930 concipi

374 2947 565 3016 ροεείι.
612 2947 702 3003 Sic
742 2949 833 3003 ille
863 2965 878 3013 ;
928 2949 1031 3005 hoc
1068 2967 1199 3007 vero
1233 2959 1368 3024 παρρά
1393 2963 1477 3007 τὸν
1516 2963 1677 3022 χρόνον
1700 2951 1979 3007 dumtaxat

373 3042 649 3111 ἁμάρτημα.
674 3040 832 3102 foret,
866 3042 1008 3110 quod
1050 3042 1254 3098 interea
1283 3056 1536 3111 Oportere
1573 3045 1644 3096 ita
1675 3044 1972 3097 existimari

374 3140 636 3201 negarent
676 3147 799 3187 cum
830 3132 1135 3203 Epiphanio
1165 3134 1215 3186 in
1235 3132 1382 3187 Hier.
1418 3149 1486 3197 ιι,
1514 3150 1634 3204 cap.
1670 3135 1737 3189 12
1765 3144 1819 3190 et
1847 3152 1965 3208 cap.

2094 1932 2163 1984 sit
2214 1940 2267 1985 ut
2292 1931 2362 1985 cl.
2404 1931 2664 1988 Lardneri
2706 1931 3037 2005 diligentiam
3084 1938 3186 1992 hoc
3241 1936 3679 2009 fragmentum,a

2092 2023 2306 2079 nemine
2334 2025 2598 2093 omnium,
2625 2028 2677 2082 ni
2705 2026 2881 2092 fallor,
2910 2032 3169 2099 rejectum
3192 2041 3284 2086 aut
3306 2032 3677 2105 improbatum,

2088 2118 2371 2195 eil'ugerit,
2407 2119 2456 2173 id
2486 2121 2698 2177 nescire
2732 2135 2817 2176 me
2848 2121 3051 2186 fateor,
3085 2139 3206 2178 cum
3258 2124 3351 2180 diu
3404 2136 3677 2200 antequam

2089 2202 2218 2267 illud
2259 2212 2518 2267 Lardneri
2561 2213 2624 2265 de
2652 2211 2784 2267 Fide
2823 2213 2961 2269 Hist.
2997 2214 3325 2288 Evangelica:
3353 2218 3519 2289 plane
3544 2237 3679 2289 egre-

2086 2308 2229 2379 gium
2271 2321 2407 2377 OpItS
2446 2305 2626 2361 denuo
2668 2308 2807 2376 typis
2853 2306 2922 2362 ab
2970 2308 3086 2379 ipso
3122 2309 3513 2379 mandaretur,
3559 2313 3681 2384 frag~

2089 2408 2329 2475 mentum
2371 2414 2492 2453 eum
2537 2399 2671 2454 orbe
2711 2401 2923 2455 erudito
2969 2396 3428 2460 communicatum
3479 2406 3677 2463 fuisset.

2087 2509 2248 2566 quum
2291 2508 2418 2547 vero
2448 2493 2726 2562 ponendus
2767 2496 2836 2550 sit
2865 2506 3051 2551 auctor
3081 2498 3221 2553 inter
3250 2500 3549 2570 scriptores
3604 2500 3681 2569 qui

2086 2588 2243 2658 primi
2271 2587 2509 2640 omnium
2535 2627 2550 2651 ,
2580 2597 2807 2660 excepto
2849 2587 3043 2663 Papia,
3078 2590 3147 2663 de
3176 2595 3532 2677 evattgelisljs
3560 2597 3679 2668 ipsis

2085 2684 2170 2739 vel
2212 2684 2757 2738 commemoraverint
2779 2725 2793 2748 ,
2823 2680 2906 2739 vel
2935 2683 3176 2755 ipsorum
3210 2684 3408 2757 scripta
3437 2694 3682 2748 nomina-

2087 2778 2180 2832 tim
2209 2776 2549 2839 adduxerint,
2584 2777 2696 2831 ﬁeri
2742 2794 2846 2833 non
2876 2788 3049 2848 potest
3100 2784 3225 2850 quin
3270 2784 3476 2852 primus
3506 2787 3596 2850 hic
3630 2787 3686 2842 li-

2083 2869 2301 2926 brorum
2343 2870 2476 2925 Novi
2507 2869 2838 2925 Testamenti
2869 2874 3141 2945 catalogus
3176 2866 3322 2931 curis
3362 2880 3563 2943 nostris
3597 2880 3683 2933 di—

2081 2977 2218 3039 gnus
2242 2970 2547 3016 censeatur.
2578 2961 2672 3014 Est
2704 2972 2879 3016 tamen
2913 2964 2979 3018 ab
3007 2980 3072 3019 eo
3105 2967 3325 3037 omissa,
3359 2971 3505 3039 quod
3547 2971 3685 3026 mul-

2082 3064 2188 3109 tam
2223 3062 2435 3108 moveat
2467 3052 2915 3119 admirationem,
2946 3058 3175 3123 epistola
3205 3068 3259 3112 et
3288 3074 3508 3129 semper
3540 3075 3599 3120 et
3625 3066 3684 3122 ab

2079 3146 2327 3202 omnibus
2357 3154 2592 3215 recepta,
2627 3146 2775 3216 prior
2803 3146 2893 3199 illa
2922 3146 2979 3201 S.
3011 3146 3178 3212 Petri,
3213 3150 3280 3204 de
3306 3151 3465 3221 cujus
3496 3168 3686 3213 aucto-

374 3225 445 3281 36
471 3267 484 3289 ,
512 3227 586 3281 illi
626 3226 821 3282 eruditi
846 3228 959 3298 qui,
1010 3237 1066 3281 ut
1101 3236 1251 3280 notat
1276 3227 1390 3295 ipse
1414 3244 1629 3297 quoque
1663 3231 1741 3282 vir
1768 3229 1965 3298 clarus,
1997 3209 2045 3273 (ἶ
2077 3242 2232 3296 ritate
2262 3255 2421 3293 nemo
2454 3209 2499 3294 a-
2517 3209 2848 3308 temporibus
2882 3256 3051 3310 usque
3082 3209 3558 3316 Polycat‘pi'alque
3593 3250 3683 3305 Pa.

375 3315 734 3389 Apocalypsin
756 3318 1000 3372 Joannis
1021 3316 1087 3370 ad
1118 3317 1325 3372 Claudii
1354 3319 1577 3390 Augusti
1612 3330 1849 3392 tempora
1879 3340 1969 3380 re-

348 3392 575 3463 ‘ferunt.
607 3409 770 3464 Cons.
799 3419 853 3463 et
888 3409 1107 3465 Thema:
1148 3410 1396 3468 Newtoui
1438 3414 1806 3472 Bristoliensis
1850 3419 1967 3488 epi-

373 3500 522 3570 scopi
536 3498 750 3556 Βίωνι.
766 3503 819 3556 in
833 3501 1391 3578 Prophetias.Anglica
1416 3508 1593 3580 lingua
1611 3512 1963 3584 conscriptas,

373 3595 480 3648 vol.
513 3609 592 3659 nt,
623 3593 650 3666 §
677 3596 768 3663 24,
805 3612 854 3651 c.
888 3597 941 3662 1,
976 3609 1135 3667 atque
1178 3598 1226 3654 J.
1264 3599 1325 3655 D.
1376 3601 1648 3657 Michaelis
1703 3603 1963 3661 Prwleclt.

370 3685 433 3739 de
461 3683 610 3741 Libb.
654 3684 729 3741 N.
764 3686 824 3741 Τ.
867 3698 1002 3743 sect.
1035 3692 1130 3746 ult.
1182 3693 1247 3747 Et
1286 3694 1416 3748 mihi
1461 3695 1677 3765 quidem
1707 3698 1965 3768 majorem

371 3787 613 3834 moveret
646 3780 955 3851 scrupulum
1003 3799 1187 3839 nmvus
1235 3787 1337 3841 ﬁne
1382 3787 1542 3859 hujus
1571 3788 1855 3860 fragmeuti
1888 3793 1967 3847 in-

369 3878 561 3925 ventus
582 3913 596 3936 ,
648 3871 737 3927 ubi
784 3874 1013 3943 positum
1057 3875 1268 3932 videtur
1292 3919 1307 3943 ,
1342 3875 1623 3935 Basilidem
1660 3897 1782 3938 esse
1812 3881 1967 3938 Cata-

367 3963 620 4033 pltrygum
646 4007 661 4033 ,
691 3966 738 4020 si
761 3966 865 4022 diis
885 3968 1077 4036 placet,
1108 3973 1488 4026 constitutorem
1512 3989 1533 4038 ;
1559 3977 1782 4041 etenim,
1814 3980 1857 4031 si
1888 3979 1961 4033 ita

367 4052 623 4124 legendus
648 4067 703 4111 et
720 4060 1114 4115 construendus
1162 4061 1313 4116 locus
1333 4105 1347 4128 ,
1378 4078 1572 4119 vereor
1617 4082 1685 4121 ne
1711 4065 1962 4137 ignoran-

368 4150 456 4207 tizn
483 4163 681 4205 crassa:
727 4148 783 4206 in
814 4150 919 4208 hoc
950 4162 1173 4210 auctore
1200 4166 1569 4225 argumentum
1608 4158 1732 4215 inde
1763 4160 1965 4217 ducen-

367 4242 493 4299 dum
519 4243 674 4299 foret.

404 4376 407 4381 λ
434 4337 767 4408 Quamquam
796 4352 927 4394 vero
955 4339 1038 4392 vir
1062 4338 1130 4393 cl.
1163 4339 1277 4395 inec
1291 4337 1405 4396 Caii
1435 4340 1601 4399 fuisse
1633 4345 1784 4411 nolit,
1817 4363 1955 4417 quo-

354 4442 486 4482 cum
517 4430 681 4484 sentit
713 4438 822 4484 tum
863 4430 931 4485 cl.
963 4429 1166 4485 Keilins
1194 4432 1245 4485 in
1273 4432 1652 4491 additamentis
1675 4438 1742 4491 ad
1774 4437 1959 4493 Fabri-

359 4520 522 4576 ciam
550 4520 796 4576 Biblioth.
826 4520 1017 4587 ϐῆτα,
1046 4524 1152 4577 vol.
1178 4539 1273 4589 vn,
1301 4540 1419 4595 pag.
1444 4527 1573 4594 285,
1608 4539 1718 4583 tum
1741 4532 1831 4585 alii
1859 4533 1957 4587 viri

2074 3333 2178 3403 pia:
2204 3331 2487 3386 dubitavit.
2520 3329 2736 3402 lstaque
2769 3330 2907 3387 facta
2938 3342 3022 3388 est
3049 3335 3272 3411 omissio
3296 3337 3366 3392 ab
3407 3352 3672 3409 auctore,

2074 3423 2163 3494 qui
2193 3431 2303 3477 tres
2344 3437 2408 3477 ex
2451 3432 2653 3493 septem
2692 3426 3072 3494 ἀντιλεγομέναις
3109 3427 3390 3497 scripturis
3428 3436 3678 3502 agnovit,

2072 3515 2200 3571 dum
2231 3515 2435 3570 nullum
2463 3518 2665 3571 interea
2697 3517 2889 3572 librum
2917 3522 3063 3585 νόθον,
3093 3535 3199 3575 uno
3220 3519 3455 3579 fortasse
3483 3542 3676 3599 excep-

2074 3619 2155 3677 to,
2202 3610 2255 3665 in
2284 3627 2544 3667 canonem
2586 3610 2717 3668 Novi
2761 3613 3088 3670 Testameuti
3116 3617 3351 3673 admisit.
3386 3619 3469 3675 De
3508 3623 3675 3680 altero

2072 3718 2227 3758 naevo
2260 3704 2351 3758 illo
2377 3706 2517 3760 circa
2558 3706 2843 3762 Basiliden]
2884 3708 3194 3767 hmreticum
3221 3711 3361 3782 apud
3393 3728 3519 3773 eum
3561 3717 3670 3772 exi-

2072 3805 2245 3850 stente
2266 3794 2377 3865 jam
2407 3796 2537 3852 dixi.

2140 3885 2457 3958 Nuperrime
2486 3905 2634 3955 vero,
2664 3906 2785 3967 cum
2814 3891 3070 3948 dixissem
3098 3895 3165 3950 ad
3196 3911 3321 3968 pag.
3356 3913 3446 3954 χιιι
3475 3897 3661 3973 pratia-

2072 3980 2230 4033 tionis
2257 3983 2441 4050 Operis
2476 3984 2618 4049 mei,
2656 3984 2759 4039 hoc
2795 3986 3153 4057 fragmentum
3204 3987 3274 4045 de
3327 4004 3527 4045 canone
3551 3988 3656 4045 dis-

2070 4072 2255 4128 tuliSse
2293 4090 2378 4130 me
2408 4076 2458 4130 in
2491 4076 2725 4132 medium
2757 4078 3045 4148 adducere,
3078 4090 3363 4153 propterea
3394 4080 3536 4153 quod
3564 4096 3661 4136 no-

2067 4163 2284 4218 vissima
2308 4165 2550 4237 ejusdem
2572 4168 2737 4225 editio
2762 4170 2996 4225 nendum
3021 4171 3087 4226 ad
3113 4188 3305 4227 manus
3330 4174 3666 4247 pervenisset

2067 4272 2236 4325 meas,
2269 4262 2580 4317 transmissa
2605 4278 2668 4317 ex
2701 4262 2986 4321 Germania
3015 4267 3143 4321 mihi
3175 4277 3256 4323 est
3282 4267 3460 4339 opella
3491 4284 3522 4324 a
3552 4269 3662 4324 viro

2066 4350 2231 4405 nobili
2278 4368 2503 4425 peregre
2544 4367 2773 4425 agente,
2826 4374 2946 4428 quae
2987 4368 3112 4413 ante
3158 4360 3328 4415 Lincii
3385 4362 3661 4436 prodierat

2065 4456 2205 4498 anno
2233 4444 2395 4511 1802,
2428 4463 2549 4503 cum
2580 4446 3048 4508 Commentatione
3078 4452 3350 4510 Francisci
3383 4455 3662 4513 Freindal-

2064 4534 2162 4602 ler,
2204 4539 2449 4594 canonici
2491 4551 2544 4595 et
2577 4541 2739 4596 theol.
2784 4544 3115 4614 professoris
3154 4548 3301 4619 publ.
3344 4549 3396 4604 Is
3448 4551 3658 4621 quidem

361 4614 529 4677 docti,
560 4628 696 4682 quos
726 4613 797 4667 ibi
829 4616 1269 4669 commemoravit
1300 4615 1525 4685 Keilius,
1558 4621 1737 4677 eidem
1777 4633 1955 4683 tamen

2107 4632 2264 4687 ullam
2295 4650 2521 4704 usquam
2552 4636 2854 4692 Stoschiani
2895 4640 3016 4695 libri
3062 4641 3130 4697 de
3169 4642 3391 4697 Canone
3420 4660 3659 4701 comme.

361 4704 611 4762 Stoscbio
655 4705 933 4776 probabile
995 4706 1283 4762 admodum
1325 4710 1537 4768 videtur
1594 4715 1951 4788 fragmentum

360 4804 581 4859 omnino
609 4816 731 4857 esse
768 4800 1237 4870 antiquissimum,
1269 4812 1319 4857 et
1348 4804 1489 4860 circa
1519 4812 1701 4866 saeculi
1736 4812 1955 4869 secundi

360 4898 520 4949 linem
550 4905 640 4950 aut
669 4893 813 4949 tertii
844 4892 990 4947 initia
1020 4897 1414 4965 conscriptum;
1444 4901 1508 4956 ad
1540 4919 1701 4974 quam
1734 4908 1952 4977 quidem

358 4987 680 5044 sententiam
717 4985 1033 5040 ﬁrmandam
1070 4987 1268 5044 multas
1311 4991 1401 5046 ille
1440 4995 1707 5063 rationes,
1753 5015 1952 5069 easque

357 5096 517 5152 quam
541 5079 956 5143 valentissimas,
986 5079 1228 5149 subjecit.
1260 5083 1323 5138 Et
1354 5083 1408 5139 in
1436 5088 1497 5142 ea
1525 5094 1792 5145 sententia
1823 5106 1953 5146 con-

353 5174 577 5229 veniunt
603 5172 910 5240 scriptores,
946 5172 1085 5241 quod
1114 5176 1304 5246 sciam,
1335 5193 1544 5248 omnes,
1573 5187 1664 5254 qui
1692 5185 1853 5239 breve
1887 5187 1950 5241 is-

354 5265 445 5322 tud
480 5266 1039 5321 commemoraverint.
1080 5265 1188 5322 Has
1221 5282 1398 5325 autem
1432 5273 1663 5328 Stoschii
1705 5278 1945 5333 rationes

352 5358 419 5412 ad
466 5359 525 5412 S.
569 5356 861 5425 Scriptura:
900 5356 1065 5412 libros
1128 5361 1366 5432 singulos
1418 5367 1509 5435 qui
1550 5367 1600 5420 in
1640 5368 1937 5439 fragmento

349 5448 712 5513 nominantur,
734 5445 990 5518 deinceps
1015 5448 1256 5518 afferam,
1292 5462 1475 5524 utpote
1499 5472 1617 5526 qme
1644 5460 1937 5528 antiquita-

348 5553 452 5599 tem
472 5542 596 5613 ejus
623 5557 729 5597 non
754 5551 957 5597 tantum
981 5544 1240 5610 muniant,
1266 5547 1361 5601 sed
1388 5549 1547 5604 etiam
1580 5548 1938 5624 ipsumegre-

341 5635 426 5704 gie
453 5635 738 5688 illustrem.
766 5632 950 5703 Neque
977 5635 1130 5689 aliter
1156 5635 1223 5690 de
1258 5649 1415 5697 actate
1442 5646 1628 5718 scripti
1660 5659 1783 5703 ante
1815 5649 1937 5706 Slo-

338 5724 545 5779 sebium
574 5721 906 5792 judic:tverat
944 5724 1114 5777 celei).
1148 5726 1473 5788 Moshemius
1498 5777 1511 5796 .
1560 5740 1649 5807 qui
1685 5741 1735 5795 in
1777 5742 1931 5799 Com-

340 5827 490 5872 ment.
533 5816 595 5870 de
630 5813 797 5869 Rebus
841 5813 1249 5898 Christianorum
1279 5833 1396 5878 ante
1432 5826 1825 5891 Constantinum
1854 5834 1932 5893 Μ.

2062 4725 2414 4780 morationem
2446 4725 2596 4792 fecit,
2638 4739 2930 4803 contraque
2981 4731 3112 4789 Caio
3163 4736 3484 4809 presbytero
3530 4741 3659 4816 frag-

2064 4826 2300 4870 mentum
2331 4817 2705 4874 vindicandum
2733 4838 2853 4878 esse
2889 4827 3094 4894 statuit,
3120 4828 3215 4893 ubi
3248 4836 3424 4887 tamen
3458 4834 3509 4887 in
3544 4835 3573 4908 §
3602 4840 3652 4904 8,

2058 4908 2123 4962 ad
2155 4925 2273 4980 pag.
2301 4911 2388 4975 15,
2424 4910 2537 4967 haec
2569 4913 2760 4969 habet:
2794 4935 2811 4967 ι
2848 4916 2945 4972 Est
2967 4936 3094 4975 vero
3114 4923 3448 4991 simillimum
3475 4930 3653 4995 Col'a-

2065 5020 2082 5051 ι
2120 5003 2319 5069 tionem
2351 5001 2462 5059 Caii
2503 5024 2623 5062 cum
2667 5010 2857 5069 l’roclo
2885 5029 3060 5087 grmce
3090 5033 3211 5074 esse
3259 5022 3496 5093 habitant
3525 5044 3651 5084 con-

2067 5115 2085 5145 ‹
2123 5094 2503 5168 scriptamque.
2545 5100 2728 5157 Talem
2757 5106 2955 5177 quippe
2980 5124 3098 5164 eam
3131 5112 3309 5184 legere
3352 5117 3648 5189 Eusebius,

2064 5206 2081 5235 ‹
2124 5185 2379 5253 Photius,
2423 5206 2487 5244 ac
2526 5191 2897 5252 Theodoretus
2922 5242 2936 5262 .
2982 5204 3069 5272 qui
3113 5204 3205 5260 lib.
3238 5223 3291 5262 nt
3326 5185 3642 5267 Fabularum

2061 5297 2081 5329 ‹
2118 5279 2465 5337 ltwrelicarttm
2529 5288 2771 5344 eamdem
2820 5300 2945 5357 κατά
3007 5303 3276 5368 Πάτρωιλον
3345 5301 3637 5375 inscripsit.

2057 5388 2076 5415 ι
2114 5372 2266 5425 Addo
2316 5376 2455 5445 quod
2494 5376 2761 5449 Valesius,
2804 5390 3092 5442 momentis
3119 5388 3257 5445 haud
3285 5372 3641 5462 spernendis,

2056 5481 2075 5512 ‹
2114 5463 2361 5521 Proclum
2392 5468 2531 5525 hunc
2558 5487 2588 5526 e
2612 5472 2838 5531 ducibus
2862 5488 3024 5535 secta:
3051 5480 3460 5553 Montanisﬁcm,
3490 5488 3640 5545 Grae-

2053 5575 2071 5608 ι
2104 5573 2226 5614 cum
2254 5561 2489 5617 Asiatem
2518 5564 2680 5623 fuisse
2711 5581 2919 5641 arguat.
2956 5572 3143 5629 Crarce
3179 5576 3360 5647 itaque
3392 5594 3516 5635 cum
3545 5579 3639 5647 ho-

2051 5671 2071 5704 ‹
2110 5654 2253 5709 mine
2305 5656 2492 5713 Graeco
2531 5658 2690 5717 Caius
2729 5665 3034 5720 contulerit.
3081 5668 3327 5731 Attamen
3366 5670 3636 5742 fragmen-

2051 5741 2069 5797 ἆ
2106 5756 2216 5802 tum
2259 5762 2503 5808 nostrum
2544 5756 2718 5811 latinae
2755 5758 2930 5828 potius
2968 5762 3191 5832 originis
3232 5768 3427 5840 stylnm
3473 5766 3633 5838 sapit.

2049 5858 2068 5891 ‹
2107 5839 2204 5899 Cui
2233 5842 2447 5915 quidem
2490 5848 2796 5910 difﬁcultati
2837 5866 2897 5909 ea
2924 5855 3266 5919 solummodo
3289 5839 3504 5923 ratione
3543 5875 3634 5922 oc-
