3784 6272
412 322 517 389 193

1242 324 1336 383 DE
1381 325 1536 385 VITA
1566 324 1656 397 ΕΤ
1690 322 2003 395 SCRIPTIS
2032 316 2244 385 MARCI
2281 320 2536 381 MINUCH
2585 322 2876 383 FELICIS.
3590 326 3667 384 196

408 446 764 520 Hieronymus
795 446 875 519 (l)
905 447 1005 500 hoc
1031 444 1205 515 palam
1233 452 1529 516 aperteque
1550 450 1882 498 asseverant.
1914 439 1999 510 lp-
2023 440 2077 503 Α
2102 456 2208 512 quo
2231 449 2473 512 tempore
2491 439 2698 496 scilicet
2717 438 2948 509 ethnicaa
2968 437 3335 510 superstitioni
3356 447 3498 497 esset
3518 440 3665 499 adhuc

406 549 578 595 semet
605 553 733 593 vero
760 537 1018 592 Minucius
1051 535 1201 590 initio
1242 536 1321 590 sui
1350 535 1469 590 libri
1513 534 1591 607 (2)
1629 532 1815 589 scribit
1840 531 2001 587 Octa-

405 632 551 688 vium
579 633 644 687 ad
684 647 745 688 se
791 632 1014 686 Romam
1059 629 1305 697 venisse,
1338 640 1498 700 atque
1529 644 1633 683 una
1664 643 1785 683 cum
1814 641 1879 681 eo
1902 667 1915 689 ,
1947 632 2004 680 et

404 726 573 781 altero
598 725 795 779 comite
819 724 973 793 paulo
1001 734 1120 795 post
1156 722 1359 780 Ostiam
1394 722 1649 792 petivisse
1677 736 1692 775 :
1722 738 1739 772 ι
1768 719 1902 775 Cum
1935 718 2002 775 ad

404 817 724 872 vindemiam
751 860 766 884 ,
800 818 1001 887 inquit,
1034 816 1178 872 ferim
1205 816 1541 888 judiciariam
1572 830 1753 870 curam
1787 814 1999 869 relaxa-

404 919 606 975 verant,
650 929 669 962 ι
703 910 753 965 id
782 920 883 972 est,
907 925 1029 964 cum
1056 925 1085 964 a
1116 908 1311 964 forensi
1345 908 1547 972 labore,
1579 922 1685 976 quo
1716 922 1808 975 per
1832 914 2001 959 totum

403 1017 599 1056 autumi
647 1001 1029 1072 occupabatur,
1071 999 1459 1055 vindemiarum
1494 1008 1735 1068 tempore
1763 1004 1998 1051 vacaret.

400 1095 590 1150 Nonne
617 1095 777 1149 etiam
803 1092 1055 1150 Octavius
1086 1093 1152 1150 de
1181 1109 1240 1149 se
1268 1092 1386 1164 ipso
1411 1134 1425 1155 ,
1452 1100 1506 1148 et
1531 1091 1598 1149 de
1627 1090 1882 1153 Minucio,
1918 1088 2002 1149 vel

402 1186 578 1257 potius
604 1184 820 1241 Minucii
843 1193 1048 1240 tantum
1070 1184 1288 1239 nomine
1315 1184 1481 1239 dixit:
1519 1201 1536 1233 ί
1574 1182 1690 1237 Non
1723 1191 1897 1236 tamen
1925 1196 2005 1234 sa-

400 1281 629 1353 crilegos
683 1278 894 1349 aliquos
939 1287 993 1334 et
1018 1278 1273 1342 incestos,
1309 1275 1601 1348 parricidas
1631 1276 1790 1329 etiam
1814 1273 2001 1328 defen-

401 1370 615 1427 dendos
641 1382 695 1428 et
725 1371 951 1428 tuendos
981 1372 1405 1442 suscipiebamus
1437 1386 1453 1425 :
1485 1370 1583 1426 hos
1614 1385 1765 1435 vero,
1800 1387 1819 1420 ι
1855 1367 2005 1423 scili-

400 1474 489 1520 cet
517 1466 856 1520 Christianos
881 1507 896 1531 ,
950 1484 968 1517 ι
1005 1450 1104 1521 nec
1148 1464 1445 1520 audiendos
1474 1468 1525 1518 in
1573 1471 1739 1517 totum
1773 1463 1999 1532 putaba-

398 1573 518 1613 mus
534 1557 638 1631 (5).
664 1576 683 1610 ι
711 1556 789 1612 Ex
808 1558 1003 1629 quibus
1020 1556 1187 1629 liquet
1218 1540 1392 1624 illum,
1414 1571 1535 1611 cum
1562 1555 1809 1611 etlmicus
1828 1553 2003 1610 adhuc

401 1661 569 1719 esset,
594 1650 847 1706 causidici
876 1666 1070 1705 munus
1100 1649 1317 1705 obiisse.

468 1740 557 1798 HI.
604 1770 675 1781 —
711 1740 905 1796 Verum
935 1751 1117 1797 nostra
1147 1749 1305 1798 aetate
1330 1741 1411 1796 vir
1437 1740 1745 1797 acerrimini
1776 1738 2000 1811 ingenii,

2106 533 2370 601 addictus,
2399 533 2656 589 causidici
2686 548 2909 588 munere
2933 533 3101 589 fuisse
3130 532 3484 603 perfunctum.
3516 534 3663 604 Neque

2108 646 2237 685 vero
2263 630 2385 700 jure
2414 630 2533 701 quis
2582 640 2793 699 regerat
2848 629 3129 685 Octavium
3172 629 3256 683 hic
3285 644 3314 682 a
3358 628 3580 683 Minucio
3613 629 3666 683 ita

2108 722 2418 794 loquentem
2463 723 2679 788 induci;
2724 722 2968 793 adeoque
2999 721 3126 777 illud
3158 737 3322 776 unum
3370 732 3428 776 ut
3471 722 3665 777 maxime

2109 816 2234 872 inde
2256 816 2433 888 colligi
2476 831 2654 885 posse,
2687 815 2964 871 Octavium
2996 815 3235 886 quidem,
3271 830 3377 870 non
3404 822 3570 869 autem
3590 813 3665 869 lli-

2108 907 2321 963 nucium
2344 949 2358 974 ,
2405 923 2686 962 causarum
2722 917 3003 979 patronum
3029 907 3224 979 egisse.
3252 906 3385 974 Quis
3411 906 3579 973 enim,
3604 907 3666 960 iu-

2109 1002 2222 1073 quit
2250 1000 2330 1056 vir
2359 1001 2601 1056 eruditus
2628 998 2734 1073 (l),
2767 1000 2932 1071 probe
2963 1016 3067 1055 non
3115 999 3379 1070 intelligat
3431 998 3665 1053 Oetavium

2112 1096 2188 1151 vel
2217 1094 2284 1152 de
2310 1110 2369 1151 se
2399 1095 2533 1164 ipso,
2562 1094 2735 1165 deque
2758 1092 2988 1149 Minucio
3013 1093 3194 1157 simul,
3215 1093 3299 1147 vel
3329 1091 3504 1162 potius
3531 1090 3669 1146 Minu-

2108 1190 2177 1244 cii
2212 1197 2414 1244 tantum
2445 1188 2660 1243 nomine
2685 1187 2917 1255 dixisse,
2948 1205 2967 1239 ι
3000 1202 3059 1243 se
3080 1185 3371 1257 aliquando
3397 1184 3668 1255 sacrilegos,

2109 1290 2162 1336 et
2194 1281 2448 1346 incestos,
2484 1279 2775 1350 parricidas
2798 1279 2984 1345 etiam,
3011 1276 3388 1337 defendendos
3409 1283 3464 1333 et
3483 1276 3672 1332 tuendos

2109 1374 2446 1442 suscepisse;
2473 1373 2807 1429 Christianos
2836 1388 2963 1430 vero
2988 1387 3088 1429 nec
3125 1370 3431 1427 audiendos
3461 1371 3511 1426 in
3539 1380 3674 1427 totum

2110 1467 2369 1538 putasse?
2403 1486 2423 1519 ι

2180 1563 2272 1621 ιν.
2316 1592 2388 1604 -
2426 1561 2580 1631 Quod
2608 1562 2653 1617 si
2677 1576 2787 1618 rem
2818 1562 2890 1617 ita
2920 1575 2978 1615 se
3012 1558 3211 1617 habere
3249 1557 3585 1628 perspicuum
3611 1557 3676 1621 sit,

2107 1655 2241 1715 illud
2272 1671 2484 1726 quoque
2532 1669 2871 1724 consequens
2903 1652 3095 1717 fuerit,
3123 1650 3417 1709 Minucium
3453 1661 3677 1714 nostrum,

2108 1749 2270 1825 etiam
2298 1756 2420 1818 post
2454 1747 2764 1803 christiana:
2790 1744 3067 1815 religionis
3096 1741 3510 1812 professionem,
3547 1744 3592 1796 in
3614 1756 3681 1797 eo-

399 1832 767 1899 lleumannus,
787 1832 1017 1888 dubitari
1046 1834 1111 1889 de
1141 1843 1283 1889 statu
1314 1832 1560 1902 Minucii,
1586 1849 1817 1904 eumque
1843 1849 1874 1888 e
1904 1847 2004 1887 nn—
2032 1835 2083 1897 B
2111 1841 2231 1894 dem
2260 1853 2483 1893 munere
2510 1838 2759 1893 obeundo
2790 1837 3109 1906 perstitisse.
3131 1834 3409 1906 Siquidem
3440 1834 3681 1890 Octavium

400 1939 552 1979 mero
604 1924 997 1980 causidicorum
1053 1924 1168 1980 sive
1215 1922 1723 1995 jurisconsultorutu
1755 1925 2001 1980 eximen-

398 2018 525 2072 dum
557 2032 679 2074 esse
707 2018 913 2074 censuit
957 2016 1061 2088 (ι).
1096 2017 1359 2073 Nimirum
1382 2059 1396 2083 ,
1424 2018 1599 2088 inquit
1631 2017 2000 2081 Heumannus,

400 2108 744 2175 Lactantius,
776 2110 867 2179 qui
899 2111 1106 2180 primus
1136 2110 1375 2165 omnium
1410 2110 1552 2164 inter
1576 2109 1911 2180 antiquiores
1938 2123 2003 2164 eo

400 2219 625 2259 munere
652 2202 893 2258 functum
922 2219 1043 2260 esse
1071 2203 1361 2259 Minucium
1394 2203 1679 2274 perbibere
1717 2204 2000 2258 existima»

401 2305 507 2361 tur,
532 2296 768 2367 appellat
799 2296 949 2351 illum
977 2296 1193 2367 quidem
1227 2314 1246 2349 ι
1276 2295 1605 2351 causidicum
1631 2312 1645 2362 ;
1675 2314 1696 2350 ι
1731 2311 1796 2351 ea
1824 2305 2004 2350 tamen
2039 2351 2044 2355 .

399 2392 630 2461 eleganti
662 2392 885 2447 netione
912 2434 928 2458 ,
957 2407 1061 2461 qua
1089 2391 1264 2461 ipsum
1296 2404 1402 2445 non
1449 2407 1469 2440 Ι
1502 2388 1773 2445 forensem
1801 2431 1815 2455 ,
1851 2407 1870 2439 ι
1908 2384 2006 2443 sed

407 2500 425 2533 ι
462 2481 771 2537 christiana:
822 2482 1101 2554 religionis
1138 2501 1157 2535 ι
1236 2479 1567 2559 causidicum
1613 2482 1798 2535 innuat
1838 2498 1852 2534 :
1897 2495 2005 2552 quo

401 2576 572 2633 semel
602 2575 779 2647 posito
805 2618 821 2645 ,
884 2576 1149 2632 Lactantii
1198 2577 1360 2633 verba
1404 2591 1689 2648 perperam
1729 2575 2007 2646 accepisse

405 2670 790 2742 Hieronymum
814 2671 1147 2728 arbitratur:
1183 2671 1311 2743 quin
1339 2678 1393 2725 et
1418 2684 1485 2725 eo
1513 2669 1778 2741 procedit,
1816 2677 1874 2723 ut
1900 2666 2004 2724 sibi

405 2763 794 2835 propemodum
845 2763 1166 2834 persuadeat
1230 2762 1371 2818 haud
1418 2762 1703 2832 scripsisse
1778 2760 2005 2815 Lactan-

405 2857 535 2913 tiutn
570 2874 582 2911 :
617 2876 636 2910 t
673 2857 937 2913 Minucius
968 2856 1117 2913 Felix
1147 2873 1253 2911 non
1286 2854 1537 2928 ignobilis
1582 2856 1720 2909 inter
1775 2853 2005 2907 causidi-

402 2964 495 3006 cos
527 2949 629 3005 loci
653 2991 670 3017 ,
707 2969 726 3003 ›
788 2951 881 3005 sed
932 2970 951 3001 ί
972 2934 1093 3005 ἠοιι
1127 2947 1372 3019 ignobilis
1404 2948 1540 3000 inter
1567 2945 1867 2998 causidicos
1897 2945 2001 2998 Ec-

403 3042 584 3097 clesia:
624 3043 741 3096 fuit.
785 3063 804 3096 ι
835 3043 1053 3098 Scilicet
1076 3042 1183 3108 ait,
1210 3054 1276 3101 ex
1320 3034 1698 3113 compendiosa
1739 3034 2003 3103 scriptura

406 3132 543 3188 Ecce
570 3149 668 3204 pro
695 3132 940 3189 Ecclesia:
966 3174 982 3198 ,
1016 3130 1172 3185 facile
1202 3127 1301 3181 loci
1321 3166 1337 3189 ,
1369 3126 1513 3179 nasci
1553 3124 1744 3194 potuit.
1780 3124 1846 3178 At
1874 3138 2006 3194 ope-

2108 1932 2173 1987 atl
2201 1948 2260 1986 se
2292 1930 2515 1984 Romam
2547 1935 2757 1985 venisse
2798 1929 2986 1985 scribit
3018 1927 3097 1998 (2)
3126 1968 3141 1993 ,
3178 1947 3196 1981 ‹
3231 1944 3397 1998 quum
3438 1928 3505 1983 ad
3537 1927 3682 1983 vinde-

2108 2026 2274 2080 miam
2335 2024 2481 2080 feria:
2529 2024 2865 2095 judiciariam
2921 2038 3104 2078 curam
3147 2022 3556 2089 relaxaverant;
3591 2040 3607 2074 ι
3646 2020 3683 2074 id

2111 2130 2226 2186 est,
2260 2134 2380 2174 cum
2412 2133 2439 2172 a
2492 2117 2688 2172 forensi
2738 2116 2921 2173 labore
2943 2158 2957 2183 ,
2992 2133 3097 2187 quo
3140 2131 3237 2187 per
3281 2117 3550 2187 reliquum
3586 2114 3684 2168 anni

2113 2222 2322 2281 tempus
2352 2209 2728 2275 distinebatur,
2765 2196 3196 2285 incumbentibus
3218 2205 3685 2263 aututnnalibusfc-

2111 2304 2204 2358 riis
2231 2312 2466 2357 vacaret.
2499 2302 2681 2373 Neque
2705 2312 2793 2357 est
2839 2301 3055 2357 demum
3081 2315 3178 2355 cur
3199 2301 3320 2371 quis
3340 2302 3569 2355 miretur
3592 2313 3685 2353 cum

2110 2398 2371 2453 Balduino
2401 2398 2511 2469 (ὅ),
2548 2416 2565 2448 t
2604 2397 2654 2449 in
2687 2406 2791 2450 tam
2824 2394 3050 2466 profano
3083 2403 3134 2449 cl
3172 2394 3391 2449 inimico
3436 2396 3551 2449 foro
3587 2408 3688 2447 ean-

2111 2493 2302 2549 sistere
2334 2490 2660 2547 causidicum
2693 2491 2836 2560 pium
2885 2490 3159 2557 potuisse;
3200 2509 3219 2541 ›
3254 2504 3318 2545 ac
3349 2489 3575 2560 proinde
3603 2501 3687 2541 non

2110 2594 2193 2641 est
2240 2600 2337 2640 cur
2382 2582 2504 2638 inde
2549 2584 2724 2653 potius
2778 2582 2997 2653 colligat
3044 2581 3394 2637 Heumannus
3424 2582 3508 2655 (1)
3549 2579 3691 2636 Miuu-

2111 2677 2254 2732 cium
2301 2674 2628 2731 causidicum
2658 2674 2882 2729 Romani
2933 2672 3032 2727 fori
3081 2672 3493 2744 haudquaquam
3529 2671 3690 2726 fuisse.

2118 2789 2134 2821 ι
2177 2768 2237 2823 Hi
2264 2768 2406 2822 enim
2438 2767 2481 2822 si
2524 2765 2898 2830 considerent,
2941 2763 3114 2819 verbis
3167 2772 3287 2818 utor
3315 2760 3694 2819 Mantachiitiri

2110 2862 2182 2915 cl.
2211 2858 2325 2933 (5),
2381 2874 2556 2929 neque
2608 2872 2825 2928 semper
2871 2858 3224 2927 imperatores
3260 2858 3471 2912 cavisse
3512 2871 3579 2911 ne
3620 2853 3695 2924 qui

2112 2960 2353 3005 nostrum
2389 2950 2615 3019 publicis
2643 2949 2958 3004 muneribus
2983 2949 3358 3019 fungerentur,
3392 2966 3573 3021 neque
3599 2964 3694 3003 om-

2104 3055 2238 3107 lnes,
2270 3040 2426 3096 facile
2453 3040 2671 3109 quidem
2701 3050 2850 3095 certe
2878 3038 3277 3107 conﬁtebuntur
3303 3043 3464 3096 tertio
3496 3041 3692 3102 saeculo,

2108 3147 2217 3203 quo
2244 3131 2534 3201 Septimius
2563 3123 2795 3186 S‘ererns
2838 3131 3043 3201 mquior
3068 3128 3364 3199 aliquando
3402 3145 3579 3201 quam
3627 3130 3692 3186 de-

405 3245 518 3284 rant
552 3228 735 3284 ludere
761 3231 844 3282 vir
866 3225 1084 3301 criticus
1103 3220 1449 3292 comperitnr.
1481 3218 1630 3273 Mitto
1656 3217 1830 3272 locum
1855 3216 2001 3271 illum
2029 3221 2076 3285 C
2109 3238 2355 3280 cessares
2400 3224 2481 3278 sui
2527 3232 2921 3279 consueverant.
2948 3264 2962 3287 ,
3013 3223 3212 3289 nostris
3240 3220 3349 3293 (6),
3392 3231 3449 3277 et
3486 3224 3694 3279 Mena.

405 3321 767 3376 Minucianqu
798 3317 957 3373 modo
984 3313 1279 3379 laudatum,
1307 3328 1469 3383 quem
1500 3327 1662 3385 unttm
1694 3308 1844 3375 vidit,
1874 3309 1999 3367 alio-
2100 3317 2198 3372 der
2216 3316 2298 3392 (7)
2327 3325 2382 3372 et
2419 3313 2652 3387 Philippi
2681 3313 2908 3389 Augusd
2935 3355 2949 3379 ,
2992 3314 3080 3384 qui
3108 3312 3249 3371 nihil
3296 3311 3592 3373 adversum
3618 3327 3694 3369 nos

405 3430 510 3485 que
540 3414 768 3467 detorsit
797 3412 1167 3467 Heumannus.
1198 3407 1349 3462 Licet
1378 3406 1520 3462 enim
1546 3420 1611 3460 ex
1638 3404 1757 3475 ejus
1782 3411 2002 3460 senteu-
2101 3408 2501 3467 decernendum
2551 3406 2997 3464 existimaverunt
3040 3404 3119 3478 (8)
3148 3446 3162 3471 ,
3213 3404 3393 3475 adepti
3439 3416 3591 3474 sum,
3634 3405 3694 3459 fas

407 3506 669 3593 tia‘verba
700 3504 846 3559 illius
882 3502 985 3556 loci
1013 3502 1193 3556 minus
1231 3509 1353 3571 apta
1381 3498 1775 3565 existimentur,
1808 3496 2002 3568 quibus
2104 3502 2271 3559 fuisse
2301 3502 2613 3558 Christiano
2657 3501 2771 3555 viro
2798 3501 2851 3555 in
2891 3499 3064 3555 forum
3088 3499 3295 3567 venire,
3329 3500 3694 3569 patrocinium-

405 3589 667 3670 cju'smodi
706 3597 771 3652 lis
809 3596 1121 3661 dirimatur;
1152 3594 1280 3651 alibi
1313 3604 1490 3650 tamen
1520 3591 1656 3648 adeo
1694 3589 1996 3661 luculenter

406 3705 559 3746 suam
587 3704 803 3744 causam
854 3695 1071 3758 perorat
1100 3694 1281 3743 noster
1315 3704 1335 3737 ι
1370 3685 1675 3741 causidicus
1698 3725 1713 3751 ,
1752 3703 1770 3735 ι
1807 3694 1862 3738 et
1885 3682 2003 3753 qui-

405 3782 526 3839 dem
555 3799 574 3833 ‹
611 3796 715 3837 non
745 3780 992 3852 ignobilis
1018 3778 1157 3845 loci;
1193 3797 1211 3830 ο
1248 3786 1306 3832 ut
1328 3792 1486 3832 nemo
1515 3776 1673 3847 plane
1699 3773 1861 3829 fuerit
1885 3773 2000 3844 qui,

404 3875 544 3947 arqui
569 3872 767 3945 judicis
798 3881 977 3944 partes
1013 3870 1114 3926 sibi
1141 3884 1358 3924 sumens
1381 3909 1398 3935 ,
1432 3868 1579 3936 iuxta
1609 3866 1777 3937 ipsius
1810 3864 2005 3936 placita

406 3966 727 4023 sententiam
769 3965 913 4021 ferre
945 3963 1229 4019 detrectet.
1260 3960 1350 4016 Sic
1378 3960 1537 4032 igitur
1564 3958 1654 4014 ille
1680 3956 1759 4030 (5)
1788 3976 1804 4014 :
1841 3975 1859 4008 ι
1897 3956 2005 4013 Nos

404 4072 525 4113 cum
557 4054 846 4127 saerilegos
876 4055 1111 4125 aliquos,
1141 4063 1194 4110 et
1219 4053 1453 4108 incestos
1472 4095 1486 4118 ,
1521 4050 1817 4121 parricidas
1842 4049 2006 4113 etiam

405 4148 775 4207 defendendos
796 4190 811 4216 ,
844 4156 900 4203 et
948 4134 1176 4203 tuendos
1205 4143 1669 4215 suscipiebamus;
1705 4144 1802 4196 hos
1826 4139 2006 4210 (Chri—

403 4242 635 4317 SlianOs)
666 4257 769 4300 nec
815 4241 1111 4303 audiendos
1142 4241 1197 4295 in
1244 4248 1415 4295 totum
1460 4235 1803 4308 putabamus.
1836 4252 1855 4287 ο
1906 4231 2008 4291 Ubi

404 4337 700 4393 notandum
740 4336 794 4391 in
828 4335 1017 4405 primis
1049 4332 1271 4390 verbum
1306 4330 1766 4401 suscipiebamus,
1793 4342 1858 4383 ex
1890 4326 2009 4383 foro

404 4438 706 4498 sumptum,
741 4437 797 4482 ut
823 4424 892 4483 ad
917 4441 1039 4483 eum
1070 4425 1249 4482 locum
1271 4439 1339 4481 ex
1366 4422 1643 4481 Wovverio
1666 4420 2009 4477 animadver-

402 4538 545 4578 sum.
583 4539 601 4573 ι
630 4519 875 4589 Suscepti
903 4539 923 4573 ι
956 4519 1099 4576 enim
1134 4536 1154 4570 ι
1189 4517 1433 4573 clientes.
1472 4534 1492 4568 ι
1528 4515 1758 4575 Servius
1781 4513 1851 4569 ad
1877 4512 2006 4569 illud

403 4613 758 4685 Virgilianutn
787 4608 871 4681 (6)
899 4625 913 4664 :

866 4723 931 4774 Et
951 4722 1084 4774 fraus
1103 4723 1289 4772 innexa
1311 4720 1479 4771 clienti
1512 4738 1523 4768 ;

409 4854 429 4887 ι
466 4833 595 4890 Vult
624 4872 641 4899 ,
682 4830 876 4902 inquit,
935 4828 1154 4899 intelligi
1197 4826 1640 4898 praevaricatores
1679 4828 1768 4898 qui
1794 4827 2004 4897 patroni

404 4935 533 4983 sunt
556 4926 860 4993 clientium,
899 4937 1035 4995 quos
1066 4937 1206 4977 nunc
1233 4930 1511 4991 susceptos
1549 4938 1566 4972 ι
1598 4935 1870 4976 vocamus.
1897 4920 1998 4975 Re-

403 5020 544 5090 liqua
574 5034 734 5089 porro
761 5016 1047 5071 Minueiaui
1078 5022 1381 5081 contextus,
1406 5029 1564 5085 quem
1597 5012 2000 5083 descripsimus,

402 5117 475 5171 ita
522 5113 800 5169 conterere
830 5117 1126 5165 noscuntur
1162 5107 1427 5180 ejusmodi
1455 5108 1599 5161 vocis
1643 5105 1783 5159 illius
1810 5118 2004 5173 accep-

403 5210 556 5277 tioni,
586 5215 645 5263 ut
667 5206 907 5278 quisquis
929 5205 1191 5276 integram
1214 5203 1449 5258 auctoris
1477 5198 1798 5256 sententiam
1831 5196 2003 5267 inspi-

402 5302 526 5371 ciat,
586 5298 815 5355 fateatur
883 5305 1132 5366 oporteat
1202 5296 1379 5367 ipsum
1447 5291 1735 5362 aliquando
1785 5290 2001 5353 saltem,

471 5439 552 5515 (1)
591 5440 907 5513 Hieronym.
927 5438 980 5494 in
1007 5435 1269 5508 Catalog.,
1291 5449 1412 5506 cap.
1441 5431 1533 5507 58,
1556 5443 1611 5487 et
1636 5430 1806 5503 Epist.
1837 5428 1910 5486 85
1933 5428 2003 5483 ad

401 5511 678 5587 Magnum.
802 5511 809 5513 ⁷

471 5587 556 5657 (2)
596 5581 794 5657 bliuuc.
825 5583 878 5637 in
899 5580 1133 5657 Dialog.,
1153 5593 1275 5651 cap.
1296 5578 1353 5633 ‘2.

496 5652 551 5734 ξι)
594 5653 762 5734 eum.
789 5670 907 5722 cav-
936 5652 1069 5734 εδ(
1176 5720 1212 5734 ,,

496 5661 551 5727 3)
594 5661 762 5720 Idem,
789 5670 907 5722 cap.
939 5661 1030 5706 ‘28.

498 5732 552 5796 4)
595 5727 892 5780 Heumann.
928 5722 1139 5792 Parerg.
1170 5720 1411 5787 Gwltiug.
1445 5734 1496 5783 κ,
1524 5733 1641 5791 pag.
1666 5716 1927 5774 208-9”.

500 5799 531 5852 5
596 5797 793 5849 Minue.
825 5794 1058 5862 Dialog.,
1087 5807 1206 5861 cap.
1242 5789 1333 5843 9.8.

476 5804 556 5941 (6)
595 5865 782 5940 Virgil.
814 5864 1030 5922 ίΕηιὶά.
1067 5878 1139 5932 vr,
1172 5860 1298 5918 609.

401 5928 409 5939 δ
595 5865 782 5940 Virgil.
814 5860 1030 5922 ίΕηιὶὀ.
1067 5878 1139 5932 vr,
1162 5860 1298 5918 609.

2103 3612 2207 3668 que
2235 3610 2423 3653 eorum
2453 3594 2727 3664 suscipere
2780 3606 2919 3663 quos
2971 3602 3063 3645 aut
3098 3589 3292 3660 injuria
3343 3588 3568 3645 atl‘ectos
3619 3596 3692 3642 aut

2106 3689 2262 3744 bonis
2289 3690 2485 3759 injuste
2513 3688 2748 3757 privatos
2776 3682 2940 3740 fuisse
2966 3684 3347 3739 arbitraretur.
3389 3702 3409 3735 ›
3448 3682 3691 3738 Arnobius

2107 3784 2385 3840 enimvero
2436 3790 2661 3837 testatur
2723 3777 2803 3852 (9)
2865 3796 2882 3829 ι
2924 3777 3130 3848 magnis
3183 3775 3416 3847 ingeniis
3462 3775 3691 3847 praaditos

2107 3888 2372 3942 oratores,
2398 3884 2453 3932 et
2484 3873 2761 3930 consultos
2787 3872 2923 3943 juris
2958 3870 3261 3941 magisteria
3293 3870 3574 3926 christiana
3603 3884 3691 3923 ex-

2108 3971 2347 4042 petiisse,
2401 3968 2596 4040 spretis
2640 3967 2834 4035 quibus
2878 3965 3038 4035 paulo
3094 3973 3219 4018 ante
3270 3962 3516 4018 lidebant.
3546 3977 3563 4009 ι
3616 3957 3683 4011 Et

2111 4066 2235 4137 quis
2266 4077 2396 4120 vero
2424 4061 2633 4118 dubitet
2664 4057 2960 4115 Arnobium
2989 4056 3074 4111 bis
3112 4055 3296 4111 verbis
3322 4054 3388 4110 ad
3427 4051 3689 4108 Minucium

2111 4169 2389 4223 nostrum,
2419 4159 2581 4211 immo
2608 4171 2762 4210 suum
2784 4193 2799 4219 ,
2825 4152 3128 4222 respexisse
3150 4191 3162 4215 ,
3191 4164 3353 4221 quem
3385 4149 3524 4202 inter
3551 4144 3684 4213 ejus-

2110 4252 2256 4307 tnodi
2283 4259 2528 4305 oratores
2552 4259 2605 4304 et
2630 4245 3046 4317 jurisconsultos
3078 4243 3277 4314 primas
3305 4240 3492 4296 tulisse
3541 4236 3687 4309 probe

2112 4343 2557 4412 noveratiQuid,
2588 4341 2731 4414 quod
2763 4340 3143 4403 Tertulliauus,
3172 4355 3192 4389 σ
3224 4334 3472 4392 Hesterni
3497 4343 3684 4393 sumus,

2112 4440 2386 4512 inquiebat
2406 4436 2547 4511 (10),
2576 4444 2631 4491 et
2656 4444 2832 4491 vestra
2859 4434 3035 4489 omnia
3066 4432 3424 4504 implevimus,
3438 4428 3611 4491 urbes,
3624 4425 3686 4479 in.

2118 4535 2288 4599 solas,
2336 4531 2580 4595 castella,
2610 4528 2924 4600 municipia,
2957 4525 3333 4592 conciliabula,
3362 4531 3538 4579 castra
3573 4521 3682 4590 ipsa.

2036 4619 2094 4680 Ῑ)
2122 4633 2313 4699 tribus,
2338 4630 2610 4695 decurias,
2637 4634 2902 4693 senatum,
2936 4625 3109 4680 forum
3138 4640 3151 4677 :
3188 4621 3301 4676 sola
3322 4619 3475 4675 vobis
3500 4612 3683 4685 reliqui

2113 4741 2237 4781 mus
2281 4725 2500 4794 templa.
2542 4741 2560 4773 ι
2616 4721 2803 4776 Deleat
2829 4718 2989 4790 igitur
3030 4731 3098 4772 ex
3149 4715 3259 4769 suis
3288 4712 3530 4782 Parergis
3566 4705 3682 4763 ﬂeu-

2107 4832 2338 4874 mannus
2411 4816 2848 4872 observationem
2897 4811 3043 4866 illam
3099 4823 3203 4880 qua
3253 4805 3539 4875 Minucium
3580 4798 3680 4855 albo

2180 5001 2261 5072 (1)
2300 4999 2375 5072 Le
2399 4995 2627 5072 Nonrry,
2650 4994 3096 5072 _Apparat.,atom.
3125 5005 3182 5057 ιι,
3209 5002 3333 5060 pag.
3370 4986 3462 5042 11.

2182 5063 2263 5140 (2)
2306 5069 2507 5125 Minue.
2538 5063 2771 5140 Dialog.,
2794 5063 2998 5140 ca_p.__2_.

2207 5129 2549 5212 3).]ialduin.
2582 5129 2808 5212 υἰδέενι.
2828 5129 2890 5191 αξ
2914 5132 3278 5212 Μὶηιιλελισέιη
3304 5129 3333 5204 §
3364 5130 3417 5187 5.
3442 5145 3453 5151 τ

2204 5203 2260 5283 4)
2282 5203 2602 5268 Heumann.
2634 5212 2738 5283 loc.
2767 5210 3012 5283 cit.,pa_g.
3036 5203 3167 5283 212:

2204 5272 2560 5356 5)Mamacb.
2622 5281 2769 5352 Orig.
2824 5272 3100 5341 etv-Antio.
3148 5272 3382 5339 Cluith,
3432 5278 3556 5327 tom.
3609 5278 3669 5327 nl,

2106 5355 2231 5427 pug;
2262 5355 2368 5411 299
2394 5370 2545 5425 seqq.

2205 5428 2260 5498 6)
2301 5419 2612 5498 Tertullian.
2642 5425 2713 5498 _a_d
2736 5421 2978 5498 Scapti!”
3005 5436 3122 5498 cap:

2210 5488 2265 5569 7')
2308 5498 2513 5569 Euseb.
2533 5495 2604 5551 Η.
2631 5494 2700 5550 Ε.
2727 5494 2826 5569 lib.
2846 5488 2927 5558 vi,
2952 5488 3165 5561 cap.16
3191 5498 3248 5546 et
3266 5488 3356 5543 28.

2205 5565 2263 5637 8)
2302 5569 2379 5624 Id.
2412 5568 2540 5623 ibid.
2575 5584 2693 5636 cap.
2724 5565 2816 5623 54.
3254 5630 3309 5637 Α,
3421 5629 3453 5637 ,,
3522 5627 3558 5637 ,,
3617 5625 3626 5633 .

2180 5627 2260 5706 (9)
2302 5641 2504 5695 Arnob.
2544 5627 2662 5693 adv:
2696 5637 2868 5703 Gent.,
2897 5637 2987 5690 lib.
3024 5651 3081 5702 tt,
3102 5650 3222 5705 pag.
3248 5630 3342 5697 21,
3369 5629 3499 5687 edit.
3522 5627 3670 5683 Paris.

2178 5783 2558 5914 (ltizjg'fertull.
2609 5779 2872 5853 Apologet.
2928 5794 3046 5849 cap.
3076 5778 3144 5835 57
3169 5820 3184 5847 ,
3227 5776 3313 5835 ed.
3358 5773 3547 5845 Migue,
3575 5774 3607 5822 ι.
3635 5776 3670 5828 t,

2110 5862 2212 5916 Col.
2242 5862 2311 5913 46
