  <div class='ocr_page' id='page_1' title='image "/cluster/home/n/w/nwhite01/storage/ocr_20150623/3/uva.x000669812/150.png"; bbox 0 0 3818 6278; ppageno 0'>
   <div class='ocr_carea' id='block_1_1' title="bbox 103 288 3425 371">
    <p class='ocr_par' dir='ltr' id='par_1_1' title="bbox 103 288 3425 371">
     <span class='ocr_line' id='line_1_1' title="bbox 103 288 3425 371; baseline 0.002 -16"><span class='ocrx_word' id='word_1_1' title='bbox 103 295 211 359; x_wconf 76' lang='grc'><strong>197</strong></span> <span class='ocrx_word' id='word_1_2' title='bbox 784 340 805 349; x_wconf 75' lang='grc'><strong>-</strong></span> <span class='ocrx_word' id='word_1_3' title='bbox 941 298 1063 359; x_wconf 79' lang='grc' dir='ltr'><strong>’ΒΕ</strong></span> <span class='ocrx_word' id='word_1_4' title='bbox 1107 300 1263 359; x_wconf 75' lang='lat' dir='ltr'><strong>VITA</strong></span> <span class='ocrx_word' id='word_1_5' title='bbox 1306 302 1389 357; x_wconf 78' lang='grc' dir='ltr'><strong>ΕΤ</strong></span> <span class='ocrx_word' id='word_1_6' title='bbox 1430 288 1738 371; x_wconf 72' lang='lat' dir='ltr'><strong>SCRII’TIS</strong></span> <span class='ocrx_word' id='word_1_7' title='bbox 1776 294 1988 354; x_wconf 80' lang='lat' dir='ltr'><strong>MARCI</strong></span> <span class='ocrx_word' id='word_1_8' title='bbox 2029 292 2286 367; x_wconf 83' lang='lat' dir='ltr'><strong>MlNUCil</strong></span> <span class='ocrx_word' id='word_1_9' title='bbox 2328 296 2610 358; x_wconf 79' lang='lat' dir='ltr'><strong>FELICIS.</strong></span> <span class='ocrx_word' id='word_1_10' title='bbox 3322 304 3425 363; x_wconf 86' lang='lat' dir='ltr'><strong>i98</strong></span> 
     </span>
    </p>
   </div>
   <div class='ocr_carea' id='block_1_2' title="bbox 92 416 3423 492">
    <p class='ocr_par' dir='ltr' id='par_1_2' title="bbox 92 416 3423 492">
     <span class='ocr_line' id='line_1_2' title="bbox 92 416 3423 492; baseline 0.002 -22"><span class='ocrx_word' id='word_1_11' title='bbox 92 418 627 488; x_wconf 69' lang='lat' dir='ltr'><strong>iurisconsultorum</strong></span> <span class='ocrx_word' id='word_1_12' title='bbox 672 420 1002 478; x_wconf 83' lang='lat' dir='ltr'><strong>eradendum</strong></span> <span class='ocrx_word' id='word_1_13' title='bbox 1051 421 1320 478; x_wconf 82' lang='lat' dir='ltr'><strong>statuebat</strong></span> <span class='ocrx_word' id='word_1_14' title='bbox 1368 440 1380 475; x_wconf 93' lang='lat'>:</span> <span class='ocrx_word' id='word_1_15' title='bbox 1439 422 1718 492; x_wconf 76' lang='lat' dir='ltr'><strong>vigentque</strong></span> <span class='ocrx_word' id='word_1_16' title='bbox 1745 416 1801 476; x_wconf 85' lang='lat' dir='ltr'><strong>A</strong></span> <span class='ocrx_word' id='word_1_17' title='bbox 1827 427 2029 473; x_wconf 88' lang='lat' dir='ltr'><strong>tantum</strong></span> <span class='ocrx_word' id='word_1_18' title='bbox 2054 420 2211 476; x_wconf 79' lang='lat' dir='ltr'><strong>habet</strong></span> <span class='ocrx_word' id='word_1_19' title='bbox 2241 430 2295 477; x_wconf 87' lang='lat' dir='ltr'><strong>et</strong></span> <span class='ocrx_word' id='word_1_20' title='bbox 2318 423 2471 477; x_wconf 89' lang='lat' dir='ltr'><strong>salis.</strong></span> <span class='ocrx_word' id='word_1_21' title='bbox 2502 421 2779 492; x_wconf 78' lang='lat' dir='ltr'><strong>Ingenium</strong></span> <span class='ocrx_word' id='word_1_22' title='bbox 2810 435 2839 474; x_wconf 90' lang='lat' dir='ltr'><strong>a</strong></span> <span class='ocrx_word' id='word_1_23' title='bbox 2879 429 3067 476; x_wconf 87' lang='lat' dir='ltr'><strong>natura</strong></span> <span class='ocrx_word' id='word_1_24' title='bbox 3100 421 3199 492; x_wconf 83' lang='lat' dir='ltr'><strong>ipsi</strong></span> <span class='ocrx_word' id='word_1_25' title='bbox 3243 421 3423 477; x_wconf 85' lang='lat' dir='ltr'><strong>datum</strong></span> 
     </span>
    </p>
   </div>
   <div class='ocr_carea' id='block_1_3' title="bbox 96 512 3423 588">
    <p class='ocr_par' dir='ltr' id='par_1_3' title="bbox 96 512 3423 588">
     <span class='ocr_line' id='line_1_3' title="bbox 96 512 3423 588; baseline 0 -22"><span class='ocrx_word' id='word_1_26' title='bbox 96 512 442 573; x_wconf 82' lang='lat' dir='ltr'><strong>Firminiaui</strong></span> <span class='ocrx_word' id='word_1_27' title='bbox 483 525 538 573; x_wconf 91' lang='lat' dir='ltr'><strong>et</strong></span> <span class='ocrx_word' id='word_1_28' title='bbox 567 515 1218 588; x_wconf 84' lang='lat' dir='ltr'><strong>Hicronymiauctoritas,</strong></span> <span class='ocrx_word' id='word_1_29' title='bbox 1247 516 1606 570; x_wconf 88' lang='lat' dir='ltr'><strong>asserentium</strong></span> <span class='ocrx_word' id='word_1_30' title='bbox 1629 513 1725 570; x_wconf 88' lang='lat' dir='ltr'><strong>Mi-</strong></span> <span class='ocrx_word' id='word_1_31' title='bbox 1827 527 1932 568; x_wconf 90' lang='lat' dir='ltr'><strong>non</strong></span> <span class='ocrx_word' id='word_1_32' title='bbox 1957 513 2021 567; x_wconf 86' lang='lat' dir='ltr'><strong>ad</strong></span> <span class='ocrx_word' id='word_1_33' title='bbox 2051 514 2377 584; x_wconf 71' lang='lat' dir='ltr'><strong>fingendum,</strong></span> <span class='ocrx_word' id='word_1_34' title='bbox 2409 515 2502 569; x_wconf 89' lang='lat' dir='ltr'><strong>sed</strong></span> <span class='ocrx_word' id='word_1_35' title='bbox 2528 515 2592 570; x_wconf 91' lang='lat' dir='ltr'><strong>ad</strong></span> <span class='ocrx_word' id='word_1_36' title='bbox 2628 516 2906 569; x_wconf 75' lang='lat' dir='ltr'><strong>veritatem</strong></span> <span class='ocrx_word' id='word_1_37' title='bbox 2932 514 3232 580; x_wconf 81' lang='lat' dir='ltr'><strong>dicendam,</strong></span> <span class='ocrx_word' id='word_1_38' title='bbox 3265 530 3423 584; x_wconf 86' lang='lat' dir='ltr'><strong>quam</strong></span> 
     </span>
    </p>
   </div>
   <div class='ocr_carea' id='block_1_4' title="bbox 102 606 3428 678">
    <p class='ocr_par' dir='ltr' id='par_1_4' title="bbox 102 606 3428 678">
     <span class='ocr_line' id='line_1_4' title="bbox 102 606 3428 678; baseline 0.001 -21"><span class='ocrx_word' id='word_1_39' title='bbox 102 608 339 663; x_wconf 87' lang='lat' dir='ltr'><strong>nucium</strong></span> <span class='ocrx_word' id='word_1_40' title='bbox 367 606 602 665; x_wconf 82' lang='lat' dir='ltr'><strong>Felicem</strong></span> <span class='ocrx_word' id='word_1_41' title='bbox 627 624 731 663; x_wconf 91' lang='lat' dir='ltr'><strong>non</strong></span> <span class='ocrx_word' id='word_1_42' title='bbox 759 608 1009 678; x_wconf 73' lang='lat' dir='ltr'><strong>ignobilis</strong></span> <span class='ocrx_word' id='word_1_43' title='bbox 1038 607 1141 663; x_wconf 92' lang='lat' dir='ltr'><strong>loci</strong></span> <span class='ocrx_word' id='word_1_44' title='bbox 1166 648 1180 673; x_wconf 92' lang='lat'><strong>,</strong></span> <span class='ocrx_word' id='word_1_45' title='bbox 1212 606 1342 677; x_wconf 92' lang='lat' dir='ltr'><strong>quin</strong></span> <span class='ocrx_word' id='word_1_46' title='bbox 1370 614 1424 662; x_wconf 89' lang='lat' dir='ltr'><strong>et</strong></span> <span class='ocrx_word' id='word_1_47' title='bbox 1447 606 1715 677; x_wconf 83' lang='lat' dir='ltr'><strong>insignem</strong></span> <span class='ocrx_word' id='word_1_48' title='bbox 1825 607 2130 664; x_wconf 80' lang='lat' dir='ltr'><strong>adulterare</strong></span> <span class='ocrx_word' id='word_1_49' title='bbox 2168 609 2360 663; x_wconf 59' lang='lat' dir='ltr'><strong>nescit.</strong></span> <span class='ocrx_word' id='word_1_50' title='bbox 2400 608 2828 664; x_wconf 64' lang='lat' dir='ltr'><strong>Christianorum</strong></span> <span class='ocrx_word' id='word_1_51' title='bbox 2858 607 3156 663; x_wconf 85' lang='lat' dir='ltr'><strong>doctrinam</strong></span> <span class='ocrx_word' id='word_1_52' title='bbox 3191 608 3428 662; x_wconf 86' lang='lat' dir='ltr'><strong>criinini-</strong></span> 
     </span>
    </p>
   </div>
   <div class='ocr_carea' id='block_1_5' title="bbox 105 697 3430 770">
    <p class='ocr_par' dir='ltr' id='par_1_5' title="bbox 105 697 3430 770">
     <span class='ocr_line' id='line_1_5' title="bbox 105 697 3430 770; baseline 0.001 -20"><span class='ocrx_word' id='word_1_53' title='bbox 105 697 263 755; x_wconf 86' lang='lat' dir='ltr'><strong>inter</strong></span> <span class='ocrx_word' id='word_1_54' title='bbox 283 702 583 756; x_wconf 81' lang='lat' dir='ltr'><strong>causidicos</strong></span> <span class='ocrx_word' id='word_1_55' title='bbox 610 701 795 756; x_wconf 65' lang='lat' dir='ltr'><strong>Romaz</strong></span> <span class='ocrx_word' id='word_1_56' title='bbox 815 699 1216 770; x_wconf 72' lang='lat' dir='ltr'><strong>exstitissell).</strong></span> <span class='ocrx_word' id='word_1_57' title='bbox 1824 697 1925 752; x_wconf 88' lang='lat' dir='ltr'><strong>bus</strong></span> <span class='ocrx_word' id='word_1_58' title='bbox 1973 699 2163 753; x_wconf 82' lang='lat' dir='ltr'><strong>liberat</strong></span> <span class='ocrx_word' id='word_1_59' title='bbox 2226 714 2345 768; x_wconf 68' lang='lat' dir='ltr'><strong>qua:</strong></span> <span class='ocrx_word' id='word_1_60' title='bbox 2387 700 2579 770; x_wconf 79' lang='lat' dir='ltr'><strong>pagani</strong></span> <span class='ocrx_word' id='word_1_61' title='bbox 2629 700 2709 756; x_wconf 90' lang='lat' dir='ltr'><strong>eis</strong></span> <span class='ocrx_word' id='word_1_62' title='bbox 2764 697 3117 769; x_wconf 73' lang='lat' dir='ltr'><strong>obiecerant;</strong></span> <span class='ocrx_word' id='word_1_63' title='bbox 3177 697 3430 753; x_wconf 89' lang='lat' dir='ltr'><strong>adversa-</strong></span> 
     </span>
    </p>
   </div>
   <div class='ocr_carea' id='block_1_6' title="bbox 188 790 3428 865">
    <p class='ocr_par' dir='ltr' id='par_1_6' title="bbox 188 790 3428 865">
     <span class='ocr_line' id='line_1_6' title="bbox 188 790 3428 865; baseline -0.001 -18"><span class='ocrx_word' id='word_1_64' title='bbox 188 791 620 849; x_wconf 72' lang='lat' dir='ltr'><strong>V.—-Minucios</strong></span> <span class='ocrx_word' id='word_1_65' title='bbox 652 794 704 848; x_wconf 89' lang='lat' dir='ltr'><strong>in</strong></span> <span class='ocrx_word' id='word_1_66' title='bbox 750 795 1063 865; x_wconf 82' lang='lat' dir='ltr'><strong>paganismo</strong></span> <span class='ocrx_word' id='word_1_67' title='bbox 1093 793 1161 849; x_wconf 90' lang='lat' dir='ltr'><strong>ab</strong></span> <span class='ocrx_word' id='word_1_68' title='bbox 1180 791 1501 851; x_wconf 88' lang='lat' dir='ltr'><strong>incunabilis</strong></span> <span class='ocrx_word' id='word_1_69' title='bbox 1526 793 1724 848; x_wconf 88' lang='lat' dir='ltr'><strong>educa-</strong></span> <span class='ocrx_word' id='word_1_70' title='bbox 1826 790 2137 860; x_wconf 83' lang='lat' dir='ltr'><strong>riorumque</strong></span> <span class='ocrx_word' id='word_1_71' title='bbox 2188 791 2484 846; x_wconf 85' lang='lat' dir='ltr'><strong>calumnias</strong></span> <span class='ocrx_word' id='word_1_72' title='bbox 2547 791 2603 846; x_wconf 91' lang='lat' dir='ltr'><strong>in</strong></span> <span class='ocrx_word' id='word_1_73' title='bbox 2655 791 2893 861; x_wconf 89' lang='lat' dir='ltr'><strong>ipsorum</strong></span> <span class='ocrx_word' id='word_1_74' title='bbox 2950 790 3265 861; x_wconf 78' lang='lat' dir='ltr'><strong>religionem</strong></span> <span class='ocrx_word' id='word_1_75' title='bbox 3320 800 3428 845; x_wconf 86' lang='lat' dir='ltr'><strong>tam</strong></span> 
     </span>
    </p>
   </div>
   <div class='ocr_carea' id='block_1_7' title="bbox 107 883 3432 956">
    <p class='ocr_par' dir='ltr' id='par_1_7' title="bbox 107 883 3432 956">
     <span class='ocr_line' id='line_1_7' title="bbox 107 883 3432 956; baseline 0.001 -20"><span class='ocrx_word' id='word_1_76' title='bbox 107 890 203 939; x_wconf 84' lang='lat' dir='ltr'><strong>tus</strong></span> <span class='ocrx_word' id='word_1_77' title='bbox 230 883 428 950; x_wconf 84' lang='lat' dir='ltr'><strong>fuerat,</strong></span> <span class='ocrx_word' id='word_1_78' title='bbox 460 885 555 942; x_wconf 81' lang='lat' dir='ltr'><strong>sed</strong></span> <span class='ocrx_word' id='word_1_79' title='bbox 587 886 639 940; x_wconf 92' lang='lat' dir='ltr'><strong>in</strong></span> <span class='ocrx_word' id='word_1_80' title='bbox 686 886 1013 956; x_wconf 86' lang='lat' dir='ltr'><strong>provectiori</strong></span> <span class='ocrx_word' id='word_1_81' title='bbox 1054 896 1263 941; x_wconf 73' lang='lat' dir='ltr'><strong>tetatea</strong></span> <span class='ocrx_word' id='word_1_82' title='bbox 1305 883 1587 956; x_wconf 76' lang='lat' dir='ltr'><strong>gentilium</strong></span> <span class='ocrx_word' id='word_1_83' title='bbox 1634 900 1724 938; x_wconf 83' lang='lat' dir='ltr'><strong>su-</strong></span> <span class='ocrx_word' id='word_1_84' title='bbox 1826 892 1947 954; x_wconf 84' lang='lat' dir='ltr'><strong>apte</strong></span> <span class='ocrx_word' id='word_1_85' title='bbox 1993 891 2209 954; x_wconf 87' lang='lat' dir='ltr'><strong>tamque</strong></span> <span class='ocrx_word' id='word_1_86' title='bbox 2252 883 2530 941; x_wconf 80' lang='lat' dir='ltr'><strong>evidenter</strong></span> <span class='ocrx_word' id='word_1_87' title='bbox 2574 892 2871 954; x_wconf 84' lang='lat' dir='ltr'><strong>retorquet,</strong></span> <span class='ocrx_word' id='word_1_88' title='bbox 2915 892 2971 937; x_wconf 89' lang='lat' dir='ltr'><strong>ut</strong></span> <span class='ocrx_word' id='word_1_89' title='bbox 2997 899 3079 950; x_wconf 88' lang='lat' dir='ltr'><strong>se,</strong></span> <span class='ocrx_word' id='word_1_90' title='bbox 3107 899 3228 939; x_wconf 84' lang='lat' dir='ltr'><strong>Clllll</strong></span> <span class='ocrx_word' id='word_1_91' title='bbox 3276 883 3432 939; x_wconf 79' lang='lat' dir='ltr'><strong>mala:</strong></span> 
     </span>
    </p>
   </div>
   <div class='ocr_carea' id='block_1_8' title="bbox 101 974 3433 1049">
    <p class='ocr_par' dir='ltr' id='par_1_8' title="bbox 101 974 3433 1049">
     <span class='ocr_line' id='line_1_8' title="bbox 101 974 3433 1049; baseline -0.002 -16"><span class='ocrx_word' id='word_1_92' title='bbox 101 980 433 1047; x_wconf 85' lang='lat' dir='ltr'><strong>perstitione</strong></span> <span class='ocrx_word' id='word_1_93' title='bbox 475 978 691 1046; x_wconf 86' lang='lat' dir='ltr'><strong>defecit,</strong></span> <span class='ocrx_word' id='word_1_94' title='bbox 744 987 800 1035; x_wconf 89' lang='lat' dir='ltr'><strong>et</strong></span> <span class='ocrx_word' id='word_1_95' title='bbox 849 978 1199 1035; x_wconf 81' lang='lat' dir='ltr'><strong>christianum</strong></span> <span class='ocrx_word' id='word_1_96' title='bbox 1238 979 1395 1034; x_wconf 89' lang='lat' dir='ltr'><strong>iidem</strong></span> <span class='ocrx_word' id='word_1_97' title='bbox 1444 979 1723 1049; x_wconf 83' lang='lat' dir='ltr'><strong>amplexus</strong></span> <span class='ocrx_word' id='word_1_98' title='bbox 1826 991 2002 1032; x_wconf 47' lang='lat' dir='ltr'><strong>causa;</strong></span> <span class='ocrx_word' id='word_1_99' title='bbox 2032 974 2383 1031; x_wconf 88' lang='lat' dir='ltr'><strong>fortissimum</strong></span> <span class='ocrx_word' id='word_1_100' title='bbox 2416 978 2753 1046; x_wconf 81' lang='lat' dir='ltr'><strong>maximeque</strong></span> <span class='ocrx_word' id='word_1_101' title='bbox 2780 976 3074 1031; x_wconf 88' lang='lat' dir='ltr'><strong>timendum</strong></span> <span class='ocrx_word' id='word_1_102' title='bbox 3099 987 3433 1047; x_wconf 85' lang='lat' dir='ltr'><strong>oppugnato-</strong></span> 
     </span>
    </p>
   </div>
   <div class='ocr_carea' id='block_1_9' title="bbox 101 1049 3427 1144">
    <p class='ocr_par' dir='ltr' id='par_1_9' title="bbox 101 1049 3427 1144">
     <span class='ocr_line' id='line_1_9' title="bbox 101 1049 3427 1144; baseline -0.001 -20"><span class='ocrx_word' id='word_1_103' title='bbox 101 1080 199 1126; x_wconf 85' lang='lat' dir='ltr'><strong>est</strong></span> <span class='ocrx_word' id='word_1_104' title='bbox 221 1090 237 1137; x_wconf 90' lang='lat'><strong>;</strong></span> <span class='ocrx_word' id='word_1_105' title='bbox 263 1073 713 1143; x_wconf 82' lang='lat' dir='ltr'><strong>quemadmodum</strong></span> <span class='ocrx_word' id='word_1_106' title='bbox 744 1073 809 1127; x_wconf 89' lang='lat' dir='ltr'><strong>de</strong></span> <span class='ocrx_word' id='word_1_107' title='bbox 838 1073 1016 1144; x_wconf 89' lang='lat' dir='ltr'><strong>seipso</strong></span> <span class='ocrx_word' id='word_1_108' title='bbox 1049 1082 1296 1140; x_wconf 91' lang='lat' dir='ltr'><strong>testatur,</strong></span> <span class='ocrx_word' id='word_1_109' title='bbox 1327 1072 1416 1128; x_wconf 84' lang='lat' dir='ltr'><strong>tibi</strong></span> <span class='ocrx_word' id='word_1_110' title='bbox 1463 1073 1530 1129; x_wconf 84' lang='lat' dir='ltr'><strong>de</strong></span> <span class='ocrx_word' id='word_1_111' title='bbox 1566 1070 1724 1131; x_wconf 81' lang='lat' dir='ltr'><strong>Octa-</strong></span> <span class='ocrx_word' id='word_1_112' title='bbox 1826 1085 1965 1137; x_wconf 87' lang='lat' dir='ltr'><strong>rem,</strong></span> <span class='ocrx_word' id='word_1_113' title='bbox 1988 1078 2097 1124; x_wconf 90' lang='lat' dir='ltr'><strong>tum</strong></span> <span class='ocrx_word' id='word_1_114' title='bbox 2119 1049 2276 1125; x_wconf 79' lang='lat' dir='ltr'><strong>bonae</strong></span> <span class='ocrx_word' id='word_1_115' title='bbox 2302 1070 2694 1125; x_wconf 85' lang='lat' dir='ltr'><strong>nobilissimum</strong></span> <span class='ocrx_word' id='word_1_116' title='bbox 2719 1079 2939 1140; x_wconf 64' lang='lat' dir='ltr'><strong>praestet</strong></span> <span class='ocrx_word' id='word_1_117' title='bbox 2968 1083 3250 1140; x_wconf 80' lang='lat' dir='ltr'><strong>patronum</strong></span> <span class='ocrx_word' id='word_1_118' title='bbox 3275 1067 3374 1141; x_wconf 87' lang='lat' dir='ltr'><strong>(l).</strong></span> <span class='ocrx_word' id='word_1_119' title='bbox 3410 1088 3427 1119; x_wconf 75' lang='grc' dir='ltr'><strong><em>ι</em></strong></span> 
     </span>
    </p>
   </div>
   <div class='ocr_carea' id='block_1_10' title="bbox 94 1160 3435 1234">
    <p class='ocr_par' dir='ltr' id='par_1_10' title="bbox 94 1160 3435 1234">
     <span class='ocr_line' id='line_1_10' title="bbox 94 1160 3435 1234; baseline 0.001 -23"><span class='ocrx_word' id='word_1_120' title='bbox 94 1162 194 1217; x_wconf 77' lang='lat' dir='ltr'><strong>vio</strong></span> <span class='ocrx_word' id='word_1_121' title='bbox 217 1164 334 1218; x_wconf 80' lang='lat' dir='ltr'><strong>haec</strong></span> <span class='ocrx_word' id='word_1_122' title='bbox 353 1164 519 1218; x_wconf 80' lang='lat' dir='ltr'><strong>habet</strong></span> <span class='ocrx_word' id='word_1_123' title='bbox 546 1164 628 1234; x_wconf 73' lang='lat'><strong>(2)</strong></span> <span class='ocrx_word' id='word_1_124' title='bbox 661 1181 674 1216; x_wconf 89' lang='lat'><strong>:</strong></span> <span class='ocrx_word' id='word_1_125' title='bbox 710 1183 729 1215; x_wconf 77' lang='grc' dir='ltr'>ί</span> <span class='ocrx_word' id='word_1_126' title='bbox 748 1162 906 1228; x_wconf 90' lang='lat' dir='ltr'><strong>Cum,</strong></span> <span class='ocrx_word' id='word_1_127' title='bbox 937 1163 1180 1219; x_wconf 89' lang='lat' dir='ltr'><strong>discussa</strong></span> <span class='ocrx_word' id='word_1_128' title='bbox 1204 1164 1457 1234; x_wconf 84' lang='lat' dir='ltr'><strong>caligine,</strong></span> <span class='ocrx_word' id='word_1_129' title='bbox 1478 1162 1547 1221; x_wconf 91' lang='lat' dir='ltr'><strong>de</strong></span> <span class='ocrx_word' id='word_1_130' title='bbox 1574 1173 1723 1220; x_wconf 86' lang='lat' dir='ltr'><strong>tene-</strong></span> <span class='ocrx_word' id='word_1_131' title='bbox 1904 1160 2372 1218; x_wconf 78' lang='lat' dir='ltr'><strong>Vli.—Caeterum</strong></span> <span class='ocrx_word' id='word_1_132' title='bbox 2399 1161 2467 1220; x_wconf 92' lang='lat' dir='ltr'><strong>de</strong></span> <span class='ocrx_word' id='word_1_133' title='bbox 2488 1163 2608 1217; x_wconf 90' lang='lat' dir='ltr'><strong>aliis</strong></span> <span class='ocrx_word' id='word_1_134' title='bbox 2633 1162 2847 1217; x_wconf 80' lang='lat' dir='ltr'><strong>Minucii</strong></span> <span class='ocrx_word' id='word_1_135' title='bbox 2876 1162 2997 1217; x_wconf 83' lang='lat' dir='ltr'><strong>vitae</strong></span> <span class='ocrx_word' id='word_1_136' title='bbox 3023 1160 3207 1232; x_wconf 78' lang='lat' dir='ltr'><strong>gestis,</strong></span> <span class='ocrx_word' id='word_1_137' title='bbox 3242 1176 3435 1232; x_wconf 84' lang='lat' dir='ltr'><strong>quum-</strong></span> 
     </span>
    </p>
   </div>
   <div class='ocr_carea' id='block_1_11' title="bbox 88 1252 3437 1337">
    <p class='ocr_par' dir='ltr' id='par_1_11' title="bbox 88 1252 3437 1337">
     <span class='ocr_line' id='line_1_11' title="bbox 88 1252 3437 1337; baseline -0.001 -28"><span class='ocrx_word' id='word_1_138' title='bbox 88 1254 324 1312; x_wconf 77' lang='lat' dir='ltr'><strong>brarum</strong></span> <span class='ocrx_word' id='word_1_139' title='bbox 376 1258 652 1329; x_wconf 84' lang='lat' dir='ltr'><strong>profundo</strong></span> <span class='ocrx_word' id='word_1_140' title='bbox 699 1258 750 1312; x_wconf 91' lang='lat' dir='ltr'><strong>in</strong></span> <span class='ocrx_word' id='word_1_141' title='bbox 803 1259 975 1314; x_wconf 89' lang='lat' dir='ltr'><strong>lucem</strong></span> <span class='ocrx_word' id='word_1_142' title='bbox 1032 1259 1316 1337; x_wconf 80' lang='lat' dir='ltr'><strong>sapientiae</strong></span> <span class='ocrx_word' id='word_1_143' title='bbox 1374 1271 1427 1314; x_wconf 91' lang='lat' dir='ltr'><strong>et</strong></span> <span class='ocrx_word' id='word_1_144' title='bbox 1479 1259 1724 1314; x_wconf 82' lang='lat' dir='ltr'><strong>veritatis</strong></span> <span class='ocrx_word' id='word_1_145' title='bbox 1828 1254 1919 1310; x_wconf 89' lang='lat' dir='ltr'><strong>diu</strong></span> <span class='ocrx_word' id='word_1_146' title='bbox 1948 1256 2157 1319; x_wconf 81' lang='lat' dir='ltr'><strong>vixerit,</strong></span> <span class='ocrx_word' id='word_1_147' title='bbox 2190 1255 2522 1325; x_wconf 83' lang='lat' dir='ltr'><strong>qualiterque</strong></span> <span class='ocrx_word' id='word_1_148' title='bbox 2551 1267 2792 1310; x_wconf 89' lang='lat' dir='ltr'><strong>mortuus</strong></span> <span class='ocrx_word' id='word_1_149' title='bbox 2818 1256 2907 1320; x_wconf 88' lang='lat' dir='ltr'><strong>sit,</strong></span> <span class='ocrx_word' id='word_1_150' title='bbox 2941 1255 3105 1309; x_wconf 90' lang='lat' dir='ltr'><strong>altum</strong></span> <span class='ocrx_word' id='word_1_151' title='bbox 3155 1252 3296 1324; x_wconf 88' lang='lat' dir='ltr'><strong>apud</strong></span> <span class='ocrx_word' id='word_1_152' title='bbox 3340 1268 3437 1306; x_wconf 90' lang='lat' dir='ltr'><strong>an-</strong></span> 
     </span>
    </p>
   </div>
   <div class='ocr_carea' id='block_1_12' title="bbox 83 1344 3438 1422">
    <p class='ocr_par' dir='ltr' id='par_1_12' title="bbox 83 1344 3438 1422">
     <span class='ocr_line' id='line_1_12' title="bbox 83 1344 3438 1422; baseline -0.001 -20"><span class='ocrx_word' id='word_1_153' title='bbox 83 1362 470 1422; x_wconf 81' lang='lat' dir='ltr'><strong>emergerem,</strong></span> <span class='ocrx_word' id='word_1_154' title='bbox 496 1367 606 1406; x_wconf 88' lang='lat' dir='ltr'><strong>non</strong></span> <span class='ocrx_word' id='word_1_155' title='bbox 633 1353 837 1422; x_wconf 88' lang='lat' dir='ltr'><strong>respuit</strong></span> <span class='ocrx_word' id='word_1_156' title='bbox 862 1352 1138 1419; x_wconf 85' lang='lat' dir='ltr'><strong>comitem,</strong></span> <span class='ocrx_word' id='word_1_157' title='bbox 1185 1351 1303 1420; x_wconf 90' lang='lat' dir='ltr'><strong>sed,</strong></span> <span class='ocrx_word' id='word_1_158' title='bbox 1333 1351 1473 1422; x_wconf 89' lang='lat' dir='ltr'><strong>quod</strong></span> <span class='ocrx_word' id='word_1_159' title='bbox 1504 1361 1586 1408; x_wconf 87' lang='lat' dir='ltr'><strong>est</strong></span> <span class='ocrx_word' id='word_1_160' title='bbox 1612 1351 1727 1422; x_wconf 86' lang='lat' dir='ltr'><strong>glo-</strong></span> <span class='ocrx_word' id='word_1_161' title='bbox 1831 1348 2010 1419; x_wconf 87' lang='lat' dir='ltr'><strong>tiqttos</strong></span> <span class='ocrx_word' id='word_1_162' title='bbox 2039 1358 2093 1403; x_wconf 88' lang='lat' dir='ltr'><strong>et</strong></span> <span class='ocrx_word' id='word_1_163' title='bbox 2114 1348 2445 1403; x_wconf 87' lang='lat' dir='ltr'><strong>recentiores</strong></span> <span class='ocrx_word' id='word_1_164' title='bbox 2474 1348 2768 1418; x_wconf 82' lang='lat' dir='ltr'><strong>scriptores</strong></span> <span class='ocrx_word' id='word_1_165' title='bbox 2803 1346 3075 1402; x_wconf 87' lang='lat' dir='ltr'><strong>silentium</strong></span> <span class='ocrx_word' id='word_1_166' title='bbox 3110 1363 3122 1398; x_wconf 90' lang='lat'>:</span> <span class='ocrx_word' id='word_1_167' title='bbox 3157 1359 3332 1413; x_wconf 91' lang='lat' dir='ltr'><strong>neque</strong></span> <span class='ocrx_word' id='word_1_168' title='bbox 3371 1344 3438 1398; x_wconf 91' lang='lat' dir='ltr'><strong>de</strong></span> 
     </span>
    </p>
   </div>
   <div class='ocr_carea' id='block_1_13' title="bbox 92 1436 3439 1513">
    <p class='ocr_par' dir='ltr' id='par_1_13' title="bbox 92 1436 3439 1513">
     <span class='ocr_line' id='line_1_13' title="bbox 92 1436 3439 1513; baseline -0.001 -21"><span class='ocrx_word' id='word_1_169' title='bbox 92 1438 303 1508; x_wconf 84' lang='lat' dir='ltr'><strong>riosus,</strong></span> <span class='ocrx_word' id='word_1_170' title='bbox 337 1443 648 1513; x_wconf 61' lang='lat' dir='ltr'><strong>praecurrit.</strong></span> <span class='ocrx_word' id='word_1_171' title='bbox 678 1462 699 1495; x_wconf 88' lang='grc'><strong>›</strong></span> <span class='ocrx_word' id='word_1_172' title='bbox 737 1441 786 1497; x_wconf 92' lang='lat' dir='ltr'><strong>id</strong></span> <span class='ocrx_word' id='word_1_173' title='bbox 817 1451 921 1508; x_wconf 89' lang='lat' dir='ltr'><strong>est,</strong></span> <span class='ocrx_word' id='word_1_174' title='bbox 950 1441 1202 1497; x_wconf 90' lang='lat' dir='ltr'><strong>Octavius</strong></span> <span class='ocrx_word' id='word_1_175' title='bbox 1230 1458 1315 1497; x_wconf 90' lang='lat' dir='ltr'><strong>me</strong></span> <span class='ocrx_word' id='word_1_176' title='bbox 1344 1442 1394 1496; x_wconf 92' lang='lat' dir='ltr'><strong>in</strong></span> <span class='ocrx_word' id='word_1_177' title='bbox 1417 1441 1728 1497; x_wconf 77' lang='lat' dir='ltr'><strong>christianze</strong></span> <span class='ocrx_word' id='word_1_178' title='bbox 1832 1448 1992 1495; x_wconf 65' lang='lat' dir='ltr'><strong>aetate</strong></span> <span class='ocrx_word' id='word_1_179' title='bbox 2046 1455 2149 1509; x_wconf 86' lang='lat' dir='ltr'><strong>qua</strong></span> <span class='ocrx_word' id='word_1_180' title='bbox 2179 1439 2443 1495; x_wconf 88' lang='lat' dir='ltr'><strong>Minucius</strong></span> <span class='ocrx_word' id='word_1_181' title='bbox 2471 1438 2621 1494; x_wconf 82' lang='lat' dir='ltr'><strong>Felix</strong></span> <span class='ocrx_word' id='word_1_182' title='bbox 2644 1439 2794 1506; x_wconf 82' lang='lat' dir='ltr'><strong>vixit,</strong></span> <span class='ocrx_word' id='word_1_183' title='bbox 2846 1438 3170 1509; x_wconf 76' lang='lat' dir='ltr'><strong>scripturam</strong></span> <span class='ocrx_word' id='word_1_184' title='bbox 3212 1436 3439 1492; x_wconf 88' lang='lat' dir='ltr'><strong>habetur</strong></span> 
     </span>
    </p>
   </div>
   <div class='ocr_carea' id='block_1_14' title="bbox 99 1530 1724 1605">
    <p class='ocr_par' dir='ltr' id='par_1_14' title="bbox 99 1530 1724 1605">
     <span class='ocr_line' id='line_1_14' title="bbox 99 1530 1724 1605; baseline -0.001 -18"><span class='ocrx_word' id='word_1_185' title='bbox 99 1530 235 1588; x_wconf 79' lang='lat' dir='ltr'><strong>ﬁdei</strong></span> <span class='ocrx_word' id='word_1_186' title='bbox 264 1533 609 1605; x_wconf 78' lang='lat' dir='ltr'><strong>professione</strong></span> <span class='ocrx_word' id='word_1_187' title='bbox 630 1534 911 1605; x_wconf 65' lang='lat' dir='ltr'><strong>prmssit</strong></span> <span class='ocrx_word' id='word_1_188' title='bbox 943 1551 953 1584; x_wconf 93' lang='lat'><strong>:</strong></span> <span class='ocrx_word' id='word_1_189' title='bbox 985 1533 1127 1603; x_wconf 82' lang='lat' dir='ltr'><strong>quod</strong></span> <span class='ocrx_word' id='word_1_190' title='bbox 1156 1542 1213 1589; x_wconf 89' lang='lat' dir='ltr'><strong>et</strong></span> <span class='ocrx_word' id='word_1_191' title='bbox 1238 1531 1488 1589; x_wconf 62' lang='lat' dir='ltr'><strong>Caecilius</strong></span> <span class='ocrx_word' id='word_1_192' title='bbox 1526 1532 1724 1600; x_wconf 87' lang='lat' dir='ltr'><strong>innuit,</strong></span> 
     </span>
    </p>
   </div>
   <div class='ocr_carea' id='block_1_15' title="bbox 112 1622 1729 1695">
    <p class='ocr_par' dir='ltr' id='par_1_15' title="bbox 112 1622 1729 1695">
     <span class='ocr_line' id='line_1_15' title="bbox 112 1622 1729 1695; baseline -0.001 -17"><span class='ocrx_word' id='word_1_193' title='bbox 112 1622 250 1678; x_wconf 77' lang='lat' dir='ltr'><strong>dum</strong></span> <span class='ocrx_word' id='word_1_194' title='bbox 298 1625 511 1694; x_wconf 77' lang='lat' dir='ltr'><strong>Dialogi</strong></span> <span class='ocrx_word' id='word_1_195' title='bbox 563 1626 715 1679; x_wconf 91' lang='lat' dir='ltr'><strong>initio</strong></span> <span class='ocrx_word' id='word_1_196' title='bbox 774 1625 1068 1680; x_wconf 83' lang='lat' dir='ltr'><strong>Minucium</strong></span> <span class='ocrx_word' id='word_1_197' title='bbox 1119 1635 1270 1695; x_wconf 87' lang='lat' dir='ltr'><strong>rogat</strong></span> <span class='ocrx_word' id='word_1_198' title='bbox 1323 1643 1342 1675; x_wconf 84' lang='grc'><em>‹</em></span> <span class='ocrx_word' id='word_1_199' title='bbox 1378 1634 1454 1690; x_wconf 84' lang='grc' dir='ltr'>ιιι,</span> <span class='ocrx_word' id='word_1_200' title='bbox 1504 1639 1626 1679; x_wconf 90' lang='lat' dir='ltr'><strong>cum</strong></span> <span class='ocrx_word' id='word_1_201' title='bbox 1675 1625 1729 1677; x_wconf 91' lang='lat' dir='ltr'><strong>in</strong></span> 
     </span>
    </p>
   </div>
   <div class='ocr_carea' id='block_1_16' title="bbox 132 1717 1731 1789">
    <p class='ocr_par' dir='ltr' id='par_1_16' title="bbox 132 1717 1731 1789">
     <span class='ocr_line' id='line_1_16' title="bbox 132 1717 1731 1789; baseline 0.001 -16"><span class='ocrx_word' id='word_1_202' title='bbox 132 1728 363 1789; x_wconf 78' lang='lat' dir='ltr'><strong>utroque</strong></span> <span class='ocrx_word' id='word_1_203' title='bbox 390 1721 513 1773; x_wconf 77' lang='lat' dir='ltr'><strong>vitte</strong></span> <span class='ocrx_word' id='word_1_204' title='bbox 549 1734 741 1789; x_wconf 80' lang='lat' dir='ltr'><strong>genere</strong></span> <span class='ocrx_word' id='word_1_205' title='bbox 781 1729 1029 1773; x_wconf 86' lang='lat' dir='ltr'><strong>versatus</strong></span> <span class='ocrx_word' id='word_1_206' title='bbox 1057 1720 1238 1787; x_wconf 58' lang='lat' dir='ltr'><strong>fuerit,</strong></span> <span class='ocrx_word' id='word_1_207' title='bbox 1264 1718 1570 1789; x_wconf 70' lang='lat' dir='ltr'><strong>repudiaris</strong></span> <span class='ocrx_word' id='word_1_208' title='bbox 1600 1717 1731 1775; x_wconf 79' lang='lat' dir='ltr'><strong>alte—</strong></span> 
     </span>
    </p>
   </div>
   <div class='ocr_carea' id='block_1_17' title="bbox 1831 1528 3439 1602">
    <p class='ocr_par' dir='ltr' id='par_1_17' title="bbox 1831 1528 3439 1602">
     <span class='ocr_line' id='line_1_17' title="bbox 1831 1528 3439 1602; baseline -0.002 -16"><span class='ocrx_word' id='word_1_209' title='bbox 1831 1534 2138 1587; x_wconf 85' lang='lat' dir='ltr'><strong>consensio.</strong></span> <span class='ocrx_word' id='word_1_210' title='bbox 2203 1531 2465 1587; x_wconf 81' lang='lat' dir='ltr'><strong>Henricus</strong></span> <span class='ocrx_word' id='word_1_211' title='bbox 2528 1531 2840 1587; x_wconf 86' lang='lat' dir='ltr'><strong>Dodwellus</strong></span> <span class='ocrx_word' id='word_1_212' title='bbox 2888 1529 2968 1602; x_wconf 68' lang='lat'><strong>(2)</strong></span> <span class='ocrx_word' id='word_1_213' title='bbox 3016 1530 3283 1600; x_wconf 86' lang='lat' dir='ltr'><strong>persuasit</strong></span> <span class='ocrx_word' id='word_1_214' title='bbox 3337 1528 3439 1583; x_wconf 90' lang='lat' dir='ltr'><strong>sibi</strong></span> 
     </span>
    </p>
   </div>
   <div class='ocr_carea' id='block_1_18' title="bbox 1833 1622 3444 1695">
    <p class='ocr_par' dir='ltr' id='par_1_18' title="bbox 1833 1622 3444 1695">
     <span class='ocr_line' id='line_1_18' title="bbox 1833 1622 3444 1695; baseline -0.001 -15"><span class='ocrx_word' id='word_1_215' title='bbox 1833 1641 1954 1680; x_wconf 91' lang='lat' dir='ltr'><strong>eum</strong></span> <span class='ocrx_word' id='word_1_216' title='bbox 1977 1625 2233 1680; x_wconf 80' lang='lat' dir='ltr'><strong>extremis</strong></span> <span class='ocrx_word' id='word_1_217' title='bbox 2258 1624 2417 1679; x_wconf 84' lang='lat' dir='ltr'><strong>Marci</strong></span> <span class='ocrx_word' id='word_1_218' title='bbox 2449 1626 2704 1680; x_wconf 82' lang='lat' dir='ltr'><strong>Antonini</strong></span> <span class='ocrx_word' id='word_1_219' title='bbox 2738 1625 3067 1695; x_wconf 84' lang='lat' dir='ltr'><strong>temporibus</strong></span> <span class='ocrx_word' id='word_1_220' title='bbox 3090 1622 3356 1691; x_wconf 82' lang='lat' dir='ltr'><strong>ﬂoruisse,</strong></span> <span class='ocrx_word' id='word_1_221' title='bbox 3387 1632 3444 1679; x_wconf 90' lang='lat' dir='ltr'><strong>et</strong></span> 
     </span>
    </p>
   </div>
   <div class='ocr_carea' id='block_1_19' title="bbox 1836 1715 3441 1790">
    <p class='ocr_par' dir='ltr' id='par_1_19' title="bbox 1836 1715 3441 1790">
     <span class='ocr_line' id='line_1_19' title="bbox 1836 1715 3441 1790; baseline -0.001 -19"><span class='ocrx_word' id='word_1_222' title='bbox 1836 1716 2000 1772; x_wconf 85' lang='lat' dir='ltr'><strong>David</strong></span> <span class='ocrx_word' id='word_1_223' title='bbox 2032 1716 2343 1781; x_wconf 79' lang='lat' dir='ltr'><strong>Blotidellus</strong></span> <span class='ocrx_word' id='word_1_224' title='bbox 2373 1716 2478 1790; x_wconf 74' lang='grc' dir='ltr'>(ὅ),</span> <span class='ocrx_word' id='word_1_225' title='bbox 2507 1718 2654 1772; x_wconf 90' lang='lat' dir='ltr'><strong>illum</strong></span> <span class='ocrx_word' id='word_1_226' title='bbox 2682 1720 2941 1789; x_wconf 74' lang='lat' dir='ltr'><strong>tequalem</strong></span> <span class='ocrx_word' id='word_1_227' title='bbox 2993 1716 3117 1772; x_wconf 90' lang='lat' dir='ltr'><strong>fecit</strong></span> <span class='ocrx_word' id='word_1_228' title='bbox 3160 1715 3441 1782; x_wconf 89' lang='lat' dir='ltr'><strong>Frontoni,</strong></span> 
     </span>
    </p>
   </div>
   <div class='ocr_carea' id='block_1_20' title="bbox 153 1808 3439 1880">
    <p class='ocr_par' dir='ltr' id='par_1_20' title="bbox 153 1808 3439 1880">
     <span class='ocr_line' id='line_1_20' title="bbox 153 1808 3439 1880; baseline 0 -17"><span class='ocrx_word' id='word_1_229' title='bbox 153 1826 289 1876; x_wconf 87' lang='lat' dir='ltr'><strong>rum,</strong></span> <span class='ocrx_word' id='word_1_230' title='bbox 339 1810 555 1863; x_wconf 83' lang='lat' dir='ltr'><strong>alterum</strong></span> <span class='ocrx_word' id='word_1_231' title='bbox 598 1809 992 1880; x_wconf 85' lang='lat' dir='ltr'><strong>comprobaris,</strong></span> <span class='ocrx_word' id='word_1_232' title='bbox 1030 1828 1049 1862; x_wconf 75' lang='grc' dir='ltr'><strong><em>ι</em></strong></span> <span class='ocrx_word' id='word_1_233' title='bbox 1087 1824 1281 1878; x_wconf 91' lang='lat' dir='ltr'><strong>nempe</strong></span> <span class='ocrx_word' id='word_1_234' title='bbox 1299 1809 1422 1863; x_wconf 90' lang='lat' dir='ltr'><strong>licet</strong></span> <span class='ocrx_word' id='word_1_235' title='bbox 1450 1808 1728 1879; x_wconf 84' lang='lat' dir='ltr'><strong>gentilium</strong></span> <span class='ocrx_word' id='word_1_236' title='bbox 1757 1811 1807 1872; x_wconf 88' lang='lat' dir='ltr'><strong>B</strong></span> <span class='ocrx_word' id='word_1_237' title='bbox 1836 1810 1925 1879; x_wconf 86' lang='lat' dir='ltr'><strong>qui</strong></span> <span class='ocrx_word' id='word_1_238' title='bbox 1971 1811 2041 1866; x_wconf 90' lang='lat' dir='ltr'><strong>M.</strong></span> <span class='ocrx_word' id='word_1_239' title='bbox 2092 1810 2420 1864; x_wconf 86' lang='lat' dir='ltr'><strong>Antoninum</strong></span> <span class='ocrx_word' id='word_1_240' title='bbox 2469 1810 2650 1865; x_wconf 90' lang='lat' dir='ltr'><strong>docuit</strong></span> <span class='ocrx_word' id='word_1_241' title='bbox 2678 1811 2822 1866; x_wconf 87' lang='lat' dir='ltr'><strong>circa</strong></span> <span class='ocrx_word' id='word_1_242' title='bbox 2843 1825 3040 1865; x_wconf 92' lang='lat' dir='ltr'><strong>annum</strong></span> <span class='ocrx_word' id='word_1_243' title='bbox 3072 1808 3268 1865; x_wconf 81' lang='lat' dir='ltr'><strong>Christi</strong></span> <span class='ocrx_word' id='word_1_244' title='bbox 3312 1809 3439 1863; x_wconf 88' lang='grc'><strong>160.</strong></span> 
     </span>
    </p>
   </div>
   <div class='ocr_carea' id='block_1_21' title="bbox 148 1898 1729 1972">
    <p class='ocr_par' dir='ltr' id='par_1_21' title="bbox 148 1898 1729 1972">
     <span class='ocr_line' id='line_1_21' title="bbox 148 1898 1729 1972; baseline -0.003 -16"><span class='ocrx_word' id='word_1_245' title='bbox 148 1903 563 1972; x_wconf 84' lang='lat' dir='ltr'><strong>superstitionem</strong></span> <span class='ocrx_word' id='word_1_246' title='bbox 594 1902 988 1968; x_wconf 82' lang='lat' dir='ltr'><strong>repudiaveris,</strong></span> <span class='ocrx_word' id='word_1_247' title='bbox 1011 1908 1247 1956; x_wconf 75' lang='lat' dir='ltr'><strong>attamen</strong></span> <span class='ocrx_word' id='word_1_248' title='bbox 1280 1898 1440 1954; x_wconf 85' lang='lat' dir='ltr'><strong>ﬁdem</strong></span> <span class='ocrx_word' id='word_1_249' title='bbox 1477 1899 1729 1954; x_wconf 87' lang='lat' dir='ltr'><strong>christia-</strong></span> 
     </span>
    </p>
   </div>
   <div class='ocr_carea' id='block_1_22' title="bbox 142 1991 1729 2067">
    <p class='ocr_par' dir='ltr' id='par_1_22' title="bbox 142 1991 1729 2067">
     <span class='ocr_line' id='line_1_22' title="bbox 142 1991 1729 2067; baseline -0.002 -19"><span class='ocrx_word' id='word_1_250' title='bbox 142 2009 259 2048; x_wconf 89' lang='lat' dir='ltr'><strong>nam</strong></span> <span class='ocrx_word' id='word_1_251' title='bbox 314 1992 743 2064; x_wconf 82' lang='lat' dir='ltr'><strong>comprobaveris</strong></span> <span class='ocrx_word' id='word_1_252' title='bbox 791 2012 810 2045; x_wconf 73' lang='grc' dir='ltr'>ι</span> <span class='ocrx_word' id='word_1_253' title='bbox 846 1994 899 2047; x_wconf 92' lang='lat' dir='ltr'><strong>in</strong></span> <span class='ocrx_word' id='word_1_254' title='bbox 946 1993 1360 2067; x_wconf 64' lang='lat' dir='ltr'><strong>praesentiarmn</strong></span> <span class='ocrx_word' id='word_1_255' title='bbox 1409 2000 1608 2059; x_wconf 89' lang='lat' dir='ltr'><strong>tamen,</strong></span> <span class='ocrx_word' id='word_1_256' title='bbox 1659 1991 1729 2045; x_wconf 88' lang='lat' dir='ltr'><strong>ita</strong></span> 
     </span>
    </p>
   </div>
   <div class='ocr_carea' id='block_1_23' title="bbox 140 2074 1735 2154">
    <p class='ocr_par' dir='ltr' id='par_1_23' title="bbox 140 2074 1735 2154">
     <span class='ocr_line' id='line_1_23' title="bbox 140 2074 1735 2154; baseline 0 -16"><span class='ocrx_word' id='word_1_257' title='bbox 140 2086 225 2140; x_wconf 89' lang='lat' dir='ltr'><strong>tibi</strong></span> <span class='ocrx_word' id='word_1_258' title='bbox 254 2086 620 2140; x_wconf 76' lang='lat' dir='ltr'><strong>informandus</strong></span> <span class='ocrx_word' id='word_1_259' title='bbox 651 2097 735 2141; x_wconf 88' lang='lat' dir='ltr'><strong>est</strong></span> <span class='ocrx_word' id='word_1_260' title='bbox 762 2074 995 2148; x_wconf 84' lang='lat' dir='ltr'><strong>animus,</strong></span> <span class='ocrx_word' id='word_1_261' title='bbox 1029 2093 1088 2138; x_wconf 89' lang='lat' dir='ltr'><strong>ut</strong></span> <span class='ocrx_word' id='word_1_262' title='bbox 1118 2083 1307 2138; x_wconf 88' lang='lat' dir='ltr'><strong>libram</strong></span> <span class='ocrx_word' id='word_1_263' title='bbox 1333 2093 1518 2138; x_wconf 88' lang='lat' dir='ltr'><strong>teneas</strong></span> <span class='ocrx_word' id='word_1_264' title='bbox 1545 2084 1735 2154; x_wconf 73' lang='lat' dir='ltr'><strong>mquis-</strong></span> 
     </span>
    </p>
   </div>
   <div class='ocr_carea' id='block_1_24' title="bbox 134 2177 1733 2247">
    <p class='ocr_par' dir='ltr' id='par_1_24' title="bbox 134 2177 1733 2247">
     <span class='ocr_line' id='line_1_24' title="bbox 134 2177 1733 2247; baseline -0.002 -15"><span class='ocrx_word' id='word_1_265' title='bbox 134 2178 251 2232; x_wconf 86' lang='lat' dir='ltr'><strong>simi</strong></span> <span class='ocrx_word' id='word_1_266' title='bbox 290 2177 518 2247; x_wconf 77' lang='lat' dir='ltr'><strong>judit-is,</strong></span> <span class='ocrx_word' id='word_1_267' title='bbox 552 2194 654 2233; x_wconf 89' lang='lat' dir='ltr'><strong>nec</strong></span> <span class='ocrx_word' id='word_1_268' title='bbox 689 2178 743 2231; x_wconf 92' lang='lat' dir='ltr'><strong>in</strong></span> <span class='ocrx_word' id='word_1_269' title='bbox 778 2178 1000 2232; x_wconf 87' lang='lat' dir='ltr'><strong>alteram</strong></span> <span class='ocrx_word' id='word_1_270' title='bbox 1051 2188 1252 2245; x_wconf 86' lang='lat' dir='ltr'><strong>partem</strong></span> <span class='ocrx_word' id='word_1_271' title='bbox 1303 2192 1600 2246; x_wconf 85' lang='lat' dir='ltr'><strong>pr0pensns</strong></span> <span class='ocrx_word' id='word_1_272' title='bbox 1650 2178 1733 2230; x_wconf 87' lang='lat' dir='ltr'><strong>in-</strong></span> 
     </span>
    </p>
   </div>
   <div class='ocr_carea' id='block_1_25' title="bbox 130 2269 1734 2339">
    <p class='ocr_par' dir='ltr' id='par_1_25' title="bbox 130 2269 1734 2339">
     <span class='ocr_line' id='line_1_25' title="bbox 130 2269 1734 2339; baseline 0.002 -15"><span class='ocrx_word' id='word_1_273' title='bbox 130 2271 371 2337; x_wconf 79' lang='lat' dir='ltr'><strong>cumbas,</strong></span> <span class='ocrx_word' id='word_1_274' title='bbox 395 2286 464 2327; x_wconf 88' lang='lat' dir='ltr'><strong>ne</strong></span> <span class='ocrx_word' id='word_1_275' title='bbox 482 2286 593 2339; x_wconf 85' lang='lat' dir='ltr'><strong>_non</strong></span> <span class='ocrx_word' id='word_1_276' title='bbox 626 2278 738 2326; x_wconf 78' lang='lat' dir='ltr'><strong>tam</strong></span> <span class='ocrx_word' id='word_1_277' title='bbox 765 2284 833 2327; x_wconf 77' lang='lat' dir='ltr'><strong>ex</strong></span> <span class='ocrx_word' id='word_1_278' title='bbox 872 2272 1070 2333; x_wconf 66' lang='lat' dir='ltr'><strong>&quot;uestris</strong></span> <span class='ocrx_word' id='word_1_279' title='bbox 1109 2269 1559 2338; x_wconf 67' lang='lat' dir='ltr'><strong>distiutatiouibus</strong></span> <span class='ocrx_word' id='word_1_280' title='bbox 1611 2283 1734 2327; x_wconf 84' lang='lat' dir='ltr'><strong>nota</strong></span> 
     </span>
    </p>
   </div>
   <div class='ocr_carea' id='block_1_26' title="bbox 125 2361 1729 2437">
    <p class='ocr_par' dir='ltr' id='par_1_26' title="bbox 125 2361 1729 2437">
     <span class='ocr_line' id='line_1_26' title="bbox 125 2361 1729 2437; baseline -0.002 -18"><span class='ocrx_word' id='word_1_281' title='bbox 125 2366 414 2431; x_wconf 76' lang='lat' dir='ltr'><strong>sententia,</strong></span> <span class='ocrx_word' id='word_1_282' title='bbox 442 2378 603 2433; x_wconf 82' lang='lat' dir='ltr'><strong>quam</strong></span> <span class='ocrx_word' id='word_1_283' title='bbox 632 2379 700 2419; x_wconf 85' lang='lat' dir='ltr'><strong>ex</strong></span> <span class='ocrx_word' id='word_1_284' title='bbox 749 2362 999 2418; x_wconf 81' lang='lat' dir='ltr'><strong>sensibus</strong></span> <span class='ocrx_word' id='word_1_285' title='bbox 1050 2362 1253 2433; x_wconf 86' lang='lat' dir='ltr'><strong>prolata</strong></span> <span class='ocrx_word' id='word_1_286' title='bbox 1295 2361 1537 2417; x_wconf 84' lang='lat' dir='ltr'><strong>videatur</strong></span> <span class='ocrx_word' id='word_1_287' title='bbox 1564 2361 1667 2437; x_wconf 85' lang='grc'><strong>(5).</strong></span> <span class='ocrx_word' id='word_1_288' title='bbox 1707 2381 1729 2415; x_wconf 76' lang='grc' dir='ltr'><strong><em>ι</em></strong></span> 
     </span>
    </p>
   </div>
   <div class='ocr_carea' id='block_1_27' title="bbox 123 2455 1735 2527">
    <p class='ocr_par' dir='ltr' id='par_1_27' title="bbox 123 2455 1735 2527">
     <span class='ocr_line' id='line_1_27' title="bbox 123 2455 1735 2527; baseline 0.001 -17"><span class='ocrx_word' id='word_1_289' title='bbox 123 2457 306 2525; x_wconf 83' lang='lat' dir='ltr'><strong>Quam</strong></span> <span class='ocrx_word' id='word_1_290' title='bbox 328 2459 408 2527; x_wconf 88' lang='lat' dir='ltr'><strong>pie</strong></span> <span class='ocrx_word' id='word_1_291' title='bbox 447 2467 628 2511; x_wconf 89' lang='lat' dir='ltr'><strong>autem</strong></span> <span class='ocrx_word' id='word_1_292' title='bbox 658 2468 713 2512; x_wconf 92' lang='lat' dir='ltr'><strong>et</strong></span> <span class='ocrx_word' id='word_1_293' title='bbox 742 2468 929 2513; x_wconf 89' lang='lat' dir='ltr'><strong>sancte</strong></span> <span class='ocrx_word' id='word_1_294' title='bbox 973 2466 1091 2526; x_wconf 88' lang='lat' dir='ltr'><strong>post</strong></span> <span class='ocrx_word' id='word_1_295' title='bbox 1132 2455 1542 2511; x_wconf 88' lang='lat' dir='ltr'><strong>conversionem</strong></span> <span class='ocrx_word' id='word_1_296' title='bbox 1583 2472 1735 2512; x_wconf 89' lang='lat' dir='ltr'><strong>suam</strong></span> 
     </span>
    </p>
   </div>
   <div class='ocr_carea' id='block_1_28' title="bbox 125 2549 1739 2621">
    <p class='ocr_par' dir='ltr' id='par_1_28' title="bbox 125 2549 1739 2621">
     <span class='ocr_line' id='line_1_28' title="bbox 125 2549 1739 2621; baseline -0.001 -17"><span class='ocrx_word' id='word_1_297' title='bbox 125 2549 394 2605; x_wconf 73' lang='lat' dir='ltr'><strong>Minucius</strong></span> <span class='ocrx_word' id='word_1_298' title='bbox 416 2552 635 2615; x_wconf 79' lang='lat' dir='ltr'><strong>vixerit,</strong></span> <span class='ocrx_word' id='word_1_299' title='bbox 666 2551 749 2604; x_wconf 89' lang='lat' dir='ltr'><strong>his</strong></span> <span class='ocrx_word' id='word_1_300' title='bbox 777 2549 1098 2615; x_wconf 78' lang='lat' dir='ltr'><strong>Eucherius,</strong></span> <span class='ocrx_word' id='word_1_301' title='bbox 1128 2549 1506 2621; x_wconf 89' lang='lat' dir='ltr'><strong>Lugdunensis</strong></span> <span class='ocrx_word' id='word_1_302' title='bbox 1532 2549 1739 2619; x_wconf 89' lang='lat' dir='ltr'><strong>episco-</strong></span> 
     </span>
    </p>
   </div>
   <div class='ocr_carea' id='block_1_29' title="bbox 129 2640 1741 2717">
    <p class='ocr_par' dir='ltr' id='par_1_29' title="bbox 129 2640 1741 2717">
     <span class='ocr_line' id='line_1_29' title="bbox 129 2640 1741 2717; baseline -0.002 -19"><span class='ocrx_word' id='word_1_303' title='bbox 129 2658 258 2714; x_wconf 79' lang='lat' dir='ltr'><strong>pus</strong></span> <span class='ocrx_word' id='word_1_304' title='bbox 278 2643 418 2698; x_wconf 84' lang='lat' dir='ltr'><strong>docet</strong></span> <span class='ocrx_word' id='word_1_305' title='bbox 464 2642 642 2698; x_wconf 88' lang='lat' dir='ltr'><strong>verbis</strong></span> <span class='ocrx_word' id='word_1_306' title='bbox 685 2640 773 2717; x_wconf 69' lang='grc'>(1)</span> <span class='ocrx_word' id='word_1_307' title='bbox 808 2662 821 2696; x_wconf 86' lang='lat'><strong>:</strong></span> <span class='ocrx_word' id='word_1_308' title='bbox 865 2661 884 2693; x_wconf 86' lang='grc'><em>‹</em></span> <span class='ocrx_word' id='word_1_309' title='bbox 920 2641 987 2696; x_wconf 83' lang='lat' dir='ltr'><strong>Et</strong></span> <span class='ocrx_word' id='word_1_310' title='bbox 1024 2643 1235 2712; x_wconf 89' lang='lat' dir='ltr'><strong>quando</strong></span> <span class='ocrx_word' id='word_1_311' title='bbox 1281 2642 1612 2697; x_wconf 83' lang='lat' dir='ltr'><strong>clarissimos</strong></span> <span class='ocrx_word' id='word_1_312' title='bbox 1667 2640 1741 2694; x_wconf 85' lang='lat' dir='ltr'><strong>fa-</strong></span> 
     </span>
    </p>
   </div>
   <div class='ocr_carea' id='block_1_30' title="bbox 124 2732 1740 2806">
    <p class='ocr_par' dir='ltr' id='par_1_30' title="bbox 124 2732 1740 2806">
     <span class='ocr_line' id='line_1_30' title="bbox 124 2732 1740 2806; baseline -0.001 -18"><span class='ocrx_word' id='word_1_313' title='bbox 124 2734 339 2789; x_wconf 80' lang='lat' dir='ltr'><strong>cundia</strong></span> <span class='ocrx_word' id='word_1_314' title='bbox 369 2733 712 2800; x_wconf 80' lang='lat' dir='ltr'><strong>Firmianum,</strong></span> <span class='ocrx_word' id='word_1_315' title='bbox 744 2733 1055 2798; x_wconf 80' lang='lat' dir='ltr'><strong>Minucium,</strong></span> <span class='ocrx_word' id='word_1_316' title='bbox 1083 2733 1432 2806; x_wconf 87' lang='lat' dir='ltr'><strong>Cyprianum,</strong></span> <span class='ocrx_word' id='word_1_317' title='bbox 1459 2732 1740 2797; x_wconf 87' lang='lat' dir='ltr'><strong>Hilarium,</strong></span> 
     </span>
    </p>
   </div>
   <div class='ocr_carea' id='block_1_31' title="bbox 124 2826 1746 2894">
    <p class='ocr_par' dir='ltr' id='par_1_31' title="bbox 124 2826 1746 2894">
     <span class='ocr_line' id='line_1_31' title="bbox 124 2826 1746 2894; baseline 0 -12"><span class='ocrx_word' id='word_1_318' title='bbox 124 2826 421 2894; x_wconf 69' lang='lat' dir='ltr'><strong>Joannem,</strong></span> <span class='ocrx_word' id='word_1_319' title='bbox 449 2828 790 2883; x_wconf 85' lang='lat' dir='ltr'><strong>Ambrosium</strong></span> <span class='ocrx_word' id='word_1_320' title='bbox 816 2843 881 2882; x_wconf 87' lang='lat' dir='ltr'><strong>ex</strong></span> <span class='ocrx_word' id='word_1_321' title='bbox 911 2826 1003 2882; x_wconf 92' lang='lat' dir='ltr'><strong>illo</strong></span> <span class='ocrx_word' id='word_1_322' title='bbox 1032 2826 1305 2882; x_wconf 89' lang='lat' dir='ltr'><strong>volumine</strong></span> <span class='ocrx_word' id='word_1_323' title='bbox 1335 2826 1746 2882; x_wconf 86' lang='lat' dir='ltr'><strong>numerositatis</strong></span> 
     </span>
    </p>
   </div>
   <div class='ocr_carea' id='block_1_32' title="bbox 130 2918 1746 2990">
    <p class='ocr_par' dir='ltr' id='par_1_32' title="bbox 130 2918 1746 2990">
     <span class='ocr_line' id='line_1_32' title="bbox 130 2918 1746 2990; baseline -0.001 -15"><span class='ocrx_word' id='word_1_324' title='bbox 130 2920 433 2975; x_wconf 76' lang='lat' dir='ltr'><strong>evolvam?</strong></span> <span class='ocrx_word' id='word_1_325' title='bbox 459 2921 743 2987; x_wconf 78' lang='lat' dir='ltr'><strong>Dixerunt,</strong></span> <span class='ocrx_word' id='word_1_326' title='bbox 776 2921 974 2976; x_wconf 87' lang='lat' dir='ltr'><strong>credo:</strong></span> <span class='ocrx_word' id='word_1_327' title='bbox 1029 2918 1167 2987; x_wconf 88' lang='lat' dir='ltr'><strong>Quid</strong></span> <span class='ocrx_word' id='word_1_328' title='bbox 1208 2919 1311 2975; x_wconf 89' lang='lat' dir='ltr'><strong>hoc</strong></span> <span class='ocrx_word' id='word_1_329' title='bbox 1352 2919 1474 2975; x_wconf 83' lang='lat' dir='ltr'><strong>est?</strong></span> <span class='ocrx_word' id='word_1_330' title='bbox 1518 2928 1746 2990; x_wconf 82' lang='lat' dir='ltr'><strong>surgunt</strong></span> 
     </span>
    </p>
   </div>
   <div class='ocr_carea' id='block_1_33' title="bbox 137 3010 1747 3082">
    <p class='ocr_par' dir='ltr' id='par_1_33' title="bbox 137 3010 1747 3082">
     <span class='ocr_line' id='line_1_33' title="bbox 137 3010 1747 3082; baseline 0.001 -16"><span class='ocrx_word' id='word_1_331' title='bbox 137 3010 362 3067; x_wconf 71' lang='lat' dir='ltr'><strong>indocti</strong></span> <span class='ocrx_word' id='word_1_332' title='bbox 388 3022 433 3066; x_wconf 88' lang='lat' dir='ltr'><strong>et</strong></span> <span class='ocrx_word' id='word_1_333' title='bbox 454 3013 643 3068; x_wconf 69' lang='lat' dir='ltr'><strong>caelum</strong></span> <span class='ocrx_word' id='word_1_334' title='bbox 673 3013 926 3082; x_wconf 88' lang='lat' dir='ltr'><strong>rapiunt;</strong></span> <span class='ocrx_word' id='word_1_335' title='bbox 959 3022 1010 3067; x_wconf 89' lang='lat' dir='ltr'><strong>et</strong></span> <span class='ocrx_word' id='word_1_336' title='bbox 1042 3028 1138 3067; x_wconf 91' lang='lat' dir='ltr'><strong>nos</strong></span> <span class='ocrx_word' id='word_1_337' title='bbox 1168 3028 1288 3068; x_wconf 91' lang='lat' dir='ltr'><strong>cum</strong></span> <span class='ocrx_word' id='word_1_338' title='bbox 1325 3012 1582 3067; x_wconf 87' lang='lat' dir='ltr'><strong>doctrinis</strong></span> <span class='ocrx_word' id='word_1_339' title='bbox 1620 3026 1747 3067; x_wconf 90' lang='lat' dir='ltr'><strong>ecce</strong></span> 
     </span>
    </p>
   </div>
   <div class='ocr_carea' id='block_1_34' title="bbox 132 3103 1743 3174">
    <p class='ocr_par' dir='ltr' id='par_1_34' title="bbox 132 3103 1743 3174">
     <span class='ocr_line' id='line_1_34' title="bbox 132 3103 1743 3174; baseline 0.001 -18"><span class='ocrx_word' id='word_1_340' title='bbox 132 3103 260 3157; x_wconf 71' lang='lat' dir='ltr'><strong>tibi</strong></span> <span class='ocrx_word' id='word_1_341' title='bbox 287 3104 334 3157; x_wconf 90' lang='lat' dir='ltr'><strong>in</strong></span> <span class='ocrx_word' id='word_1_342' title='bbox 351 3119 519 3160; x_wconf 88' lang='lat' dir='ltr'><strong>errore</strong></span> <span class='ocrx_word' id='word_1_343' title='bbox 541 3104 854 3159; x_wconf 72' lang='lat' dir='ltr'><strong>thllllaﬂllﬂ‘</strong></span> <span class='ocrx_word' id='word_1_344' title='bbox 892 3113 946 3159; x_wconf 91' lang='lat' dir='ltr'><strong>et</strong></span> <span class='ocrx_word' id='word_1_345' title='bbox 966 3104 1261 3174; x_wconf 83' lang='lat' dir='ltr'><strong>sanguine!</strong></span> <span class='ocrx_word' id='word_1_346' title='bbox 1294 3104 1549 3159; x_wconf 80' lang='lat' dir='ltr'><strong>Dixerunt</strong></span> <span class='ocrx_word' id='word_1_347' title='bbox 1572 3103 1743 3169; x_wconf 88' lang='lat' dir='ltr'><strong>istud;</strong></span> 
     </span>
    </p>
   </div>
   <div class='ocr_carea' id='block_1_35' title="bbox 123 3190 1681 3267">
    <p class='ocr_par' dir='ltr' id='par_1_35' title="bbox 123 3190 1681 3267">
     <span class='ocr_line' id='line_1_35' title="bbox 123 3190 1681 3267; baseline -0.004 -14"><span class='ocrx_word' id='word_1_348' title='bbox 123 3205 217 3253; x_wconf 72' lang='lat' dir='ltr'><strong>et</strong></span> <span class='ocrx_word' id='word_1_349' title='bbox 242 3194 427 3253; x_wconf 82' lang='lat' dir='ltr'><strong>idcirco</strong></span> <span class='ocrx_word' id='word_1_350' title='bbox 448 3206 629 3267; x_wconf 86' lang='lat' dir='ltr'><strong>postea</strong></span> <span class='ocrx_word' id='word_1_351' title='bbox 654 3198 759 3252; x_wconf 86' lang='lat' dir='ltr'><strong>vim</strong></span> <span class='ocrx_word' id='word_1_352' title='bbox 785 3199 1074 3252; x_wconf 89' lang='lat' dir='ltr'><strong>intulerunt</strong></span> <span class='ocrx_word' id='word_1_353' title='bbox 1101 3198 1201 3266; x_wconf 89' lang='lat' dir='ltr'><strong>ipsi</strong></span> <span class='ocrx_word' id='word_1_354' title='bbox 1234 3211 1423 3267; x_wconf 83' lang='lat' dir='ltr'><strong>regno.</strong></span> <span class='ocrx_word' id='word_1_355' title='bbox 1460 3217 1478 3248; x_wconf 76' lang='grc' dir='ltr'><strong><em>ι</em></strong></span> <span class='ocrx_word' id='word_1_356' title='bbox 1542 3223 1550 3231; x_wconf 91' lang='lat'><strong><em>-</em></strong></span> <span class='ocrx_word' id='word_1_357' title='bbox 1678 3190 1681 3193; x_wconf 83' lang='grc'><em>’</em></span> 
     </span>
    </p>
   </div>
   <div class='ocr_carea' id='block_1_36' title="bbox 226 3287 1739 3362">
    <p class='ocr_par' dir='ltr' id='par_1_36' title="bbox 226 3287 1739 3362">
     <span class='ocr_line' id='line_1_36' title="bbox 226 3287 1739 3362; baseline -0.001 -18"><span class='ocrx_word' id='word_1_358' title='bbox 226 3289 312 3344; x_wconf 75' lang='grc' dir='ltr'><strong>Ἦ.</strong></span> <span class='ocrx_word' id='word_1_359' title='bbox 337 3320 400 3362; x_wconf 70' lang='grc' dir='ltr'>τ</span> <span class='ocrx_word' id='word_1_360' title='bbox 426 3292 710 3362; x_wconf 87' lang='lat' dir='ltr'><strong>Postquam</strong></span> <span class='ocrx_word' id='word_1_361' title='bbox 760 3290 1021 3346; x_wconf 85' lang='lat' dir='ltr'><strong>Minucius</strong></span> <span class='ocrx_word' id='word_1_362' title='bbox 1057 3289 1274 3345; x_wconf 90' lang='lat' dir='ltr'><strong>Christo</strong></span> <span class='ocrx_word' id='word_1_363' title='bbox 1325 3304 1521 3345; x_wconf 89' lang='lat' dir='ltr'><strong>nomen</strong></span> <span class='ocrx_word' id='word_1_364' title='bbox 1551 3287 1739 3356; x_wconf 89' lang='lat' dir='ltr'><strong>dedit,</strong></span> 
     </span>
    </p>
   </div>
   <div class='ocr_carea' id='block_1_37' title="bbox 120 3348 1744 3454">
    <p class='ocr_par' dir='ltr' id='par_1_37' title="bbox 120 3348 1744 3454">
     <span class='ocr_line' id='line_1_37' title="bbox 120 3348 1744 3454; baseline 0 -19"><span class='ocrx_word' id='word_1_365' title='bbox 120 3403 143 3434; x_wconf 74' lang='grc' dir='ltr'>ι</span> <span class='ocrx_word' id='word_1_366' title='bbox 212 3348 438 3438; x_wconf 49' lang='lat' dir='ltr'><strong>nominis</strong></span> <span class='ocrx_word' id='word_1_367' title='bbox 488 3384 648 3454; x_wconf 89' lang='lat' dir='ltr'><strong>hujus</strong></span> <span class='ocrx_word' id='word_1_368' title='bbox 698 3384 1051 3439; x_wconf 87' lang='lat' dir='ltr'><strong>sacramentis</strong></span> <span class='ocrx_word' id='word_1_369' title='bbox 1103 3383 1400 3448; x_wconf 88' lang='lat' dir='ltr'><strong>institutus,</strong></span> <span class='ocrx_word' id='word_1_370' title='bbox 1442 3402 1460 3435; x_wconf 73' lang='grc' dir='ltr'><strong><em>ι</em></strong></span> <span class='ocrx_word' id='word_1_371' title='bbox 1513 3392 1571 3437; x_wconf 92' lang='lat' dir='ltr'><strong>ut</strong></span> <span class='ocrx_word' id='word_1_372' title='bbox 1621 3396 1744 3437; x_wconf 91' lang='lat' dir='ltr'><strong>cum</strong></span> 
     </span>
    </p>
   </div>
   <div class='ocr_carea' id='block_1_38' title="bbox 116 3474 1746 3548">
    <p class='ocr_par' dir='ltr' id='par_1_38' title="bbox 116 3474 1746 3548">
     <span class='ocr_line' id='line_1_38' title="bbox 116 3474 1746 3548; baseline -0.001 -19"><span class='ocrx_word' id='word_1_373' title='bbox 116 3478 169 3529; x_wconf 77' lang='grc' dir='ltr'><strong>Α</strong></span> <span class='ocrx_word' id='word_1_374' title='bbox 190 3474 386 3531; x_wconf 86' lang='lat' dir='ltr'><strong>rnobio</strong></span> <span class='ocrx_word' id='word_1_375' title='bbox 410 3476 486 3548; x_wconf 85' lang='lat'><strong>(5)</strong></span> <span class='ocrx_word' id='word_1_376' title='bbox 532 3478 739 3547; x_wconf 86' lang='lat' dir='ltr'><strong>loquar,</strong></span> <span class='ocrx_word' id='word_1_377' title='bbox 784 3478 892 3545; x_wconf 90' lang='lat' dir='ltr'><strong>jam</strong></span> <span class='ocrx_word' id='word_1_378' title='bbox 921 3477 1160 3532; x_wconf 79' lang='lat' dir='ltr'><strong>veritatis</strong></span> <span class='ocrx_word' id='word_1_379' title='bbox 1188 3475 1478 3543; x_wconf 88' lang='lat' dir='ltr'><strong>vindicem,</strong></span> <span class='ocrx_word' id='word_1_380' title='bbox 1516 3483 1746 3531; x_wconf 87' lang='lat' dir='ltr'><strong>asserto-</strong></span> 
     </span>
    </p>
   </div>
   <div class='ocr_carea' id='block_1_39' title="bbox 120 3565 1750 3642">
    <p class='ocr_par' dir='ltr' id='par_1_39' title="bbox 120 3565 1750 3642">
     <span class='ocr_line' id='line_1_39' title="bbox 120 3565 1750 3642; baseline -0.002 -19"><span class='ocrx_word' id='word_1_381' title='bbox 120 3584 368 3640; x_wconf 84' lang='lat' dir='ltr'><strong>remque</strong></span> <span class='ocrx_word' id='word_1_382' title='bbox 396 3585 453 3624; x_wconf 89' lang='lat' dir='ltr'><strong>se</strong></span> <span class='ocrx_word' id='word_1_383' title='bbox 493 3565 850 3642; x_wconf 59' lang='lat' dir='ltr'><strong>prmbnitili).</strong></span> <span class='ocrx_word' id='word_1_384' title='bbox 884 3568 1162 3638; x_wconf 85' lang='lat' dir='ltr'><strong>Dialogum</strong></span> <span class='ocrx_word' id='word_1_385' title='bbox 1211 3569 1390 3637; x_wconf 84' lang='lat' dir='ltr'><strong>itaque</strong></span> <span class='ocrx_word' id='word_1_386' title='bbox 1437 3566 1750 3638; x_wconf 83' lang='lat' dir='ltr'><strong>perscripsit</strong></span> 
     </span>
    </p>
   </div>
   <div class='ocr_carea' id='block_1_40' title="bbox 127 3661 1748 3735">
    <p class='ocr_par' dir='ltr' id='par_1_40' title="bbox 127 3661 1748 3735">
     <span class='ocr_line' id='line_1_40' title="bbox 127 3661 1748 3735; baseline 0 -20"><span class='ocrx_word' id='word_1_387' title='bbox 127 3661 283 3716; x_wconf 77' lang='lat' dir='ltr'><strong>duas</strong></span> <span class='ocrx_word' id='word_1_388' title='bbox 312 3665 360 3717; x_wconf 90' lang='lat' dir='ltr'><strong>in</strong></span> <span class='ocrx_word' id='word_1_389' title='bbox 386 3670 563 3734; x_wconf 83' lang='lat' dir='ltr'><strong>partes</strong></span> <span class='ocrx_word' id='word_1_390' title='bbox 589 3663 921 3728; x_wconf 88' lang='lat' dir='ltr'><strong>distinctum,</strong></span> <span class='ocrx_word' id='word_1_391' title='bbox 952 3679 1178 3735; x_wconf 89' lang='lat' dir='ltr'><strong>quarum</strong></span> <span class='ocrx_word' id='word_1_392' title='bbox 1210 3662 1380 3718; x_wconf 89' lang='lat' dir='ltr'><strong>altera</strong></span> <span class='ocrx_word' id='word_1_393' title='bbox 1412 3662 1612 3718; x_wconf 78' lang='lat' dir='ltr'><strong>thcilii</strong></span> <span class='ocrx_word' id='word_1_394' title='bbox 1651 3676 1748 3732; x_wconf 87' lang='lat' dir='ltr'><strong>pro</strong></span> 
     </span>
    </p>
   </div>
   <div class='ocr_carea' id='block_1_41' title="bbox 130 3755 1746 3828">
    <p class='ocr_par' dir='ltr' id='par_1_41' title="bbox 130 3755 1746 3828">
     <span class='ocr_line' id='line_1_41' title="bbox 130 3755 1746 3828; baseline 0 -19"><span class='ocrx_word' id='word_1_395' title='bbox 130 3755 409 3824; x_wconf 76' lang='lat' dir='ltr'><strong>Ethnicis,</strong></span> <span class='ocrx_word' id='word_1_396' title='bbox 448 3758 615 3813; x_wconf 85' lang='lat' dir='ltr'><strong>altera</strong></span> <span class='ocrx_word' id='word_1_397' title='bbox 680 3755 886 3814; x_wconf 88' lang='lat' dir='ltr'><strong>Octavii</strong></span> <span class='ocrx_word' id='word_1_398' title='bbox 939 3772 1036 3828; x_wconf 89' lang='lat' dir='ltr'><strong>pro</strong></span> <span class='ocrx_word' id='word_1_399' title='bbox 1087 3755 1406 3813; x_wconf 85' lang='lat' dir='ltr'><strong>Christianis</strong></span> <span class='ocrx_word' id='word_1_400' title='bbox 1449 3756 1746 3811; x_wconf 90' lang='lat' dir='ltr'><strong>orationem</strong></span> 
     </span>
    </p>
   </div>
   <div class='ocr_carea' id='block_1_42' title="bbox 141 3846 1751 3921">
    <p class='ocr_par' dir='ltr' id='par_1_42' title="bbox 141 3846 1751 3921">
     <span class='ocr_line' id='line_1_42' title="bbox 141 3846 1751 3921; baseline 0.001 -22"><span class='ocrx_word' id='word_1_401' title='bbox 141 3849 559 3917; x_wconf 76' lang='lat' dir='ltr'><strong>complectitur;</strong></span> <span class='ocrx_word' id='word_1_402' title='bbox 589 3865 818 3921; x_wconf 89' lang='lat' dir='ltr'><strong>eumque</strong></span> <span class='ocrx_word' id='word_1_403' title='bbox 848 3849 1425 3920; x_wconf 72' lang='lat' dir='ltr'><strong>inscripsit0c1&#39;xvtus,</strong></span> <span class='ocrx_word' id='word_1_404' title='bbox 1455 3859 1515 3904; x_wconf 91' lang='lat' dir='ltr'><strong>ut</strong></span> <span class='ocrx_word' id='word_1_405' title='bbox 1537 3846 1751 3902; x_wconf 90' lang='lat' dir='ltr'><strong>tradunt</strong></span> 
     </span>
    </p>
   </div>
   <div class='ocr_carea' id='block_1_43' title="bbox 139 3936 1753 4014">
    <p class='ocr_par' dir='ltr' id='par_1_43' title="bbox 139 3936 1753 4014">
     <span class='ocr_line' id='line_1_43' title="bbox 139 3936 1753 4014; baseline 0.001 -21"><span class='ocrx_word' id='word_1_406' title='bbox 139 3936 449 3997; x_wconf 77' lang='lat' dir='ltr'><strong>Lactantius</strong></span> <span class='ocrx_word' id='word_1_407' title='bbox 497 3950 553 3996; x_wconf 90' lang='lat' dir='ltr'><strong>et</strong></span> <span class='ocrx_word' id='word_1_408' title='bbox 588 3941 985 4014; x_wconf 79' lang='lat' dir='ltr'><strong>Hieronymus:</strong></span> <span class='ocrx_word' id='word_1_409' title='bbox 1017 3942 1254 3996; x_wconf 81' lang='lat' dir='ltr'><strong>imitatus</strong></span> <span class='ocrx_word' id='word_1_410' title='bbox 1290 3941 1542 3996; x_wconf 88' lang='lat' dir='ltr'><strong>nimirum</strong></span> <span class='ocrx_word' id='word_1_411' title='bbox 1574 3940 1753 3995; x_wconf 77' lang='lat' dir='ltr'><strong>Plato-</strong></span> 
     </span>
    </p>
   </div>
   <div class='ocr_carea' id='block_1_44' title="bbox 144 4031 1751 4108">
    <p class='ocr_par' dir='ltr' id='par_1_44' title="bbox 144 4031 1751 4108">
     <span class='ocr_line' id='line_1_44' title="bbox 144 4031 1751 4108; baseline -0.002 -18"><span class='ocrx_word' id='word_1_412' title='bbox 144 4047 296 4099; x_wconf 72' lang='lat' dir='ltr'><strong>nem,</strong></span> <span class='ocrx_word' id='word_1_413' title='bbox 337 4036 654 4092; x_wconf 89' lang='lat' dir='ltr'><strong>Ciceronem</strong></span> <span class='ocrx_word' id='word_1_414' title='bbox 707 4037 947 4108; x_wconf 84' lang='lat' dir='ltr'><strong>aliosque</strong></span> <span class='ocrx_word' id='word_1_415' title='bbox 995 4046 1225 4102; x_wconf 86' lang='lat' dir='ltr'><strong>veteres,</strong></span> <span class='ocrx_word' id='word_1_416' title='bbox 1285 4034 1374 4106; x_wconf 91' lang='lat' dir='ltr'><strong>qui</strong></span> <span class='ocrx_word' id='word_1_417' title='bbox 1422 4031 1751 4104; x_wconf 90' lang='lat' dir='ltr'><strong>ejuscemodi</strong></span> 
     </span>
    </p>
   </div>
   <div class='ocr_carea' id='block_1_45' title="bbox 146 4121 1750 4200">
    <p class='ocr_par' dir='ltr' id='par_1_45' title="bbox 146 4121 1750 4200">
     <span class='ocr_line' id='line_1_45' title="bbox 146 4121 1750 4200; baseline 0.002 -25"><span class='ocrx_word' id='word_1_418' title='bbox 146 4121 299 4180; x_wconf 76' lang='lat' dir='ltr'><strong>libris</strong></span> <span class='ocrx_word' id='word_1_419' title='bbox 335 4127 387 4183; x_wconf 92' lang='lat' dir='ltr'><strong>in</strong></span> <span class='ocrx_word' id='word_1_420' title='bbox 428 4127 624 4200; x_wconf 85' lang='lat' dir='ltr'><strong>dialogi</strong></span> <span class='ocrx_word' id='word_1_421' title='bbox 678 4128 905 4183; x_wconf 90' lang='lat' dir='ltr'><strong>formam</strong></span> <span class='ocrx_word' id='word_1_422' title='bbox 963 4127 1309 4196; x_wconf 86' lang='lat' dir='ltr'><strong>compositis,</strong></span> <span class='ocrx_word' id='word_1_423' title='bbox 1362 4126 1505 4181; x_wconf 91' lang='lat' dir='ltr'><strong>illius</strong></span> <span class='ocrx_word' id='word_1_424' title='bbox 1554 4139 1750 4180; x_wconf 90' lang='lat' dir='ltr'><strong>nomen</strong></span> 
     </span>
    </p>
   </div>
   <div class='ocr_carea' id='block_1_46' title="bbox 152 4219 1490 4293">
    <p class='ocr_par' dir='ltr' id='par_1_46' title="bbox 152 4219 1490 4293">
     <span class='ocr_line' id='line_1_46' title="bbox 152 4219 1490 4293; baseline -0.001 -18"><span class='ocrx_word' id='word_1_425' title='bbox 152 4221 493 4285; x_wconf 66' lang='lat' dir='ltr'><strong>pniixerunt</strong></span> <span class='ocrx_word' id='word_1_426' title='bbox 512 4223 603 4293; x_wconf 85' lang='lat' dir='ltr'><strong>qui</strong></span> <span class='ocrx_word' id='word_1_427' title='bbox 636 4225 935 4293; x_wconf 62' lang='lat' dir='ltr'><strong>praecipuas</strong></span> <span class='ocrx_word' id='word_1_428' title='bbox 964 4219 1017 4275; x_wconf 92' lang='lat' dir='ltr'><strong>in</strong></span> <span class='ocrx_word' id='word_1_429' title='bbox 1046 4222 1126 4277; x_wconf 90' lang='lat' dir='ltr'><strong>eis</strong></span> <span class='ocrx_word' id='word_1_430' title='bbox 1154 4220 1263 4291; x_wconf 85' lang='lat' dir='ltr'><strong>agit</strong></span> <span class='ocrx_word' id='word_1_431' title='bbox 1290 4229 1490 4291; x_wconf 89' lang='lat' dir='ltr'><strong>partes.</strong></span> 
     </span>
    </p>
   </div>
   <div class='ocr_carea' id='block_1_47' title="bbox 248 4312 1754 4386">
    <p class='ocr_par' dir='ltr' id='par_1_47' title="bbox 248 4312 1754 4386">
     <span class='ocr_line' id='line_1_47' title="bbox 248 4312 1754 4386; baseline 0.001 -20"><span class='ocrx_word' id='word_1_432' title='bbox 248 4328 265 4359; x_wconf 74' lang='grc' dir='ltr'>ι</span> <span class='ocrx_word' id='word_1_433' title='bbox 296 4313 387 4368; x_wconf 73' lang='lat' dir='ltr'><strong>Est</strong></span> <span class='ocrx_word' id='word_1_434' title='bbox 426 4325 598 4370; x_wconf 84' lang='lat' dir='ltr'><strong>autem</strong></span> <span class='ocrx_word' id='word_1_435' title='bbox 640 4313 855 4370; x_wconf 75' lang='lat' dir='ltr'><strong>Minucii</strong></span> <span class='ocrx_word' id='word_1_436' title='bbox 885 4315 1149 4386; x_wconf 83' lang='lat' dir='ltr'><strong>dialogus,</strong></span> <span class='ocrx_word' id='word_1_437' title='bbox 1192 4330 1210 4366; x_wconf 73' lang='grc' dir='ltr'><strong><em>ι</em></strong></span> <span class='ocrx_word' id='word_1_438' title='bbox 1246 4313 1416 4385; x_wconf 82' lang='lat' dir='ltr'><strong>inquit</strong></span> <span class='ocrx_word' id='word_1_439' title='bbox 1460 4312 1529 4368; x_wconf 90' lang='lat' dir='ltr'><strong>cl.</strong></span> <span class='ocrx_word' id='word_1_440' title='bbox 1560 4312 1754 4368; x_wconf 83' lang='lat' dir='ltr'><strong>Black-</strong></span> 
     </span>
    </p>
   </div>
   <div class='ocr_carea' id='block_1_48' title="bbox 158 4402 1756 4480">
    <p class='ocr_par' dir='ltr' id='par_1_48' title="bbox 158 4402 1756 4480">
     <span class='ocr_line' id='line_1_48' title="bbox 158 4402 1756 4480; baseline 0.004 -24"><span class='ocrx_word' id='word_1_441' title='bbox 158 4402 396 4470; x_wconf 69' lang='lat' dir='ltr'><strong>wallius,</strong></span> <span class='ocrx_word' id='word_1_442' title='bbox 430 4424 449 4460; x_wconf 74' lang='grc' dir='ltr'>ι</span> <span class='ocrx_word' id='word_1_443' title='bbox 468 4419 638 4474; x_wconf 87' lang='lat' dir='ltr'><strong>acute,</strong></span> <span class='ocrx_word' id='word_1_444' title='bbox 667 4409 944 4480; x_wconf 86' lang='lat' dir='ltr'><strong>eleganter</strong></span> <span class='ocrx_word' id='word_1_445' title='bbox 972 4425 1034 4464; x_wconf 90' lang='lat' dir='ltr'><strong>ac</strong></span> <span class='ocrx_word' id='word_1_446' title='bbox 1065 4409 1345 4480; x_wconf 87' lang='lat' dir='ltr'><strong>perspicue</strong></span> <span class='ocrx_word' id='word_1_447' title='bbox 1371 4407 1628 4479; x_wconf 81' lang='lat' dir='ltr'><strong>digestus.</strong></span> <span class='ocrx_word' id='word_1_448' title='bbox 1652 4407 1756 4462; x_wconf 86' lang='lat' dir='ltr'><strong>Tot</strong></span> 
     </span>
    </p>
   </div>
   <div class='ocr_carea' id='block_1_49' title="bbox 165 4491 1754 4573">
    <p class='ocr_par' dir='ltr' id='par_1_49' title="bbox 165 4491 1754 4573">
     <span class='ocr_line' id='line_1_49' title="bbox 165 4491 1754 4573; baseline 0.009 -30"><span class='ocrx_word' id='word_1_449' title='bbox 165 4491 290 4549; x_wconf 80' lang='lat' dir='ltr'><strong>fere</strong></span> <span class='ocrx_word' id='word_1_450' title='bbox 336 4497 386 4551; x_wconf 88' lang='lat' dir='ltr'><strong>in</strong></span> <span class='ocrx_word' id='word_1_451' title='bbox 410 4513 471 4555; x_wconf 90' lang='lat' dir='ltr'><strong>eo</strong></span> <span class='ocrx_word' id='word_1_452' title='bbox 498 4515 688 4573; x_wconf 80' lang='lat' dir='ltr'><strong>graves</strong></span> <span class='ocrx_word' id='word_1_453' title='bbox 741 4503 1033 4557; x_wconf 83' lang='lat' dir='ltr'><strong>sententias</strong></span> <span class='ocrx_word' id='word_1_454' title='bbox 1082 4510 1212 4572; x_wconf 86' lang='lat' dir='ltr'><strong>quot</strong></span> <span class='ocrx_word' id='word_1_455' title='bbox 1249 4498 1502 4571; x_wconf 84' lang='lat' dir='ltr'><strong>periodos</strong></span> <span class='ocrx_word' id='word_1_456' title='bbox 1555 4503 1754 4572; x_wconf 84' lang='lat' dir='ltr'><strong>depre-</strong></span> 
     </span>
    </p>
   </div>
   <div class='ocr_carea' id='block_1_50' title="bbox 164 4581 1835 4666">
    <p class='ocr_par' dir='ltr' id='par_1_50' title="bbox 164 4581 1835 4666">
     <span class='ocr_line' id='line_1_50' title="bbox 164 4581 1835 4666; baseline 0.006 -24"><span class='ocrx_word' id='word_1_457' title='bbox 164 4581 374 4657; x_wconf 77' lang='lat' dir='ltr'><strong>hendis,</strong></span> <span class='ocrx_word' id='word_1_458' title='bbox 414 4604 464 4648; x_wconf 88' lang='lat' dir='ltr'><strong>et</strong></span> <span class='ocrx_word' id='word_1_459' title='bbox 488 4594 769 4650; x_wconf 64' lang='lat' dir='ltr'><strong>sententia:</strong></span> <span class='ocrx_word' id='word_1_460' title='bbox 813 4594 1052 4665; x_wconf 87' lang='lat' dir='ltr'><strong>quidem,</strong></span> <span class='ocrx_word' id='word_1_461' title='bbox 1109 4602 1302 4665; x_wconf 89' lang='lat' dir='ltr'><strong>sponte</strong></span> <span class='ocrx_word' id='word_1_462' title='bbox 1344 4609 1411 4650; x_wconf 88' lang='lat' dir='ltr'><strong>ex</strong></span> <span class='ocrx_word' id='word_1_463' title='bbox 1439 4604 1755 4666; x_wconf 82' lang='lat' dir='ltr'><strong>argumento</strong></span> <span class='ocrx_word' id='word_1_464' title='bbox 1779 4598 1835 4660; x_wconf 90' lang='lat' dir='ltr'><strong>D</strong></span> 
     </span>
    </p>
   </div>
   <div class='ocr_carea' id='block_1_51' title="bbox 170 4679 1753 4753">
    <p class='ocr_par' dir='ltr' id='par_1_51' title="bbox 170 4679 1753 4753">
     <span class='ocr_line' id='line_1_51' title="bbox 170 4679 1753 4753; baseline 0.006 -20"><span class='ocrx_word' id='word_1_465' title='bbox 170 4679 499 4753; x_wconf 81' lang='lat' dir='ltr'><strong>proﬂuentes,</strong></span> <span class='ocrx_word' id='word_1_466' title='bbox 549 4689 780 4743; x_wconf 88' lang='lat' dir='ltr'><strong>solerter</strong></span> <span class='ocrx_word' id='word_1_467' title='bbox 823 4688 1051 4742; x_wconf 85' lang='lat' dir='ltr'><strong>orationi</strong></span> <span class='ocrx_word' id='word_1_468' title='bbox 1098 4700 1224 4744; x_wconf 91' lang='lat' dir='ltr'><strong>sunt</strong></span> <span class='ocrx_word' id='word_1_469' title='bbox 1290 4689 1525 4743; x_wconf 76' lang='lat' dir='ltr'><strong>intextm.</strong></span> <span class='ocrx_word' id='word_1_470' title='bbox 1570 4686 1753 4743; x_wconf 85' lang='lat' dir='ltr'><strong>Ratio-</strong></span> 
     </span>
    </p>
   </div>
   <div class='ocr_carea' id='block_1_52' title="bbox 165 4768 1747 4856">
    <p class='ocr_par' dir='ltr' id='par_1_52' title="bbox 165 4768 1747 4856">
     <span class='ocr_line' id='line_1_52' title="bbox 165 4768 1747 4856; baseline 0.003 -24"><span class='ocrx_word' id='word_1_471' title='bbox 165 4768 325 4833; x_wconf 71' lang='lat' dir='ltr'><strong>uibus</strong></span> <span class='ocrx_word' id='word_1_472' title='bbox 356 4789 406 4834; x_wconf 86' lang='lat' dir='ltr'><strong>et</strong></span> <span class='ocrx_word' id='word_1_473' title='bbox 444 4788 641 4856; x_wconf 70' lang='lat' dir='ltr'><strong>pugnat</strong></span> <span class='ocrx_word' id='word_1_474' title='bbox 694 4794 749 4837; x_wconf 90' lang='lat' dir='ltr'><strong>et</strong></span> <span class='ocrx_word' id='word_1_475' title='bbox 788 4782 986 4848; x_wconf 82' lang='lat' dir='ltr'><strong>vincit,</strong></span> <span class='ocrx_word' id='word_1_476' title='bbox 1040 4790 1406 4852; x_wconf 86' lang='lat' dir='ltr'><strong>quantumque</strong></span> <span class='ocrx_word' id='word_1_477' title='bbox 1456 4781 1747 4849; x_wconf 88' lang='lat' dir='ltr'><strong>acuminis,</strong></span> 
     </span>
    </p>
   </div>
   <div class='ocr_carea' id='block_1_53' title="bbox 194 4907 1753 4988">
    <p class='ocr_par' dir='ltr' id='par_1_53' title="bbox 194 4907 1753 4988">
     <span class='ocr_line' id='line_1_53' title="bbox 194 4907 1753 4988; baseline -0.001 -19"><span class='ocrx_word' id='word_1_478' title='bbox 194 4969 218 4988; x_wconf 41' lang='lat'><strong>3</strong></span> <span class='ocrx_word' id='word_1_479' title='bbox 248 4907 321 4988; x_wconf 24' lang='lat' dir='ltr'><strong>(gi)</strong></span> <span class='ocrx_word' id='word_1_480' title='bbox 355 4915 589 4988; x_wconf 51' lang='lat' dir='ltr'><strong>Sidentia</strong></span> <span class='ocrx_word' id='word_1_481' title='bbox 623 4915 703 4971; x_wconf 83' lang='grc' dir='ltr'><strong>Μ.</strong></span> <span class='ocrx_word' id='word_1_482' title='bbox 726 4914 944 4988; x_wconf 61' lang='lat' dir='ltr'><strong>Minucii</strong></span> <span class='ocrx_word' id='word_1_483' title='bbox 975 4913 1165 4988; x_wconf 76' lang='lat' dir='ltr'><strong>Felicis</strong></span> <span class='ocrx_word' id='word_1_484' title='bbox 1195 4907 1288 4983; x_wconf 78' lang='lat' dir='ltr'><strong>pro</strong></span> <span class='ocrx_word' id='word_1_485' title='bbox 1332 4931 1385 4968; x_wconf 85' lang='lat' dir='ltr'><strong>se</strong></span> <span class='ocrx_word' id='word_1_486' title='bbox 1408 4923 1458 4988; x_wconf 70' lang='lat' dir='ltr'><strong>et</strong></span> <span class='ocrx_word' id='word_1_487' title='bbox 1492 4922 1630 4988; x_wconf 68' lang='lat' dir='ltr'><strong>statu</strong></span> <span class='ocrx_word' id='word_1_488' title='bbox 1657 4930 1753 4969; x_wconf 79' lang='lat' dir='ltr'><strong>suo</strong></span> 
     </span>
    </p>
   </div>
   <div class='ocr_carea' id='block_1_54' title="bbox 151 4969 1751 5059">
    <p class='ocr_par' dir='ltr' id='par_1_54' title="bbox 151 4969 1751 5059">
     <span class='ocr_line' id='line_1_54' title="bbox 151 4969 1751 5059; baseline 0.001 -21"><span class='ocrx_word' id='word_1_489' title='bbox 151 4969 396 5059; x_wconf 56' lang='grc' dir='ltr'><strong>Ξηῖείοια</strong></span> <span class='ocrx_word' id='word_1_490' title='bbox 427 4969 711 5059; x_wconf 18' lang='grc' dir='ltr'><strong>Αῇὸῖᾆθνὶἓα</strong></span> <span class='ocrx_word' id='word_1_491' title='bbox 734 4988 800 5042; x_wconf 82' lang='lat' dir='ltr'><strong>ad</strong></span> <span class='ocrx_word' id='word_1_492' title='bbox 828 4985 893 5042; x_wconf 87' lang='lat' dir='ltr'><strong>F.</strong></span> <span class='ocrx_word' id='word_1_493' title='bbox 928 4969 995 5041; x_wconf 63' lang='grc' dir='ltr'><strong>Ο.</strong></span> <span class='ocrx_word' id='word_1_494' title='bbox 1037 4985 1115 5059; x_wconf 79' lang='grc' dir='ltr'><strong>Μ.</strong></span> <span class='ocrx_word' id='word_1_495' title='bbox 1148 4969 1213 5041; x_wconf 78' lang='lat' dir='ltr'><strong>id</strong></span> <span class='ocrx_word' id='word_1_496' title='bbox 1259 4996 1370 5059; x_wconf 71' lang='lat' dir='ltr'><strong>est,</strong></span> <span class='ocrx_word' id='word_1_497' title='bbox 1414 4969 1751 5059; x_wconf 84' lang='lat' dir='ltr'><strong>Fridericum</strong></span> 
     </span>
    </p>
   </div>
   <div class='ocr_carea' id='block_1_55' title="bbox 238 5055 1748 5130">
    <p class='ocr_par' dir='ltr' id='par_1_55' title="bbox 238 5055 1748 5130">
     <span class='ocr_line' id='line_1_55' title="bbox 238 5055 1748 5130; baseline 0.002 -22"><span class='ocrx_word' id='word_1_498' title='bbox 238 5055 405 5130; x_wconf 61' lang='lat' dir='ltr'><strong>l“item</strong></span> <span class='ocrx_word' id='word_1_499' title='bbox 431 5055 800 5114; x_wconf 70' lang='lat' dir='ltr'><strong>Menclienium</strong></span> <span class='ocrx_word' id='word_1_500' title='bbox 824 5101 838 5124; x_wconf 92' lang='lat'><strong>,</strong></span> <span class='ocrx_word' id='word_1_501' title='bbox 868 5074 997 5130; x_wconf 89' lang='lat' dir='ltr'><strong>qua,</strong></span> <span class='ocrx_word' id='word_1_502' title='bbox 1027 5058 1284 5130; x_wconf 59' lang='lat' dir='ltr'><strong>adversus</strong></span> <span class='ocrx_word' id='word_1_503' title='bbox 1318 5056 1615 5130; x_wconf 66' lang='lat' dir='ltr'><strong>lleumanni</strong></span> <span class='ocrx_word' id='word_1_504' title='bbox 1655 5057 1748 5130; x_wconf 75' lang='lat' dir='ltr'><strong>ob-</strong></span> 
     </span>
    </p>
   </div>
   <div class='ocr_carea' id='block_1_56' title="bbox 138 5126 1749 5199">
    <p class='ocr_par' dir='ltr' id='par_1_56' title="bbox 138 5126 1749 5199">
     <span class='ocr_line' id='line_1_56' title="bbox 138 5126 1749 5199; baseline 0 -18"><span class='ocrx_word' id='word_1_505' title='bbox 138 5126 533 5199; x_wconf 52' lang='lat' dir='ltr'><strong>??&quot;ationem,</strong></span> <span class='ocrx_word' id='word_1_506' title='bbox 569 5126 901 5186; x_wconf 72' lang='lat' dir='ltr'><strong>monetratnr</strong></span> <span class='ocrx_word' id='word_1_507' title='bbox 929 5130 1213 5184; x_wconf 78' lang='lat' dir='ltr'><strong>Minucium</strong></span> <span class='ocrx_word' id='word_1_508' title='bbox 1239 5127 1475 5183; x_wconf 85' lang='lat' dir='ltr'><strong>Felicem</strong></span> <span class='ocrx_word' id='word_1_509' title='bbox 1499 5126 1642 5182; x_wconf 92' lang='lat' dir='ltr'><strong>inter</strong></span> <span class='ocrx_word' id='word_1_510' title='bbox 1659 5126 1749 5195; x_wconf 90' lang='lat' dir='ltr'><strong>ju-</strong></span> 
     </span>
    </p>
   </div>
   <div class='ocr_carea' id='block_1_57' title="bbox 134 5198 1749 5271">
    <p class='ocr_par' dir='ltr' id='par_1_57' title="bbox 134 5198 1749 5271">
     <span class='ocr_line' id='line_1_57' title="bbox 134 5198 1749 5271; baseline 0.001 -19"><span class='ocrx_word' id='word_1_511' title='bbox 134 5198 490 5271; x_wconf 51' lang='lat' dir='ltr'><strong>lfconsultos</strong></span> <span class='ocrx_word' id='word_1_512' title='bbox 518 5218 581 5256; x_wconf 83' lang='lat' dir='ltr'><strong>ac</strong></span> <span class='ocrx_word' id='word_1_513' title='bbox 603 5217 885 5256; x_wconf 81' lang='lat' dir='ltr'><strong>causarum</strong></span> <span class='ocrx_word' id='word_1_514' title='bbox 917 5211 1173 5271; x_wconf 89' lang='lat' dir='ltr'><strong>patronos</strong></span> <span class='ocrx_word' id='word_1_515' title='bbox 1195 5201 1316 5270; x_wconf 87' lang='lat' dir='ltr'><strong>jure</strong></span> <span class='ocrx_word' id='word_1_516' title='bbox 1339 5199 1749 5271; x_wconf 82' lang='lat' dir='ltr'><strong>meritoquelo-</strong></span> 
     </span>
    </p>
   </div>
   <div class='ocr_carea' id='block_1_58' title="bbox 134 5268 1756 5341">
    <p class='ocr_par' dir='ltr' id='par_1_58' title="bbox 134 5268 1756 5341">
     <span class='ocr_line' id='line_1_58' title="bbox 134 5268 1756 5341; baseline 0 -19"><span class='ocrx_word' id='word_1_517' title='bbox 134 5268 294 5341; x_wconf 60' lang='grc' dir='ltr'><strong>(ἔξω</strong></span> <span class='ocrx_word' id='word_1_518' title='bbox 318 5272 465 5341; x_wconf 82' lang='lat' dir='ltr'><strong>tueri.</strong></span> <span class='ocrx_word' id='word_1_519' title='bbox 506 5271 632 5328; x_wconf 80' lang='lat' dir='ltr'><strong>Hrc</strong></span> <span class='ocrx_word' id='word_1_520' title='bbox 684 5268 933 5341; x_wconf 56' lang='lat' dir='ltr'><strong>epistola&#39;</strong></span> <span class='ocrx_word' id='word_1_521' title='bbox 956 5268 1212 5327; x_wconf 73' lang='lat' dir='ltr'><strong>translata</strong></span> <span class='ocrx_word' id='word_1_522' title='bbox 1245 5282 1330 5328; x_wconf 89' lang='lat' dir='ltr'><strong>est</strong></span> <span class='ocrx_word' id='word_1_523' title='bbox 1374 5272 1425 5325; x_wconf 89' lang='lat' dir='ltr'><strong>in</strong></span> <span class='ocrx_word' id='word_1_524' title='bbox 1458 5285 1596 5325; x_wconf 88' lang='lat' dir='ltr'><strong>nova</strong></span> <span class='ocrx_word' id='word_1_525' title='bbox 1627 5270 1756 5323; x_wconf 82' lang='lat' dir='ltr'><strong>Acta</strong></span> 
     </span>
    </p>
   </div>
   <div class='ocr_carea' id='block_1_59' title="bbox 138 5320 936 5414">
    <p class='ocr_par' dir='ltr' id='par_1_59' title="bbox 138 5320 936 5414">
     <span class='ocr_line' id='line_1_59' title="bbox 138 5320 936 5414; baseline 0.013 -26"><span class='ocrx_word' id='word_1_526' title='bbox 138 5320 632 5414; x_wconf 41' lang='lat' dir='ltr'><strong>Erginum:</strong></span> <span class='ocrx_word' id='word_1_527' title='bbox 658 5320 936 5414; x_wconf 57' lang='lat' dir='ltr'><strong>pagina.</strong></span> 
     </span>
    </p>
   </div>
   <div class='ocr_carea' id='block_1_60' title="bbox 220 5399 1106 5485">
    <p class='ocr_par' dir='ltr' id='par_1_60' title="bbox 220 5399 1106 5485">
     <span class='ocr_line' id='line_1_60' title="bbox 220 5399 1106 5485; baseline 0.003 -19"><span class='ocrx_word' id='word_1_528' title='bbox 220 5399 327 5485; x_wconf 59' lang='lat' dir='ltr'><strong>(gi</strong></span> <span class='ocrx_word' id='word_1_529' title='bbox 352 5412 528 5485; x_wconf 67' lang='lat' dir='ltr'><strong>uiuae.</strong></span> <span class='ocrx_word' id='word_1_530' title='bbox 558 5399 624 5468; x_wconf 72' lang='lat' dir='ltr'><strong>iii</strong></span> <span class='ocrx_word' id='word_1_531' title='bbox 642 5399 872 5485; x_wconf 70' lang='lat' dir='ltr'><strong>bia&quot;tog.,</strong></span> <span class='ocrx_word' id='word_1_532' title='bbox 898 5428 1016 5485; x_wconf 78' lang='lat' dir='ltr'><strong>cap.</strong></span> <span class='ocrx_word' id='word_1_533' title='bbox 1054 5415 1106 5469; x_wconf 86' lang='grc'><strong>1.</strong></span> 
     </span>
    </p>
   </div>
   <div class='ocr_carea' id='block_1_61' title="bbox 227 5473 754 5555">
    <p class='ocr_par' dir='ltr' id='par_1_61' title="bbox 227 5473 754 5555">
     <span class='ocr_line' id='line_1_61' title="bbox 227 5473 754 5555; baseline -0.009 -11"><span class='ocrx_word' id='word_1_534' title='bbox 227 5473 339 5555; x_wconf 53' lang='grc' dir='ltr'><strong>εξῆ</strong></span> <span class='ocrx_word' id='word_1_535' title='bbox 361 5481 515 5555; x_wconf 61' lang='grc' dir='ltr'><strong>Ψθω,</strong></span> <span class='ocrx_word' id='word_1_536' title='bbox 545 5500 666 5555; x_wconf 84' lang='lat' dir='ltr'><strong>cap.</strong></span> <span class='ocrx_word' id='word_1_537' title='bbox 699 5485 754 5541; x_wconf 77' lang='lat'><strong>5.</strong></span> 
     </span>
    </p>
   </div>
   <div class='ocr_carea' id='block_1_62' title="bbox 131 5541 1765 5658">
    <p class='ocr_par' dir='ltr' id='par_1_62' title="bbox 131 5541 1765 5658">
     <span class='ocr_line' id='line_1_62' title="bbox 131 5541 1765 5658; baseline -0.002 -44"><span class='ocrx_word' id='word_1_538' title='bbox 131 5541 340 5658; x_wconf 46' lang='lat'><strong>85;?)</strong></span> <span class='ocrx_word' id='word_1_539' title='bbox 370 5541 528 5658; x_wconf 45' lang='lat' dir='ltr'><strong>fugin...)</strong></span> <span class='ocrx_word' id='word_1_540' title='bbox 574 5541 821 5631; x_wconf 69' lang='lat' dir='ltr'><strong>Litgdmt.</strong></span> <span class='ocrx_word' id='word_1_541' title='bbox 852 5555 1019 5628; x_wconf 69' lang='lat' dir='ltr'><strong>Epist.</strong></span> <span class='ocrx_word' id='word_1_542' title='bbox 1062 5557 1129 5617; x_wconf 84' lang='lat' dir='ltr'><strong>ad</strong></span> <span class='ocrx_word' id='word_1_543' title='bbox 1167 5555 1511 5625; x_wconf 74' lang='lat' dir='ltr'><strong>Valerianum,</strong></span> <span class='ocrx_word' id='word_1_544' title='bbox 1560 5564 1690 5612; x_wconf 92' lang='lat' dir='ltr'><strong>tom.</strong></span> <span class='ocrx_word' id='word_1_545' title='bbox 1733 5570 1765 5610; x_wconf 87' lang='lat' dir='ltr'><strong>v</strong></span> 
     </span>
     <span class='ocr_line' id='line_1_63' title="bbox 310 5626 846 5658; baseline 0 0"><span class='ocrx_word' id='word_1_546' title='bbox 310 5633 367 5658; x_wconf 86' lang='lat' dir='ltr'><strong>ml</strong></span> <span class='ocrx_word' id='word_1_547' title='bbox 605 5642 705 5658; x_wconf 66' lang='lat' dir='ltr'><strong>rma</strong></span> <span class='ocrx_word' id='word_1_548' title='bbox 752 5626 846 5658; x_wconf 73' lang='grc'><strong>⁸7⁸11</strong></span> 
     </span>
    </p>
   </div>
   <div class='ocr_carea' id='block_1_63' title="bbox 276 5616 877 5697">
    <p class='ocr_par' dir='ltr' id='par_1_63' title="bbox 276 5616 877 5697">
     <span class='ocr_line' id='line_1_64' title="bbox 276 5616 877 5697; baseline 0.013 -25"><span class='ocrx_word' id='word_1_549' title='bbox 276 5617 417 5697; x_wconf 57' lang='lat' dir='ltr'><strong>finiit.</strong></span> <span class='ocrx_word' id='word_1_550' title='bbox 441 5616 571 5695; x_wconf 76' lang='lat' dir='ltr'><strong>PP.,</strong></span> <span class='ocrx_word' id='word_1_551' title='bbox 605 5616 724 5697; x_wconf 58' lang='lat' dir='ltr'><strong>pa&#39;g.</strong></span> <span class='ocrx_word' id='word_1_552' title='bbox 752 5626 877 5682; x_wconf 81' lang='grc'><strong>771.</strong></span> 
     </span>
    </p>
   </div>
   <div class='ocr_carea' id='block_1_64' title="bbox 220 5682 798 5762">
    <p class='ocr_par' dir='ltr' id='par_1_64' title="bbox 220 5682 798 5762">
     <span class='ocr_line' id='line_1_65' title="bbox 220 5682 798 5762; baseline 0.016 -18"><span class='ocrx_word' id='word_1_553' title='bbox 220 5682 339 5762; x_wconf 63' lang='grc' dir='ltr'>ςὸ)</span> <span class='ocrx_word' id='word_1_554' title='bbox 362 5694 534 5761; x_wconf 70' lang='lat' dir='ltr'><strong>Ampi,</strong></span> <span class='ocrx_word' id='word_1_555' title='bbox 559 5682 798 5753; x_wconf 41' lang='lat' dir='ltr'><strong>,lticfcit.</strong></span> 
     </span>
    </p>
   </div>
   <div class='ocr_carea' id='block_1_65' title="bbox 210 5751 1766 5841">
    <p class='ocr_par' dir='ltr' id='par_1_65' title="bbox 210 5751 1766 5841">
     <span class='ocr_line' id='line_1_66' title="bbox 210 5751 1766 5841; baseline -0.002 -14"><span class='ocrx_word' id='word_1_556' title='bbox 210 5751 683 5841; x_wconf 54' lang='lat' dir='ltr'><strong>Sﬁiuﬁourry.</strong></span> <span class='ocrx_word' id='word_1_557' title='bbox 712 5751 963 5841; x_wconf 44' lang='lat' dir='ltr'><strong>apparat.</strong></span> <span class='ocrx_word' id='word_1_558' title='bbox 1019 5773 1090 5829; x_wconf 84' lang='lat' dir='ltr'><strong>ad</strong></span> <span class='ocrx_word' id='word_1_559' title='bbox 1134 5771 1382 5831; x_wconf 62' lang='lat' dir='ltr'><strong>Biblioth.</strong></span> <span class='ocrx_word' id='word_1_560' title='bbox 1423 5771 1570 5828; x_wconf 73' lang='lat' dir='ltr'><strong>Max.</strong></span> <span class='ocrx_word' id='word_1_561' title='bbox 1621 5767 1766 5840; x_wconf 85' lang='lat' dir='ltr'><strong>PP.,</strong></span> 
     </span>
    </p>
   </div>
   <div class='ocr_carea' id='block_1_66' title="bbox 126 5823 687 5913">
    <p class='ocr_par' dir='ltr' id='par_1_66' title="bbox 126 5823 687 5913">
     <span class='ocr_line' id='line_1_67' title="bbox 126 5823 687 5913; baseline 0.007 -22"><span class='ocrx_word' id='word_1_562' title='bbox 126 5823 410 5911; x_wconf 26' lang='lat' dir='ltr'><strong>minxit,</strong></span> <span class='ocrx_word' id='word_1_563' title='bbox 442 5856 559 5913; x_wconf 64' lang='lat' dir='ltr'><strong>pag.</strong></span> <span class='ocrx_word' id='word_1_564' title='bbox 596 5823 687 5895; x_wconf 77' lang='grc'><strong>19.</strong></span> 
     </span>
    </p>
   </div>
   <div class='ocr_carea' id='block_1_67' title="bbox 1790 4766 2107 4837">
    <p class='ocr_par' dir='ltr' id='par_1_67' title="bbox 1790 4766 2107 4837">
     <span class='ocr_line' id='line_1_68' title="bbox 1790 4766 2107 4837; baseline -0.016 -13"><span class='ocrx_word' id='word_1_565' title='bbox 1790 4782 1795 4789; x_wconf 60' lang='grc' dir='ltr'>ι</span> <span class='ocrx_word' id='word_1_566' title='bbox 1856 4766 1972 4837; x_wconf 85' lang='lat' dir='ltr'><strong>cap.</strong></span> <span class='ocrx_word' id='word_1_567' title='bbox 1992 4766 1998 4768; x_wconf 89' lang='grc'>·</span> <span class='ocrx_word' id='word_1_568' title='bbox 2019 4766 2107 4833; x_wconf 77' lang='lat' dir='ltr'><strong>io,</strong></span> 
     </span>
    </p>
   </div>
   <div class='ocr_carea' id='block_1_68' title="bbox 1836 1902 3444 1977">
    <p class='ocr_par' dir='ltr' id='par_1_68' title="bbox 1836 1902 3444 1977">
     <span class='ocr_line' id='line_1_69' title="bbox 1836 1902 3444 1977; baseline -0.002 -17"><span class='ocrx_word' id='word_1_569' title='bbox 1836 1905 2084 1975; x_wconf 85' lang='lat' dir='ltr'><strong>Plerique</strong></span> <span class='ocrx_word' id='word_1_570' title='bbox 2107 1922 2210 1958; x_wconf 90' lang='lat' dir='ltr'><strong>non</strong></span> <span class='ocrx_word' id='word_1_571' title='bbox 2245 1905 2363 1959; x_wconf 89' lang='lat' dir='ltr'><strong>sine</strong></span> <span class='ocrx_word' id='word_1_572' title='bbox 2396 1904 2608 1977; x_wconf 72' lang='lat' dir='ltr'><strong>ratione</strong></span> <span class='ocrx_word' id='word_1_573' title='bbox 2648 1902 2866 1974; x_wconf 87' lang='lat' dir='ltr'><strong>quidem</strong></span> <span class='ocrx_word' id='word_1_574' title='bbox 2897 1918 3021 1958; x_wconf 91' lang='lat' dir='ltr'><strong>eum</strong></span> <span class='ocrx_word' id='word_1_575' title='bbox 3075 1910 3356 1957; x_wconf 88' lang='lat' dir='ltr'><strong>numerant</strong></span> <span class='ocrx_word' id='word_1_576' title='bbox 3391 1902 3444 1956; x_wconf 91' lang='lat' dir='ltr'><strong>in</strong></span> 
     </span>
    </p>
   </div>
   <div class='ocr_carea' id='block_1_69' title="bbox 1835 1992 3445 2075">
    <p class='ocr_par' dir='ltr' id='par_1_69' title="bbox 1835 1992 3445 2075">
     <span class='ocr_line' id='line_1_70' title="bbox 1835 1992 3445 2075; baseline -0.004 -22"><span class='ocrx_word' id='word_1_577' title='bbox 1835 1992 2186 2067; x_wconf 85' lang='lat' dir='ltr'><strong>scriptoribus</strong></span> <span class='ocrx_word' id='word_1_578' title='bbox 2208 1996 2390 2063; x_wconf 63' lang='lat' dir='ltr'><strong>sacenli</strong></span> <span class='ocrx_word' id='word_1_579' title='bbox 2414 1996 2561 2075; x_wconf 78' lang='lat' dir='ltr'><strong>tertii</strong></span> <span class='ocrx_word' id='word_1_580' title='bbox 2590 1996 3015 2075; x_wconf 68' lang='lat' dir='ltr'><strong>ecclesiasticis;</strong></span> <span class='ocrx_word' id='word_1_581' title='bbox 3050 2010 3152 2048; x_wconf 91' lang='lat' dir='ltr'><strong>non</strong></span> <span class='ocrx_word' id='word_1_582' title='bbox 3193 1996 3324 2048; x_wconf 89' lang='lat' dir='ltr'><strong>satis</strong></span> <span class='ocrx_word' id='word_1_583' title='bbox 3362 2004 3445 2048; x_wconf 90' lang='lat' dir='ltr'><strong>ta—</strong></span> 
     </span>
    </p>
   </div>
   <div class='ocr_carea' id='block_1_70' title="bbox 1839 2070 3446 2161">
    <p class='ocr_par' dir='ltr' id='par_1_70' title="bbox 1839 2070 3446 2161">
     <span class='ocr_line' id='line_1_71' title="bbox 1839 2070 3446 2161; baseline -0.004 -15"><span class='ocrx_word' id='word_1_584' title='bbox 1839 2108 1961 2147; x_wconf 91' lang='lat' dir='ltr'><strong>men</strong></span> <span class='ocrx_word' id='word_1_585' title='bbox 1990 2100 2192 2147; x_wconf 88' lang='lat' dir='ltr'><strong>certum</strong></span> <span class='ocrx_word' id='word_1_586' title='bbox 2220 2101 2273 2147; x_wconf 91' lang='lat' dir='ltr'><strong>et</strong></span> <span class='ocrx_word' id='word_1_587' title='bbox 2305 2070 2649 2161; x_wconf 79' lang='lat' dir='ltr'><strong>perspicuum</strong></span> <span class='ocrx_word' id='word_1_588' title='bbox 2682 2098 2766 2145; x_wconf 87' lang='lat' dir='ltr'><strong>est</strong></span> <span class='ocrx_word' id='word_1_589' title='bbox 2808 2089 3004 2160; x_wconf 86' lang='lat' dir='ltr'><strong>quibus</strong></span> <span class='ocrx_word' id='word_1_590' title='bbox 3035 2088 3134 2142; x_wconf 69' lang='lat' dir='ltr'><strong>teri</strong></span> <span class='ocrx_word' id='word_1_591' title='bbox 3164 2087 3321 2159; x_wconf 88' lang='lat' dir='ltr'><strong>hujus</strong></span> <span class='ocrx_word' id='word_1_592' title='bbox 3350 2103 3446 2141; x_wconf 87' lang='lat' dir='ltr'><strong>an—</strong></span> 
     </span>
    </p>
   </div>
   <div class='ocr_carea' id='block_1_71' title="bbox 1838 2183 3450 2256">
    <p class='ocr_par' dir='ltr' id='par_1_71' title="bbox 1838 2183 3450 2256">
     <span class='ocr_line' id='line_1_72' title="bbox 1838 2183 3450 2256; baseline -0.004 -15"><span class='ocrx_word' id='word_1_593' title='bbox 1838 2187 1921 2242; x_wconf 90' lang='lat' dir='ltr'><strong>nis</strong></span> <span class='ocrx_word' id='word_1_594' title='bbox 1952 2185 2218 2250; x_wconf 82' lang='lat' dir='ltr'><strong>floruerit,</strong></span> <span class='ocrx_word' id='word_1_595' title='bbox 2274 2185 2427 2256; x_wconf 90' lang='lat' dir='ltr'><strong>cujus</strong></span> <span class='ocrx_word' id='word_1_596' title='bbox 2470 2183 2804 2252; x_wconf 87' lang='lat' dir='ltr'><strong>potissimum</strong></span> <span class='ocrx_word' id='word_1_597' title='bbox 2858 2185 3197 2254; x_wconf 88' lang='lat' dir='ltr'><strong>imperatoris</strong></span> <span class='ocrx_word' id='word_1_598' title='bbox 3241 2195 3450 2248; x_wconf 86' lang='lat' dir='ltr'><strong>tempo-</strong></span> 
     </span>
    </p>
   </div>
   <div class='ocr_carea' id='block_1_72' title="bbox 1838 2274 3449 2361">
    <p class='ocr_par' dir='ltr' id='par_1_72' title="bbox 1838 2274 3449 2361">
     <span class='ocr_line' id='line_1_73' title="bbox 1838 2274 3449 2361; baseline -0.004 -25"><span class='ocrx_word' id='word_1_599' title='bbox 1838 2278 1986 2336; x_wconf 87' lang='lat' dir='ltr'><strong>ribus</strong></span> <span class='ocrx_word' id='word_1_600' title='bbox 2008 2278 2194 2333; x_wconf 74' lang='lat' dir='ltr'><strong>Roma:</strong></span> <span class='ocrx_word' id='word_1_601' title='bbox 2214 2278 2430 2361; x_wconf 60' lang='lat' dir='ltr'><strong>vixerit.</strong></span> <span class='ocrx_word' id='word_1_602' title='bbox 2452 2275 2594 2333; x_wconf 88' lang='lat' dir='ltr'><strong>Guil.</strong></span> <span class='ocrx_word' id='word_1_603' title='bbox 2622 2275 2832 2331; x_wconf 84' lang='lat' dir='ltr'><strong>Cavens</strong></span> <span class='ocrx_word' id='word_1_604' title='bbox 2857 2274 2938 2353; x_wconf 64' lang='grc'>(4)</span> <span class='ocrx_word' id='word_1_605' title='bbox 2959 2276 3089 2335; x_wconf 80' lang='lat' dir='ltr'><strong>dicit</strong></span> <span class='ocrx_word' id='word_1_606' title='bbox 3123 2293 3135 2328; x_wconf 91' lang='lat'>:</span> <span class='ocrx_word' id='word_1_607' title='bbox 3158 2294 3183 2343; x_wconf 55' lang='lat' dir='ltr'><strong><em>ﬂ</em></strong></span> <span class='ocrx_word' id='word_1_608' title='bbox 3201 2274 3275 2361; x_wconf 71' lang='lat' dir='ltr'><strong>De</strong></span> <span class='ocrx_word' id='word_1_609' title='bbox 3291 2282 3449 2330; x_wconf 68' lang='lat' dir='ltr'><strong>artato</strong></span> 
     </span>
    </p>
   </div>
   <div class='ocr_carea' id='block_1_73' title="bbox 1840 2348 3448 2443">
    <p class='ocr_par' dir='ltr' id='par_1_73' title="bbox 1840 2348 3448 2443">
     <span class='ocr_line' id='line_1_74' title="bbox 1840 2348 3448 2443; baseline -0.004 -16"><span class='ocrx_word' id='word_1_610' title='bbox 1840 2368 1999 2443; x_wconf 83' lang='lat' dir='ltr'><strong>ejus,</strong></span> <span class='ocrx_word' id='word_1_611' title='bbox 2048 2390 2150 2443; x_wconf 87' lang='lat' dir='ltr'><strong>qua</strong></span> <span class='ocrx_word' id='word_1_612' title='bbox 2206 2348 2549 2437; x_wconf 58' lang='grc' dir='ltr'><strong>ὑίχὶι,ἠίιιίι</strong></span> <span class='ocrx_word' id='word_1_613' title='bbox 2598 2372 2767 2425; x_wconf 79' lang='lat' dir='ltr'><strong>habet)</strong></span> <span class='ocrx_word' id='word_1_614' title='bbox 2797 2368 2937 2440; x_wconf 83' lang='lat' dir='ltr'><strong>quod</strong></span> <span class='ocrx_word' id='word_1_615' title='bbox 2970 2384 3067 2441; x_wconf 88' lang='lat' dir='ltr'><strong>pro</strong></span> <span class='ocrx_word' id='word_1_616' title='bbox 3111 2348 3260 2423; x_wconf 74' lang='lat' dir='ltr'><strong>ceri’o</strong></span> <span class='ocrx_word' id='word_1_617' title='bbox 3299 2367 3448 2421; x_wconf 60' lang='grc' dir='ltr'><strong>..τητ-</strong></span> 
     </span>
    </p>
   </div>
   <div class='ocr_carea' id='block_1_74' title="bbox 1845 2459 3451 2530">
    <p class='ocr_par' dir='ltr' id='par_1_74' title="bbox 1845 2459 3451 2530">
     <span class='ocr_line' id='line_1_75' title="bbox 1845 2459 3451 2530; baseline -0.004 -10"><span class='ocrx_word' id='word_1_618' title='bbox 1845 2482 1994 2521; x_wconf 90' lang='lat' dir='ltr'><strong>mare</strong></span> <span class='ocrx_word' id='word_1_619' title='bbox 2027 2466 2234 2529; x_wconf 83' lang='lat' dir='ltr'><strong>ausim;</strong></span> <span class='ocrx_word' id='word_1_620' title='bbox 2260 2466 2302 2518; x_wconf 90' lang='lat' dir='ltr'><strong>si</strong></span> <span class='ocrx_word' id='word_1_621' title='bbox 2335 2474 2509 2519; x_wconf 89' lang='lat' dir='ltr'><strong>tamen</strong></span> <span class='ocrx_word' id='word_1_622' title='bbox 2541 2463 2592 2518; x_wconf 92' lang='lat' dir='ltr'><strong>in</strong></span> <span class='ocrx_word' id='word_1_623' title='bbox 2621 2480 2679 2519; x_wconf 91' lang='lat' dir='ltr'><strong>re</strong></span> <span class='ocrx_word' id='word_1_624' title='bbox 2716 2462 2943 2518; x_wconf 86' lang='lat' dir='ltr'><strong>obscura</strong></span> <span class='ocrx_word' id='word_1_625' title='bbox 2976 2462 3241 2530; x_wconf 78' lang='lat' dir='ltr'><strong>dubiaque</strong></span> <span class='ocrx_word' id='word_1_626' title='bbox 3270 2459 3451 2514; x_wconf 90' lang='lat' dir='ltr'><strong>hario-</strong></span> 
     </span>
    </p>
   </div>
   <div class='ocr_carea' id='block_1_75' title="bbox 1846 2552 3449 2626">
    <p class='ocr_par' dir='ltr' id='par_1_75' title="bbox 1846 2552 3449 2626">
     <span class='ocr_line' id='line_1_76' title="bbox 1846 2552 3449 2626; baseline -0.005 -13"><span class='ocrx_word' id='word_1_627' title='bbox 1846 2559 1943 2614; x_wconf 87' lang='lat' dir='ltr'><strong>lari</strong></span> <span class='ocrx_word' id='word_1_628' title='bbox 2008 2559 2186 2623; x_wconf 87' lang='lat' dir='ltr'><strong>liceat,</strong></span> <span class='ocrx_word' id='word_1_629' title='bbox 2250 2558 2555 2626; x_wconf 88' lang='lat' dir='ltr'><strong>conjiciam,</strong></span> <span class='ocrx_word' id='word_1_630' title='bbox 2632 2556 2807 2619; x_wconf 90' lang='lat' dir='ltr'><strong>illum,</strong></span> <span class='ocrx_word' id='word_1_631' title='bbox 2862 2566 3048 2623; x_wconf 86' lang='lat' dir='ltr'><strong>utpote</strong></span> <span class='ocrx_word' id='word_1_632' title='bbox 3117 2552 3449 2608; x_wconf 85' lang='lat' dir='ltr'><strong>Tertulliano</strong></span> 
     </span>
    </p>
   </div>
   <div class='ocr_carea' id='block_1_76' title="bbox 1845 2643 3453 2727">
    <p class='ocr_par' dir='ltr' id='par_1_76' title="bbox 1845 2643 3453 2727">
     <span class='ocr_line' id='line_1_77' title="bbox 1845 2643 3453 2727; baseline -0.006 -20"><span class='ocrx_word' id='word_1_633' title='bbox 1845 2668 2156 2727; x_wconf 82' lang='lat' dir='ltr'><strong>supparcm,</strong></span> <span class='ocrx_word' id='word_1_634' title='bbox 2186 2650 2458 2725; x_wconf 82' lang='lat' dir='ltr'><strong>Cypriano</strong></span> <span class='ocrx_word' id='word_1_635' title='bbox 2513 2649 2870 2719; x_wconf 87' lang='lat' dir='ltr'><strong>antiquiorem</strong></span> <span class='ocrx_word' id='word_1_636' title='bbox 2914 2647 3057 2724; x_wconf 83' lang='lat' dir='ltr'><strong>circa</strong></span> <span class='ocrx_word' id='word_1_637' title='bbox 3106 2662 3302 2701; x_wconf 88' lang='lat' dir='ltr'><strong>annum</strong></span> <span class='ocrx_word' id='word_1_638' title='bbox 3344 2643 3453 2699; x_wconf 67' lang='lat'><strong>220</strong></span> 
     </span>
    </p>
   </div>
   <div class='ocr_carea' id='block_1_77' title="bbox 1845 2736 3454 2815">
    <p class='ocr_par' dir='ltr' id='par_1_77' title="bbox 1845 2736 3454 2815">
     <span class='ocr_line' id='line_1_78' title="bbox 1845 2736 3454 2815; baseline -0.005 -15"><span class='ocrx_word' id='word_1_639' title='bbox 1845 2747 2124 2801; x_wconf 87' lang='lat' dir='ltr'><strong>claruisse.</strong></span> <span class='ocrx_word' id='word_1_640' title='bbox 2165 2765 2184 2798; x_wconf 83' lang='grc'><strong>›</strong></span> <span class='ocrx_word' id='word_1_641' title='bbox 2228 2744 2314 2799; x_wconf 85' lang='lat' dir='ltr'><strong>Jo.</strong></span> <span class='ocrx_word' id='word_1_642' title='bbox 2367 2743 2490 2799; x_wconf 82' lang='lat' dir='ltr'><strong>Alb.</strong></span> <span class='ocrx_word' id='word_1_643' title='bbox 2537 2741 2812 2796; x_wconf 84' lang='lat' dir='ltr'><strong>Fabricius</strong></span> <span class='ocrx_word' id='word_1_644' title='bbox 2862 2738 2942 2815; x_wconf 80' lang='lat'><strong>(5)</strong></span> <span class='ocrx_word' id='word_1_645' title='bbox 2994 2739 3266 2803; x_wconf 81' lang='lat' dir='ltr'><strong>observat,</strong></span> <span class='ocrx_word' id='word_1_646' title='bbox 3310 2736 3454 2808; x_wconf 88' lang='lat' dir='ltr'><strong>quod</strong></span> 
     </span>
    </p>
   </div>
   <div class='ocr_carea' id='block_1_78' title="bbox 1847 2833 3450 2904">
    <p class='ocr_par' dir='ltr' id='par_1_78' title="bbox 1847 2833 3450 2904">
     <span class='ocr_line' id='line_1_79' title="bbox 1847 2833 3450 2904; baseline -0.006 -9"><span class='ocrx_word' id='word_1_647' title='bbox 1847 2855 2036 2896; x_wconf 90' lang='lat' dir='ltr'><strong>omnes</strong></span> <span class='ocrx_word' id='word_1_648' title='bbox 2060 2842 2418 2901; x_wconf 83' lang='lat' dir='ltr'><strong>consentiant,</strong></span> <span class='ocrx_word' id='word_1_649' title='bbox 2442 2837 2729 2903; x_wconf 85' lang='lat' dir='ltr'><strong>Minucium</strong></span> <span class='ocrx_word' id='word_1_650' title='bbox 2754 2851 2781 2888; x_wconf 90' lang='lat' dir='ltr'><strong>a</strong></span> <span class='ocrx_word' id='word_1_651' title='bbox 2807 2833 3138 2904; x_wconf 90' lang='lat' dir='ltr'><strong>temporibus</strong></span> <span class='ocrx_word' id='word_1_652' title='bbox 3165 2833 3450 2896; x_wconf 84' lang='lat' dir='ltr'><strong>Antonini,</strong></span> 
     </span>
    </p>
   </div>
   <div class='ocr_carea' id='block_1_79' title="bbox 1849 2921 3471 2996">
    <p class='ocr_par' dir='ltr' id='par_1_79' title="bbox 1849 2921 3471 2996">
     <span class='ocr_line' id='line_1_80' title="bbox 1849 2921 3471 2996; baseline -0.005 -11"><span class='ocrx_word' id='word_1_653' title='bbox 1849 2931 2130 2986; x_wconf 85' lang='lat' dir='ltr'><strong>Commodi</strong></span> <span class='ocrx_word' id='word_1_654' title='bbox 2181 2947 2243 2986; x_wconf 86' lang='lat' dir='ltr'><strong>ac</strong></span> <span class='ocrx_word' id='word_1_655' title='bbox 2269 2929 2453 2986; x_wconf 69' lang='lat' dir='ltr'><strong>Severi</strong></span> <span class='ocrx_word' id='word_1_656' title='bbox 2505 2945 2610 2984; x_wconf 90' lang='lat' dir='ltr'><strong>non</strong></span> <span class='ocrx_word' id='word_1_657' title='bbox 2656 2927 2811 2996; x_wconf 83' lang='lat' dir='ltr'><strong>longe</strong></span> <span class='ocrx_word' id='word_1_658' title='bbox 2863 2926 3117 2981; x_wconf 86' lang='lat' dir='ltr'><strong>abfuisse.</strong></span> <span class='ocrx_word' id='word_1_659' title='bbox 3161 2921 3471 2995; x_wconf 32' lang='lat' dir='ltr'><strong>Zephyrini‘</strong></span> 
     </span>
    </p>
   </div>
   <div class='ocr_carea' id='block_1_80' title="bbox 1851 3017 3457 3099">
    <p class='ocr_par' dir='ltr' id='par_1_80' title="bbox 1851 3017 3457 3099">
     <span class='ocr_line' id='line_1_81' title="bbox 1851 3017 3457 3099; baseline -0.004 -20"><span class='ocrx_word' id='word_1_660' title='bbox 1851 3023 2125 3079; x_wconf 74' lang='lat' dir='ltr'><strong>PODliiiClS</strong></span> <span class='ocrx_word' id='word_1_661' title='bbox 2170 3023 2397 3078; x_wconf 83' lang='lat' dir='ltr'><strong>Romani</strong></span> <span class='ocrx_word' id='word_1_662' title='bbox 2468 3031 2623 3099; x_wconf 57' lang='lat' dir='ltr'><strong>tetate</strong></span> <span class='ocrx_word' id='word_1_663' title='bbox 2681 3019 3197 3075; x_wconf 71' lang='lat' dir='ltr'><strong>Minncinm‘itomm</strong></span> <span class='ocrx_word' id='word_1_664' title='bbox 3258 3017 3457 3073; x_wconf 86' lang='lat' dir='ltr'><strong>vixisse</strong></span> 
     </span>
    </p>
   </div>
   <div class='ocr_carea' id='block_1_81' title="bbox 1851 3109 3455 3192">
    <p class='ocr_par' dir='ltr' id='par_1_81' title="bbox 1851 3109 3455 3192">
     <span class='ocr_line' id='line_1_82' title="bbox 1851 3109 3455 3192; baseline -0.006 -20"><span class='ocrx_word' id='word_1_665' title='bbox 1851 3119 2070 3187; x_wconf 89' lang='lat' dir='ltr'><strong>conjicit</strong></span> <span class='ocrx_word' id='word_1_666' title='bbox 2108 3115 2409 3173; x_wconf 85' lang='lat' dir='ltr'><strong>Ceillierius</strong></span> <span class='ocrx_word' id='word_1_667' title='bbox 2432 3113 2510 3192; x_wconf 84' lang='grc'>(6)</span> <span class='ocrx_word' id='word_1_668' title='bbox 2540 3131 2605 3170; x_wconf 90' lang='lat' dir='ltr'><strong>ex</strong></span> <span class='ocrx_word' id='word_1_669' title='bbox 2632 3114 2982 3186; x_wconf 84' lang='lat' dir='ltr'><strong>Hieronymo,</strong></span> <span class='ocrx_word' id='word_1_670' title='bbox 3007 3112 3096 3183; x_wconf 89' lang='lat' dir='ltr'><strong>qui</strong></span> <span class='ocrx_word' id='word_1_671' title='bbox 3125 3111 3176 3165; x_wconf 89' lang='lat' dir='ltr'><strong>in</strong></span> <span class='ocrx_word' id='word_1_672' title='bbox 3210 3109 3455 3179; x_wconf 86' lang='lat' dir='ltr'><strong>catalogo</strong></span> 
     </span>
    </p>
   </div>
   <div class='ocr_carea' id='block_1_82' title="bbox 1774 3199 3455 3272">
    <p class='ocr_par' dir='ltr' id='par_1_82' title="bbox 1774 3199 3455 3272">
     <span class='ocr_line' id='line_1_83' title="bbox 1774 3199 3455 3272; baseline -0.009 -4"><span class='ocrx_word' id='word_1_673' title='bbox 1774 3204 1820 3268; x_wconf 91' lang='lat' dir='ltr'><strong>C</strong></span> <span class='ocrx_word' id='word_1_674' title='bbox 1853 3210 1918 3264; x_wconf 84' lang='lat' dir='ltr'><strong>de</strong></span> <span class='ocrx_word' id='word_1_675' title='bbox 1975 3209 2105 3263; x_wconf 81' lang='lat' dir='ltr'><strong>Viris</strong></span> <span class='ocrx_word' id='word_1_676' title='bbox 2160 3208 2441 3264; x_wconf 78' lang='lat' dir='ltr'><strong>illustribus</strong></span> <span class='ocrx_word' id='word_1_677' title='bbox 2488 3207 2775 3263; x_wconf 89' lang='lat' dir='ltr'><strong>Minucium</strong></span> <span class='ocrx_word' id='word_1_678' title='bbox 2824 3207 2964 3260; x_wconf 92' lang='lat' dir='ltr'><strong>inter</strong></span> <span class='ocrx_word' id='word_1_679' title='bbox 3019 3203 3312 3272; x_wconf 88' lang='lat' dir='ltr'><strong>scriptores</strong></span> <span class='ocrx_word' id='word_1_680' title='bbox 3363 3199 3455 3271; x_wconf 85' lang='lat' dir='ltr'><strong>qui</strong></span> 
     </span>
    </p>
   </div>
   <div class='ocr_carea' id='block_1_83' title="bbox 1851 3295 3457 3374">
    <p class='ocr_par' dir='ltr' id='par_1_83' title="bbox 1851 3295 3457 3374">
     <span class='ocr_line' id='line_1_84' title="bbox 1851 3295 3457 3374; baseline -0.006 -15"><span class='ocrx_word' id='word_1_681' title='bbox 1851 3304 1906 3359; x_wconf 90' lang='lat' dir='ltr'><strong>id</strong></span> <span class='ocrx_word' id='word_1_682' title='bbox 1952 3305 2208 3374; x_wconf 88' lang='lat' dir='ltr'><strong>temporis</strong></span> <span class='ocrx_word' id='word_1_683' title='bbox 2242 3304 2520 3365; x_wconf 84' lang='lat' dir='ltr'><strong>exstitere.</strong></span> <span class='ocrx_word' id='word_1_684' title='bbox 2567 3302 2852 3358; x_wconf 87' lang='lat' dir='ltr'><strong>recensuit.</strong></span> <span class='ocrx_word' id='word_1_685' title='bbox 2899 3297 3153 3372; x_wconf 88' lang='lat' dir='ltr'><strong>Ejusdem</strong></span> <span class='ocrx_word' id='word_1_686' title='bbox 3176 3295 3457 3351; x_wconf 71' lang='lat' dir='ltr'><strong>sententia:</strong></span> 
     </span>
    </p>
   </div>
   <div class='ocr_carea' id='block_1_84' title="bbox 1852 3384 3453 3473">
    <p class='ocr_par' dir='ltr' id='par_1_84' title="bbox 1852 3384 3453 3473">
     <span class='ocr_line' id='line_1_85' title="bbox 1852 3384 3453 3473; baseline -0.005 -24"><span class='ocrx_word' id='word_1_687' title='bbox 1852 3396 1998 3451; x_wconf 88' lang='lat' dir='ltr'><strong>fuere</strong></span> <span class='ocrx_word' id='word_1_688' title='bbox 2026 3396 2123 3451; x_wconf 89' lang='lat' dir='ltr'><strong>viri</strong></span> <span class='ocrx_word' id='word_1_689' title='bbox 2146 3395 2441 3451; x_wconf 84' lang='lat' dir='ltr'><strong>doetissimi</strong></span> <span class='ocrx_word' id='word_1_690' title='bbox 2485 3395 2745 3473; x_wconf 77' lang='lat' dir='ltr'><strong>Darenius</strong></span> <span class='ocrx_word' id='word_1_691' title='bbox 2774 3394 2853 3468; x_wconf 89' lang='grc'>(7)</span> <span class='ocrx_word' id='word_1_692' title='bbox 2877 3392 3325 3449; x_wconf 85' lang='lat' dir='ltr'><strong>etTillemontius</strong></span> <span class='ocrx_word' id='word_1_693' title='bbox 3349 3384 3453 3461; x_wconf 93' lang='lat'><strong>(8).</strong></span> 
     </span>
    </p>
   </div>
   <div class='ocr_carea' id='block_1_85' title="bbox 1848 3478 3457 3550">
    <p class='ocr_par' dir='ltr' id='par_1_85' title="bbox 1848 3478 3457 3550">
     <span class='ocr_line' id='line_1_86' title="bbox 1848 3478 3457 3550; baseline -0.006 -7"><span class='ocrx_word' id='word_1_694' title='bbox 1848 3488 2041 3544; x_wconf 86' lang='lat' dir='ltr'><strong>Nostra</strong></span> <span class='ocrx_word' id='word_1_695' title='bbox 2060 3498 2218 3545; x_wconf 67' lang='lat' dir='ltr'><strong>actate</strong></span> <span class='ocrx_word' id='word_1_696' title='bbox 2243 3491 2321 3544; x_wconf 86' lang='lat' dir='ltr'><strong>vir</strong></span> <span class='ocrx_word' id='word_1_697' title='bbox 2352 3489 2422 3544; x_wconf 92' lang='lat' dir='ltr'><strong>cl.</strong></span> <span class='ocrx_word' id='word_1_698' title='bbox 2456 3488 2542 3544; x_wconf 86' lang='lat' dir='ltr'><strong>J0.</strong></span> <span class='ocrx_word' id='word_1_699' title='bbox 2582 3486 2768 3543; x_wconf 88' lang='lat' dir='ltr'><strong>Daniel</strong></span> <span class='ocrx_word' id='word_1_700' title='bbox 2798 3486 2865 3541; x_wconf 89' lang='lat' dir='ltr'><strong>ab</strong></span> <span class='ocrx_word' id='word_1_701' title='bbox 2897 3484 3083 3540; x_wconf 78' lang='lat' dir='ltr'><strong>Hoven</strong></span> <span class='ocrx_word' id='word_1_702' title='bbox 3124 3483 3175 3538; x_wconf 93' lang='lat' dir='ltr'><strong>in</strong></span> <span class='ocrx_word' id='word_1_703' title='bbox 3227 3478 3457 3550; x_wconf 77' lang='lat' dir='ltr'><strong>epistula</strong></span> 
     </span>
    </p>
   </div>
   <div class='ocr_carea' id='block_1_86' title="bbox 1852 3574 3459 3647">
    <p class='ocr_par' dir='ltr' id='par_1_86' title="bbox 1852 3574 3459 3647">
     <span class='ocr_line' id='line_1_87' title="bbox 1852 3574 3459 3647; baseline -0.005 -12"><span class='ocrx_word' id='word_1_704' title='bbox 1852 3580 1920 3637; x_wconf 89' lang='lat' dir='ltr'><strong>ad</strong></span> <span class='ocrx_word' id='word_1_705' title='bbox 1974 3580 2310 3636; x_wconf 78' lang='lat' dir='ltr'><strong>Gerhardum</strong></span> <span class='ocrx_word' id='word_1_706' title='bbox 2368 3582 2697 3647; x_wconf 87' lang='lat' dir='ltr'><strong>Meermann,</strong></span> <span class='ocrx_word' id='word_1_707' title='bbox 2751 3579 3038 3634; x_wconf 85' lang='lat' dir='ltr'><strong>Minucium</strong></span> <span class='ocrx_word' id='word_1_708' title='bbox 3098 3574 3459 3644; x_wconf 69' lang='lat' dir='ltr'><strong>Athenagorae</strong></span> 
     </span>
    </p>
   </div>
   <div class='ocr_carea' id='block_1_87' title="bbox 1853 3667 3459 3744">
    <p class='ocr_par' dir='ltr' id='par_1_87' title="bbox 1853 3667 3459 3744">
     <span class='ocr_line' id='line_1_88' title="bbox 1853 3667 3459 3744; baseline -0.004 -17"><span class='ocrx_word' id='word_1_709' title='bbox 1853 3673 2113 3743; x_wconf 64' lang='lat' dir='ltr'><strong>aequa&#39;rm</strong></span> <span class='ocrx_word' id='word_1_710' title='bbox 2169 3670 2338 3730; x_wconf 80' lang='lat' dir='ltr'><strong>fuisse</strong></span> <span class='ocrx_word' id='word_1_711' title='bbox 2390 3674 2672 3744; x_wconf 74' lang='lat' dir='ltr'><strong>eidemque</strong></span> <span class='ocrx_word' id='word_1_712' title='bbox 2735 3670 3030 3743; x_wconf 90' lang='lat' dir='ltr'><strong>principem</strong></span> <span class='ocrx_word' id='word_1_713' title='bbox 3076 3669 3218 3725; x_wconf 88' lang='lat' dir='ltr'><strong>inter</strong></span> <span class='ocrx_word' id='word_1_714' title='bbox 3266 3667 3459 3721; x_wconf 87' lang='lat' dir='ltr'><strong>latinos</strong></span> 
     </span>
    </p>
   </div>
   <div class='ocr_carea' id='block_1_88' title="bbox 1854 3758 3456 3834">
    <p class='ocr_par' dir='ltr' id='par_1_88' title="bbox 1854 3758 3456 3834">
     <span class='ocr_line' id='line_1_89' title="bbox 1854 3758 3456 3834; baseline -0.005 -14"><span class='ocrx_word' id='word_1_715' title='bbox 1854 3766 2147 3834; x_wconf 85' lang='lat' dir='ltr'><strong>scriptores</strong></span> <span class='ocrx_word' id='word_1_716' title='bbox 2174 3767 2496 3824; x_wconf 88' lang='lat' dir='ltr'><strong>christianos</strong></span> <span class='ocrx_word' id='word_1_717' title='bbox 2524 3768 2699 3821; x_wconf 90' lang='lat' dir='ltr'><strong>locum</strong></span> <span class='ocrx_word' id='word_1_718' title='bbox 2722 3765 2997 3821; x_wconf 90' lang='lat' dir='ltr'><strong>vindicare</strong></span> <span class='ocrx_word' id='word_1_719' title='bbox 3013 3761 3329 3818; x_wconf 86' lang='lat' dir='ltr'><strong>allaboravit</strong></span> <span class='ocrx_word' id='word_1_720' title='bbox 3352 3758 3456 3832; x_wconf 88' lang='lat'><strong>(9).</strong></span> 
     </span>
    </p>
   </div>
   <div class='ocr_carea' id='block_1_89' title="bbox 1927 3850 3462 3933">
    <p class='ocr_par' dir='ltr' id='par_1_89' title="bbox 1927 3850 3462 3933">
     <span class='ocr_line' id='line_1_90' title="bbox 1927 3850 3462 3933; baseline -0.01 -13"><span class='ocrx_word' id='word_1_721' title='bbox 1927 3860 2356 3933; x_wconf 64' lang='lat' dir='ltr'><strong>Vll.——-Prazter</strong></span> <span class='ocrx_word' id='word_1_722' title='bbox 2402 3860 2671 3931; x_wconf 86' lang='lat' dir='ltr'><strong>dialogum</strong></span> <span class='ocrx_word' id='word_1_723' title='bbox 2717 3858 2878 3924; x_wconf 90' lang='lat' dir='ltr'><strong>hunc,</strong></span> <span class='ocrx_word' id='word_1_724' title='bbox 2933 3856 3094 3911; x_wconf 89' lang='lat' dir='ltr'><strong>alium</strong></span> <span class='ocrx_word' id='word_1_725' title='bbox 3137 3852 3350 3908; x_wconf 87' lang='lat' dir='ltr'><strong>Minucii</strong></span> <span class='ocrx_word' id='word_1_726' title='bbox 3392 3850 3462 3905; x_wconf 82' lang='lat' dir='ltr'><strong>li-</strong></span> 
     </span>
    </p>
   </div>
   <div class='ocr_carea' id='block_1_90' title="bbox 1856 3948 3457 4021">
    <p class='ocr_par' dir='ltr' id='par_1_90' title="bbox 1856 3948 3457 4021">
     <span class='ocr_line' id='line_1_91' title="bbox 1856 3948 3457 4021; baseline -0.01 -7"><span class='ocrx_word' id='word_1_727' title='bbox 1856 3959 2010 4014; x_wconf 83' lang='lat' dir='ltr'><strong>brum</strong></span> <span class='ocrx_word' id='word_1_728' title='bbox 2042 3957 2105 4011; x_wconf 83' lang='lat' dir='ltr'><strong>de</strong></span> <span class='ocrx_word' id='word_1_729' title='bbox 2152 3953 2302 4021; x_wconf 75' lang='lat' dir='ltr'><strong>Fato,</strong></span> <span class='ocrx_word' id='word_1_730' title='bbox 2350 3955 2435 4009; x_wconf 90' lang='lat' dir='ltr'><strong>vel</strong></span> <span class='ocrx_word' id='word_1_731' title='bbox 2463 3964 2640 4008; x_wconf 84' lang='lat' dir='ltr'><strong>contra</strong></span> <span class='ocrx_word' id='word_1_732' title='bbox 2669 3951 3062 4007; x_wconf 75' lang='lat' dir='ltr'><strong>Mathematicus</strong></span> <span class='ocrx_word' id='word_1_733' title='bbox 3095 3948 3457 4018; x_wconf 79' lang='lat' dir='ltr'><strong>Hieronymus</strong></span> 
     </span>
    </p>
   </div>
   <div class='ocr_carea' id='block_1_91' title="bbox 1856 4036 3455 4117">
    <p class='ocr_par' dir='ltr' id='par_1_91' title="bbox 1856 4036 3455 4117">
     <span class='ocr_line' id='line_1_92' title="bbox 1856 4036 3455 4117; baseline -0.009 -11"><span class='ocrx_word' id='word_1_734' title='bbox 1856 4052 1918 4106; x_wconf 88' lang='lat' dir='ltr'><strong>de</strong></span> <span class='ocrx_word' id='word_1_735' title='bbox 1964 4049 2096 4104; x_wconf 82' lang='lat' dir='ltr'><strong>Viris</strong></span> <span class='ocrx_word' id='word_1_736' title='bbox 2146 4047 2431 4102; x_wconf 78' lang='lat' dir='ltr'><strong>illustribus</strong></span> <span class='ocrx_word' id='word_1_737' title='bbox 2482 4047 2657 4117; x_wconf 87' lang='lat' dir='ltr'><strong>capite</strong></span> <span class='ocrx_word' id='word_1_738' title='bbox 2706 4044 2776 4099; x_wconf 79' lang='lat'><strong>58</strong></span> <span class='ocrx_word' id='word_1_739' title='bbox 2810 4086 2824 4111; x_wconf 93' lang='lat'><strong>,</strong></span> <span class='ocrx_word' id='word_1_740' title='bbox 2884 4045 2956 4098; x_wconf 90' lang='lat' dir='ltr'><strong>ita</strong></span> <span class='ocrx_word' id='word_1_741' title='bbox 2985 4051 3245 4098; x_wconf 86' lang='lat' dir='ltr'><strong>enarrat:</strong></span> <span class='ocrx_word' id='word_1_742' title='bbox 3296 4057 3315 4090; x_wconf 85' lang='grc'><strong><em>‹</em></strong></span> <span class='ocrx_word' id='word_1_743' title='bbox 3348 4036 3455 4092; x_wconf 88' lang='lat' dir='ltr'><strong>Sed</strong></span> 
     </span>
    </p>
   </div>
   <div class='ocr_carea' id='block_1_92' title="bbox 1855 4135 3460 4211">
    <p class='ocr_par' dir='ltr' id='par_1_92' title="bbox 1855 4135 3460 4211">
     <span class='ocr_line' id='line_1_93' title="bbox 1855 4135 3460 4211; baseline -0.011 -9"><span class='ocrx_word' id='word_1_744' title='bbox 1855 4156 1910 4203; x_wconf 90' lang='lat' dir='ltr'><strong>et</strong></span> <span class='ocrx_word' id='word_1_745' title='bbox 1930 4146 2069 4200; x_wconf 89' lang='lat' dir='ltr'><strong>alius</strong></span> <span class='ocrx_word' id='word_1_746' title='bbox 2096 4143 2196 4198; x_wconf 88' lang='lat' dir='ltr'><strong>sub</strong></span> <span class='ocrx_word' id='word_1_747' title='bbox 2233 4141 2450 4197; x_wconf 92' lang='lat' dir='ltr'><strong>nomine</strong></span> <span class='ocrx_word' id='word_1_748' title='bbox 2480 4138 2595 4211; x_wconf 86' lang='lat' dir='ltr'><strong>ejus</strong></span> <span class='ocrx_word' id='word_1_749' title='bbox 2645 4137 2815 4192; x_wconf 88' lang='lat' dir='ltr'><strong>fertur</strong></span> <span class='ocrx_word' id='word_1_750' title='bbox 2869 4138 2931 4189; x_wconf 84' lang='lat' dir='ltr'><strong>de</strong></span> <span class='ocrx_word' id='word_1_751' title='bbox 2958 4135 3093 4190; x_wconf 86' lang='lat' dir='ltr'><strong>Fato</strong></span> <span class='ocrx_word' id='word_1_752' title='bbox 3114 4177 3129 4202; x_wconf 92' lang='lat'><strong>,</strong></span> <span class='ocrx_word' id='word_1_753' title='bbox 3158 4135 3241 4190; x_wconf 90' lang='lat' dir='ltr'><strong>vel</strong></span> <span class='ocrx_word' id='word_1_754' title='bbox 3279 4141 3460 4187; x_wconf 86' lang='lat' dir='ltr'><strong>contra</strong></span> 
     </span>
    </p>
   </div>
   <div class='ocr_carea' id='block_1_93' title="bbox 1860 4225 3457 4303">
    <p class='ocr_par' dir='ltr' id='par_1_93' title="bbox 1860 4225 3457 4303">
     <span class='ocr_line' id='line_1_94' title="bbox 1860 4225 3457 4303; baseline -0.007 -9"><span class='ocrx_word' id='word_1_755' title='bbox 1860 4236 2281 4300; x_wconf 74' lang='lat' dir='ltr'><strong>Mathematicus,</strong></span> <span class='ocrx_word' id='word_1_756' title='bbox 2324 4234 2412 4303; x_wconf 91' lang='lat' dir='ltr'><strong>qui</strong></span> <span class='ocrx_word' id='word_1_757' title='bbox 2449 4248 2570 4287; x_wconf 90' lang='lat' dir='ltr'><strong>cum</strong></span> <span class='ocrx_word' id='word_1_758' title='bbox 2622 4231 2691 4284; x_wconf 89' lang='lat' dir='ltr'><strong>sit</strong></span> <span class='ocrx_word' id='word_1_759' title='bbox 2728 4241 2784 4285; x_wconf 91' lang='lat' dir='ltr'><strong>et</strong></span> <span class='ocrx_word' id='word_1_760' title='bbox 2828 4230 2941 4299; x_wconf 91' lang='lat' dir='ltr'><strong>ipse</strong></span> <span class='ocrx_word' id='word_1_761' title='bbox 2975 4228 3161 4283; x_wconf 88' lang='lat' dir='ltr'><strong>diserti</strong></span> <span class='ocrx_word' id='word_1_762' title='bbox 3200 4225 3457 4295; x_wconf 88' lang='lat' dir='ltr'><strong>hominis,</strong></span> 
     </span>
    </p>
   </div>
   <div class='ocr_carea' id='block_1_94' title="bbox 1858 4320 3458 4401">
    <p class='ocr_par' dir='ltr' id='par_1_94' title="bbox 1858 4320 3458 4401">
     <span class='ocr_line' id='line_1_95' title="bbox 1858 4320 3458 4401; baseline -0.009 -12"><span class='ocrx_word' id='word_1_763' title='bbox 1858 4349 1965 4389; x_wconf 91' lang='lat' dir='ltr'><strong>non</strong></span> <span class='ocrx_word' id='word_1_764' title='bbox 1998 4329 2126 4386; x_wconf 88' lang='lat' dir='ltr'><strong>mihi</strong></span> <span class='ocrx_word' id='word_1_765' title='bbox 2156 4327 2369 4401; x_wconf 78' lang='lat' dir='ltr'><strong>videtur</strong></span> <span class='ocrx_word' id='word_1_766' title='bbox 2414 4342 2536 4381; x_wconf 89' lang='lat' dir='ltr'><strong>cum</strong></span> <span class='ocrx_word' id='word_1_767' title='bbox 2583 4321 2880 4393; x_wconf 87' lang='lat' dir='ltr'><strong>superioris</strong></span> <span class='ocrx_word' id='word_1_768' title='bbox 2910 4321 3029 4376; x_wconf 90' lang='lat' dir='ltr'><strong>libri</strong></span> <span class='ocrx_word' id='word_1_769' title='bbox 3071 4320 3212 4393; x_wconf 85' lang='lat' dir='ltr'><strong>stylo</strong></span> <span class='ocrx_word' id='word_1_770' title='bbox 3257 4335 3458 4377; x_wconf 79' lang='lat' dir='ltr'><strong>conve-</strong></span> 
     </span>
    </p>
   </div>
   <div class='ocr_carea' id='block_1_95' title="bbox 1859 4405 3460 4489">
    <p class='ocr_par' dir='ltr' id='par_1_95' title="bbox 1859 4405 3460 4489">
     <span class='ocr_line' id='line_1_96' title="bbox 1859 4405 3460 4489; baseline -0.007 -8"><span class='ocrx_word' id='word_1_771' title='bbox 1859 4426 1994 4481; x_wconf 91' lang='lat' dir='ltr'><strong>nire.</strong></span> <span class='ocrx_word' id='word_1_772' title='bbox 2034 4441 2053 4474; x_wconf 73' lang='grc' dir='ltr'><strong><em>ι</em></strong></span> <span class='ocrx_word' id='word_1_773' title='bbox 2086 4420 2247 4477; x_wconf 88' lang='lat' dir='ltr'><strong>Liber</strong></span> <span class='ocrx_word' id='word_1_774' title='bbox 2272 4418 2380 4487; x_wconf 83' lang='lat' dir='ltr'><strong>hic,</strong></span> <span class='ocrx_word' id='word_1_775' title='bbox 2408 4418 2561 4489; x_wconf 90' lang='lat' dir='ltr'><strong>cujus</strong></span> <span class='ocrx_word' id='word_1_776' title='bbox 2583 4416 2937 4488; x_wconf 84' lang='lat' dir='ltr'><strong>Hieronymus</strong></span> <span class='ocrx_word' id='word_1_777' title='bbox 2959 4405 3124 4471; x_wconf 82' lang='lat' dir='ltr'><strong>etiain</strong></span> <span class='ocrx_word' id='word_1_778' title='bbox 3152 4415 3204 4469; x_wconf 92' lang='lat' dir='ltr'><strong>in</strong></span> <span class='ocrx_word' id='word_1_779' title='bbox 3233 4413 3460 4484; x_wconf 84' lang='lat' dir='ltr'><strong>epistola</strong></span> 
     </span>
    </p>
   </div>
   <div class='ocr_carea' id='block_1_96' title="bbox 1859 4509 3458 4589">
    <p class='ocr_par' dir='ltr' id='par_1_96' title="bbox 1859 4509 3458 4589">
     <span class='ocr_line' id='line_1_97' title="bbox 1859 4509 3458 4589; baseline -0.009 -13"><span class='ocrx_word' id='word_1_780' title='bbox 1859 4519 1927 4576; x_wconf 90' lang='lat' dir='ltr'><strong>ad</strong></span> <span class='ocrx_word' id='word_1_781' title='bbox 1949 4517 2191 4589; x_wconf 87' lang='lat' dir='ltr'><strong>Magnum</strong></span> <span class='ocrx_word' id='word_1_782' title='bbox 2240 4512 2570 4569; x_wconf 90' lang='lat' dir='ltr'><strong>mentionem</strong></span> <span class='ocrx_word' id='word_1_783' title='bbox 2600 4510 2726 4566; x_wconf 87' lang='lat' dir='ltr'><strong>facit</strong></span> <span class='ocrx_word' id='word_1_784' title='bbox 2760 4510 2899 4584; x_wconf 84' lang='lat' dir='ltr'><strong>(l0),</strong></span> <span class='ocrx_word' id='word_1_785' title='bbox 2926 4509 3086 4566; x_wconf 90' lang='lat' dir='ltr'><strong>hodie</strong></span> <span class='ocrx_word' id='word_1_786' title='bbox 3133 4524 3240 4583; x_wconf 80' lang='lat' dir='ltr'><strong>non</strong></span> <span class='ocrx_word' id='word_1_787' title='bbox 3282 4515 3458 4565; x_wconf 83' lang='lat' dir='ltr'><strong>exstat</strong></span> 
     </span>
    </p>
   </div>
   <div class='ocr_carea' id='block_1_97' title="bbox 1932 4686 3459 4818">
    <p class='ocr_par' dir='ltr' id='par_1_97' title="bbox 1932 4686 3459 4818">
     <span class='ocr_line' id='line_1_98' title="bbox 1932 4686 3459 4768; baseline -0.008 -17"><span class='ocrx_word' id='word_1_788' title='bbox 1932 4694 2010 4768; x_wconf 84' lang='lat' dir='ltr'><strong>(l)</strong></span> <span class='ocrx_word' id='word_1_789' title='bbox 2058 4691 2371 4759; x_wconf 83' lang='lat' dir='ltr'><strong>Blackwal.,</strong></span> <span class='ocrx_word' id='word_1_790' title='bbox 2409 4691 2472 4746; x_wconf 88' lang='lat' dir='ltr'><strong>de</strong></span> <span class='ocrx_word' id='word_1_791' title='bbox 2522 4688 2832 4748; x_wconf 76' lang='lat' dir='ltr'><strong>Prwstantia</strong></span> <span class='ocrx_word' id='word_1_792' title='bbox 2888 4687 3163 4744; x_wconf 82' lang='lat' dir='ltr'><strong>Classicor.</strong></span> <span class='ocrx_word' id='word_1_793' title='bbox 3221 4686 3459 4754; x_wconf 82' lang='lat' dir='ltr'><strong>Auctor.,</strong></span> 
     </span>
     <span class='ocr_line' id='line_1_99' title="bbox 1932 4762 2559 4818; baseline 0 0"><span class='ocrx_word' id='word_1_794' title='bbox 1932 4783 1972 4818; x_wconf 71' lang='grc' dir='ltr'><strong>ι).</strong></span> <span class='ocrx_word' id='word_1_795' title='bbox 2019 4766 2107 4818; x_wconf 78' lang='grc'><strong>10.</strong></span> <span class='ocrx_word' id='word_1_796' title='bbox 2139 4764 2166 4818; x_wconf 73' lang='grc' dir='ltr'>ε</span> <span class='ocrx_word' id='word_1_797' title='bbox 2195 4765 2249 4818; x_wconf 80' lang='lat'><strong>5.</strong></span> <span class='ocrx_word' id='word_1_798' title='bbox 2281 4779 2400 4818; x_wconf 69' lang='lat' dir='ltr'><strong>non.</strong></span> <span class='ocrx_word' id='word_1_799' title='bbox 2434 4762 2559 4818; x_wconf 93' lang='grc'><strong>195.</strong></span> 
     </span>
    </p>
   </div>
   <div class='ocr_carea' id='block_1_98' title="bbox 2195 4765 2559 4821">
    <p class='ocr_par' dir='ltr' id='par_1_98' title="bbox 2195 4765 2559 4821">
     <span class='ocr_line' id='line_1_100' title="bbox 2195 4765 2559 4821; baseline -0.008 0"><span class='ocrx_word' id='word_1_800' title='bbox 2195 4765 2249 4821; x_wconf 81' lang='lat'><strong>5.</strong></span> <span class='ocrx_word' id='word_1_801' title='bbox 2281 4779 2400 4821; x_wconf 65' lang='lat' dir='ltr'><strong>non.</strong></span> <span class='ocrx_word' id='word_1_802' title='bbox 2434 4765 2559 4820; x_wconf 94' lang='grc'><strong>195.</strong></span> 
     </span>
    </p>
   </div>
   <div class='ocr_carea' id='block_1_99' title="bbox 1950 4764 3455 4907">
    <p class='ocr_par' dir='ltr' id='par_1_99' title="bbox 1950 4764 3455 4907">
     <span class='ocr_line' id='line_1_101' title="bbox 1950 4764 2559 4838; baseline 0.003 -22"><span class='ocrx_word' id='word_1_803' title='bbox 1950 4764 2107 4833; x_wconf 76' lang='grc'><strong>›.’10,</strong></span> <span class='ocrx_word' id='word_1_804' title='bbox 2139 4764 2167 4838; x_wconf 85' lang='lat'><strong>§</strong></span> <span class='ocrx_word' id='word_1_805' title='bbox 2195 4765 2249 4832; x_wconf 80' lang='lat'><strong>5,</strong></span> <span class='ocrx_word' id='word_1_806' title='bbox 2281 4779 2400 4834; x_wconf 79' lang='lat' dir='ltr'><strong>pag.</strong></span> <span class='ocrx_word' id='word_1_807' title='bbox 2434 4764 2559 4820; x_wconf 92' lang='grc'><strong>195.</strong></span> 
     </span>
     <span class='ocr_line' id='line_1_102' title="bbox 1950 4830 3455 4907; baseline -0.003 -15"><span class='ocrx_word' id='word_1_808' title='bbox 1950 4838 2009 4907; x_wconf 77' lang='grc'>2)</span> <span class='ocrx_word' id='word_1_809' title='bbox 2042 4839 2278 4892; x_wconf 77' lang='lat' dir='ltr'><strong>liodwel.</strong></span> <span class='ocrx_word' id='word_1_810' title='bbox 2307 4834 2580 4907; x_wconf 54' lang='lat' dir='ltr'><strong>Dissertat.</strong></span> <span class='ocrx_word' id='word_1_811' title='bbox 2601 4832 2928 4906; x_wconf 79' lang='lat' dir='ltr'><strong>Cyprianica.</strong></span> <span class='ocrx_word' id='word_1_812' title='bbox 2948 4831 3189 4907; x_wconf 63' lang='lat' dir='ltr'><strong>m,§_i6,</strong></span> <span class='ocrx_word' id='word_1_813' title='bbox 3216 4845 3339 4903; x_wconf 88' lang='lat' dir='ltr'><strong>pag.</strong></span> <span class='ocrx_word' id='word_1_814' title='bbox 3364 4830 3455 4887; x_wconf 68' lang='grc'><strong>19.</strong></span> 
     </span>
    </p>
   </div>
   <div class='ocr_carea' id='block_1_100' title="bbox 1929 4844 3116 4981">
    <p class='ocr_par' dir='ltr' id='par_1_100' title="bbox 1929 4844 3116 4981">
     <span class='ocr_line' id='line_1_103' title="bbox 1950 4844 3116 4907; baseline -0.006 -15"><span class='ocrx_word' id='word_1_815' title='bbox 1950 4844 2009 4907; x_wconf 78' lang='grc'>2)</span> <span class='ocrx_word' id='word_1_816' title='bbox 2042 4844 2278 4892; x_wconf 75' lang='lat' dir='ltr'><strong>liodwel.</strong></span> <span class='ocrx_word' id='word_1_817' title='bbox 2307 4844 2580 4891; x_wconf 77' lang='lat' dir='ltr'><strong>Dissertat.</strong></span> <span class='ocrx_word' id='word_1_818' title='bbox 2601 4844 2928 4906; x_wconf 71' lang='lat' dir='ltr'><strong>Cypriamca.</strong></span> <span class='ocrx_word' id='word_1_819' title='bbox 2948 4848 3028 4894; x_wconf 84' lang='grc' dir='ltr'><strong>ιιι.</strong></span> <span class='ocrx_word' id='word_1_820' title='bbox 3050 4844 3078 4904; x_wconf 73' lang='lat'><strong>§</strong></span> <span class='ocrx_word' id='word_1_821' title='bbox 3103 4844 3116 4887; x_wconf 76' lang='lat'><strong>1</strong></span> 
     </span>
     <span class='ocr_line' id='line_1_104' title="bbox 1929 4844 3116 4981; baseline -0.008 -15"><span class='ocrx_word' id='word_1_822' title='bbox 1929 4844 2011 4981; x_wconf 45' lang='grc' dir='ltr'>(ὃ)</span> <span class='ocrx_word' id='word_1_823' title='bbox 2035 4908 2324 4981; x_wconf 64' lang='lat' dir='ltr'><strong>BlondeiL.</strong></span> <span class='ocrx_word' id='word_1_824' title='bbox 2348 4907 2415 4981; x_wconf 70' lang='lat' dir='ltr'><strong>de</strong></span> <span class='ocrx_word' id='word_1_825' title='bbox 2437 4905 2809 4981; x_wconf 77' lang='lat' dir='ltr'><strong>Eucharistia.,</strong></span> <span class='ocrx_word' id='word_1_826' title='bbox 2834 4920 2958 4981; x_wconf 60' lang='lat' dir='ltr'><strong>pag.</strong></span> <span class='ocrx_word' id='word_1_827' title='bbox 2992 4904 3116 4958; x_wconf 87' lang='lat' dir='ltr'><strong>ll9.</strong></span> 
     </span>
    </p>
   </div>
   <div class='ocr_carea' id='block_1_101' title="bbox 1930 4912 3456 5051">
    <p class='ocr_par' dir='ltr' id='par_1_101' title="bbox 1930 4912 3456 5051">
     <span class='ocr_line' id='line_1_105' title="bbox 1931 4912 3116 4981; baseline -0.008 -15"><span class='ocrx_word' id='word_1_828' title='bbox 1931 4912 1989 4981; x_wconf 77' lang='grc'><strong>(5</strong></span> <span class='ocrx_word' id='word_1_829' title='bbox 2035 4912 2324 4965; x_wconf 85' lang='lat' dir='ltr'><strong>Blondell..</strong></span> <span class='ocrx_word' id='word_1_830' title='bbox 2348 4912 2410 4961; x_wconf 85' lang='lat' dir='ltr'><strong>de</strong></span> <span class='ocrx_word' id='word_1_831' title='bbox 2437 4912 2809 4968; x_wconf 74' lang='lat' dir='ltr'><strong>Eucltaristia.,</strong></span> <span class='ocrx_word' id='word_1_832' title='bbox 2842 4920 2958 4971; x_wconf 73' lang='lat' dir='ltr'><strong>pag.</strong></span> <span class='ocrx_word' id='word_1_833' title='bbox 2992 4912 3116 4958; x_wconf 76' lang='lat'><strong>“9.</strong></span> 
     </span>
     <span class='ocr_line' id='line_1_106' title="bbox 1930 4912 3456 5051; baseline -0.006 -15"><span class='ocrx_word' id='word_1_834' title='bbox 1930 4912 2011 5051; x_wconf 53' lang='grc' dir='ltr'><strong>(ιζ</strong></span> <span class='ocrx_word' id='word_1_835' title='bbox 2038 4979 2196 5042; x_wconf 81' lang='lat' dir='ltr'><strong>Cave,</strong></span> <span class='ocrx_word' id='word_1_836' title='bbox 2223 4976 2357 5051; x_wconf 72' lang='lat' dir='ltr'><strong>Hist.</strong></span> <span class='ocrx_word' id='word_1_837' title='bbox 2380 4979 2595 5051; x_wconf 70' lang='lat' dir='ltr'><strong>litterqr.</strong></span> <span class='ocrx_word' id='word_1_838' title='bbox 2626 4979 2803 5046; x_wconf 80' lang='lat' dir='ltr'><strong>script.</strong></span> <span class='ocrx_word' id='word_1_839' title='bbox 2828 4975 2989 5051; x_wconf 62' lang='lat' dir='ltr'><strong>Eccl.,</strong></span> <span class='ocrx_word' id='word_1_840' title='bbox 3020 4985 3149 5051; x_wconf 41' lang='lat' dir='ltr'><strong>toto:</strong></span> <span class='ocrx_word' id='word_1_841' title='bbox 3180 4990 3296 5051; x_wconf 65' lang='lat' dir='ltr'><strong>t,_p.</strong></span> <span class='ocrx_word' id='word_1_842' title='bbox 3333 4974 3456 5051; x_wconf 52' lang='lat' dir='ltr'><strong>illi.</strong></span> 
     </span>
    </p>
   </div>
   <div class='ocr_carea' id='block_1_102' title="bbox 1931 5043 3463 5124">
    <p class='ocr_par' dir='ltr' id='par_1_102' title="bbox 1931 5043 3463 5124">
     <span class='ocr_line' id='line_1_107' title="bbox 1931 5043 3463 5124; baseline -0.007 -16"><span class='ocrx_word' id='word_1_843' title='bbox 1931 5043 2009 5124; x_wconf 80' lang='lat'><strong>(5)</strong></span> <span class='ocrx_word' id='word_1_844' title='bbox 2039 5051 2247 5106; x_wconf 82' lang='lat' dir='ltr'><strong>Fabric.</strong></span> <span class='ocrx_word' id='word_1_845' title='bbox 2271 5049 2390 5124; x_wconf 70' lang='lat' dir='ltr'><strong>Not.</strong></span> <span class='ocrx_word' id='word_1_846' title='bbox 2420 5043 2916 5124; x_wconf 52' lang='grc' dir='ltr'><strong>ᾼς(ῌὶειςοηξλιηπςηι,⁸</strong></span> <span class='ocrx_word' id='word_1_847' title='bbox 2931 5048 2996 5099; x_wconf 86' lang='lat' dir='ltr'><strong>de</strong></span> <span class='ocrx_word' id='word_1_848' title='bbox 3022 5043 3158 5098; x_wconf 73' lang='lat' dir='ltr'><strong>Viris</strong></span> <span class='ocrx_word' id='word_1_849' title='bbox 3178 5044 3463 5099; x_wconf 75' lang='lat' dir='ltr'><strong>illustribus</strong></span> 
     </span>
    </p>
   </div>
   <div class='ocr_carea' id='block_1_103' title="bbox 1854 5119 3112 5193">
    <p class='ocr_par' dir='ltr' id='par_1_103' title="bbox 1854 5119 3112 5193">
     <span class='ocr_line' id='line_1_108' title="bbox 1854 5119 3112 5193; baseline -0.006 -14"><span class='ocrx_word' id='word_1_850' title='bbox 1854 5119 2093 5193; x_wconf 67' lang='lat' dir='ltr'><strong>cap.&#39;58,</strong></span> <span class='ocrx_word' id='word_1_851' title='bbox 2125 5138 2242 5192; x_wconf 84' lang='lat' dir='ltr'><strong>pag.</strong></span> <span class='ocrx_word' id='word_1_852' title='bbox 2279 5121 2400 5193; x_wconf 75' lang='grc'><strong>155.</strong></span> <span class='ocrx_word' id='word_1_853' title='bbox 2430 5119 2686 5193; x_wconf 61' lang='lat' dir='ltr'><strong>Biiiliotli.</strong></span> <span class='ocrx_word' id='word_1_854' title='bbox 2714 5119 3048 5193; x_wconf 45' lang='lat' dir='ltr'><strong>EcclesiastL</strong></span> <span class='ocrx_word' id='word_1_855' title='bbox 3101 5132 3112 5145; x_wconf 85' lang='lat'><strong><em>&#39;</em></strong></span> 
     </span>
    </p>
   </div>
   <div class='ocr_carea' id='block_1_104' title="bbox 1929 5187 3451 5265">
    <p class='ocr_par' dir='ltr' id='par_1_104' title="bbox 1929 5187 3451 5265">
     <span class='ocr_line' id='line_1_109' title="bbox 1929 5187 3451 5265; baseline -0.005 -15"><span class='ocrx_word' id='word_1_856' title='bbox 1929 5187 2010 5265; x_wconf 86' lang='lat'><strong>(6)</strong></span> <span class='ocrx_word' id='word_1_857' title='bbox 2036 5187 2449 5265; x_wconf 44' lang='lat' dir='ltr'><strong>Rei—ni&#39;Ceiliier,</strong></span> <span class='ocrx_word' id='word_1_858' title='bbox 2484 5190 2621 5244; x_wconf 70' lang='lat' dir='ltr'><strong>Hist.</strong></span> <span class='ocrx_word' id='word_1_859' title='bbox 2647 5189 2736 5249; x_wconf 70' lang='lat' dir='ltr'><strong>de:</strong></span> <span class='ocrx_word' id='word_1_860' title='bbox 2762 5188 2982 5245; x_wconf 70' lang='lat' dir='ltr'><strong>Auteurs</strong></span> <span class='ocrx_word' id='word_1_861' title='bbox 3004 5187 3200 5244; x_wconf 71' lang='lat' dir='ltr'><strong>Ecclés.</strong></span> <span class='ocrx_word' id='word_1_862' title='bbox 3232 5195 3361 5242; x_wconf 89' lang='lat' dir='ltr'><strong>tom.</strong></span> <span class='ocrx_word' id='word_1_863' title='bbox 3390 5203 3451 5256; x_wconf 83' lang='lat' dir='ltr'><strong>tl,</strong></span> 
     </span>
    </p>
   </div>
   <div class='ocr_carea' id='block_1_105' title="bbox 1858 5262 2442 5334">
    <p class='ocr_par' dir='ltr' id='par_1_105' title="bbox 1858 5262 2442 5334">
     <span class='ocr_line' id='line_1_110' title="bbox 1858 5262 2442 5334; baseline -0.012 -12"><span class='ocrx_word' id='word_1_864' title='bbox 1858 5262 2014 5334; x_wconf 72' lang='lat' dir='ltr'><strong>chap.</strong></span> <span class='ocrx_word' id='word_1_865' title='bbox 2044 5266 2137 5330; x_wconf 74' lang='lat'><strong>23,</strong></span> <span class='ocrx_word' id='word_1_866' title='bbox 2162 5279 2283 5334; x_wconf 84' lang='lat' dir='ltr'><strong>pag.</strong></span> <span class='ocrx_word' id='word_1_867' title='bbox 2313 5262 2442 5334; x_wconf 67' lang='lat'><strong>2:22.</strong></span> 
     </span>
    </p>
   </div>
   <div class='ocr_carea' id='block_1_106' title="bbox 1932 5331 2915 5411">
    <p class='ocr_par' dir='ltr' id='par_1_106' title="bbox 1932 5331 2915 5411">
     <span class='ocr_line' id='line_1_111' title="bbox 1932 5331 2915 5411; baseline -0.006 -20"><span class='ocrx_word' id='word_1_868' title='bbox 2042 5331 2334 5411; x_wconf 33' lang='lat' dir='ltr'><strong>Maroniani</strong></span> <span class='ocrx_word' id='word_1_869' title='bbox 2360 5351 2495 5411; x_wconf 40' lang='lat' dir='ltr'><strong>atrii.</strong></span> <span class='ocrx_word' id='word_1_870' title='bbox 2513 5331 2641 5411; x_wconf 71' lang='grc'><strong>⁸211.</strong></span> <span class='ocrx_word' id='word_1_871' title='bbox 2675 5331 2760 5404; x_wconf 74' lang='lat'><strong>§3</strong></span> <span class='ocrx_word' id='word_1_872' title='bbox 2785 5342 2840 5387; x_wconf 90' lang='lat' dir='ltr'><strong>et</strong></span> <span class='ocrx_word' id='word_1_873' title='bbox 2860 5331 2915 5386; x_wconf 76' lang='grc'><strong>4.</strong></span> 
     </span>
    </p>
   </div>
   <div class='ocr_carea' id='block_1_107' title="bbox 1933 5398 3455 5490">
    <p class='ocr_par' dir='ltr' id='par_1_107' title="bbox 1933 5398 3455 5490">
     <span class='ocr_line' id='line_1_112' title="bbox 1933 5398 3455 5490; baseline -0.004 -27"><span class='ocrx_word' id='word_1_874' title='bbox 1933 5398 2375 5490; x_wconf 52' lang='lat' dir='ltr'><strong>(‘8)&quot;Eiilemout.,</strong></span> <span class='ocrx_word' id='word_1_875' title='bbox 2407 5398 2833 5471; x_wconf 60' lang='lat' dir='ltr'><strong>Ménwir.,&#39;tom.</strong></span> <span class='ocrx_word' id='word_1_876' title='bbox 2864 5419 2942 5458; x_wconf 80' lang='lat' dir='ltr'><strong>lli.</strong></span> <span class='ocrx_word' id='word_1_877' title='bbox 2976 5400 3113 5457; x_wconf 83' lang='lat' dir='ltr'><strong>Note</strong></span> <span class='ocrx_word' id='word_1_878' title='bbox 3127 5417 3218 5485; x_wconf 80' lang='lat' dir='ltr'><strong>sur</strong></span> <span class='ocrx_word' id='word_1_879' title='bbox 3233 5398 3455 5471; x_wconf 71' lang='lat' dir='ltr'><strong>Minuta,</strong></span> 
     </span>
    </p>
   </div>
   <div class='ocr_carea' id='block_1_108' title="bbox 1866 5480 3467 5629">
    <p class='ocr_par' dir='ltr' id='par_1_108' title="bbox 1866 5480 3467 5629">
     <span class='ocr_line' id='line_1_113' title="bbox 1866 5480 3195 5553; baseline -0.026 -18"><span class='ocrx_word' id='word_1_880' title='bbox 1866 5495 1932 5553; x_wconf 85' lang='lat' dir='ltr'><strong>pa</strong></span> <span class='ocrx_word' id='word_1_881' title='bbox 1976 5519 1990 5532; x_wconf 94' lang='lat'><strong>.</strong></span> <span class='ocrx_word' id='word_1_882' title='bbox 2011 5480 2140 5533; x_wconf 72' lang='grc'><strong>295.</strong></span> <span class='ocrx_word' id='word_1_883' title='bbox 3190 5480 3195 5485; x_wconf 92' lang='grc'><strong>-</strong></span> 
     </span>
     <span class='ocr_line' id='line_1_114' title="bbox 1900 5495 3467 5629; baseline -0.019 -16"><span class='ocrx_word' id='word_1_884' title='bbox 1900 5495 2021 5629; x_wconf 41' lang='lat' dir='ltr'><strong>f9)</strong></span> <span class='ocrx_word' id='word_1_885' title='bbox 2050 5552 2182 5629; x_wconf 75' lang='lat' dir='ltr'><strong>Quae</strong></span> <span class='ocrx_word' id='word_1_886' title='bbox 2210 5547 2438 5629; x_wconf 74' lang='lat' dir='ltr'><strong>primum</strong></span> <span class='ocrx_word' id='word_1_887' title='bbox 2470 5545 2648 5629; x_wconf 80' lang='lat' dir='ltr'><strong>locum</strong></span> <span class='ocrx_word' id='word_1_888' title='bbox 2674 5544 2979 5628; x_wconf 47' lang='lat' dir='ltr'><strong>occupat’in</strong></span> <span class='ocrx_word' id='word_1_889' title='bbox 3112 5544 3174 5598; x_wconf 90' lang='lat' dir='ltr'><strong>D.</strong></span> <span class='ocrx_word' id='word_1_890' title='bbox 3208 5541 3467 5629; x_wconf 43' lang='lat' dir='ltr'><strong>cunmm.</strong></span> 
     </span>
    </p>
   </div>
   <div class='ocr_carea' id='block_1_109' title="bbox 1867 5612 3465 5691">
    <p class='ocr_par' dir='ltr' id='par_1_109' title="bbox 1867 5612 3465 5691">
     <span class='ocr_line' id='line_1_115' title="bbox 1867 5612 3465 5691; baseline -0.007 -14"><span class='ocrx_word' id='word_1_891' title='bbox 1867 5612 2013 5678; x_wconf 35' lang='lat' dir='ltr'><strong>sibus.</strong></span> <span class='ocrx_word' id='word_1_892' title='bbox 2034 5612 2146 5674; x_wconf 24' lang='lat' dir='ltr'><strong>sine</strong></span> <span class='ocrx_word' id='word_1_893' title='bbox 2175 5612 2448 5691; x_wconf 62' lang='lat' dir='ltr'><strong>spiritegiis</strong></span> <span class='ocrx_word' id='word_1_894' title='bbox 2478 5612 3018 5691; x_wconf 45' lang='lat' dir='ltr'><strong>criticofantiquariis.</strong></span> <span class='ocrx_word' id='word_1_895' title='bbox 3033 5614 3324 5691; x_wconf 47' lang='lat' dir='ltr'><strong>CampisLl</strong></span> 
     </span>
    </p>
   </div>
   <div class='ocr_carea' id='block_1_110' title="bbox 1870 5685 3468 5750">
    <p class='ocr_par' dir='ltr' id='par_1_110' title="bbox 1870 5685 3468 5750">
     <span class='ocr_line' id='line_1_116' title="bbox 1870 5685 3468 5750; baseline -0.006 0"><span class='ocrx_word' id='word_1_896' title='bbox 1870 5695 2058 5750; x_wconf 82' lang='lat' dir='ltr'><strong>Exstat</strong></span> <span class='ocrx_word' id='word_1_897' title='bbox 2104 5685 2270 5747; x_wconf 76' lang='lat' dir='ltr'><strong>etiam.</strong></span> <span class='ocrx_word' id='word_1_898' title='bbox 2314 5685 2371 5746; x_wconf 73' lang='lat' dir='ltr'><strong>in</strong></span> <span class='ocrx_word' id='word_1_899' title='bbox 2412 5688 2670 5746; x_wconf 87' lang='lat' dir='ltr'><strong>Lindneri</strong></span> <span class='ocrx_word' id='word_1_900' title='bbox 2714 5685 2948 5745; x_wconf 83' lang='lat' dir='ltr'><strong>secunda</strong></span> <span class='ocrx_word' id='word_1_901' title='bbox 3002 5688 3214 5744; x_wconf 85' lang='lat' dir='ltr'><strong>Minucii</strong></span> <span class='ocrx_word' id='word_1_902' title='bbox 3272 5685 3468 5742; x_wconf 77' lang='lat' dir='ltr'><strong>Felicis</strong></span> 
     </span>
    </p>
   </div>
   <div class='ocr_carea' id='block_1_111' title="bbox 1871 5762 2322 5829">
    <p class='ocr_par' dir='ltr' id='par_1_111' title="bbox 1871 5762 2322 5829">
     <span class='ocr_line' id='line_1_117' title="bbox 1871 5762 2322 5829; baseline -0.016 -5"><span class='ocrx_word' id='word_1_903' title='bbox 1871 5766 2131 5829; x_wconf 87' lang='lat' dir='ltr'><strong>editione,</strong></span> <span class='ocrx_word' id='word_1_904' title='bbox 2166 5762 2322 5819; x_wconf 77' lang='grc'><strong>1775.</strong></span> 
     </span>
    </p>
   </div>
   <div class='ocr_carea' id='block_1_112' title="bbox 1946 5830 3463 5921">
    <p class='ocr_par' dir='ltr' id='par_1_112' title="bbox 1946 5830 3463 5921">
     <span class='ocr_line' id='line_1_118' title="bbox 1946 5830 3463 5921; baseline -0.007 -27"><span class='ocrx_word' id='word_1_905' title='bbox 1946 5837 2061 5921; x_wconf 77' lang='grc' dir='ltr'>(ω)</span> <span class='ocrx_word' id='word_1_906' title='bbox 2091 5856 2109 5889; x_wconf 74' lang='grc' dir='ltr'>ι</span> <span class='ocrx_word' id='word_1_907' title='bbox 2128 5835 2390 5895; x_wconf 88' lang='lat' dir='ltr'><strong>Minucius</strong></span> <span class='ocrx_word' id='word_1_908' title='bbox 2411 5834 2564 5895; x_wconf 80' lang='lat' dir='ltr'><strong>Felix</strong></span> <span class='ocrx_word' id='word_1_909' title='bbox 2579 5833 2632 5893; x_wconf 87' lang='lat' dir='ltr'><strong>in</strong></span> <span class='ocrx_word' id='word_1_910' title='bbox 2651 5834 2790 5895; x_wconf 90' lang='lat' dir='ltr'><strong>libro</strong></span> <span class='ocrx_word' id='word_1_911' title='bbox 2805 5835 2888 5892; x_wconf 91' lang='lat' dir='ltr'><strong>cui</strong></span> <span class='ocrx_word' id='word_1_912' title='bbox 2908 5834 3089 5900; x_wconf 83' lang='lat' dir='ltr'><strong>titulus</strong></span> <span class='ocrx_word' id='word_1_913' title='bbox 3102 5841 3184 5894; x_wconf 86' lang='lat' dir='ltr'><strong>est</strong></span> <span class='ocrx_word' id='word_1_914' title='bbox 3200 5830 3463 5904; x_wconf 74' lang='lat' dir='ltr'><strong>Octavius,</strong></span> 
     </span>
    </p>
   </div>
  </div>
