3818 6278
476 329 578 386 199

1585 329 1672 385 DE
1713 324 1969 386 MINUCH
2009 326 2272 387 FELICIS
2309 326 2606 388 OCTAVIO
3622 344 3683 404 9g.

474 448 606 519 Ejus
630 448 912 505 Minucium
947 447 1113 505 fuisse
1142 454 1437 512 auctorem,
1463 462 1570 504 non
1594 459 1797 505 certum
1819 448 2034 519 quidem
2055 489 2071 516 ,
2101 451 2152 511 Λ
2179 449 2270 516 rit,
2298 458 2350 506 et
2369 465 2437 504 an
2470 458 2745 517 tractatus,
2775 449 2864 521 qui
2893 448 3203 523 Hieronymi
3230 453 3539 522 temporibus
3569 473 3685 518 essu.

476 543 654 598 simile
682 552 856 597 tamen
884 556 1013 597 vero
1074 549 1178 598 est.
1210 541 1329 613 Ipse
1360 543 1503 598 enim
1542 542 1744 597 indicat
1772 556 1833 597 se
1862 541 1929 596 de
1969 540 2076 595 fato

473 633 820 690 commentari
863 632 1114 701 voluisse,
1157 633 1242 688 his
1284 634 1461 690 verbis
1487 634 1613 705 (l):
1663 652 1683 683 ‹
1716 636 1793 689 Ae
1842 632 1909 689 de
1962 632 2072 688 fato

473 727 623 791 satis,
655 725 736 781 vel
765 724 810 780 si
844 740 1009 796 pauca
1041 741 1137 798 pro
1172 736 1435 798 tempore,
1466 725 1782 796 disputaturi
1828 725 1983 789 alias,
2018 733 2073 780 et

469 819 687 877 uberius
716 827 769 876 et
812 819 1042 890 plenius.
1082 819 1385 892 i];Verum,
1423 818 1746 875 observante
1784 820 1857 875 cl.
1912 817 2072 889 ani-

470 912 561 969 nio
587 914 692 986 (ἓ),
725 922 902 969 utrum
924 914 976 969 in
1002 913 1109 969 alio
1129 913 1267 969 libro
1297 914 1360 970 de
1383 911 1515 968 Fato
1547 911 1775 983 amplius
1801 911 2071 968 disserue-

466 1079 524 1126 ct
552 1070 603 1126 in
631 1070 799 1125 altero
829 1081 1006 1127 contra
1032 1071 1443 1136 Matltematiros,
1490 1071 1533 1125 si
1562 1080 1738 1126 tamen
1795 1069 2072 1136 inscriptio

470 1157 576 1197 non
602 1144 856 1197 mentitur
886 1154 1182 1210 auctorem,
1214 1143 1340 1212 quid
1373 1143 1649 1212 gentilium
1682 1142 2071 1210 scripturarum

469 1213 982 1286 dimisit‘intactutn.
1016 1235 1034 1286 p
1071 1214 1382 1286 llicronym.
1416 1213 1515 1283 Ep.
1544 1215 1609 1267 ad
1636 1213 1903 1286 Magnum.
1932 1212 2022 1267 85.

544 1284 624 1357 (ι)
658 1284 962 1357 Μίηιιοηίίη
996 1285 1173 1340 Octav.
1199 1284 1431 1355 Dialog.,
1455 1300 1574 1355 cap.
1606 1284 1694 1339 56.

545 1354 623 1428 (2)
656 1357 849 1427 Dupin.
882 1356 1126 1412 Bibliot/t.
1158 1357 1245 1410 dus
1285 1354 1531 1422 Au’tears,
1569 1366 1696 1411 tom.
1721 1372 1760 1424 1,
1794 1371 1915 1428 pag.
1947 1354 2071 1412 189.

2176 543 2288 610 bat,
2323 543 2368 599 is
2406 553 2554 600 esset
2606 559 2766 616 quem
2808 545 3149 615 promiserat,
3191 560 3255 600 an
3290 545 3463 616 potius
3495 546 3599 605 inde
3632 570 3686 611 an.

2175 655 2291 696 sam
2323 641 2640 712 arripuisset
2665 650 2853 697 auctor
2873 639 3069 711 aliquis
3123 638 3406 711 quemdam
3435 640 3685 705 Minuciino-

2174 735 2320 791 mine
2366 734 2743 807 snpponendi,
2800 735 3067 791 incertum
3115 743 3218 789 est.
3268 733 3401 789 Cum
3449 750 3562 791 vero
3609 744 3685 799 satis

2173 838 2417 897 apertum
2450 829 2519 883 sit
2547 828 2649 884 hoc
2677 828 2874 899 ingenii
2926 836 3329 883 monumentum
3358 827 3608 897 interiisse,
3627 836 3685 891 mi-

2172 933 2292 975 rum
2323 935 2454 977 sane
2502 920 2642 992 quod
2683 921 2894 977 Sebast.
2936 920 3119 977 Nanus
3170 919 3614 997 Tillemontius(l)
3651 927 3687 985 de

2176 1011 2409 1068 Minucio
2434 1013 2655 1085 ejusque
2710 1013 2926 1084 Dialogo
2999 1013 3211 1071 erudite
3263 1014 3540 1086 disserens,
3593 1021 3689 1079 addat

2177 1103 2308 1161 illud
2382 1105 2485 1177 legi
2559 1107 2699 1179 typis
2755 1107 3082 1179 exscriptum
3143 1107 3197 1164 in
3260 1106 3486 1179 quadam
3541 1110 3688 1171 Arnobii

2179 1197 2435 1255 editione.

2254 1352 2334 1425 (ι)
2366 1353 2698 1425 Tillemont.,
2724 1355 2989 1425 Mémoir.,
3023 1365 3155 1414 tom.
3187 1374 3268 1426 nt,
3300 1374 3425 1432 pag.
3452 1359 3532 1417 75.

2245 1544 2440 1555 ~————.

466 1544 3677 1604 Ἠ

1398 1726 1986 1804 FRANCISCI
2040 1727 2548 1818 BALDUINI
2605 1731 2762 1803 JC.

1253 1965 2978 2112 DISSERTATIO

614 2265 887 2425 DE
961 2272 1761 2424 MINUCII
1842 2270 2602 2421 FELICIS
2675 2271 3607 2429 OCTAVIO.

1915 2526 2285 2583 «esset»

542 2710 608 2769 Ut
654 2706 947 2780 buncjsive
975 2705 1211 2763 libellum
1231 2747 1245 2771 ,
1272 2704 1390 2762 sive
1419 2702 1689 2773 dialogum
1709 2743 1723 2768 ,
1756 2698 1846 2771 qui
1880 2697 2064 2754 multis
2093 2701 2142 2761 B
2170 2700 2509 2774 subreptum,
2544 2704 2830 2779 aitet-ique,
2860 2723 2968 2764 non
2996 2710 3237 2777 domino,
3284 2713 3487 2784 injuste
3525 2715 3690 2787 adscrip.

458 2805 570 2877 jam
624 2803 835 2860 saeculis
874 2802 1012 2858 falso
1052 2800 1289 2858 creditus
1317 2808 1402 2855 est
1442 2798 1725 2867 dictusque
1768 2809 1889 2850 esse
1917 2802 2066 2849 octa-

464 2914 565 2954 vus
604 2896 826 2952 Arnobii
871 2896 1131 2951 adversus
1158 2893 1388 2957 Gentes,
1449 2899 1504 2944 ct
1557 2888 1948 2951 inscriberem,
2011 2895 2068 2939 et

418 3008 423 3017 '
464 3008 587 3049 esse
617 2992 777 3062 plane
803 2988 1116 3060 liquidoque
1145 2990 1472 3041 al‘tirmarem
1499 2982 1582 3037 'M.
1627 2980 1842 3036 Minucii
1872 2979 2068 3034 Felicis

447 3085 757 3150 Octavium,
825 3082 995 3139 facile‘
1039 3081 1169 3136 mihi
1229 3084 1615 3150 persuaserunt
1659 3074 1768 3130 duo
1813 3084 1867 3129 et
1896 3072 2061 3137 boni,

464 3186 519 3233 et
539 3178 743 3246 antiqui
765 3221 778 3244 ,
808 3184 865 3232 et
903 3188 1094 3245 graves
1125 3182 1288 3227 testes
1311 3176 1704 3239 auctoresque,
1756 3167 2067 3221 Lactantius

462 3281 624 3341 atque
661 3270 1041 3339 llieronymns.
1085 3264 1178 3319 Ille
1217 3262 1361 3318 enim
1412 3275 1631 3316 suarum
1673 3258 2065 3314 Institutiomnn

429 3337 560 3419 ilib.
590 3380 629 3430 ι,
654 3379 775 3431 cap.
813 3337 904 3423 ll,
932 3361 1063 3416 citat
1092 3377 1112 3408 ι
1148 3341 1438 3412 Minucium
1481 3354 1715 3410 Felicem
1765 3352 1817 3408 in
1858 3368 1959 3420 eo,
2005 3360 2065 3406 ut

461 3456 579 3523 ait,
637 3456 806 3517 libro.
863 3454 951 3524 qui
1023 3451 1263 3505 Octavius
1326 3447 1716 3505 inscribitur.»
1771 3446 1832 3500 Ει
1882 3460 1947 3500 ex
1997 3458 2063 3499 eo

464 3549 629 3607 verba
660 3546 903 3619 qumdam
931 3544 1198 3614 descripta
1252 3543 1443 3598 recitat
1496 3557 1616 3613 qum
1645 3556 1752 3595 non
1787 3540 2065 3611 patiuntur

464 3659 564 3699 nos
591 3650 683 3697 aut
708 3638 871 3694 alium
896 3637 1128 3706 aliquem
1156 3677 1171 3704 ,
1205 3644 1296 3690 aut
1319 3634 1539 3690 alterius
1568 3633 1882 3705 cujusquam
1907 3675 1921 3699 ,
1953 3630 2063 3688 Oc-

462 3737 661 3792 tavium
711 3734 935 3804 ﬁngere.
985 3731 1127 3787 Idem
1181 3730 1273 3785 lib.
1325 3744 1380 3794 ν,
1435 3742 1553 3800 cap.
1611 3728 1660 3792 1,
1716 3727 1941 3797 loquens
1995 3724 2063 3781 de

460 3829 894 3887 Christianorum
946 3838 1082 3895 quos
1124 3821 1316 3891 legerit
1345 3820 1685 3891 eloquentia,
1743 3818 1919 3889 primo
1942 3819 2062 3873 loco

461 3924 606 3980 hunc
654 3921 941 3978 Minucium
974 3918 1176 3975 laudat.
1208 3936 1226 3970 ‹
1267 3915 1562 3982 Minucius,
1615 3915 1822 3985 inquit,
1871 3914 2059 3983 Felix,

462 4036 570 4077 non
593 4018 842 4092 ignobilis
894 4017 1033 4072 inter
1076 4012 1376 4071 causidicos
1410 4012 1512 4067 loci
1544 4010 1663 4067 fuit.
1700 4009 1869 4078 Hujus
1895 4008 2052 4075 liber,

2173 2805 2281 2849 tum
2316 2814 2330 2862 ;
2367 2807 2425 2852 ut
2469 2808 2523 2854 et
2567 2801 2741 2873 plagio
2770 2811 2826 2859 et
2873 2813 3027 2874 partu
3072 2808 3353 2878 supposito
3407 2809 3530 2865 facta
3570 2822 3691 2866 nostro

2171 2889 2401 2945 Minucio
2428 2892 2623 2964 duplex
2661 2896 2855 2967 injuria
2887 2914 3007 2955 esse
3035 2899 3298 2958 videatur.
3343 2902 3455 2959 Sed
3497 2904 3593 2961 haec
3632 2905 3692 2959 ire

2171 2997 2341 3051 quens
2369 2994 2452 3039 est
2494 2987 2708 3057 querela
2755 2989 2824 3045 de
2876 2990 3219 3049 librariorum
3269 2994 3408 3051 nihil
3439 3011 3535 3052 non
3556 3006 3693 3052 temere

2171 3076 2511 3133 miscentium
2559 3080 2909 3139 facinoribus.
2940 3084 3223 3152 Fortasse,
3271 3097 3329 3143 ttt
3358 3089 3496 3144 hunc
3518 3090 3693 3144 libellum

2169 3172 2409 3227 Arnobio
2439 3174 2656 3244 quidam
2694 3176 3089 3242 adscriberent,
3141 3181 3388 3250 quaedam
3418 3183 3531 3251 styli
3573 3191 3618 3239 et
3645 3198 3696 3237 ar-

2169 3266 2409 3331 gumenti
2459 3267 2789 3337 similitudo,
2819 3286 2938 3341 qntn
2984 3272 3262 3342 imperitos
3309 3290 3542 3345 persarpe
3576 3274 3692 3341 fallit,

2171 3356 2294 3412 fecit
2346 3376 2359 3410 :
2405 3366 2460 3413 et
2501 3374 2622 3414 enm
2664 3361 2906 3432 legerent
2971 3362 3268 3433 Octaviam,
3315 3352 3698 3423 statim‘somaia-

2168 3460 2294 3505 runt
2344 3460 2591 3508 octavum
2643 3454 2877 3525 aliquem
2926 3472 3048 3513 esse
3103 3458 3319 3514 librum.
3363 3459 3593 3516 Ridicule
3616 3476 3694 3530 pro

2169 3544 2307 3601 lecto
2346 3556 2399 3601 et
2426 3547 2627 3618 inepte.
2670 3547 2872 3605 Saltem
2916 3550 3158 3608 Arnobio
3205 3564 3464 3624 perpetua
3514 3555 3695 3611 oratione

2168 3642 2336 3694 utenti
2382 3639 2651 3712 dialogum
2712 3652 2920 3700 temere
2981 3644 3399 3703 adscribendum
3477 3667 3570 3706 non
3620 3663 3695 3704 esse

2167 3732 2513 3801 cogitassent.
2540 3732 2737 3790 Verum
2784 3735 3013 3793 inscitim
3039 3747 3145 3793 tam
3188 3754 3340 3796 'czeca
3387 3758 3542 3813 quam
3583 3739 3695 3796 conit-

2167 3821 2301 3878 dens
2327 3833 2410 3878 est
2463 3825 2705 3882 audacia.
2761 3827 2901 3885 Sane
2942 3828 3301 3904 Hieronymus
3361 3835 3541 3890 scribit
3579 3834 3698 3901 Nepo-

2169 3915 2370 3971 tianum
2407 3933 2561 3974 suum
2593 3929 2699 3975 tam
2750 3922 2801 3976 in
2849 3923 3204 3994 scriptoribus
3230 3927 3591 3983 ecclesiasticis
3611 3924 3697 3979 dili-

2166 4018 2356 4079 genter
2383 4021 2656 4068 versatum
2689 4012 2875 4080 fuisse,
2903 4023 2981 4081 ut,
3004 4016 3048 4070 si
3080 4016 3204 4085 quid
3227 4032 3292 4073 ex
3323 4018 3388 4073 iis
3408 4021 3697 4090 proferretur,

461 4114 546 4168 cui
616 4111 854 4167 Octavius
903 4109 1086 4165 titulus
1146 4117 1259 4174 est,
1329 4103 1572 4161 declarat
1633 4117 1790 4173 quam
1838 4096 2134 4159 idoneusC
2168 4103 2347 4158 statim
2368 4116 2688 4175 agnosceret
2714 4116 2873 4177 atque
2895 4107 3397 4183 discerneret,quid
3422 4108 3699 4173 Tertulliani,

458 4206 697 4262 veritatis
723 4212 959 4260 assertor
984 4216 1105 4258 esse
1130 4192 1428 4271 potuisset.
1461 4198 1504 4252 si
1553 4210 1612 4251 se
1664 4204 1831 4250 totum
1879 4194 1945 4248 ad
2000 4193 2053 4249 id

458 4302 692 4358 studium
720 4299 1054 4356 contulisset.
1093 4315 1111 4348 ι
1147 4294 1324 4350 Testis
1370 4291 1508 4346 alter
1532 4298 1616 4346 est
1654 4288 2054 4361 Hieronymus,

458 4396 548 4466 qui
590 4396 752 4460 hunc,
797 4392 951 4448 sicuti
980 4391 1096 4460 ipse
1127 4385 1324 4442 fatetur
1347 4427 1361 4449 ,
1415 4383 1752 4463 Lactantiuni
1801 4392 2053 4447 secutus,

456 4487 510 4543 in
563 4486 798 4556 catalogo
849 4482 1171 4552 Scriptorum
1223 4477 1679 4533 ecclesiasticam»:
1728 4475 1846 4529 ait:
1882 4493 1901 4525 ι
1951 4473 2050 4527 Mi-

457 4578 645 4635 nucius
670 4575 858 4641 Felix,
920 4573 1106 4628 Roma:
1158 4568 1383 4639 insignis
1436 4567 1779 4631 causidicus,
1838 4566 2057 4637 scripsit

457 4674 738 4743 Dialogum
785 4666 1079 4725 Christiani
1128 4673 1182 4721 el.
1220 4661 1431 4720 Ethnici
1485 4661 1869 4730 disputantium
1899 4703 1914 4727 ,
1965 4662 2055 4732 qui

461 4766 702 4823 Octavius
752 4761 1084 4819 inscribitur.
1122 4777 1141 4811 ι
1213 4755 1360 4812 Idem
1433 4755 1487 4810 in
1546 4753 1772 4824 cpistola
1816 4754 1885 4807 ad
1932 4752 2054 4808 Μα-

455 4880 635 4936 guunt,
691 4868 962 4918 oratorem
1019 4855 1354 4919 Romanum,
1412 4870 1431 4903 ‹
1489 4849 1783 4914 Minucius,
1844 4850 2051 4922 inquit,

458 4957 608 5014 Felix
629 5000 643 5022 ,
677 4953 982 5012 causidicus
1008 4948 1236 5004 Romani
1264 4946 1362 5003 fori
1388 4988 1403 5015 ,
1444 4946 1496 5001 in
1530 4945 1669 5001 libro
1690 4988 1705 5011 ,
1754 4947 1839 5001 cui
1872 4946 2055 5003 titulus

460 5049 701 5104 Octavius
742 5054 846 5111 est,
892 5041 1018 5113 quid
1081 5039 1356 5111 gentilium
1411 5038 1797 5109 scripturarum
1853 5037 2054 5094 dimisit

455 5139 758 5200 intactum?
803 5155 822 5189 ι
857 5135 974 5191 Jam
995 5141 1173 5189 autem
1215 5147 1321 5187 non
1366 5146 1486 5187 esse
1513 5130 1658 5187 hunc
1700 5131 1895 5186 librum
1948 5131 2052 5185 Ar-

451 5234 623 5297 nobii,
656 5230 787 5285 satis
812 5237 986 5300 patet,
1015 5242 1134 5283 cum
1159 5225 1369 5281 Minucii
1396 5239 1517 5280 esse
1545 5231 1786 5294 apparet.
1808 5222 1872 5275 Et
1900 5236 2051 5290 vero,

454 5324 597 5397 quod
631 5323 987 5394 Hieronymus
1024 5320 1077 5375 in
1120 5317 1307 5375 eadem
1350 5317 1577 5388 epistola
1623 5314 1872 5384 subiicit,
1917 5312 2056 5367 indi-

455 5434 581 5475 care
611 5414 805 5486 alioqui
844 5422 1050 5484 poterat
1075 5411 1298 5468 Arnobii
1342 5424 1448 5465 non
1500 5422 1643 5471 esse,
1685 5419 1808 5458 cum
1837 5404 2052 5476 quidem

2162 4193 2291 4262 quid
2338 4195 2630 4267 Cypriani,
2661 4198 2789 4269 quid
2830 4199 3128 4270 Lactantii,
3170 4204 3299 4273 quid
3335 4203 3557 4271 Minucii,
3605 4200 3702 4273 quid

2162 4286 2451 4357 Victorini,
2480 4291 2607 4362 quid
2638 4293 2858 4350 Arnobii
2888 4305 3051 4351 esset.
3084 4296 3375 4367 Caeterum,
3404 4308 3537 4353 tanto
3571 4295 3703 4365 magis

2159 4381 2327 4436 miror
2352 4381 2634 4439 Erasmum
2666 4400 2734 4440 eo
2786 4386 2936 4455 loco,
2982 4388 3134 4444 illum
3184 4389 3308 4447 dico
3346 4392 3604 4447 Erasmum
3637 4389 3703 4441 bo.

2160 4474 2361 4529 minem
2392 4477 2658 4533 acerrimo
2689 4477 2893 4549 judicio
2938 4482 3246 4553 praeditum,
3276 4495 3342 4542 et“
3372 4487 3545 4542 talium
3569 4483 3697 4552 scrip-

2161 4574 2334 4623 torum
2366 4569 2587 4625 minime
2613 4571 2863 4629 obtusum
2905 4590 3211 4647 censorem,
3273 4588 3556 4636 annotasse
3587 4576 3698 4645 hujus

2159 4658 2375 4717 Minucii
2405 4662 2537 4718 nihil
2562 4680 2703 4721 nunc
2727 4676 2969 4724 exstare.

2230 4751 2396 4825 Cujus
2417 4756 2751 4825 potissimum
2803 4759 3145 4831 imperatoris
3186 4764 3512 4838 temporibus
3557 4764 3697 4820 Roma:

2157 4844 2352 4902 vixerit
2375 4858 2560 4904 noster
2585 4849 2871 4918 Minucius,
2927 4855 3160 4911 nondum
3208 4847 3342 4921 mihi
3388 4858 3514 4914 satis
3556 4857 3695 4927 liquet.

2156 4937 2514 5011 Hieronymus
2558 4943 2612 4997 in
2659 4959 2757 4999 suo
2799 4946 3074 5018 catalogo,
3124 4963 3230 5019 quo
3259 4950 3545 5021 scriptorcs
3568 4947 3701 5003 eccle-

2157 5035 2402 5091 siasticos
2430 5052 2497 5092 eo
2536 5034 2627 5107 qui
2683 5037 2933 5093 vixerunt
2971 5039 3160 5095 ordine
3189 5056 3474 5099 recensere
3516 5040 3694 5097 videtur.

2158 5128 2305 5185 illum
2352 5130 2570 5200 Origeni
2617 5133 2945 5203 proximum,
2991 5132 3263 5206 Cypriane
3292 5138 3516 5206 priorem
3544 5134 3696 5194 fuisse.

2158 5220 2384 5278 obscure
2424 5224 2707 5294 signiﬁcat.
2754 5224 2859 5280 Sed
2904 5225 3063 5295 hujus
3110 5226 3307 5299 alioqui
3370 5229 3451 5285 vel
3494 5225 3696 5282 sarculum

2156 5315 2239 5369 vel
2269 5324 2480 5370 natalem
2513 5332 2617 5371 non
2658 5317 2875 5373 indicat.
2906 5318 3066 5375 Certe
3096 5319 3147 5374 in
3179 5317 3433 5393 Cypriani
3460 5321 3520 5377 de
3558 5316 3696 5372 Idolo-

2156 5424 2270 5461 ram
2329 5410 2549 5464 vanitate
2596 5409 2779 5465 libello
2831 5410 3058 5481 plurima
3115 5421 3246 5468 sunt
3317 5430 3437 5487 qua:
3483 5420 3553 5468 tot
3593 5410 3693 5465 idem

455 5529 563 5571 non
617 5508 718 5565 nisi
766 5517 998 5576 septem,
1045 5506 1135 5577 qui
1188 5514 1243 5561 et
1284 5504 1523 5575 jamnnm
1577 5508 1825 5563 exstant,
1882 5495 2123 5555 librosD
2151 5501 2327 5557 verbis
2358 5502 2410 5556 in
2446 5501 2669 5558 Octavio
2695 5502 2906 5559 Minucii
2939 5505 3223 5576 leguntur;
3279 5522 3497 5564 necesse
3535 5497 3694 5575 intsit’.

455 5607 713 5666 adversus
750 5603 949 5661 Gentes
980 5600 1277 5658 Arnobium
1312 5593 1594 5665 scripsisse
1621 5600 1865 5648 testetnr.
1887 5591 2052 5649 Cum-

455 5717 559 5774 que
589 5699 813 5755 alterum
855 5693 1140 5767 quemdam
1171 5690 1364 5746 librum
1410 5687 1641 5742 Minucio
1686 5695 1875 5742 nostro
1914 5685 2051 5741 falso

458 5796 772 5865 inscriptum
801 5790 963 5845 fuisse
1002 5794 1216 5851 narret,
1246 5791 1392 5837 tanto
1433 5781 1599 5836 miror
1623 5779 1888 5851 doleoqne
1934 5795 2048 5834 ma-

462 5893 543 5972 gis
570 5890 747 5956 hunc,
778 5882 867 5956 qui
912 5879 1029 5952 ejus
1072 5886 1190 5936 erat
1217 5875 1403 5932 unicus
1432 5878 1512 5930 καὶ
1548 5884 1752 5941 γνήσιος,
1784 5873 1949 5931 fuisse
1978 5874 2051 5928 illi

2155 5595 2414 5649 authunc
2460 5594 2529 5648 ab
2568 5595 2658 5650 illo
2683 5637 2697 5663 ,
2750 5605 2842 5652 aut
2871 5597 3017 5653 illum
3064 5599 3134 5654 ab
3165 5599 3267 5656 hoc
3318 5615 3381 5657 ea
3408 5597 3692 5668 ‘sumpsissc.

2158 5686 2514 5760 Hieronymus
2541 5703 2668 5744 vero
2699 5689 2750 5743 in
2786 5689 3008 5759 epistola
3037 5690 3106 5745 ad
3133 5690 3187 5746 Μ
3197 5708 3406 5762 agnam,
3435 5694 3634 5761 loquens
3649 5684 3696 5739 de

2157 5780 2337 5834 latinis
2392 5780 2744 5849 scriptoribus
2795 5778 3083 5852 Ecclesiae,
3130 5785 3232 5840 etsi
3284 5783 3557 5840 Minucium
3604 5783 3696 5832 ante

2156 5873 2483 5947 Cyprianum
2511 5873 2721 5945 laudet,
2747 5884 2923 5933 tamen
2958 5879 3098 5934 iliam
3138 5879 3206 5937 de
3232 5878 3389 5936 idolis
3432 5873 3691 5934 orationem
