3818 6278
122 293 230 351 εοι

125 500 211 570 gia
241 517 340 570 pro
371 502 487 556 suis
509 504 775 558 adversus
824 504 1164 560 .Iovinianum
1194 507 1345 562 libris
1370 552 1384 575 ,
1422 512 1597 579 primo
1627 514 1744 566 loco

135 594 565 665 Tertullianum,
604 597 846 653 secundo
888 599 1236 670 Cyprianum,
1265 604 1422 657 tertio
1457 604 1743 659 Minucium
1801 584 1807 590 ’

139 700 550 746 commemorat.
605 690 942 756 Sabellicus,
987 694 1082 748 sed
1123 695 1242 750 sine
1295 706 1466 757 teste,
1515 699 1747 754 affirmat

142 795 269 836 eum
316 783 498 838 Roma:
549 781 796 840 ﬂoruisse
825 800 930 855 quo
965 794 1209 857 tempore
1253 787 1502 844 Urbanus
1532 791 1602 844 ibi
1631 799 1745 846 erat

146 877 462 947 episcopus,
515 878 616 932 hoc
662 887 778 943 est,
832 880 1162 948 temporibus
1208 881 1502 936 Alexandri
1560 883 1746 938 Severi

147 965 507 1038 imperatoris.
555 966 610 1024 Si
662 969 732 1022 ita
764 979 928 1034 esset,
962 981 1106 1026 esset
1159 972 1423 1028 Minucius
1475 975 1748 1044 antiquior

145 1055 431 1128 Cypriane,
460 1058 682 1130 aequalis
707 1059 1071 1125 Tertulliano,
1113 1063 1420 1132 nostrisque
1467 1064 1603 1120 adeo
1649 1064 1746 1120 Ju-

147 1151 370 1208 riscons.
400 1153 630 1222 Ulpiano
658 1163 713 1208 et
761 1153 943 1208 Paulo.
999 1152 1198 1210 Verum
1250 1156 1350 1211 etsi
1395 1158 1747 1226 posteriorem

144 1242 310 1300 fuisse
333 1245 551 1301 credam
574 1289 590 1313 ,
624 1255 803 1302 tamen
846 1247 1092 1317 proxima
1121 1248 1211 1303 illa
1239 1258 1476 1320 tempora
1503 1261 1745 1307 secutum

143 1352 267 1394 esse
292 1340 546 1395 existimo
572 1359 586 1394 :
615 1347 800 1395 nostra
850 1355 977 1396 vero
1000 1357 1106 1396 non
1145 1344 1406 1413 attingere
1436 1345 1539 1399 nisi
1584 1347 1748 1402 inter-

150 1432 294 1488 vallo
320 1433 655 1504 longissimo,
685 1433 791 1488 hoc
815 1443 928 1498 est,
951 1449 1212 1489 annorum
1245 1451 1410 1506 prope
1442 1453 1527 1494 eia
1555 1453 1671 1494 ccc.

232 1526 504 1582 Minuciano
535 1536 749 1596 gentem
795 1525 918 1582 olim
946 1527 1132 1582 Roma:
1161 1529 1392 1585 nobilem
1425 1530 1589 1587 fuisse
1630 1547 1742 1588 meo

181 1621 328 1682 mini,
355 1621 407 1674 in
428 1635 522 1689 qua
548 1627 781 1688 quatuor
805 1619 1054 1675 Consules
1077 1619 1291 1676 Minucii
1324 1623 1582 1694 Augurini
1612 1625 1747 1678 intra

198 1728 358 1768 annos
381 1711 700 1782 quadraginta
730 1713 1003 1766 numerari
1035 1722 1274 1782 possunt.
1329 1713 1436 1770 Sed
1480 1727 1535 1772 et
1573 1717 1746 1772 Minu-

1299 301 1359 358 ιτ.
1431 299 1751 359 BALoUtst
1829 293 2292 364 DISSERTATIO.

122 407 438 464 adscribere
466 408 746 481 Cypriano
771 411 940 481 magis
983 410 1212 468 videtur.
1244 413 1348 470 Sed
1379 426 1434 471 et
1462 418 1512 470 iu
1557 420 1752 489 Apolo-
1779 422 1827 478 A

3338 325 3444 380 202

1931 421 2216 478 Minucium
2267 432 2506 479 nostrum
2557 425 2746 481 Romae
2791 441 2978 486 causas
3028 431 3236 502 egisse,
3287 435 3447 502 paulo

1851 523 1974 568 ante
2028 530 2094 568 ex
2143 516 2418 572 Lactantio
2449 527 2501 572 et
2550 518 2872 591 llicronymo
2895 521 3092 576 dictum
3120 534 3240 579 est:
3273 541 3447 595 neque

1853 604 1955 658 hoc
2001 604 2112 673 ipse
2143 606 2460 675 dissimulat,
2512 624 2632 664 cum
2667 611 3054 668 vindemiarum
3081 615 3227 670 feriis
3257 633 3442 674 curam

1846 695 2182 763 judiciariam
2213 697 2312 754 sibi
2344 701 2622 755 remissam
2662 701 2829 758 fuisse
2868 713 3066 759 narrat.
3101 705 3190 761 Sic
3217 708 3358 762 enim
3391 718 3447 765 et

1849 789 2108 860 Ulpianus
2163 793 2213 847 in
2283 795 2566 851 Pandectis
2617 795 2734 865 lege
2789 813 2805 850 ι
2858 798 2922 852 de
3003 797 3167 854 Feriis
3219 802 3445 871 scribit,

1851 881 1919 935 M.
1955 884 2207 938 Antonini
2243 885 2583 955 imperatoris
2627 890 2868 943 oratione
2899 905 3214 960 expressum
3247 894 3448 964 fuisse,
3484 955 3486 958 ,

1857 993 1876 1026 ι
1912 991 1978 1031 ne
2001 977 2120 1046 quis
2151 978 2405 1033 messium
2447 990 2540 1034 aut
2570 981 2957 1036 vinden'iiarum
2990 992 3229 1054 tempore
3255 987 3452 1042 adver-

1850 1070 2049 1125 sarium
2094 1082 2312 1142 cogeret
2357 1072 2422 1127 ad
2459 1073 2716 1142 judicium
2747 1076 2948 1130 venire.
2988 1095 3008 1128 ι
3045 1077 3208 1132 Sicuti
3238 1088 3293 1134 et
3318 1081 3452 1136 Sue-

1850 1163 2028 1219 tonius
2083 1164 2221 1236 (cap.
2285 1165 2377 1237 55’)
2429 1177 2608 1221 narrat
2649 1169 2944 1238 Angustqu
3001 1171 3273 1236 statuisse,
3331 1190 3351 1223 ι
3385 1187 3453 1227 ne

1850 1257 2152 1327 Septembri
2183 1258 2471 1316 Octobrive
2519 1275 2704 1317 mense
2745 1276 2969 1318 necesse
3017 1273 3162 1319 esset
3196 1283 3214 1316 ι
3274 1265 3326 1319 in
3359 1280 3450 1321 se-

1851 1360 2032 1406 natum
2072 1353 2274 1407 venire.
2325 1353 2495 1409 immo
2531 1369 2661 1408 vero
2699 1363 2754 1409 et
2793 1355 2906 1422 ipse
2943 1355 3266 1426 Cyprianus,
3311 1364 3452 1410 tam-

1849 1459 2007 1514 quam
2037 1444 2172 1499 alter
2211 1444 2493 1508 Minucius,
2553 1447 2603 1501 in
2647 1460 2741 1502 sua
2788 1446 3025 1516 Epistola
3073 1448 3139 1502 ad
3185 1449 3452 1503 Donatum

1851 1533 2019 1608 (Edit.
2044 1535 2210 1591 Oxon.
2237 1535 2481 1592 Tractatu
2508 1539 2570 1592 de
2586 1539 2786 1604 Gratia,
2813 1555 2932 1609 pag.
2968 1537 3044 1609 l.)
3068 1538 3309 1593 meminit
3337 1540 3454 1609 ejus

1848 1629 2112 1699 temporis
2160 1645 2303 1699 quo,
2358 1640 2414 1684 ut
2464 1631 2567 1696 ait,
2607 1649 2624 1682 (
2667 1631 2973 1700 indulgente
3036 1633 3301 1687 vindemia
3362 1647 3450 1687 so-

1854 1719 2000 1775 lutus
2026 1721 2238 1775 animus
2278 1720 2329 1774 in
2361 1721 2618 1790 quietem,
2677 1721 2948 1777 solemnes
3000 1732 3055 1778 et
3106 1731 3270 1777 statas
3326 1721 3456 1778 anni

211 1807 312 1861 eius
336 1803 497 1866 Rufos,
523 1814 567 1858 et
605 1802 864 1859 Minucios
890 1803 1152 1860 Thermos
1183 1807 1234 1860 in
1285 1807 1459 1863 Fastis
1503 1811 1751 1866 consula-
1779 1808 1826 1869 B
1854 1813 2380 1884 fatigantisinducias
2406 1816 2644 1868 sortitur.
2686 1833 2705 1867 ι
2741 1815 2809 1869 At
2837 1825 2946 1869 tum
2969 1815 3186 1882 quidem
3208 1829 3456 1870 secessus

215 1896 345 1951 ribus
386 1895 502 1964 lego.
565 1894 802 1965 Denique
849 1905 904 1951 et
953 1895 1214 1953 Minucius
1260 1899 1550 1955 Fundanus
1608 1903 1752 1957 Asia:

207 2000 382 2058 praeses
414 1986 501 2039 fuit
524 1985 762 2051 illustris,
808 1986 873 2040 ad
899 2002 1058 2056 quem
1111 1989 1410 2046 Hadrianus
1463 1993 1754 2064 imperator

200 2093 296 2133 non
342 2078 551 2148 iniquam
603 2077 674 2134 de
727 2077 1050 2135 Christianis
1100 2080 1272 2153 legem
1325 2085 1512 2140 misit:
1545 2095 1600 2140 ut
1641 2087 1750 2154 jam

199 2169 319 2224 nihil
345 2169 503 2223 dicam
525 2169 590 2225 de
617 2186 684 2224 eo
712 2171 868 2242 cujus
899 2173 951 2227 in
981 2173 1238 2242 Epistolis
1267 2178 1510 2232 meminit
1531 2179 1751 2247 Plinius,

194 2260 270 2315 vel
293 2275 438 2330 quem
469 2260 552 2316 ille
571 2273 756 2318 nosmr
781 2262 961 2318 laudat
987 2263 1254 2332 Julianus,
1287 2268 1438 2336 cujus
1487 2269 1552 2325 ad
1582 2271 1753 2327 Minu-

193 2352 322 2408 cium
346 2352 567 2408 Natalem
596 2353 715 2409 libri
751 2354 819 2410 de
845 2354 974 2412 Jure
1003 2358 1142 2412 civili
1169 2359 1468 2416 laudantur.

259 2444 344 2500 liis
371 2459 494 2500 vero
519 2445 768 2502 omnibus
795 2463 957 2502 unum
1002 2445 1288 2506 Minucium
1341 2452 1608 2522 Felicem,
1655 2456 1756 2511 etsi

190 2551 291 2592 non
319 2536 465 2593 fuerit
506 2537 744 2608 ejusdem
793 2547 885 2594 aut
925 2541 1100 2610 gentis
1145 2552 1236 2598 aut
1293 2542 1545 2611 familiae,
1604 2547 1759 2605 facile

195 2639 461 2700 antepono,
498 2639 654 2687 {etate
684 2631 900 2702 quidem
950 2635 1340 2703 posteriorem,
1393 2637 1636 2694 doctrina
1681 2651 1760 2697 ta-

200 2737 334 2790 men,
359 2725 539 2780 virtute
565 2736 640 2792 et,
671 2725 816 2793 quod
856 2727 1041 2797 primo
1068 2727 1185 2784 loco
1211 2731 1602 2786 numerandum
1641 2742 1757 2800 est,

201 2816 382 2886 pietate
419 2818 571 2874 multo
615 2820 970 2890 superiorem.
1022 2819 1142 2876 Fuit
1186 2823 1328 2878 enim
1358 2839 1463 2880 non
1492 2825 1654 2882 modo
1674 2827 1762 2898 ju-

209 2907 518 2965 risconsultus
564 2925 809 2981 magnus,
850 2924 904 2967 et
923 2913 1197 2969 excellens
1223 2930 1322 2971 suo
1353 2927 1594 2987 tempore
1634 2933 1760 2972 ora-

216 3007 327 3054 tor:
348 3000 426 3055 sed
446 3011 522 3068 et,
566 3001 710 3074 quod
739 3002 912 3072 majus
938 3013 1040 3070 est,
1090 3004 1190 3060 fuit
1228 3008 1372 3063 serio
1393 3009 1749 3064 Christianus.

206 3090 378 3147 Afrum
405 3093 554 3152 fuisse
583 3096 848 3165 suspicor,
878 3097 1002 3152 licet
1049 3097 1100 3151 id
1132 3099 1400 3155 afﬁrmare
1432 3116 1536 3156 non
1564 3103 1760 3156 ausim.

1856 1921 2100 1962 alumnos
2129 1917 2345 1976 captare
2373 1921 2431 1961 se
2449 1906 2543 1970 ait,
2592 1906 2680 1960 ubi
2728 1907 2793 1960 de
2826 1907 2988 1962 rebus
3016 1907 3211 1962 divinis
3240 1908 3458 1977 cogitet.

1856 1998 1972 2053 Non
2001 1999 2278 2053 dissimilis
2317 2006 2400 2054 est
2447 1999 2685 2053 narratio
2740 2000 2910 2054 nostri
2962 1999 3198 2055 Minucii.
3254 1999 3463 2056 Felices

1859 2106 1985 2145 vero
2016 2090 2122 2144 illa:
2145 2089 2313 2155 ferini,
2342 2089 2535 2160 quibus
2564 2105 2594 2143 a
2626 2088 2744 2144 foro
2793 2089 3167 2160 subselliisque
3195 2090 3461 2148 abductus

1859 2182 2224 2236 nobilissimus
2261 2179 2564 2236 causidicus
2590 2191 2669 2234 est
2718 2179 3120 2250 adircligiosam
3172 2181 3284 2237 sive
3315 2195 3465 2236 como

1859 2277 2247 2332 mentationem
2286 2276 2400 2331 sive
2432 2275 2870 2344 disyutationem.
2902 2274 3092 2332 Cicero
3113 2318 3128 2342 ,
3174 2278 3316 2348 quod
3367 2277 3464 2334 abs

1860 2376 2046 2423 nostro
2082 2367 2320 2422 Scazvola
2357 2367 2596 2436 accepit,
2640 2374 2825 2421 narrat
2878 2364 3004 2440 (lib.
3039 2383 3075 2422 ιι
3121 2368 3184 2421 de
3225 2367 3464 2436 Oratore,

1862 2476 1980 2530 cap.
2013 2460 2091 2528 ϐ).
2122 2477 2140 2508 ι
2172 2458 2394 2513 Laelium
2434 2474 2556 2514 cum
2596 2458 2850 2529 Scipione
2879 2460 3096 2514 solitum
3127 2475 3249 2516 esse
3299 2462 3467 2516 rusti-

1861 2553 1970 2607 cari
2002 2569 2017 2605 :
2047 2566 2248 2621 eosque
2275 2551 2661 2606 incredibiliter
2682 2565 3066 2622 repuerascere
3091 2567 3213 2608 esse
3251 2553 3462 2622 solitos,

1863 2658 1984 2697 cum
2026 2657 2120 2696 rus
2155 2657 2223 2697 ex
2265 2642 2416 2707 urbe,
2456 2652 2725 2712 tamquam
2754 2657 2820 2698 ex
2857 2643 3083 2698 vinculis
3115 2644 3415 2700 evolassent
3451 2661 3468 2700 :

1863 2732 2099 2788 conchas
2127 2750 2146 2784 ι
2181 2731 2365 2797 etiam,
2401 2750 2419 2784 ι
2456 2739 2513 2786 et
2541 2733 2825 2789 umbilicos
2869 2733 2935 2788 ad
2981 2732 3240 2800 Caietam,
3297 2745 3350 2790 et
3401 2734 3472 2791 ad

1863 2825 2155 2880 Lucrinum
2186 2823 2365 2894 legere
2401 2838 2712 2891 consuesse,
2743 2833 2796 2879 et
2829 2825 2896 2879 ad
2929 2840 3143 2879 omnem
3171 2827 3336 2880 animi
3378 2843 3470 2882 re-

1865 2916 2179 2971 missionem
2209 2915 2499 2986 ludumque
2525 2915 2873 2973 descendere.
2913 2937 2931 2969 ι
2966 2918 3094 2987 Ejus
3130 2933 3262 2972 vero
3288 2933 3472 2974 exent-

1866 3008 1935 3078 pli
1969 3005 2152 3061 statim
2204 3007 2333 3061 mibi
2364 3006 2416 3060 in
2467 3017 2704 3062 mentem
2760 3010 2932 3073 venit,
2991 3025 3114 3064 cum
3173 3009 3464 3065 Minucium

1867 3099 2132 3164 audirem,
2166 3098 2356 3154 relicto
2385 3099 2612 3168 strepitu
2637 3097 2871 3166 forensi",
2923 3116 3044 3155 cum
3095 3116 3194 3157 suo
3245 3102 3468 3158 Octavio

205 3183 348 3240 Certe
381 3187 647 3244 Frontonis
673 3188 936 3247 Cirtensis
970 3191 1136 3263 (Cirta
1167 3204 1344 3250 autem
1391 3194 1487 3250 fuit
1538 3198 1764 3252 nobilis-
1792 3195 1837 3258 ο
1871 3190 2153 3256 rusticari,
2207 3199 2262 3245 et
2312 3190 2362 3244 in
2419 3191 2596 3245 littore
2657 3189 2890 3244 Ostiensi
2936 3191 3171 3246 suaviter
3221 3201 3472 3262 spectare

201 3276 327 3332 sima
356 3277 601 3335 Numidia:
627 3283 838 3348 civitas,
871 3283 1022 3354 cujus
1066 3294 1120 3339 et
1147 3285 1200 3339 in
1251 3286 1534 3342 Pandectis
1565 3291 1766 3344 mentio

203 3369 296 3438 ﬁt)
341 3370 408 3426 ita
437 3375 690 3439 meminit,
743 3385 801 3430 ut
850 3377 901 3430 in
928 3376 1111 3433 Africa
1158 3391 1430 3434 versatum
1458 3395 1516 3435 se
1539 3396 1660 3436 esse
1689 3382 1766 3437 si-

199 3463 425 3532 gniﬁcet.
451 3464 645 3535 Estque
669 3481 838 3536 genus
863 3466 1075 3523 dicendi
1113 3469 1494 3540 scribendique
1531 3481 1766 3539 secutus,

199 3556 348 3623 quale
374 3555 474 3611 Afri
516 3556 626 3623 illi,
655 3557 1045 3626 Tertullianus,
1077 3557 1414 3631 Cyprianus,
1462 3562 1766 3616 Arnobius:

202 3657 254 3701 ut
298 3648 402 3718 jam
443 3649 506 3704 de
536 3651 922 3718 posterioribus
967 3667 1073 3706 non
1129 3653 1342 3722 loquar,
1396 3667 1532 3724 quos
1581 3652 1770 3708 eadem

204 3741 320 3795 olim
368 3743 494 3797 aluit
536 3743 736 3808 Africa,
789 3744 900 3809 illa,
950 3745 1188 3811 inquam,
1247 3743 1375 3798 felix
1421 3743 1772 3814 fmcundaque

207 3832 391 3899 Africa,
435 3851 546 3905 qua:
596 3846 658 3890 ut
703 3851 914 3906 semper
953 3835 1156 3907 aliquid
1199 3836 1322 3891 novi
1354 3835 1596 3905 proferre
1621 3836 1771 3892 dice-

209 3922 370 3993 batur,
395 3927 468 3982 sic
500 3928 660 3982 etiam
691 3927 964 3998 religionis
1002 3937 1201 3982 nostrae
1235 3927 1476 3982 vindices
1506 3938 1558 3983 et
1588 3937 1772 3997 patro-

1869 3285 2161 3356 puerilem,
2189 3299 2348 3355 quem
2376 3282 2663 3346 describit,
2695 3282 2901 3338 ludum.
2953 3282 3060 3338 Sed
3108 3299 3229 3339 cum
3275 3283 3473 3340 deinde

1870 3379 2031 3433 audio
2078 3391 2238 3446 quam
2294 3376 2346 3429 in
2399 3374 2488 3430 illo
2539 3388 2754 3430 secessu
2798 3383 2849 3428 et
2902 3376 3077 3443 gravis
3122 3384 3177 3430 et
3221 3375 3361 3429 seria
3403 3374 3474 3430 de

1870 3470 2130 3540 religione
2156 3467 2444 3537 disputatio
2477 3467 2671 3533 fuerit,
2721 3475 2776 3522 et
2823 3467 2981 3537 quale
3028 3467 3097 3522 sit
3146 3467 3198 3521 in
3246 3467 3466 3523 deserto

1873 3560 2078 3616 fornice
2101 3559 2420 3626 consilium,
2449 3560 2620 3613 sentio
2668 3574 2959 3630 numquam
2992 3568 3236 3614 coactqu
3282 3559 3470 3615 Romae

1873 3656 2039 3711 fuisse
2088 3663 2333 3710 senatum
2388 3653 2578 3722 majori
2627 3653 2694 3708 de
2743 3669 2850 3709 re:
2885 3654 3200 3724 nullumque
3253 3653 3468 3719 forum,

1875 3750 2062 3803 urbem
2089 3746 2294 3801 nullam
2315 3785 2331 3812 ,
2360 3745 2564 3799 nullum
2598 3746 2892 3815 negotium,
2921 3745 2997 3799 illi
3023 3745 3142 3800 sive
3186 3745 3316 3811 otio,
3360 3747 3477 3800 sive

1875 3839 2148 3895 solitudini
2176 3838 2465 3909 prmtulero
2496 3857 2508 3891 :
2544 3838 2849 3908 saepiusque
2889 3847 2945 3892 ut
2991 3837 3359 3908 iurisconsulti
3409 3851 3475 3893 eo

1877 3932 2039 3988 modo
2094 3930 2315 3998 feriari,
2362 3929 2620 3986 secedere
2675 3941 2835 4000 atque
2880 3931 3125 3985 rusticari
3187 3929 3476 3999 aliquando

224 4030 311 4070 nos
345 4017 676 4073 doctissimos
709 4019 1110 4089 acerrimosque
1133 4015 1373 4088 protulit,
1405 4029 1459 4074 et
1494 4018 1560 4073 ad
1607 4019 1776 4089 ipsius

216 4125 403 4181 quoque
434 4110 687 4166 Romana:
728 4111 983 4166 Ecclesiae
1040 4111 1351 4181 praesidium
1398 4121 1560 4182 atque
1588 4111 1777 4167 defen-

218 4201 399 4258 sionem
425 4207 616 4273 emisit,
659 4219 781 4259 nam
811 4212 866 4259 et
911 4219 976 4259 ex
1030 4204 1216 4260 eadem
1264 4203 1442 4260 Africa
1497 4204 1780 4273 prodibant

1877 4025 2064 4091 velint,
2087 4033 2274 4092 optare
2295 4037 2478 4094 cogor.
2505 4025 2585 4077 An
2607 4022 2660 4076 in
2699 4037 2884 4077 eorum
2912 4023 3120 4078 animos
3147 4021 3343 4078 cadere
3369 4037 3477 4077 non

1880 4126 2052 4187 potest
2083 4124 2270 4171 sancta
2293 4115 2467 4184 aliqua
2497 4124 2552 4170 et
2578 4113 2826 4182 religiosa
2867 4125 2921 4166 et
2950 4124 3160 4169 secreto
3191 4128 3289 4168 suo
3318 4113 3476 4182 digna

1880 4225 2061 4265 rerum
2086 4208 2387 4264 divinarum
2440 4205 2735 4274 cogitatio?
2776 4205 3085 4260 Lactantius
3131 4206 3324 4270 innuit,
3380 4205 3475 4260 Mi-

223 4292 382 4352 hostes
409 4297 620 4353 minime
667 4295 870 4367 ignavi.
903 4309 1077 4364 neque
1104 4293 1337 4365 impmbi
1368 4295 1544 4348 minus
1566 4336 1581 4360 ,
1615 4308 1776 4364 quam
1881 4301 2097 4356 nucium
2129 4313 2251 4354 sese
2299 4307 2465 4352 totum
2511 4310 2614 4350 non
2654 4294 2948 4349 contulisse
2998 4295 3063 4349 ad
3095 4294 3330 4350 studium
3391 4312 3479 4353 re-

230 4386 528 4447 vehemeutes
554 4389 989 4446 calumniatores.
1011 4389 1208 4458 qualis,
1238 4403 1306 4443 ne
1333 4387 1542 4458 longius
1563 4387 1776 4455 abeam,
1882 4405 1999 4444 rum
2023 4389 2529 4445 ecclesiasticarum.
2557 4385 2664 4442 Sed
2693 4393 2840 4439 tanto
2885 4383 3118 4439 nobilior
3162 4387 3280 4456 ejus
3315 4388 3486 4461 juris-5

238 4478 324 4535 fuit
357 4483 447 4551 ille,
471 4484 621 4555 cujus
658 4483 770 4553 jam
819 4481 1058 4548 memini,
1095 4479 1296 4535 Fronto
1327 4499 1340 4534 :
1371 4496 1530 4551 quem
1563 4480 1778 4550 quidem
1883 4482 2169 4553 prudentia
2199 4480 2329 4543 fuit,
2357 4493 2508 4549 quae,
2531 4478 2702 4548 qualis
2732 4492 2851 4533 esse
2879 4476 3079 4544 debet,
3111 4477 3162 4531 in
3207 4479 3481 4548 republica

235 4583 326 4629 tam
349 4578 688 4647 impudentem
714 4575 1004 4638 rhetorem,
1050 4588 1206 4643 quam
1259 4571 1479 4642 impium
1520 4571 1781 4628 Cliristia-
1805 4582 1858 4644 1)
1887 4575 2023 4630 fuit:
2048 4581 2103 4628 et
2143 4587 2323 4626 rerum
2363 4571 2661 4625 divinarum
2693 4569 3154 4638 humanarumque
3193 4584 3375 4624 curam
3427 4579 3484 4626 et

233 4680 392 4722 norum
417 4667 775 4725 adversarium
804 4665 987 4730 fuisse,
1015 4680 1084 4720 ex
1111 4663 1340 4718 Minucio
1397 4663 1778 4733 intelligemus.
1885 4665 2244 4736 cognitionem
2294 4663 2619 4732 conjunxit:
2667 4671 2921 4733 tantoque
2981 4672 3260 4733 propterea
3311 4663 3482 4732 magis

233 4757 406 4816 Nollem
432 4761 562 4817 hunc
590 4760 760 4815 fuisse
793 4759 1063 4828 Papirium
1117 4757 1466 4822 Frontonem,
1515 4757 1786 4826 juriscon-
1886 4760 2004 4830 ejus
2031 4757 2336 4828 exemplum
2367 4755 2535 4811 nostri
2557 4754 2762 4810 ordinis
2789 4753 3096 4809 hominibus
3120 4753 3441 4809 commendo
3461 4797 3480 4822 ,

233 4852 534 4924 saltum,qui
558 4852 613 4908 iu
646 4850 926 4906 Pandectis
974 4849 1244 4904 laudatur.
1293 4846 1550 4917 Suspicor
1609 4848 1786 4917 potius
1887 4863 1947 4907 ut
1973 4851 2162 4906 saltem
2200 4848 2388 4904 diebus
2428 4847 2649 4903 nefastis
2680 4848 2731 4901 in
2773 4847 2884 4900 otio
2930 4845 3169 4900 melioris
3209 4846 3487 4916 religionis

234 4939 366 4998 fuisse
388 4942 687 5001 Cornelium
733 4941 1058 4998 Frontonem
1087 4939 1381 5004 rhetorem,
1429 4955 1586 5009 quem
1631 4939 1788 5010 Capi-
1893 4943 2056 4998 fastos
2103 4942 2371 5007 excolant,
2403 4941 2571 5010 iisque
2611 4954 2672 4994 se
2713 4939 2844 4994 dent
2878 4947 3038 5008 atque
3067 4937 3337 4993 addicant.
3372 4938 3483 4994 lia-

237 5033 401 5089 tolinns
441 5045 621 5091 narrat
666 5034 833 5090 fuisse
864 5044 1246 5104 pmceptorem
1282 5031 1353 5086 M.
1384 5031 1634 5085 Antonini
1667 5029 1788 5100 plii-
1895 5036 2092 5091 hebant
2132 5035 2262 5090 olim
2310 5033 2563 5088 feriantes
2608 5031 2836 5085 Romani
2863 5045 3016 5085 suam
3051 5049 3070 5081 ‹
3106 5029 3484 5087 decursionem

239 5123 451 5196 losophi,
501 5126 880 5198 imperatoris,
944 5133 998 5180 et
1049 5139 1113 5180 ex
1168 5125 1321 5194 cujus
1389 5124 1550 5177 etiam
1607 5120 1793 5176 schola
1897 5127 2227 5188 Tiberinam,
2259 5142 2277 5176 ι
2326 5124 2480 5194 cujus
2514 5120 2972 5177 meminitCicero
3012 5120 3139 5186 (lib.
3176 5137 3210 5176 v
3251 5123 3313 5176 de
3362 5121 3488 5179 Fin.

245 5219 435 5272 oratoria
456 5219 758 5290 accepimus
783 5216 1047 5288 prodiisse
1089 5215 1238 5270 illum
1266 5223 1508 5268 nostrum
1545 5212 1792 5285 (l)Meli-
1899 5234 2015 5289 cap.
2037 5217 2180 5287 24.),
2210 5229 2488 5284 suamque,
2507 5221 2564 5266 ut
2590 5211 2735 5280 leges
2760 5209 3054 5282 (2)nostr;e
3076 5220 3299 5279 vocant,
3337 5231 3356 5264 ι
3386 5212 3494 5268 Ma-

251 5315 415 5377 touem,
439 5312 526 5383 qui
553 5311 619 5366 ad
658 5311 1085 5366 Christianorum
1112 5307 1506 5372 defensionem,
1540 5307 1797 5375 eloquen-
1898 5312 2102 5379 jumam
2140 5324 2161 5358 ι
2201 5305 2268 5360 ad
2319 5304 2545 5359 Ostiam.
2595 5301 2702 5357 Sed
2751 5303 3000 5358 excursio
3053 5302 3221 5357 nostri
3280 5301 3496 5359 Minucii

255 5398 355 5456 tiam
382 5418 518 5458 suam
546 5405 846 5461 convertit:
877 5411 936 5458 ut
977 5401 1117 5473 quod
1145 5402 1250 5457 illis
1282 5402 1478 5470 impius
1500 5409 1800 5470 praeceptor
1903 5417 2064 5475 quam
2119 5399 2340 5455 minime
2391 5402 2482 5450 aut
2533 5393 2704 5449 otiosa
2753 5402 2846 5449 aut
2889 5392 3093 5448 ludicra
3140 5391 3272 5448 fuit?
3331 5395 3496 5466 Digna

261 5493 468 5560 probrum
503 5506 801 5566 asperserat
845 5494 1234 5560 malediceudo,
1284 5494 1456 5549 bonus
1511 5491 1804 5562 discipulus

269 5581 552 5657 abstergeret
579 5586 974 5658 respondendo.
1931 5654 1957 5658 _
1985 5580 2068 5658 (ᾖ)
2095 5576 2270 5658 Titulo
2298 5574 2573 5658 utriusque
2621 5571 2838 5658 Codicis
2863 5573 2954 5658 "de
2994 5571 3248 5643 Majuma.
3310 5572 3504 5632 Snidas

1918 5643 2074 5708 Ostia}
2111 5663 2205 5704 eos
2247 5646 2401 5700 ludos
2427 5644 2729 5698 celebratos
2776 5643 2958 5710 addit,
3014 5659 3242 5714 quorum
3294 5661 3502 5703 ~umtna

325 5719 390 5794 (l)
414 5723 722 5781 Sardensem
744 5725 1079 5795 episcopum,
1105 5732 1384 5781 auctorem
1413 5721 1688 5794 Apologite
1713 5737 1759 5794 pt

1924 5725 2014 5779 lttif.
2051 5725 2306 5784 ἡδυπαθεῖν
2333 5724 2380 5776 ὰ
2415 5721 2514 5778 τοῖς
2549 5721 2826 5776 θαλαττίοις
2865 5719 3050 5780 ὕδασιν,
3083 5720 3310 5780 ἀλλήλους
3332 5723 3509 5786 (pesta

275 5786 563 5851 Chhistianis.
596 5786 1164 5868 Hieronym.Catidog.
1464 5786 1480 5794 ’
1590 5786 1617 5794 ⁷
1715 5786 1730 5794 ’
1923 5800 2096 5853 λοντες.

668 5890 947 5951 Ρηιιοι.
980 5889 1090 5951 lll.
1107 5923 1122 5960 -,;

3082 5878 3123 5939 7
