  <div class='ocr_page' id='page_1' title='image "/cluster/home/n/w/nwhite01/storage/ocr_20150623/3/uva.x000669812/153.png"; bbox 0 0 3784 6272; ppageno 0'>
   <div class='ocr_carea' id='block_1_1' title="bbox 367 300 477 365">
    <p class='ocr_par' dir='ltr' id='par_1_1' title="bbox 367 300 477 365">
     <span class='ocr_line' id='line_1_1' title="bbox 367 300 477 365; baseline 0.036 -4"><span class='ocrx_word' id='word_1_1' title='bbox 367 300 477 365; x_wconf 74' lang='lat'><strong>205</strong></span> 
     </span>
    </p>
   </div>
   <div class='ocr_carea' id='block_1_2' title="bbox 1503 285 2533 359">
    <p class='ocr_par' dir='ltr' id='par_1_2' title="bbox 1503 285 2533 359">
     <span class='ocr_line' id='line_1_2' title="bbox 1503 285 2533 359; baseline -0.001 -6"><span class='ocrx_word' id='word_1_2' title='bbox 1503 292 1593 355; x_wconf 85' lang='lat' dir='ltr'><strong>DE</strong></span> <span class='ocrx_word' id='word_1_3' title='bbox 1630 290 1891 354; x_wconf 77' lang='lat' dir='ltr'><strong>MINUCII</strong></span> <span class='ocrx_word' id='word_1_4' title='bbox 1928 286 2194 359; x_wconf 65' lang='lat' dir='ltr'><strong>FELICIS</strong></span> <span class='ocrx_word' id='word_1_5' title='bbox 2228 285 2533 353; x_wconf 68' lang='lat' dir='ltr'><strong>OCTAVIO</strong></span> 
     </span>
    </p>
   </div>
   <div class='ocr_carea' id='block_1_3' title="bbox 3544 294 3635 355">
    <p class='ocr_par' dir='ltr' id='par_1_3' title="bbox 3544 294 3635 355">
     <span class='ocr_line' id='line_1_3' title="bbox 3544 294 3635 355; baseline 0.022 -2"><span class='ocrx_word' id='word_1_6' title='bbox 3544 294 3635 355; x_wconf 64' lang='lat'><strong>204</strong></span> 
     </span>
    </p>
   </div>
   <div class='ocr_carea' id='block_1_4' title="bbox 370 404 3635 488">
    <p class='ocr_par' dir='ltr' id='par_1_4' title="bbox 370 404 3635 488">
     <span class='ocr_line' id='line_1_4' title="bbox 370 404 3635 488; baseline -0.001 -19"><span class='ocrx_word' id='word_1_7' title='bbox 370 415 643 487; x_wconf 82' lang='lat' dir='ltr'><strong>profecto,</strong></span> <span class='ocrx_word' id='word_1_8' title='bbox 671 413 823 488; x_wconf 86' lang='lat' dir='ltr'><strong>cujus</strong></span> <span class='ocrx_word' id='word_1_9' title='bbox 861 408 1082 483; x_wconf 85' lang='lat' dir='ltr'><strong>vestigia</strong></span> <span class='ocrx_word' id='word_1_10' title='bbox 1124 408 1356 466; x_wconf 78' lang='lat' dir='ltr'><strong>libenter</strong></span> <span class='ocrx_word' id='word_1_11' title='bbox 1393 408 1731 476; x_wconf 78' lang='lat' dir='ltr'><strong>conSpieeret</strong></span> <span class='ocrx_word' id='word_1_12' title='bbox 1776 405 1962 476; x_wconf 83' lang='lat' dir='ltr'><strong>Augu-</strong></span> <span class='ocrx_word' id='word_1_13' title='bbox 1991 408 2040 469; x_wconf 76' lang='grc' dir='ltr'>Α</span> <span class='ocrx_word' id='word_1_14' title='bbox 2071 405 2271 461; x_wconf 89' lang='lat' dir='ltr'><strong>sidicus</strong></span> <span class='ocrx_word' id='word_1_15' title='bbox 2327 414 2471 463; x_wconf 81' lang='lat' dir='ltr'><strong>esset</strong></span> <span class='ocrx_word' id='word_1_16' title='bbox 2527 404 2691 471; x_wconf 90' lang='lat' dir='ltr'><strong>ullus,</strong></span> <span class='ocrx_word' id='word_1_17' title='bbox 2746 404 2831 462; x_wconf 87' lang='lat' dir='ltr'><strong>vel</strong></span> <span class='ocrx_word' id='word_1_18' title='bbox 2876 407 2967 477; x_wconf 88' lang='lat' dir='ltr'><strong>jus</strong></span> <span class='ocrx_word' id='word_1_19' title='bbox 3006 404 3314 478; x_wconf 83' lang='lat' dir='ltr'><strong>postulandi</strong></span> <span class='ocrx_word' id='word_1_20' title='bbox 3374 406 3635 478; x_wconf 80' lang='lat' dir='ltr'><strong>quisquam</strong></span> 
     </span>
    </p>
   </div>
   <div class='ocr_carea' id='block_1_5' title="bbox 289 497 1963 570">
    <p class='ocr_par' dir='ltr' id='par_1_5' title="bbox 289 497 1963 570">
     <span class='ocr_line' id='line_1_5' title="bbox 289 497 1963 570; baseline -0.01 -5"><span class='ocrx_word' id='word_1_21' title='bbox 289 541 292 544; x_wconf 83' lang='lat'><strong><em>~</em></strong></span> <span class='ocrx_word' id='word_1_22' title='bbox 371 509 545 564; x_wconf 89' lang='lat' dir='ltr'><strong>stinus</strong></span> <span class='ocrx_word' id='word_1_23' title='bbox 579 523 592 560; x_wconf 87' lang='lat'><strong>:</strong></span> <span class='ocrx_word' id='word_1_24' title='bbox 626 517 680 562; x_wconf 91' lang='lat' dir='ltr'><strong>et</strong></span> <span class='ocrx_word' id='word_1_25' title='bbox 711 505 857 561; x_wconf 90' lang='lat' dir='ltr'><strong>illum</strong></span> <span class='ocrx_word' id='word_1_26' title='bbox 884 516 1188 567; x_wconf 88' lang='lat' dir='ltr'><strong>recessum,</strong></span> <span class='ocrx_word' id='word_1_27' title='bbox 1222 501 1274 554; x_wconf 92' lang='lat' dir='ltr'><strong>in</strong></span> <span class='ocrx_word' id='word_1_28' title='bbox 1303 514 1410 570; x_wconf 92' lang='lat' dir='ltr'><strong>quo</strong></span> <span class='ocrx_word' id='word_1_29' title='bbox 1452 499 1631 555; x_wconf 82' lang='lat' dir='ltr'><strong>habita</strong></span> <span class='ocrx_word' id='word_1_30' title='bbox 1656 506 1740 552; x_wconf 90' lang='lat' dir='ltr'><strong>est</strong></span> <span class='ocrx_word' id='word_1_31' title='bbox 1778 497 1963 568; x_wconf 83' lang='lat' dir='ltr'><strong>dispu-</strong></span> 
     </span>
    </p>
   </div>
   <div class='ocr_carea' id='block_1_6' title="bbox 378 591 1963 667">
    <p class='ocr_par' dir='ltr' id='par_1_6' title="bbox 378 591 1963 667">
     <span class='ocr_line' id='line_1_6' title="bbox 378 591 1963 667; baseline -0.008 -12"><span class='ocrx_word' id='word_1_32' title='bbox 378 601 527 667; x_wconf 85' lang='lat' dir='ltr'><strong>tatio,</strong></span> <span class='ocrx_word' id='word_1_33' title='bbox 562 599 853 663; x_wconf 76' lang='lat' dir='ltr'><strong>salutaret,</strong></span> <span class='ocrx_word' id='word_1_34' title='bbox 902 609 1022 659; x_wconf 81' lang='lat' dir='ltr'><strong>cum</strong></span> <span class='ocrx_word' id='word_1_35' title='bbox 1074 592 1128 649; x_wconf 91' lang='lat' dir='ltr'><strong>in</strong></span> <span class='ocrx_word' id='word_1_36' title='bbox 1176 593 1403 648; x_wconf 87' lang='lat' dir='ltr'><strong>ecclesia</strong></span> <span class='ocrx_word' id='word_1_37' title='bbox 1452 591 1686 648; x_wconf 77' lang='lat' dir='ltr'><strong>Ostiensi</strong></span> <span class='ocrx_word' id='word_1_38' title='bbox 1736 602 1963 645; x_wconf 89' lang='lat' dir='ltr'><strong>matrem</strong></span> 
     </span>
    </p>
   </div>
   <div class='ocr_carea' id='block_1_7' title="bbox 374 679 1968 756">
    <p class='ocr_par' dir='ltr' id='par_1_7' title="bbox 374 679 1968 756">
     <span class='ocr_line' id='line_1_7' title="bbox 374 679 1968 756; baseline -0.007 -9"><span class='ocrx_word' id='word_1_39' title='bbox 374 706 525 747; x_wconf 88' lang='lat' dir='ltr'><strong>suam</strong></span> <span class='ocrx_word' id='word_1_40' title='bbox 578 688 837 745; x_wconf 85' lang='lat' dir='ltr'><strong>Mouicam</strong></span> <span class='ocrx_word' id='word_1_41' title='bbox 898 684 1171 756; x_wconf 78' lang='lat' dir='ltr'><strong>sepeliret.</strong></span> <span class='ocrx_word' id='word_1_42' title='bbox 1231 682 1494 755; x_wconf 85' lang='lat' dir='ltr'><strong>Equidem</strong></span> <span class='ocrx_word' id='word_1_43' title='bbox 1551 681 1788 753; x_wconf 82' lang='lat' dir='ltr'><strong>religiosi</strong></span> <span class='ocrx_word' id='word_1_44' title='bbox 1849 679 1968 750; x_wconf 83' lang='lat' dir='ltr'><strong>ejus</strong></span> 
     </span>
    </p>
   </div>
   <div class='ocr_carea' id='block_1_8' title="bbox 371 774 1968 852">
    <p class='ocr_par' dir='ltr' id='par_1_8' title="bbox 371 774 1968 852">
     <span class='ocr_line' id='line_1_8' title="bbox 371 774 1968 852; baseline -0.008 -14"><span class='ocrx_word' id='word_1_45' title='bbox 371 780 656 852; x_wconf 89' lang='lat' dir='ltr'><strong>colloquii,</strong></span> <span class='ocrx_word' id='word_1_46' title='bbox 686 777 830 849; x_wconf 91' lang='lat' dir='ltr'><strong>quod</strong></span> <span class='ocrx_word' id='word_1_47' title='bbox 856 786 1043 833; x_wconf 82' lang='lat' dir='ltr'><strong>sancta</strong></span> <span class='ocrx_word' id='word_1_48' title='bbox 1089 776 1205 832; x_wconf 79' lang='lat' dir='ltr'><strong>haec</strong></span> <span class='ocrx_word' id='word_1_49' title='bbox 1250 784 1495 831; x_wconf 84' lang='lat' dir='ltr'><strong>matrona</strong></span> <span class='ocrx_word' id='word_1_50' title='bbox 1533 789 1655 830; x_wconf 93' lang='lat' dir='ltr'><strong>cum</strong></span> <span class='ocrx_word' id='word_1_51' title='bbox 1710 774 1821 828; x_wconf 89' lang='lat' dir='ltr'><strong>tilio</strong></span> <span class='ocrx_word' id='word_1_52' title='bbox 1869 787 1968 827; x_wconf 90' lang='lat' dir='ltr'><strong>suo</strong></span> 
     </span>
    </p>
   </div>
   <div class='ocr_carea' id='block_1_9' title="bbox 372 867 1970 943">
    <p class='ocr_par' dir='ltr' id='par_1_9' title="bbox 372 867 1970 943">
     <span class='ocr_line' id='line_1_9' title="bbox 372 867 1970 943; baseline -0.005 -15"><span class='ocrx_word' id='word_1_53' title='bbox 372 872 560 928; x_wconf 78' lang='lat' dir='ltr'><strong>habuit</strong></span> <span class='ocrx_word' id='word_1_54' title='bbox 632 872 697 926; x_wconf 88' lang='lat' dir='ltr'><strong>ad</strong></span> <span class='ocrx_word' id='word_1_55' title='bbox 758 872 894 926; x_wconf 90' lang='lat' dir='ltr'><strong>ostia</strong></span> <span class='ocrx_word' id='word_1_56' title='bbox 945 870 1036 927; x_wconf 89' lang='lat' dir='ltr'><strong>illa</strong></span> <span class='ocrx_word' id='word_1_57' title='bbox 1084 869 1333 943; x_wconf 87' lang='lat' dir='ltr'><strong>Tiberina</strong></span> <span class='ocrx_word' id='word_1_58' title='bbox 1381 869 1560 939; x_wconf 84' lang='lat' dir='ltr'><strong>(sicuti</strong></span> <span class='ocrx_word' id='word_1_59' title='bbox 1618 868 1732 938; x_wconf 90' lang='lat' dir='ltr'><strong>ipse</strong></span> <span class='ocrx_word' id='word_1_60' title='bbox 1783 867 1970 921; x_wconf 90' lang='lat' dir='ltr'><strong>reeitat</strong></span> 
     </span>
    </p>
   </div>
   <div class='ocr_carea' id='block_1_10' title="bbox 364 958 1967 1039">
    <p class='ocr_par' dir='ltr' id='par_1_10' title="bbox 364 958 1967 1039">
     <span class='ocr_line' id='line_1_10' title="bbox 364 958 1967 1039; baseline -0.008 -15"><span class='ocrx_word' id='word_1_61' title='bbox 364 967 464 1027; x_wconf 89' lang='lat' dir='ltr'><strong>lib.</strong></span> <span class='ocrx_word' id='word_1_62' title='bbox 518 983 572 1022; x_wconf 72' lang='grc' dir='ltr'><strong>ιι</strong></span> <span class='ocrx_word' id='word_1_63' title='bbox 612 964 959 1039; x_wconf 76' lang='lat' dir='ltr'><strong>Confession.)</strong></span> <span class='ocrx_word' id='word_1_64' title='bbox 1015 963 1328 1021; x_wconf 83' lang='lat' dir='ltr'><strong>meminisse</strong></span> <span class='ocrx_word' id='word_1_65' title='bbox 1373 962 1556 1029; x_wconf 88' lang='lat' dir='ltr'><strong>soleo,</strong></span> <span class='ocrx_word' id='word_1_66' title='bbox 1602 959 1812 1031; x_wconf 89' lang='lat' dir='ltr'><strong>quoties</strong></span> <span class='ocrx_word' id='word_1_67' title='bbox 1841 958 1967 1014; x_wconf 88' lang='lat' dir='ltr'><strong>Dia-</strong></span> 
     </span>
    </p>
   </div>
   <div class='ocr_carea' id='block_1_11' title="bbox 373 1058 1276 1137">
    <p class='ocr_par' dir='ltr' id='par_1_11' title="bbox 373 1058 1276 1137">
     <span class='ocr_line' id='line_1_11' title="bbox 373 1058 1276 1137; baseline -0.007 -20"><span class='ocrx_word' id='word_1_68' title='bbox 373 1062 556 1137; x_wconf 82' lang='lat' dir='ltr'><strong>logum</strong></span> <span class='ocrx_word' id='word_1_69' title='bbox 582 1060 725 1115; x_wconf 90' lang='lat' dir='ltr'><strong>hunc</strong></span> <span class='ocrx_word' id='word_1_70' title='bbox 754 1058 1113 1117; x_wconf 85' lang='lat' dir='ltr'><strong>Minucianum</strong></span> <span class='ocrx_word' id='word_1_71' title='bbox 1139 1058 1276 1128; x_wconf 87' lang='lat' dir='ltr'><strong>lego.</strong></span> 
     </span>
    </p>
   </div>
   <div class='ocr_carea' id='block_1_12' title="bbox 443 1141 1969 1225">
    <p class='ocr_par' dir='ltr' id='par_1_12' title="bbox 443 1141 1969 1225">
     <span class='ocr_line' id='line_1_12' title="bbox 443 1141 1969 1225; baseline -0.007 -17"><span class='ocrx_word' id='word_1_72' title='bbox 443 1152 701 1225; x_wconf 75' lang='lat' dir='ltr'><strong>Qutrnam</strong></span> <span class='ocrx_word' id='word_1_73' title='bbox 777 1160 921 1207; x_wconf 85' lang='lat' dir='ltr'><strong>esset</strong></span> <span class='ocrx_word' id='word_1_74' title='bbox 979 1151 1205 1205; x_wconf 79' lang='lat' dir='ltr'><strong>Romani</strong></span> <span class='ocrx_word' id='word_1_75' title='bbox 1249 1147 1351 1203; x_wconf 83' lang='lat' dir='ltr'><strong>furi</strong></span> <span class='ocrx_word' id='word_1_76' title='bbox 1407 1146 1675 1212; x_wconf 88' lang='lat' dir='ltr'><strong>conditio,</strong></span> <span class='ocrx_word' id='word_1_77' title='bbox 1727 1141 1969 1215; x_wconf 89' lang='lat' dir='ltr'><strong>quumin</strong></span> 
     </span>
    </p>
   </div>
   <div class='ocr_carea' id='block_1_13' title="bbox 372 1236 1967 1313">
    <p class='ocr_par' dir='ltr' id='par_1_13' title="bbox 372 1236 1967 1313">
     <span class='ocr_line' id='line_1_13' title="bbox 372 1236 1967 1313; baseline -0.007 -12"><span class='ocrx_word' id='word_1_78' title='bbox 372 1261 439 1302; x_wconf 89' lang='lat' dir='ltr'><strong>eo</strong></span> <span class='ocrx_word' id='word_1_79' title='bbox 500 1254 807 1303; x_wconf 78' lang='lat' dir='ltr'><strong>versaretur</strong></span> <span class='ocrx_word' id='word_1_80' title='bbox 860 1242 1158 1308; x_wconf 80' lang='lat' dir='ltr'><strong>Minucius,</strong></span> <span class='ocrx_word' id='word_1_81' title='bbox 1208 1254 1434 1313; x_wconf 70' lang='lat' dir='ltr'><strong>quasque</strong></span> <span class='ocrx_word' id='word_1_82' title='bbox 1478 1237 1734 1297; x_wconf 76' lang='lat' dir='ltr'><strong>Ecclesia:</strong></span> <span class='ocrx_word' id='word_1_83' title='bbox 1801 1236 1854 1289; x_wconf 93' lang='lat' dir='ltr'><strong>in</strong></span> <span class='ocrx_word' id='word_1_84' title='bbox 1905 1249 1967 1290; x_wconf 87' lang='lat' dir='ltr'><strong>ea</strong></span> 
     </span>
    </p>
   </div>
   <div class='ocr_carea' id='block_1_14' title="bbox 367 1329 1969 1406">
    <p class='ocr_par' dir='ltr' id='par_1_14' title="bbox 367 1329 1969 1406">
     <span class='ocr_line' id='line_1_14' title="bbox 367 1329 1969 1406; baseline -0.007 -10"><span class='ocrx_word' id='word_1_85' title='bbox 367 1339 505 1396; x_wconf 85' lang='lat' dir='ltr'><strong>urbe</strong></span> <span class='ocrx_word' id='word_1_86' title='bbox 547 1347 674 1393; x_wconf 90' lang='lat' dir='ltr'><strong>tunc</strong></span> <span class='ocrx_word' id='word_1_87' title='bbox 708 1336 872 1393; x_wconf 86' lang='lat' dir='ltr'><strong>facies</strong></span> <span class='ocrx_word' id='word_1_88' title='bbox 894 1345 1071 1403; x_wconf 87' lang='lat' dir='ltr'><strong>esset,</strong></span> <span class='ocrx_word' id='word_1_89' title='bbox 1118 1336 1235 1406; x_wconf 87' lang='lat' dir='ltr'><strong>ejus</strong></span> <span class='ocrx_word' id='word_1_90' title='bbox 1277 1335 1450 1389; x_wconf 79' lang='lat' dir='ltr'><strong>aetatis</strong></span> <span class='ocrx_word' id='word_1_91' title='bbox 1494 1331 1754 1388; x_wconf 88' lang='lat' dir='ltr'><strong>memoria</strong></span> <span class='ocrx_word' id='word_1_92' title='bbox 1812 1329 1969 1401; x_wconf 89' lang='lat' dir='ltr'><strong>plane</strong></span> 
     </span>
    </p>
   </div>
   <div class='ocr_carea' id='block_1_15' title="bbox 367 1420 1963 1501">
    <p class='ocr_par' dir='ltr' id='par_1_15' title="bbox 367 1420 1963 1501">
     <span class='ocr_line' id='line_1_15' title="bbox 367 1420 1963 1501; baseline -0.008 -15"><span class='ocrx_word' id='word_1_93' title='bbox 367 1429 635 1501; x_wconf 77' lang='lat' dir='ltr'><strong>ostendit:</strong></span> <span class='ocrx_word' id='word_1_94' title='bbox 695 1439 749 1484; x_wconf 91' lang='lat' dir='ltr'><strong>et</strong></span> <span class='ocrx_word' id='word_1_95' title='bbox 796 1444 915 1499; x_wconf 71' lang='lat' dir='ltr'><strong>quae</strong></span> <span class='ocrx_word' id='word_1_96' title='bbox 972 1426 1260 1498; x_wconf 84' lang='lat' dir='ltr'><strong>aliquando</strong></span> <span class='ocrx_word' id='word_1_97' title='bbox 1301 1424 1492 1496; x_wconf 86' lang='lat' dir='ltr'><strong>scripsi</strong></span> <span class='ocrx_word' id='word_1_98' title='bbox 1533 1423 1599 1478; x_wconf 87' lang='lat' dir='ltr'><strong>ad</strong></span> <span class='ocrx_word' id='word_1_99' title='bbox 1658 1420 1845 1478; x_wconf 86' lang='lat' dir='ltr'><strong>Edicta</strong></span> <span class='ocrx_word' id='word_1_100' title='bbox 1874 1436 1963 1474; x_wconf 87' lang='lat' dir='ltr'><strong>ve-</strong></span> 
     </span>
    </p>
   </div>
   <div class='ocr_carea' id='block_1_16' title="bbox 362 1516 1963 1590">
    <p class='ocr_par' dir='ltr' id='par_1_16' title="bbox 362 1516 1963 1590">
     <span class='ocr_line' id='line_1_16' title="bbox 362 1516 1963 1590; baseline -0.007 -11"><span class='ocrx_word' id='word_1_101' title='bbox 362 1533 537 1579; x_wconf 87' lang='lat' dir='ltr'><strong>terum</strong></span> <span class='ocrx_word' id='word_1_102' title='bbox 577 1521 886 1590; x_wconf 86' lang='lat' dir='ltr'><strong>Principum</strong></span> <span class='ocrx_word' id='word_1_103' title='bbox 941 1519 1098 1574; x_wconf 83' lang='lat' dir='ltr'><strong>Rom.</strong></span> <span class='ocrx_word' id='word_1_104' title='bbox 1141 1518 1210 1574; x_wconf 88' lang='lat' dir='ltr'><strong>de</strong></span> <span class='ocrx_word' id='word_1_105' title='bbox 1252 1516 1610 1583; x_wconf 82' lang='lat' dir='ltr'><strong>Christianis,</strong></span> <span class='ocrx_word' id='word_1_106' title='bbox 1663 1529 1782 1569; x_wconf 84' lang='lat' dir='ltr'><strong>eam</strong></span> <span class='ocrx_word' id='word_1_107' title='bbox 1843 1527 1963 1568; x_wconf 88' lang='lat' dir='ltr'><strong>rem</strong></span> 
     </span>
    </p>
   </div>
   <div class='ocr_carea' id='block_1_17' title="bbox 365 1594 1964 1685">
    <p class='ocr_par' dir='ltr' id='par_1_17' title="bbox 365 1594 1964 1685">
     <span class='ocr_line' id='line_1_17' title="bbox 365 1594 1964 1685; baseline -0.007 -14"><span class='ocrx_word' id='word_1_108' title='bbox 365 1616 657 1671; x_wconf 85' lang='lat' dir='ltr'><strong>illustrant.</strong></span> <span class='ocrx_word' id='word_1_109' title='bbox 714 1612 900 1683; x_wconf 84' lang='lat' dir='ltr'><strong>Neque</strong></span> <span class='ocrx_word' id='word_1_110' title='bbox 947 1612 1126 1685; x_wconf 75' lang='lat' dir='ltr'><strong>ignem</strong></span> <span class='ocrx_word' id='word_1_111' title='bbox 1175 1621 1259 1667; x_wconf 90' lang='lat' dir='ltr'><strong>est</strong></span> <span class='ocrx_word' id='word_1_112' title='bbox 1331 1610 1553 1664; x_wconf 87' lang='lat' dir='ltr'><strong>historia</strong></span> <span class='ocrx_word' id='word_1_113' title='bbox 1623 1594 1964 1677; x_wconf 79' lang='lat' dir='ltr'><strong>temporum,</strong></span> 
     </span>
    </p>
   </div>
   <div class='ocr_carea' id='block_1_18' title="bbox 363 1700 1965 1781">
    <p class='ocr_par' dir='ltr' id='par_1_18' title="bbox 363 1700 1965 1781">
     <span class='ocr_line' id='line_1_18' title="bbox 363 1700 1965 1781; baseline -0.006 -17"><span class='ocrx_word' id='word_1_114' title='bbox 363 1709 563 1781; x_wconf 90' lang='lat' dir='ltr'><strong>quibus</strong></span> <span class='ocrx_word' id='word_1_115' title='bbox 617 1707 810 1765; x_wconf 83' lang='lat' dir='ltr'><strong>Decius</strong></span> <span class='ocrx_word' id='word_1_116' title='bbox 839 1715 934 1759; x_wconf 89' lang='lat' dir='ltr'><strong>aut</strong></span> <span class='ocrx_word' id='word_1_117' title='bbox 960 1704 1282 1759; x_wconf 82' lang='lat' dir='ltr'><strong>Valerianus</strong></span> <span class='ocrx_word' id='word_1_118' title='bbox 1307 1702 1606 1772; x_wconf 79' lang='lat' dir='ltr'><strong>imperavit.</strong></span> <span class='ocrx_word' id='word_1_119' title='bbox 1640 1700 1787 1757; x_wconf 90' lang='lat' dir='ltr'><strong>Bene</strong></span> <span class='ocrx_word' id='word_1_120' title='bbox 1838 1714 1965 1755; x_wconf 88' lang='lat' dir='ltr'><strong>vero</strong></span> 
     </span>
    </p>
   </div>
   <div class='ocr_carea' id='block_1_19' title="bbox 2070 498 3636 570">
    <p class='ocr_par' dir='ltr' id='par_1_19' title="bbox 2070 498 3636 570">
     <span class='ocr_line' id='line_1_19' title="bbox 2070 498 3636 570; baseline 0.003 -18"><span class='ocrx_word' id='word_1_121' title='bbox 2070 498 2328 565; x_wconf 90' lang='lat' dir='ltr'><strong>haberet,</strong></span> <span class='ocrx_word' id='word_1_122' title='bbox 2377 500 2466 569; x_wconf 92' lang='lat' dir='ltr'><strong>qui</strong></span> <span class='ocrx_word' id='word_1_123' title='bbox 2530 499 2870 556; x_wconf 82' lang='lat' dir='ltr'><strong>Christianus</strong></span> <span class='ocrx_word' id='word_1_124' title='bbox 2936 514 3044 555; x_wconf 92' lang='lat' dir='ltr'><strong>non</strong></span> <span class='ocrx_word' id='word_1_125' title='bbox 3087 510 3252 557; x_wconf 86' lang='lat' dir='ltr'><strong>esset.</strong></span> <span class='ocrx_word' id='word_1_126' title='bbox 3308 499 3490 570; x_wconf 80' lang='lat' dir='ltr'><strong>(Lege</strong></span> <span class='ocrx_word' id='word_1_127' title='bbox 3538 516 3636 559; x_wconf 88' lang='lat' dir='ltr'><strong>vnt.</strong></span> 
     </span>
    </p>
   </div>
   <div class='ocr_carea' id='block_1_20' title="bbox 2070 590 3639 662">
    <p class='ocr_par' dir='ltr' id='par_1_20' title="bbox 2070 590 3639 662">
     <span class='ocr_line' id='line_1_20' title="bbox 2070 590 3639 662; baseline 0.001 -15"><span class='ocrx_word' id='word_1_128' title='bbox 2070 591 2200 648; x_wconf 92' lang='lat' dir='ltr'><strong>Cod.</strong></span> <span class='ocrx_word' id='word_1_129' title='bbox 2256 592 2319 647; x_wconf 83' lang='lat' dir='ltr'><strong>de</strong></span> <span class='ocrx_word' id='word_1_130' title='bbox 2385 590 2776 660; x_wconf 76' lang='lat' dir='ltr'><strong>Postulando.)</strong></span> <span class='ocrx_word' id='word_1_131' title='bbox 2845 592 3015 661; x_wconf 83' lang='lat' dir='ltr'><strong>Quam</strong></span> <span class='ocrx_word' id='word_1_132' title='bbox 3078 592 3177 647; x_wconf 87' lang='lat' dir='ltr'><strong>l&#39;uit</strong></span> <span class='ocrx_word' id='word_1_133' title='bbox 3241 592 3418 662; x_wconf 81' lang='lat' dir='ltr'><strong>itaque</strong></span> <span class='ocrx_word' id='word_1_134' title='bbox 3485 592 3639 650; x_wconf 89' lang='lat' dir='ltr'><strong>nobile</strong></span> 
     </span>
    </p>
   </div>
   <div class='ocr_carea' id='block_1_21' title="bbox 2068 682 3635 754">
    <p class='ocr_par' dir='ltr' id='par_1_21' title="bbox 2068 682 3635 754">
     <span class='ocr_line' id='line_1_21' title="bbox 2068 682 3635 754; baseline 0.003 -15"><span class='ocrx_word' id='word_1_135' title='bbox 2068 682 2282 740; x_wconf 85' lang='lat' dir='ltr'><strong>Minucii</strong></span> <span class='ocrx_word' id='word_1_136' title='bbox 2330 685 2498 739; x_wconf 73' lang='lat' dir='ltr'><strong>nosui</strong></span> <span class='ocrx_word' id='word_1_137' title='bbox 2544 683 2872 753; x_wconf 78' lang='lat' dir='ltr'><strong>exemplum,</strong></span> <span class='ocrx_word' id='word_1_138' title='bbox 2925 683 3018 754; x_wconf 88' lang='lat' dir='ltr'><strong>qui</strong></span> <span class='ocrx_word' id='word_1_139' title='bbox 3066 684 3329 740; x_wconf 80' lang='lat' dir='ltr'><strong>bonarum</strong></span> <span class='ocrx_word' id='word_1_140' title='bbox 3390 684 3635 753; x_wconf 72' lang='lat' dir='ltr'><strong>partium,</strong></span> 
     </span>
    </p>
   </div>
   <div class='ocr_carea' id='block_1_22' title="bbox 2069 775 3642 845">
    <p class='ocr_par' dir='ltr' id='par_1_22' title="bbox 2069 775 3642 845">
     <span class='ocr_line' id='line_1_22' title="bbox 2069 775 3642 845; baseline 0.004 -18"><span class='ocrx_word' id='word_1_141' title='bbox 2069 784 2326 845; x_wconf 90' lang='lat' dir='ltr'><strong>quantum</strong></span> <span class='ocrx_word' id='word_1_142' title='bbox 2381 775 2570 844; x_wconf 85' lang='lat' dir='ltr'><strong>potuit,</strong></span> <span class='ocrx_word' id='word_1_143' title='bbox 2601 785 2861 843; x_wconf 88' lang='lat' dir='ltr'><strong>patronus</strong></span> <span class='ocrx_word' id='word_1_144' title='bbox 2886 775 3073 831; x_wconf 74' lang='lat' dir='ltr'><strong>Roma:</strong></span> <span class='ocrx_word' id='word_1_145' title='bbox 3123 776 3240 839; x_wconf 77' lang='lat' dir='ltr'><strong>fuit,</strong></span> <span class='ocrx_word' id='word_1_146' title='bbox 3293 790 3401 845; x_wconf 87' lang='lat' dir='ltr'><strong>quo</strong></span> <span class='ocrx_word' id='word_1_147' title='bbox 3430 784 3642 844; x_wconf 81' lang='lat' dir='ltr'><strong>tempore</strong></span> 
     </span>
    </p>
   </div>
   <div class='ocr_carea' id='block_1_23' title="bbox 2072 864 3639 935">
    <p class='ocr_par' dir='ltr' id='par_1_23' title="bbox 2072 864 3639 935">
     <span class='ocr_line' id='line_1_23' title="bbox 2072 864 3639 935; baseline 0.003 -15"><span class='ocrx_word' id='word_1_148' title='bbox 2072 864 2308 920; x_wconf 90' lang='lat' dir='ltr'><strong>nondum</strong></span> <span class='ocrx_word' id='word_1_149' title='bbox 2348 864 2566 935; x_wconf 85' lang='lat' dir='ltr'><strong>impune</strong></span> <span class='ocrx_word' id='word_1_150' title='bbox 2617 864 2720 921; x_wconf 88' lang='lat' dir='ltr'><strong>hoc</strong></span> <span class='ocrx_word' id='word_1_151' title='bbox 2750 866 2983 922; x_wconf 76' lang='lat' dir='ltr'><strong>licebat!</strong></span> <span class='ocrx_word' id='word_1_152' title='bbox 3017 875 3165 931; x_wconf 84' lang='lat' dir='ltr'><strong>certe</strong></span> <span class='ocrx_word' id='word_1_153' title='bbox 3189 865 3511 923; x_wconf 85' lang='lat' dir='ltr'><strong>Christianis</strong></span> <span class='ocrx_word' id='word_1_154' title='bbox 3533 877 3639 925; x_wconf 83' lang='lat' dir='ltr'><strong>tunc</strong></span> 
     </span>
    </p>
   </div>
   <div class='ocr_carea' id='block_1_24' title="bbox 2056 955 3641 1028">
    <p class='ocr_par' dir='ltr' id='par_1_24' title="bbox 2056 955 3641 1028">
     <span class='ocr_line' id='line_1_24' title="bbox 2056 955 3641 1028; baseline 0.003 -18"><span class='ocrx_word' id='word_1_155' title='bbox 2056 964 2198 1010; x_wconf 73' lang='lat' dir='ltr'><strong>&#39;erat</strong></span> <span class='ocrx_word' id='word_1_156' title='bbox 2272 955 2617 1012; x_wconf 90' lang='lat' dir='ltr'><strong>interdictum</strong></span> <span class='ocrx_word' id='word_1_157' title='bbox 2670 958 2809 1022; x_wconf 83' lang='lat' dir='ltr'><strong>fore,</strong></span> <span class='ocrx_word' id='word_1_158' title='bbox 2868 973 3045 1028; x_wconf 88' lang='lat' dir='ltr'><strong>neque</strong></span> <span class='ocrx_word' id='word_1_159' title='bbox 3117 958 3183 1015; x_wconf 91' lang='lat' dir='ltr'><strong>iis</strong></span> <span class='ocrx_word' id='word_1_160' title='bbox 3222 956 3317 1028; x_wconf 82' lang='lat' dir='ltr'><strong>jus</strong></span> <span class='ocrx_word' id='word_1_161' title='bbox 3368 957 3641 1026; x_wconf 81' lang='lat' dir='ltr'><strong>postulandi</strong></span> 
     </span>
    </p>
   </div>
   <div class='ocr_carea' id='block_1_25' title="bbox 2071 1050 3644 1122">
    <p class='ocr_par' dir='ltr' id='par_1_25' title="bbox 2071 1050 3644 1122">
     <span class='ocr_line' id='line_1_25' title="bbox 2071 1050 3644 1122; baseline 0.003 -19"><span class='ocrx_word' id='word_1_162' title='bbox 2071 1060 2274 1120; x_wconf 64' lang='lat' dir='ltr'><strong>praeter</strong></span> <span class='ocrx_word' id='word_1_163' title='bbox 2319 1050 2502 1105; x_wconf 86' lang='lat' dir='ltr'><strong>dabat.</strong></span> <span class='ocrx_word' id='word_1_164' title='bbox 2538 1051 2737 1108; x_wconf 83' lang='lat' dir='ltr'><strong>Verum</strong></span> <span class='ocrx_word' id='word_1_165' title='bbox 2795 1052 2898 1109; x_wconf 83' lang='lat' dir='ltr'><strong>etsi</strong></span> <span class='ocrx_word' id='word_1_166' title='bbox 2948 1052 3119 1122; x_wconf 82' lang='lat' dir='ltr'><strong>magis</strong></span> <span class='ocrx_word' id='word_1_167' title='bbox 3161 1051 3236 1111; x_wconf 91' lang='lat' dir='ltr'><strong>illi</strong></span> <span class='ocrx_word' id='word_1_168' title='bbox 3288 1050 3484 1121; x_wconf 80' lang='lat' dir='ltr'><strong>palliati</strong></span> <span class='ocrx_word' id='word_1_169' title='bbox 3511 1065 3644 1122; x_wconf 78' lang='lat' dir='ltr'><strong>quam</strong></span> 
     </span>
    </p>
   </div>
   <div class='ocr_carea' id='block_1_26' title="bbox 2080 1142 3643 1215">
    <p class='ocr_par' dir='ltr' id='par_1_26' title="bbox 2080 1142 3643 1215">
     <span class='ocr_line' id='line_1_26' title="bbox 2080 1142 3643 1215; baseline 0.001 -18"><span class='ocrx_word' id='word_1_170' title='bbox 2080 1143 2240 1215; x_wconf 81' lang='lat' dir='ltr'><strong>togati</strong></span> <span class='ocrx_word' id='word_1_171' title='bbox 2289 1158 2411 1201; x_wconf 88' lang='lat' dir='ltr'><strong>esse</strong></span> <span class='ocrx_word' id='word_1_172' title='bbox 2460 1143 2742 1200; x_wconf 87' lang='lat' dir='ltr'><strong>solerent:</strong></span> <span class='ocrx_word' id='word_1_173' title='bbox 2792 1153 2972 1207; x_wconf 88' lang='lat' dir='ltr'><strong>tamen</strong></span> <span class='ocrx_word' id='word_1_174' title='bbox 3027 1143 3153 1214; x_wconf 87' lang='lat' dir='ltr'><strong>quia</strong></span> <span class='ocrx_word' id='word_1_175' title='bbox 3230 1142 3297 1201; x_wconf 88' lang='lat' dir='ltr'><strong>iis</strong></span> <span class='ocrx_word' id='word_1_176' title='bbox 3368 1143 3643 1211; x_wconf 81' lang='lat' dir='ltr'><strong>respublica</strong></span> 
     </span>
    </p>
   </div>
   <div class='ocr_carea' id='block_1_27' title="bbox 2076 1234 3650 1306">
    <p class='ocr_par' dir='ltr' id='par_1_27' title="bbox 2076 1234 3650 1306">
     <span class='ocr_line' id='line_1_27' title="bbox 2076 1234 3650 1306; baseline 0.003 -17"><span class='ocrx_word' id='word_1_177' title='bbox 2076 1247 2221 1303; x_wconf 80' lang='lat' dir='ltr'><strong>saepe</strong></span> <span class='ocrx_word' id='word_1_178' title='bbox 2261 1246 2448 1290; x_wconf 87' lang='lat' dir='ltr'><strong>carere</strong></span> <span class='ocrx_word' id='word_1_179' title='bbox 2481 1251 2588 1290; x_wconf 88' lang='lat' dir='ltr'><strong>non</strong></span> <span class='ocrx_word' id='word_1_180' title='bbox 2624 1242 2853 1306; x_wconf 87' lang='lat' dir='ltr'><strong>poterat,</strong></span> <span class='ocrx_word' id='word_1_181' title='bbox 2933 1234 3222 1306; x_wconf 85' lang='lat' dir='ltr'><strong>aliquando</strong></span> <span class='ocrx_word' id='word_1_182' title='bbox 3296 1242 3501 1304; x_wconf 78' lang='lat' dir='ltr'><strong>togatos</strong></span> <span class='ocrx_word' id='word_1_183' title='bbox 3550 1249 3650 1293; x_wconf 82' lang='lat' dir='ltr'><strong>esse</strong></span> 
     </span>
    </p>
   </div>
   <div class='ocr_carea' id='block_1_28' title="bbox 2073 1327 3647 1398">
    <p class='ocr_par' dir='ltr' id='par_1_28' title="bbox 2073 1327 3647 1398">
     <span class='ocr_line' id='line_1_28' title="bbox 2073 1327 3647 1398; baseline 0.003 -18"><span class='ocrx_word' id='word_1_184' title='bbox 2073 1339 2190 1393; x_wconf 89' lang='lat' dir='ltr'><strong>eos,</strong></span> <span class='ocrx_word' id='word_1_185' title='bbox 2244 1335 2297 1381; x_wconf 94' lang='lat' dir='ltr'><strong>et</strong></span> <span class='ocrx_word' id='word_1_186' title='bbox 2337 1341 2526 1383; x_wconf 84' lang='lat' dir='ltr'><strong>eorum</strong></span> <span class='ocrx_word' id='word_1_187' title='bbox 2567 1327 2829 1398; x_wconf 88' lang='lat' dir='ltr'><strong>quosdam</strong></span> <span class='ocrx_word' id='word_1_188' title='bbox 2873 1327 3094 1396; x_wconf 86' lang='lat' dir='ltr'><strong>aliquod</strong></span> <span class='ocrx_word' id='word_1_189' title='bbox 3136 1328 3193 1383; x_wconf 92' lang='lat' dir='ltr'><strong>in</strong></span> <span class='ocrx_word' id='word_1_190' title='bbox 3242 1327 3454 1396; x_wconf 88' lang='lat' dir='ltr'><strong>republ.</strong></span> <span class='ocrx_word' id='word_1_191' title='bbox 3484 1342 3647 1385; x_wconf 85' lang='lat' dir='ltr'><strong>munus</strong></span> 
     </span>
    </p>
   </div>
   <div class='ocr_carea' id='block_1_29' title="bbox 2071 1416 3648 1493">
    <p class='ocr_par' dir='ltr' id='par_1_29' title="bbox 2071 1416 3648 1493">
     <span class='ocr_line' id='line_1_29' title="bbox 2071 1416 3648 1493; baseline 0.004 -24"><span class='ocrx_word' id='word_1_192' title='bbox 2071 1416 2221 1472; x_wconf 91' lang='lat' dir='ltr'><strong>obire</strong></span> <span class='ocrx_word' id='word_1_193' title='bbox 2246 1417 2392 1493; x_wconf 84' lang='lat' dir='ltr'><strong>passi</strong></span> <span class='ocrx_word' id='word_1_194' title='bbox 2437 1418 2664 1473; x_wconf 80' lang='lat' dir='ltr'><strong>subinde</strong></span> <span class='ocrx_word' id='word_1_195' title='bbox 2689 1428 2812 1472; x_wconf 89' lang='lat' dir='ltr'><strong>sunt</strong></span> <span class='ocrx_word' id='word_1_196' title='bbox 2836 1417 3035 1489; x_wconf 77' lang='lat' dir='ltr'><strong>ethnici</strong></span> <span class='ocrx_word' id='word_1_197' title='bbox 3084 1419 3383 1489; x_wconf 86' lang='lat' dir='ltr'><strong>principes.</strong></span> <span class='ocrx_word' id='word_1_198' title='bbox 3412 1418 3648 1477; x_wconf 81' lang='lat' dir='ltr'><strong>Christia-</strong></span> 
     </span>
    </p>
   </div>
   <div class='ocr_carea' id='block_1_30' title="bbox 2071 1508 3649 1585">
    <p class='ocr_par' dir='ltr' id='par_1_30' title="bbox 2071 1508 3649 1585">
     <span class='ocr_line' id='line_1_30' title="bbox 2071 1508 3649 1585; baseline 0.003 -23"><span class='ocrx_word' id='word_1_199' title='bbox 2071 1510 2124 1562; x_wconf 91' lang='lat' dir='ltr'><strong>ni</strong></span> <span class='ocrx_word' id='word_1_200' title='bbox 2178 1509 2534 1583; x_wconf 85' lang='lat' dir='ltr'><strong>imperatores</strong></span> <span class='ocrx_word' id='word_1_201' title='bbox 2598 1508 2795 1585; x_wconf 78' lang='lat' dir='ltr'><strong>deinde</strong></span> <span class='ocrx_word' id='word_1_202' title='bbox 2840 1512 3013 1569; x_wconf 79' lang='lat' dir='ltr'><strong>multo</strong></span> <span class='ocrx_word' id='word_1_203' title='bbox 3045 1512 3194 1569; x_wconf 84' lang='lat' dir='ltr'><strong>tuere</strong></span> <span class='ocrx_word' id='word_1_204' title='bbox 3232 1511 3649 1582; x_wconf 73' lang='lat' dir='ltr'><strong>indulgentiores,</strong></span> 
     </span>
    </p>
   </div>
   <div class='ocr_carea' id='block_1_31' title="bbox 2081 1602 3648 1676">
    <p class='ocr_par' dir='ltr' id='par_1_31' title="bbox 2081 1602 3648 1676">
     <span class='ocr_line' id='line_1_31' title="bbox 2081 1602 3648 1676; baseline 0.005 -23"><span class='ocrx_word' id='word_1_205' title='bbox 2081 1602 2168 1670; x_wconf 94' lang='lat' dir='ltr'><strong>qui</strong></span> <span class='ocrx_word' id='word_1_206' title='bbox 2217 1617 2311 1659; x_wconf 88' lang='lat' dir='ltr'><strong>eos</strong></span> <span class='ocrx_word' id='word_1_207' title='bbox 2363 1611 2417 1659; x_wconf 90' lang='lat' dir='ltr'><strong>et</strong></span> <span class='ocrx_word' id='word_1_208' title='bbox 2442 1604 2691 1660; x_wconf 87' lang='lat' dir='ltr'><strong>consules</strong></span> <span class='ocrx_word' id='word_1_209' title='bbox 2746 1612 2801 1659; x_wconf 86' lang='lat' dir='ltr'><strong>et</strong></span> <span class='ocrx_word' id='word_1_210' title='bbox 2831 1603 3115 1676; x_wconf 63' lang='lat' dir='ltr'><strong>praefectos</strong></span> <span class='ocrx_word' id='word_1_211' title='bbox 3143 1604 3259 1661; x_wconf 86' lang='lat' dir='ltr'><strong>urbi</strong></span> <span class='ocrx_word' id='word_1_212' title='bbox 3306 1614 3471 1675; x_wconf 86' lang='lat' dir='ltr'><strong>atque</strong></span> <span class='ocrx_word' id='word_1_213' title='bbox 3512 1606 3648 1661; x_wconf 81' lang='lat' dir='ltr'><strong>etiam</strong></span> 
     </span>
    </p>
   </div>
   <div class='ocr_carea' id='block_1_32' title="bbox 2072 1695 3654 1768">
    <p class='ocr_par' dir='ltr' id='par_1_32' title="bbox 2072 1695 3654 1768">
     <span class='ocr_line' id='line_1_32' title="bbox 2072 1695 3654 1768; baseline 0.001 -18"><span class='ocrx_word' id='word_1_214' title='bbox 2072 1695 2325 1765; x_wconf 66' lang='lat' dir='ltr'><strong>praetorio</strong></span> <span class='ocrx_word' id='word_1_215' title='bbox 2369 1696 2636 1751; x_wconf 87' lang='lat' dir='ltr'><strong>interdum</strong></span> <span class='ocrx_word' id='word_1_216' title='bbox 2686 1697 2962 1763; x_wconf 84' lang='lat' dir='ltr'><strong>creabant,</strong></span> <span class='ocrx_word' id='word_1_217' title='bbox 2994 1711 3130 1768; x_wconf 91' lang='lat' dir='ltr'><strong>quos</strong></span> <span class='ocrx_word' id='word_1_218' title='bbox 3169 1697 3375 1768; x_wconf 85' lang='lat' dir='ltr'><strong>alioqui</strong></span> <span class='ocrx_word' id='word_1_219' title='bbox 3402 1713 3505 1753; x_wconf 91' lang='lat' dir='ltr'><strong>non</strong></span> <span class='ocrx_word' id='word_1_220' title='bbox 3525 1697 3654 1767; x_wconf 76' lang='lat' dir='ltr'><strong>igno-</strong></span> 
     </span>
    </p>
   </div>
   <div class='ocr_carea' id='block_1_33' title="bbox 365 1788 3652 1868">
    <p class='ocr_par' dir='ltr' id='par_1_33' title="bbox 365 1788 3652 1868">
     <span class='ocr_line' id='line_1_33' title="bbox 365 1788 3652 1868; baseline -0.003 -12"><span class='ocrx_word' id='word_1_221' title='bbox 365 1802 557 1856; x_wconf 87' lang='lat' dir='ltr'><strong>habet:</strong></span> <span class='ocrx_word' id='word_1_222' title='bbox 608 1797 1051 1865; x_wconf 87' lang='lat' dir='ltr'><strong>Jurisconsultis,</strong></span> <span class='ocrx_word' id='word_1_223' title='bbox 1106 1810 1333 1868; x_wconf 90' lang='lat' dir='ltr'><strong>quorum</strong></span> <span class='ocrx_word' id='word_1_224' title='bbox 1376 1794 1445 1849; x_wconf 91' lang='lat' dir='ltr'><strong>de</strong></span> <span class='ocrx_word' id='word_1_225' title='bbox 1489 1793 1612 1864; x_wconf 88' lang='lat' dir='ltr'><strong>jure</strong></span> <span class='ocrx_word' id='word_1_226' title='bbox 1659 1791 1803 1849; x_wconf 85' lang='lat' dir='ltr'><strong>civili</strong></span> <span class='ocrx_word' id='word_1_227' title='bbox 1846 1807 1963 1846; x_wconf 88' lang='lat' dir='ltr'><strong>res-</strong></span> <span class='ocrx_word' id='word_1_228' title='bbox 1992 1798 2042 1863; x_wconf 78' lang='grc' dir='ltr'><strong>Β</strong></span> <span class='ocrx_word' id='word_1_229' title='bbox 2071 1788 2258 1843; x_wconf 88' lang='lat' dir='ltr'><strong>rabant</strong></span> <span class='ocrx_word' id='word_1_230' title='bbox 2297 1802 2418 1845; x_wconf 89' lang='lat' dir='ltr'><strong>esse</strong></span> <span class='ocrx_word' id='word_1_231' title='bbox 2466 1790 2761 1845; x_wconf 88' lang='lat' dir='ltr'><strong>acerrimos</strong></span> <span class='ocrx_word' id='word_1_232' title='bbox 2812 1789 2996 1855; x_wconf 78' lang='lat' dir='ltr'><strong>hostes</strong></span> <span class='ocrx_word' id='word_1_233' title='bbox 3035 1792 3339 1862; x_wconf 71' lang='lat' dir='ltr'><strong>religionis,</strong></span> <span class='ocrx_word' id='word_1_234' title='bbox 3393 1792 3533 1862; x_wconf 86' lang='lat' dir='ltr'><strong>quod</strong></span> <span class='ocrx_word' id='word_1_235' title='bbox 3582 1792 3652 1847; x_wconf 87' lang='lat' dir='ltr'><strong>in-</strong></span> 
     </span>
    </p>
   </div>
   <div class='ocr_carea' id='block_1_34' title="bbox 360 1883 1962 1965">
    <p class='ocr_par' dir='ltr' id='par_1_34' title="bbox 360 1883 1962 1965">
     <span class='ocr_line' id='line_1_34' title="bbox 360 1883 1962 1965; baseline -0.009 -15"><span class='ocrx_word' id='word_1_236' title='bbox 360 1909 533 1965; x_wconf 87' lang='lat' dir='ltr'><strong>ponsa</strong></span> <span class='ocrx_word' id='word_1_237' title='bbox 589 1890 840 1962; x_wconf 84' lang='lat' dir='ltr'><strong>legimus,</strong></span> <span class='ocrx_word' id='word_1_238' title='bbox 895 1905 1000 1943; x_wconf 90' lang='lat' dir='ltr'><strong>non</strong></span> <span class='ocrx_word' id='word_1_239' title='bbox 1057 1888 1230 1942; x_wconf 86' lang='lat' dir='ltr'><strong>solum</strong></span> <span class='ocrx_word' id='word_1_240' title='bbox 1300 1886 1368 1941; x_wconf 89' lang='lat' dir='ltr'><strong>ab</strong></span> <span class='ocrx_word' id='word_1_241' title='bbox 1418 1884 1677 1957; x_wconf 71' lang='lat' dir='ltr'><strong>religione</strong></span> <span class='ocrx_word' id='word_1_242' title='bbox 1736 1883 1962 1948; x_wconf 82' lang='lat' dir='ltr'><strong>alienis,</strong></span> 
     </span>
    </p>
   </div>
   <div class='ocr_carea' id='block_1_35' title="bbox 361 1973 1966 2052">
    <p class='ocr_par' dir='ltr' id='par_1_35' title="bbox 361 1973 1966 2052">
     <span class='ocr_line' id='line_1_35' title="bbox 361 1973 1966 2052; baseline -0.009 -10"><span class='ocrx_word' id='word_1_243' title='bbox 361 1983 461 2043; x_wconf 86' lang='lat' dir='ltr'><strong>sed</strong></span> <span class='ocrx_word' id='word_1_244' title='bbox 510 1991 566 2047; x_wconf 84' lang='lat' dir='ltr'><strong>et</strong></span> <span class='ocrx_word' id='word_1_245' title='bbox 601 1982 717 2052; x_wconf 89' lang='lat' dir='ltr'><strong>ejus</strong></span> <span class='ocrx_word' id='word_1_246' title='bbox 768 1980 1047 2037; x_wconf 87' lang='lat' dir='ltr'><strong>acerrimis</strong></span> <span class='ocrx_word' id='word_1_247' title='bbox 1073 1977 1433 2043; x_wconf 89' lang='lat' dir='ltr'><strong>adversariis,</strong></span> <span class='ocrx_word' id='word_1_248' title='bbox 1467 1975 1793 2030; x_wconf 87' lang='lat' dir='ltr'><strong>successisse</strong></span> <span class='ocrx_word' id='word_1_249' title='bbox 1820 1973 1966 2027; x_wconf 90' lang='lat' dir='ltr'><strong>chri-</strong></span> 
     </span>
    </p>
   </div>
   <div class='ocr_carea' id='block_1_36' title="bbox 364 2063 1965 2131">
    <p class='ocr_par' dir='ltr' id='par_1_36' title="bbox 364 2063 1965 2131">
     <span class='ocr_line' id='line_1_36' title="bbox 364 2063 1965 2131; baseline -0.009 0"><span class='ocrx_word' id='word_1_250' title='bbox 364 2076 601 2131; x_wconf 78' lang='lat' dir='ltr'><strong>SIianum</strong></span> <span class='ocrx_word' id='word_1_251' title='bbox 666 2072 1038 2129; x_wconf 88' lang='lat' dir='ltr'><strong>causidicum:</strong></span> <span class='ocrx_word' id='word_1_252' title='bbox 1082 2080 1135 2125; x_wconf 91' lang='lat' dir='ltr'><strong>et</strong></span> <span class='ocrx_word' id='word_1_253' title='bbox 1184 2068 1317 2125; x_wconf 87' lang='lat' dir='ltr'><strong>illud</strong></span> <span class='ocrx_word' id='word_1_254' title='bbox 1357 2068 1471 2123; x_wconf 92' lang='lat' dir='ltr'><strong>sive</strong></span> <span class='ocrx_word' id='word_1_255' title='bbox 1497 2066 1672 2121; x_wconf 86' lang='lat' dir='ltr'><strong>forum</strong></span> <span class='ocrx_word' id='word_1_256' title='bbox 1713 2066 1825 2119; x_wconf 90' lang='lat' dir='ltr'><strong>sive</strong></span> <span class='ocrx_word' id='word_1_257' title='bbox 1848 2063 1965 2117; x_wconf 84' lang='lat' dir='ltr'><strong>col-</strong></span> 
     </span>
    </p>
   </div>
   <div class='ocr_carea' id='block_1_37' title="bbox 361 2156 1964 2238">
    <p class='ocr_par' dir='ltr' id='par_1_37' title="bbox 361 2156 1964 2238">
     <span class='ocr_line' id='line_1_37' title="bbox 361 2156 1964 2238; baseline -0.006 -17"><span class='ocrx_word' id='word_1_258' title='bbox 361 2166 558 2238; x_wconf 87' lang='lat' dir='ltr'><strong>legium</strong></span> <span class='ocrx_word' id='word_1_259' title='bbox 611 2165 772 2225; x_wconf 81' lang='lat' dir='ltr'><strong>Rom.</strong></span> <span class='ocrx_word' id='word_1_260' title='bbox 836 2174 972 2235; x_wconf 75' lang='lat' dir='ltr'><strong>toga:</strong></span> <span class='ocrx_word' id='word_1_261' title='bbox 1015 2172 1176 2235; x_wconf 89' lang='lat' dir='ltr'><strong>atque</strong></span> <span class='ocrx_word' id='word_1_262' title='bbox 1240 2161 1641 2225; x_wconf 84' lang='lat' dir='ltr'><strong>advocationis,</strong></span> <span class='ocrx_word' id='word_1_263' title='bbox 1692 2156 1835 2231; x_wconf 89' lang='lat' dir='ltr'><strong>quod</strong></span> <span class='ocrx_word' id='word_1_264' title='bbox 1884 2164 1964 2212; x_wconf 90' lang='lat' dir='ltr'><strong>tot</strong></span> 
     </span>
    </p>
   </div>
   <div class='ocr_carea' id='block_1_38' title="bbox 357 2244 1967 2331">
    <p class='ocr_par' dir='ltr' id='par_1_38' title="bbox 357 2244 1967 2331">
     <span class='ocr_line' id='line_1_38' title="bbox 357 2244 1967 2331; baseline -0.002 -20"><span class='ocrx_word' id='word_1_265' title='bbox 357 2258 471 2331; x_wconf 83' lang='lat' dir='ltr'><strong>jam</strong></span> <span class='ocrx_word' id='word_1_266' title='bbox 516 2256 674 2312; x_wconf 91' lang='lat' dir='ltr'><strong>annis</strong></span> <span class='ocrx_word' id='word_1_267' title='bbox 732 2270 1078 2327; x_wconf 78' lang='lat' dir='ltr'><strong>conSpersutn</strong></span> <span class='ocrx_word' id='word_1_268' title='bbox 1121 2252 1292 2307; x_wconf 81' lang='lat' dir='ltr'><strong>fuerat</strong></span> <span class='ocrx_word' id='word_1_269' title='bbox 1316 2252 1576 2323; x_wconf 89' lang='lat' dir='ltr'><strong>sanguine</strong></span> <span class='ocrx_word' id='word_1_270' title='bbox 1605 2259 1660 2306; x_wconf 92' lang='lat' dir='ltr'><strong>et</strong></span> <span class='ocrx_word' id='word_1_271' title='bbox 1694 2244 1967 2307; x_wconf 86' lang='lat' dir='ltr'><strong>cineribus</strong></span> 
     </span>
    </p>
   </div>
   <div class='ocr_carea' id='block_1_39' title="bbox 366 2344 1965 2424">
    <p class='ocr_par' dir='ltr' id='par_1_39' title="bbox 366 2344 1965 2424">
     <span class='ocr_line' id='line_1_39' title="bbox 366 2344 1965 2424; baseline -0.006 -17"><span class='ocrx_word' id='word_1_272' title='bbox 366 2354 578 2424; x_wconf 91' lang='lat' dir='ltr'><strong>piorum</strong></span> <span class='ocrx_word' id='word_1_273' title='bbox 627 2350 931 2413; x_wconf 90' lang='lat' dir='ltr'><strong>hominum,</strong></span> <span class='ocrx_word' id='word_1_274' title='bbox 985 2349 1198 2407; x_wconf 86' lang='lat' dir='ltr'><strong>tandem</strong></span> <span class='ocrx_word' id='word_1_275' title='bbox 1229 2347 1518 2419; x_wconf 83' lang='lat' dir='ltr'><strong>aliquando</strong></span> <span class='ocrx_word' id='word_1_276' title='bbox 1546 2361 1675 2403; x_wconf 82' lang='lat' dir='ltr'><strong>voce</strong></span> <span class='ocrx_word' id='word_1_277' title='bbox 1701 2354 1756 2402; x_wconf 87' lang='lat' dir='ltr'><strong>et</strong></span> <span class='ocrx_word' id='word_1_278' title='bbox 1801 2344 1965 2402; x_wconf 87' lang='lat' dir='ltr'><strong>vesti-</strong></span> 
     </span>
    </p>
   </div>
   <div class='ocr_carea' id='block_1_40' title="bbox 365 2442 1967 2519">
    <p class='ocr_par' dir='ltr' id='par_1_40' title="bbox 365 2442 1967 2519">
     <span class='ocr_line' id='line_1_40' title="bbox 365 2442 1967 2519; baseline -0.004 -18"><span class='ocrx_word' id='word_1_279' title='bbox 365 2447 469 2519; x_wconf 82' lang='lat' dir='ltr'><strong>giis</strong></span> <span class='ocrx_word' id='word_1_280' title='bbox 535 2444 815 2500; x_wconf 90' lang='lat' dir='ltr'><strong>christiani</strong></span> <span class='ocrx_word' id='word_1_281' title='bbox 868 2442 1167 2517; x_wconf 89' lang='lat' dir='ltr'><strong>jurisperiti</strong></span> <span class='ocrx_word' id='word_1_282' title='bbox 1229 2443 1501 2514; x_wconf 73' lang='lat' dir='ltr'><strong>expiatum</strong></span> <span class='ocrx_word' id='word_1_283' title='bbox 1553 2449 1715 2512; x_wconf 90' lang='lat' dir='ltr'><strong>atque</strong></span> <span class='ocrx_word' id='word_1_284' title='bbox 1776 2453 1967 2495; x_wconf 87' lang='lat' dir='ltr'><strong>conse—</strong></span> 
     </span>
    </p>
   </div>
   <div class='ocr_carea' id='block_1_41' title="bbox 360 2534 1961 2611">
    <p class='ocr_par' dir='ltr' id='par_1_41' title="bbox 360 2534 1961 2611">
     <span class='ocr_line' id='line_1_41' title="bbox 360 2534 1961 2611; baseline -0.006 -15"><span class='ocrx_word' id='word_1_285' title='bbox 360 2551 569 2611; x_wconf 80' lang='lat' dir='ltr'><strong>cratum</strong></span> <span class='ocrx_word' id='word_1_286' title='bbox 615 2538 801 2601; x_wconf 74' lang='lat' dir='ltr'><strong>fuisse.</strong></span> <span class='ocrx_word' id='word_1_287' title='bbox 863 2537 1134 2593; x_wconf 81' lang='lat' dir='ltr'><strong>Arnobius</strong></span> <span class='ocrx_word' id='word_1_288' title='bbox 1157 2535 1296 2597; x_wconf 83' lang='lat' dir='ltr'><strong>libro</strong></span> <span class='ocrx_word' id='word_1_289' title='bbox 1341 2534 1514 2608; x_wconf 85' lang='lat' dir='ltr'><strong>primo</strong></span> <span class='ocrx_word' id='word_1_290' title='bbox 1555 2534 1854 2604; x_wconf 78' lang='lat' dir='ltr'><strong>gloriatur,</strong></span> <span class='ocrx_word' id='word_1_291' title='bbox 1905 2541 1961 2589; x_wconf 88' lang='lat' dir='ltr'><strong>et</strong></span> 
     </span>
    </p>
   </div>
   <div class='ocr_carea' id='block_1_42' title="bbox 368 2627 1963 2702">
    <p class='ocr_par' dir='ltr' id='par_1_42' title="bbox 368 2627 1963 2702">
     <span class='ocr_line' id='line_1_42' title="bbox 368 2627 1963 2702; baseline -0.005 -14"><span class='ocrx_word' id='word_1_292' title='bbox 368 2642 616 2689; x_wconf 88' lang='lat' dir='ltr'><strong>oratores</strong></span> <span class='ocrx_word' id='word_1_293' title='bbox 663 2641 719 2688; x_wconf 89' lang='lat' dir='ltr'><strong>et</strong></span> <span class='ocrx_word' id='word_1_294' title='bbox 770 2630 1212 2702; x_wconf 73' lang='lat' dir='ltr'><strong>iurisconsultus,</strong></span> <span class='ocrx_word' id='word_1_295' title='bbox 1268 2628 1507 2701; x_wconf 81' lang='lat' dir='ltr'><strong>magnis,</strong></span> <span class='ocrx_word' id='word_1_296' title='bbox 1554 2637 1612 2681; x_wconf 89' lang='lat' dir='ltr'><strong>ut</strong></span> <span class='ocrx_word' id='word_1_297' title='bbox 1652 2627 1757 2693; x_wconf 85' lang='lat' dir='ltr'><strong>ait,</strong></span> <span class='ocrx_word' id='word_1_298' title='bbox 1815 2628 1963 2697; x_wconf 85' lang='lat' dir='ltr'><strong>inge-</strong></span> 
     </span>
    </p>
   </div>
   <div class='ocr_carea' id='block_1_43' title="bbox 362 2719 1967 2801">
    <p class='ocr_par' dir='ltr' id='par_1_43' title="bbox 362 2719 1967 2801">
     <span class='ocr_line' id='line_1_43' title="bbox 362 2719 1967 2801; baseline -0.002 -18"><span class='ocrx_word' id='word_1_299' title='bbox 362 2728 471 2789; x_wconf 87' lang='lat' dir='ltr'><strong>niis</strong></span> <span class='ocrx_word' id='word_1_300' title='bbox 498 2727 771 2801; x_wconf 77' lang='lat' dir='ltr'><strong>praeditos,</strong></span> <span class='ocrx_word' id='word_1_301' title='bbox 805 2723 1081 2783; x_wconf 68' lang='lat' dir='ltr'><strong>transiisse</strong></span> <span class='ocrx_word' id='word_1_302' title='bbox 1106 2722 1173 2781; x_wconf 87' lang='lat' dir='ltr'><strong>ad</strong></span> <span class='ocrx_word' id='word_1_303' title='bbox 1205 2720 1523 2787; x_wconf 74' lang='lat' dir='ltr'><strong>Ecclesium.</strong></span> <span class='ocrx_word' id='word_1_304' title='bbox 1571 2719 1749 2781; x_wconf 82' lang='lat' dir='ltr'><strong>Credo</strong></span> <span class='ocrx_word' id='word_1_305' title='bbox 1811 2720 1967 2789; x_wconf 83' lang='lat' dir='ltr'><strong>equi—</strong></span> 
     </span>
    </p>
   </div>
   <div class='ocr_carea' id='block_1_44' title="bbox 360 2813 1964 2891">
    <p class='ocr_par' dir='ltr' id='par_1_44' title="bbox 360 2813 1964 2891">
     <span class='ocr_line' id='line_1_44' title="bbox 360 2813 1964 2891; baseline -0.009 -12"><span class='ocrx_word' id='word_1_306' title='bbox 360 2821 485 2881; x_wconf 88' lang='lat' dir='ltr'><strong>dem</strong></span> <span class='ocrx_word' id='word_1_307' title='bbox 511 2862 526 2891; x_wconf 94' lang='lat'><strong>,</strong></span> <span class='ocrx_word' id='word_1_308' title='bbox 585 2836 708 2877; x_wconf 88' lang='lat' dir='ltr'><strong>cum</strong></span> <span class='ocrx_word' id='word_1_309' title='bbox 765 2818 816 2873; x_wconf 89' lang='lat' dir='ltr'><strong>id</strong></span> <span class='ocrx_word' id='word_1_310' title='bbox 880 2817 1171 2885; x_wconf 87' lang='lat' dir='ltr'><strong>scriberet,</strong></span> <span class='ocrx_word' id='word_1_311' title='bbox 1205 2813 1275 2877; x_wconf 83' lang='lat' dir='ltr'><strong>de</strong></span> <span class='ocrx_word' id='word_1_312' title='bbox 1314 2813 1547 2873; x_wconf 78' lang='lat' dir='ltr'><strong>Minucio</strong></span> <span class='ocrx_word' id='word_1_313' title='bbox 1590 2827 1715 2869; x_wconf 87' lang='lat' dir='ltr'><strong>eum</strong></span> <span class='ocrx_word' id='word_1_314' title='bbox 1747 2825 1845 2866; x_wconf 91' lang='lat' dir='ltr'><strong>suo</strong></span> <span class='ocrx_word' id='word_1_315' title='bbox 1869 2825 1964 2879; x_wconf 85' lang='lat' dir='ltr'><strong>co-</strong></span> 
     </span>
    </p>
   </div>
   <div class='ocr_carea' id='block_1_45' title="bbox 357 2902 1964 2987">
    <p class='ocr_par' dir='ltr' id='par_1_45' title="bbox 357 2902 1964 2987">
     <span class='ocr_line' id='line_1_45' title="bbox 357 2902 1964 2987; baseline -0.007 -20"><span class='ocrx_word' id='word_1_316' title='bbox 357 2915 580 2987; x_wconf 84' lang='lat' dir='ltr'><strong>gitasse.</strong></span> <span class='ocrx_word' id='word_1_317' title='bbox 629 2910 824 2967; x_wconf 81' lang='lat' dir='ltr'><strong>Multus</strong></span> <span class='ocrx_word' id='word_1_318' title='bbox 865 2913 983 2983; x_wconf 82' lang='lat' dir='ltr'><strong>ejus</strong></span> <span class='ocrx_word' id='word_1_319' title='bbox 1032 2906 1237 2963; x_wconf 89' lang='lat' dir='ltr'><strong>ordinis</strong></span> <span class='ocrx_word' id='word_1_320' title='bbox 1264 2905 1495 2961; x_wconf 78' lang='lat' dir='ltr'><strong>fortasse</strong></span> <span class='ocrx_word' id='word_1_321' title='bbox 1546 2916 1834 2961; x_wconf 87' lang='lat' dir='ltr'><strong>numerare</strong></span> <span class='ocrx_word' id='word_1_322' title='bbox 1872 2902 1964 2956; x_wconf 84' lang='lat' dir='ltr'><strong>vix</strong></span> 
     </span>
    </p>
   </div>
   <div class='ocr_carea' id='block_1_46' title="bbox 357 2993 1963 3082">
    <p class='ocr_par' dir='ltr' id='par_1_46' title="bbox 357 2993 1963 3082">
     <span class='ocr_line' id='line_1_46' title="bbox 357 2993 1963 3082; baseline -0.007 -23"><span class='ocrx_word' id='word_1_323' title='bbox 357 3007 644 3082; x_wconf 87' lang='lat' dir='ltr'><strong>potuisset.</strong></span> <span class='ocrx_word' id='word_1_324' title='bbox 697 3003 805 3061; x_wconf 83' lang='lat' dir='ltr'><strong>Sed</strong></span> <span class='ocrx_word' id='word_1_325' title='bbox 845 3000 1060 3069; x_wconf 80' lang='lat' dir='ltr'><strong>Minucii</strong></span> <span class='ocrx_word' id='word_1_326' title='bbox 1108 3007 1284 3055; x_wconf 88' lang='lat' dir='ltr'><strong>tamen</strong></span> <span class='ocrx_word' id='word_1_327' title='bbox 1328 2997 1639 3070; x_wconf 80' lang='lat' dir='ltr'><strong>exemplum</strong></span> <span class='ocrx_word' id='word_1_328' title='bbox 1701 2993 1963 3064; x_wconf 88' lang='lat' dir='ltr'><strong>quosdam</strong></span> 
     </span>
    </p>
   </div>
   <div class='ocr_carea' id='block_1_47' title="bbox 360 3086 1963 3163">
    <p class='ocr_par' dir='ltr' id='par_1_47' title="bbox 360 3086 1963 3163">
     <span class='ocr_line' id='line_1_47' title="bbox 360 3086 1963 3163; baseline -0.009 -10"><span class='ocrx_word' id='word_1_329' title='bbox 360 3107 580 3155; x_wconf 80' lang='lat' dir='ltr'><strong>secutus</strong></span> <span class='ocrx_word' id='word_1_330' title='bbox 629 3111 751 3153; x_wconf 90' lang='lat' dir='ltr'><strong>esse</strong></span> <span class='ocrx_word' id='word_1_331' title='bbox 801 3094 997 3153; x_wconf 87' lang='lat' dir='ltr'><strong>credo:</strong></span> <span class='ocrx_word' id='word_1_332' title='bbox 1054 3102 1113 3163; x_wconf 85' lang='lat' dir='ltr'><strong>ut</strong></span> <span class='ocrx_word' id='word_1_333' title='bbox 1164 3099 1219 3147; x_wconf 87' lang='lat' dir='ltr'><strong>et</strong></span> <span class='ocrx_word' id='word_1_334' title='bbox 1272 3088 1534 3157; x_wconf 75' lang='lat' dir='ltr'><strong>Minucius</strong></span> <span class='ocrx_word' id='word_1_335' title='bbox 1572 3086 1778 3148; x_wconf 85' lang='lat' dir='ltr'><strong>habuit,</strong></span> <span class='ocrx_word' id='word_1_336' title='bbox 1827 3098 1963 3154; x_wconf 91' lang='lat' dir='ltr'><strong>quos</strong></span> 
     </span>
    </p>
   </div>
   <div class='ocr_carea' id='block_1_48' title="bbox 2075 1880 3653 1956">
    <p class='ocr_par' dir='ltr' id='par_1_48' title="bbox 2075 1880 3653 1956">
     <span class='ocr_line' id='line_1_48' title="bbox 2075 1880 3653 1956; baseline 0.003 -21"><span class='ocrx_word' id='word_1_337' title='bbox 2075 1880 2242 1951; x_wconf 89' lang='lat' dir='ltr'><strong>telligi</strong></span> <span class='ocrx_word' id='word_1_338' title='bbox 2296 1890 2474 1951; x_wconf 87' lang='lat' dir='ltr'><strong>potest</strong></span> <span class='ocrx_word' id='word_1_339' title='bbox 2517 1882 2603 1939; x_wconf 87' lang='lat' dir='ltr'><strong>vel</strong></span> <span class='ocrx_word' id='word_1_340' title='bbox 2658 1898 2723 1938; x_wconf 84' lang='lat' dir='ltr'><strong>ex</strong></span> <span class='ocrx_word' id='word_1_341' title='bbox 2780 1882 2936 1947; x_wconf 85' lang='lat' dir='ltr'><strong>unius</strong></span> <span class='ocrx_word' id='word_1_342' title='bbox 2987 1884 3296 1956; x_wconf 84' lang='lat' dir='ltr'><strong>Symmachi</strong></span> <span class='ocrx_word' id='word_1_343' title='bbox 3346 1883 3653 1941; x_wconf 87' lang='lat' dir='ltr'><strong>conditione.</strong></span> 
     </span>
    </p>
   </div>
   <div class='ocr_carea' id='block_1_49' title="bbox 2077 1971 3655 2047">
    <p class='ocr_par' dir='ltr' id='par_1_49' title="bbox 2077 1971 3655 2047">
     <span class='ocr_line' id='line_1_49' title="bbox 2077 1971 3655 2047; baseline 0.002 -18"><span class='ocrx_word' id='word_1_344' title='bbox 2077 1971 2185 2029; x_wconf 85' lang='lat' dir='ltr'><strong>Sed</strong></span> <span class='ocrx_word' id='word_1_345' title='bbox 2240 1972 2368 2028; x_wconf 82' lang='lat' dir='ltr'><strong>facti</strong></span> <span class='ocrx_word' id='word_1_346' title='bbox 2421 1976 2636 2035; x_wconf 85' lang='lat' dir='ltr'><strong>tandem</strong></span> <span class='ocrx_word' id='word_1_347' title='bbox 2697 1976 2988 2047; x_wconf 85' lang='lat' dir='ltr'><strong>aliquando</strong></span> <span class='ocrx_word' id='word_1_348' title='bbox 3033 1987 3157 2042; x_wconf 82' lang='lat' dir='ltr'><strong>sunt</strong></span> <span class='ocrx_word' id='word_1_349' title='bbox 3216 1980 3559 2045; x_wconf 68' lang='lat' dir='ltr'><strong>severiores,</strong></span> <span class='ocrx_word' id='word_1_350' title='bbox 3612 1986 3655 2032; x_wconf 87' lang='lat' dir='ltr'><strong>et</strong></span> 
     </span>
    </p>
   </div>
   <div class='ocr_carea' id='block_1_50' title="bbox 2070 2066 3656 2142">
    <p class='ocr_par' dir='ltr' id='par_1_50' title="bbox 2070 2066 3656 2142">
     <span class='ocr_line' id='line_1_50' title="bbox 2070 2066 3656 2142; baseline 0.003 -19"><span class='ocrx_word' id='word_1_351' title='bbox 2070 2074 2317 2123; x_wconf 88' lang='lat' dir='ltr'><strong>senatum</strong></span> <span class='ocrx_word' id='word_1_352' title='bbox 2369 2066 2652 2139; x_wconf 75' lang='lat' dir='ltr'><strong>forumque</strong></span> <span class='ocrx_word' id='word_1_353' title='bbox 2704 2068 2860 2127; x_wconf 78' lang='lat' dir='ltr'><strong>Rom.</strong></span> <span class='ocrx_word' id='word_1_354' title='bbox 2911 2082 3305 2142; x_wconf 87' lang='lat' dir='ltr'><strong>perpurgarunt</strong></span> <span class='ocrx_word' id='word_1_355' title='bbox 3334 2082 3395 2130; x_wconf 88' lang='lat' dir='ltr'><strong>et</strong></span> <span class='ocrx_word' id='word_1_356' title='bbox 3420 2071 3656 2128; x_wconf 74' lang='lat' dir='ltr'><strong>Minucios</strong></span> 
     </span>
    </p>
   </div>
   <div class='ocr_carea' id='block_1_51' title="bbox 2069 2156 3657 2235">
    <p class='ocr_par' dir='ltr' id='par_1_51' title="bbox 2069 2156 3657 2235">
     <span class='ocr_line' id='line_1_51' title="bbox 2069 2156 3657 2235; baseline 0.005 -26"><span class='ocrx_word' id='word_1_357' title='bbox 2069 2156 2329 2226; x_wconf 88' lang='lat' dir='ltr'><strong>quosdam</strong></span> <span class='ocrx_word' id='word_1_358' title='bbox 2381 2171 2503 2214; x_wconf 87' lang='lat' dir='ltr'><strong>esse</strong></span> <span class='ocrx_word' id='word_1_359' title='bbox 2560 2158 2872 2229; x_wconf 86' lang='lat' dir='ltr'><strong>jusserunt,</strong></span> <span class='ocrx_word' id='word_1_360' title='bbox 2927 2161 3253 2235; x_wconf 80' lang='lat' dir='ltr'><strong>quicumque</strong></span> <span class='ocrx_word' id='word_1_361' title='bbox 3307 2165 3394 2221; x_wconf 90' lang='lat' dir='ltr'><strong>vel</strong></span> <span class='ocrx_word' id='word_1_362' title='bbox 3449 2164 3537 2234; x_wconf 79' lang='lat' dir='ltr'><strong>jus</strong></span> <span class='ocrx_word' id='word_1_363' title='bbox 3589 2163 3657 2218; x_wconf 89' lang='lat' dir='ltr'><strong>di-</strong></span> 
     </span>
    </p>
   </div>
   <div class='ocr_carea' id='block_1_52' title="bbox 2069 2249 3654 2328">
    <p class='ocr_par' dir='ltr' id='par_1_52' title="bbox 2069 2249 3654 2328">
     <span class='ocr_line' id='line_1_52' title="bbox 2069 2249 3654 2328; baseline 0.006 -27"><span class='ocrx_word' id='word_1_364' title='bbox 2069 2257 2289 2321; x_wconf 88' lang='lat' dir='ltr'><strong>cerent,</strong></span> <span class='ocrx_word' id='word_1_365' title='bbox 2337 2249 2423 2304; x_wconf 88' lang='lat' dir='ltr'><strong>vel</strong></span> <span class='ocrx_word' id='word_1_366' title='bbox 2459 2266 2652 2307; x_wconf 82' lang='lat' dir='ltr'><strong>causas</strong></span> <span class='ocrx_word' id='word_1_367' title='bbox 2677 2261 2920 2323; x_wconf 64' lang='lat' dir='ltr'><strong>agerent.</strong></span> <span class='ocrx_word' id='word_1_368' title='bbox 2952 2255 3114 2317; x_wconf 73' lang='lat' dir='ltr'><strong>Aram</strong></span> <span class='ocrx_word' id='word_1_369' title='bbox 3140 2255 3420 2321; x_wconf 75' lang='lat' dir='ltr'><strong>Victoriae,</strong></span> <span class='ocrx_word' id='word_1_370' title='bbox 3470 2272 3585 2328; x_wconf 73' lang='lat' dir='ltr'><strong>qua:</strong></span> <span class='ocrx_word' id='word_1_371' title='bbox 3610 2256 3654 2311; x_wconf 90' lang='lat' dir='ltr'><strong>in</strong></span> 
     </span>
    </p>
   </div>
   <div class='ocr_carea' id='block_1_53' title="bbox 2069 2341 3659 2421">
    <p class='ocr_par' dir='ltr' id='par_1_53' title="bbox 2069 2341 3659 2421">
     <span class='ocr_line' id='line_1_53' title="bbox 2069 2341 3659 2421; baseline 0.007 -28"><span class='ocrx_word' id='word_1_372' title='bbox 2069 2341 2332 2396; x_wconf 88' lang='lat' dir='ltr'><strong>vestibulo</strong></span> <span class='ocrx_word' id='word_1_373' title='bbox 2375 2344 2549 2399; x_wconf 69' lang='lat' dir='ltr'><strong>curite&#39;</strong></span> <span class='ocrx_word' id='word_1_374' title='bbox 2580 2348 2790 2413; x_wconf 86' lang='lat' dir='ltr'><strong>stabat,</strong></span> <span class='ocrx_word' id='word_1_375' title='bbox 2832 2356 2885 2403; x_wconf 84' lang='lat' dir='ltr'><strong>et</strong></span> <span class='ocrx_word' id='word_1_376' title='bbox 2931 2348 3000 2407; x_wconf 85' lang='lat' dir='ltr'><strong>ad</strong></span> <span class='ocrx_word' id='word_1_377' title='bbox 3037 2364 3198 2419; x_wconf 89' lang='lat' dir='ltr'><strong>quam</strong></span> <span class='ocrx_word' id='word_1_378' title='bbox 3245 2363 3472 2408; x_wconf 88' lang='lat' dir='ltr'><strong>senatus</strong></span> <span class='ocrx_word' id='word_1_379' title='bbox 3495 2352 3659 2421; x_wconf 85' lang='lat' dir='ltr'><strong>jurare</strong></span> 
     </span>
    </p>
   </div>
   <div class='ocr_carea' id='block_1_54' title="bbox 2069 2436 3643 2511">
    <p class='ocr_par' dir='ltr' id='par_1_54' title="bbox 2069 2436 3643 2511">
     <span class='ocr_line' id='line_1_54' title="bbox 2069 2436 3643 2511; baseline 0.015 -26"><span class='ocrx_word' id='word_1_380' title='bbox 2069 2443 2229 2504; x_wconf 84' lang='lat' dir='ltr'><strong>atque</strong></span> <span class='ocrx_word' id='word_1_381' title='bbox 2268 2436 2575 2493; x_wconf 83' lang='lat' dir='ltr'><strong>sacriﬁcare</strong></span> <span class='ocrx_word' id='word_1_382' title='bbox 2616 2438 2866 2502; x_wconf 89' lang='lat' dir='ltr'><strong>solebat.</strong></span> <span class='ocrx_word' id='word_1_383' title='bbox 2910 2440 3232 2511; x_wconf 75' lang='lat' dir='ltr'><strong>jampridem</strong></span> <span class='ocrx_word' id='word_1_384' title='bbox 3300 2451 3643 2508; x_wconf 70' lang='lat' dir='ltr'><strong>everterant.</strong></span> 
     </span>
    </p>
   </div>
   <div class='ocr_carea' id='block_1_55' title="bbox 2070 2525 3652 2606">
    <p class='ocr_par' dir='ltr' id='par_1_55' title="bbox 2070 2525 3652 2606">
     <span class='ocr_line' id='line_1_55' title="bbox 2070 2525 3652 2606; baseline 0 -17"><span class='ocrx_word' id='word_1_385' title='bbox 2070 2525 2187 2597; x_wconf 76' lang='lat' dir='ltr'><strong>ipso</strong></span> <span class='ocrx_word' id='word_1_386' title='bbox 2234 2530 2392 2585; x_wconf 90' lang='lat' dir='ltr'><strong>etiam</strong></span> <span class='ocrx_word' id='word_1_387' title='bbox 2442 2543 2493 2585; x_wconf 91' lang='lat' dir='ltr'><strong>et</strong></span> <span class='ocrx_word' id='word_1_388' title='bbox 2523 2530 2849 2601; x_wconf 86' lang='lat' dir='ltr'><strong>Symmacho</strong></span> <span class='ocrx_word' id='word_1_389' title='bbox 2872 2531 2955 2606; x_wconf 81' lang='grc'><strong>(5)</strong></span> <span class='ocrx_word' id='word_1_390' title='bbox 2986 2543 3043 2589; x_wconf 92' lang='lat' dir='ltr'><strong>et</strong></span> <span class='ocrx_word' id='word_1_391' title='bbox 3087 2544 3279 2592; x_wconf 81' lang='lat' dir='ltr'><strong>senatu</strong></span> <span class='ocrx_word' id='word_1_392' title='bbox 3316 2537 3652 2591; x_wconf 81' lang='lat' dir='ltr'><strong>reclamante.</strong></span> 
     </span>
    </p>
   </div>
   <div class='ocr_carea' id='block_1_56' title="bbox 2076 2620 3660 2695">
    <p class='ocr_par' dir='ltr' id='par_1_56' title="bbox 2076 2620 3660 2695">
     <span class='ocr_line' id='line_1_56' title="bbox 2076 2620 3660 2695; baseline 0.003 -21"><span class='ocrx_word' id='word_1_393' title='bbox 2076 2620 2185 2690; x_wconf 80' lang='lat' dir='ltr'><strong>Sed</strong></span> <span class='ocrx_word' id='word_1_394' title='bbox 2235 2620 2531 2679; x_wconf 77' lang='lat' dir='ltr'><strong>eﬁ&#39;ecerunt</strong></span> <span class='ocrx_word' id='word_1_395' title='bbox 2573 2635 2867 2694; x_wconf 76' lang='lat' dir='ltr'><strong>posuemo,</strong></span> <span class='ocrx_word' id='word_1_396' title='bbox 2922 2634 2979 2685; x_wconf 85' lang='lat' dir='ltr'><strong>ut</strong></span> <span class='ocrx_word' id='word_1_397' title='bbox 3038 2640 3144 2682; x_wconf 87' lang='lat' dir='ltr'><strong>non</strong></span> <span class='ocrx_word' id='word_1_398' title='bbox 3193 2626 3356 2685; x_wconf 77' lang='lat' dir='ltr'><strong>modo</strong></span> <span class='ocrx_word' id='word_1_399' title='bbox 3396 2643 3428 2685; x_wconf 84' lang='lat' dir='ltr'><strong>a</strong></span> <span class='ocrx_word' id='word_1_400' title='bbox 3471 2626 3563 2695; x_wconf 82' lang='lat' dir='ltr'><strong>tali</strong></span> <span class='ocrx_word' id='word_1_401' title='bbox 3582 2642 3660 2680; x_wconf 85' lang='lat' dir='ltr'><strong>stt-</strong></span> 
     </span>
    </p>
   </div>
   <div class='ocr_carea' id='block_1_57' title="bbox 2071 2714 3661 2797">
    <p class='ocr_par' dir='ltr' id='par_1_57' title="bbox 2071 2714 3661 2797">
     <span class='ocr_line' id='line_1_57' title="bbox 2071 2714 3661 2797; baseline 0.003 -28"><span class='ocrx_word' id='word_1_402' title='bbox 2071 2714 2388 2797; x_wconf 78' lang='lat' dir='ltr'><strong>perstitioue</strong></span> <span class='ocrx_word' id='word_1_403' title='bbox 2439 2716 2599 2777; x_wconf 88' lang='lat' dir='ltr'><strong>liberi</strong></span> <span class='ocrx_word' id='word_1_404' title='bbox 2651 2728 2835 2775; x_wconf 83' lang='lat' dir='ltr'><strong>essent</strong></span> <span class='ocrx_word' id='word_1_405' title='bbox 2878 2734 3067 2777; x_wconf 87' lang='lat' dir='ltr'><strong>omnes</strong></span> <span class='ocrx_word' id='word_1_406' title='bbox 3110 2722 3320 2792; x_wconf 87' lang='lat' dir='ltr'><strong>togati,</strong></span> <span class='ocrx_word' id='word_1_407' title='bbox 3371 2721 3473 2777; x_wconf 86' lang='lat' dir='ltr'><strong>sed</strong></span> <span class='ocrx_word' id='word_1_408' title='bbox 3516 2724 3661 2778; x_wconf 82' lang='lat' dir='ltr'><strong>etiam</strong></span> 
     </span>
    </p>
   </div>
   <div class='ocr_carea' id='block_1_58' title="bbox 2071 2807 3663 2884">
    <p class='ocr_par' dir='ltr' id='par_1_58' title="bbox 2071 2807 3663 2884">
     <span class='ocr_line' id='line_1_58' title="bbox 2071 2807 3663 2884; baseline 0.001 -19"><span class='ocrx_word' id='word_1_409' title='bbox 2071 2817 2128 2867; x_wconf 83' lang='lat' dir='ltr'><strong>ut</strong></span> <span class='ocrx_word' id='word_1_410' title='bbox 2173 2807 2318 2864; x_wconf 89' lang='lat' dir='ltr'><strong>nulla</strong></span> <span class='ocrx_word' id='word_1_411' title='bbox 2350 2810 2401 2863; x_wconf 92' lang='lat' dir='ltr'><strong>in</strong></span> <span class='ocrx_word' id='word_1_412' title='bbox 2456 2809 2572 2864; x_wconf 79' lang='lat' dir='ltr'><strong>foro</strong></span> <span class='ocrx_word' id='word_1_413' title='bbox 2611 2811 2712 2864; x_wconf 90' lang='lat' dir='ltr'><strong>nisi</strong></span> <span class='ocrx_word' id='word_1_414' title='bbox 2758 2810 3050 2876; x_wconf 86' lang='lat' dir='ltr'><strong>christiana</strong></span> <span class='ocrx_word' id='word_1_415' title='bbox 3077 2823 3223 2870; x_wconf 83' lang='lat' dir='ltr'><strong>esset</strong></span> <span class='ocrx_word' id='word_1_416' title='bbox 3260 2812 3353 2869; x_wconf 81' lang='lat' dir='ltr'><strong>illa</strong></span> <span class='ocrx_word' id='word_1_417' title='bbox 3401 2812 3663 2884; x_wconf 81' lang='lat' dir='ltr'><strong>jurispru—</strong></span> 
     </span>
    </p>
   </div>
   <div class='ocr_carea' id='block_1_59' title="bbox 2069 2896 3667 2972">
    <p class='ocr_par' dir='ltr' id='par_1_59' title="bbox 2069 2896 3667 2972">
     <span class='ocr_line' id='line_1_59' title="bbox 2069 2896 3667 2972; baseline 0.006 -21"><span class='ocrx_word' id='word_1_418' title='bbox 2069 2896 2274 2965; x_wconf 78' lang='lat' dir='ltr'><strong>dentia,</strong></span> <span class='ocrx_word' id='word_1_419' title='bbox 2329 2899 2488 2965; x_wconf 87' lang='lat' dir='ltr'><strong>cujus</strong></span> <span class='ocrx_word' id='word_1_420' title='bbox 2547 2900 2659 2970; x_wconf 86' lang='lat' dir='ltr'><strong>jam</strong></span> <span class='ocrx_word' id='word_1_421' title='bbox 2714 2902 2842 2956; x_wconf 89' lang='lat' dir='ltr'><strong>olim</strong></span> <span class='ocrx_word' id='word_1_422' title='bbox 2880 2905 3057 2972; x_wconf 87' lang='lat' dir='ltr'><strong>aliqua</strong></span> <span class='ocrx_word' id='word_1_423' title='bbox 3107 2905 3162 2965; x_wconf 85' lang='lat' dir='ltr'><strong>in</strong></span> <span class='ocrx_word' id='word_1_424' title='bbox 3207 2905 3446 2962; x_wconf 77' lang='lat' dir='ltr'><strong>Minucio</strong></span> <span class='ocrx_word' id='word_1_425' title='bbox 3493 2916 3667 2962; x_wconf 81' lang='lat' dir='ltr'><strong>nostro</strong></span> 
     </span>
    </p>
   </div>
   <div class='ocr_carea' id='block_1_60' title="bbox 2068 2985 2508 3057">
    <p class='ocr_par' dir='ltr' id='par_1_60' title="bbox 2068 2985 2508 3057">
     <span class='ocr_line' id='line_1_60' title="bbox 2068 2985 2508 3057; baseline 0.005 -15"><span class='ocrx_word' id='word_1_426' title='bbox 2068 2985 2272 3057; x_wconf 78' lang='lat' dir='ltr'><strong>efﬁgies</strong></span> <span class='ocrx_word' id='word_1_427' title='bbox 2312 2988 2508 3044; x_wconf 78' lang='lat' dir='ltr'><strong>fuerat.</strong></span> 
     </span>
    </p>
   </div>
   <div class='ocr_carea' id='block_1_61' title="bbox 2139 3077 3667 3157">
    <p class='ocr_par' dir='ltr' id='par_1_61' title="bbox 2139 3077 3667 3157">
     <span class='ocr_line' id='line_1_61' title="bbox 2139 3077 3667 3157; baseline 0.007 -24"><span class='ocrx_word' id='word_1_428' title='bbox 2139 3077 2424 3135; x_wconf 87' lang='lat' dir='ltr'><strong>Minuciani</strong></span> <span class='ocrx_word' id='word_1_429' title='bbox 2458 3079 2611 3150; x_wconf 86' lang='lat' dir='ltr'><strong>hujus</strong></span> <span class='ocrx_word' id='word_1_430' title='bbox 2638 3080 2808 3137; x_wconf 88' lang='lat' dir='ltr'><strong>libelli</strong></span> <span class='ocrx_word' id='word_1_431' title='bbox 2839 3082 3139 3152; x_wconf 87' lang='lat' dir='ltr'><strong>inscriptio,</strong></span> <span class='ocrx_word' id='word_1_432' title='bbox 3167 3093 3224 3142; x_wconf 88' lang='lat' dir='ltr'><strong>et</strong></span> <span class='ocrx_word' id='word_1_433' title='bbox 3245 3084 3445 3157; x_wconf 80' lang='lat' dir='ltr'><strong>dialogi</strong></span> <span class='ocrx_word' id='word_1_434' title='bbox 3469 3088 3667 3156; x_wconf 83' lang='lat' dir='ltr'><strong>forma,</strong></span> 
     </span>
    </p>
   </div>
   <div class='ocr_carea' id='block_1_62' title="bbox 359 3168 3667 3257">
    <p class='ocr_par' dir='ltr' id='par_1_62' title="bbox 359 3168 3667 3257">
     <span class='ocr_line' id='line_1_62' title="bbox 359 3168 3667 3257; baseline -0.005 -7"><span class='ocrx_word' id='word_1_435' title='bbox 359 3193 417 3251; x_wconf 91' lang='lat' dir='ltr'><strong>in</strong></span> <span class='ocrx_word' id='word_1_436' title='bbox 466 3192 657 3251; x_wconf 89' lang='lat' dir='ltr'><strong>eodem</strong></span> <span class='ocrx_word' id='word_1_437' title='bbox 715 3187 891 3245; x_wconf 87' lang='lat' dir='ltr'><strong>stadio</strong></span> <span class='ocrx_word' id='word_1_438' title='bbox 947 3192 1287 3257; x_wconf 86' lang='lat' dir='ltr'><strong>sequeretur.</strong></span> <span class='ocrx_word' id='word_1_439' title='bbox 1334 3181 1535 3239; x_wconf 88' lang='lat' dir='ltr'><strong>Saltem</strong></span> <span class='ocrx_word' id='word_1_440' title='bbox 1602 3178 2035 3257; x_wconf 66' lang='lat' dir='ltr'><strong>Hieronymusg</strong></span> <span class='ocrx_word' id='word_1_441' title='bbox 2068 3168 2345 3241; x_wconf 70' lang='lat' dir='ltr'><strong>antiquum</strong></span> <span class='ocrx_word' id='word_1_442' title='bbox 2399 3170 2780 3242; x_wconf 89' lang='lat' dir='ltr'><strong>eruditumque</strong></span> <span class='ocrx_word' id='word_1_443' title='bbox 2856 3174 3121 3233; x_wconf 81' lang='lat' dir='ltr'><strong>scribendi</strong></span> <span class='ocrx_word' id='word_1_444' title='bbox 3200 3190 3413 3233; x_wconf 84' lang='lat' dir='ltr'><strong>morem</strong></span> <span class='ocrx_word' id='word_1_445' title='bbox 3491 3181 3667 3238; x_wconf 81' lang='lat' dir='ltr'><strong>refert.</strong></span> 
     </span>
    </p>
   </div>
   <div class='ocr_carea' id='block_1_63' title="bbox 360 3268 1959 3355">
    <p class='ocr_par' dir='ltr' id='par_1_63' title="bbox 360 3268 1959 3355">
     <span class='ocr_line' id='line_1_63' title="bbox 360 3268 1959 3355; baseline -0.011 -14"><span class='ocrx_word' id='word_1_446' title='bbox 360 3284 431 3341; x_wconf 90' lang='lat' dir='ltr'><strong>ad</strong></span> <span class='ocrx_word' id='word_1_447' title='bbox 489 3284 759 3355; x_wconf 79' lang='lat' dir='ltr'><strong>Magnum,</strong></span> <span class='ocrx_word' id='word_1_448' title='bbox 811 3280 901 3335; x_wconf 86' lang='lat' dir='ltr'><strong>ubi</strong></span> <span class='ocrx_word' id='word_1_449' title='bbox 951 3277 1242 3349; x_wconf 70' lang='lat' dir='ltr'><strong>Minucium</strong></span> <span class='ocrx_word' id='word_1_450' title='bbox 1284 3274 1481 3339; x_wconf 83' lang='lat' dir='ltr'><strong>laudat,</strong></span> <span class='ocrx_word' id='word_1_451' title='bbox 1531 3270 1775 3327; x_wconf 88' lang='lat' dir='ltr'><strong>meminit</strong></span> <span class='ocrx_word' id='word_1_452' title='bbox 1824 3268 1959 3324; x_wconf 84' lang='lat' dir='ltr'><strong>duo-</strong></span> 
     </span>
    </p>
   </div>
   <div class='ocr_carea' id='block_1_64' title="bbox 361 3362 1960 3435">
    <p class='ocr_par' dir='ltr' id='par_1_64' title="bbox 361 3362 1960 3435">
     <span class='ocr_line' id='line_1_64' title="bbox 361 3362 1960 3435; baseline -0.013 -2"><span class='ocrx_word' id='word_1_453' title='bbox 361 3392 485 3435; x_wconf 90' lang='lat' dir='ltr'><strong>rttm</strong></span> <span class='ocrx_word' id='word_1_454' title='bbox 535 3376 790 3429; x_wconf 69' lang='lat' dir='ltr'><strong>Humana:</strong></span> <span class='ocrx_word' id='word_1_455' title='bbox 832 3369 981 3427; x_wconf 88' lang='lat' dir='ltr'><strong>urbis</strong></span> <span class='ocrx_word' id='word_1_456' title='bbox 1024 3378 1368 3431; x_wconf 82' lang='lat' dir='ltr'><strong>senatorum,</strong></span> <span class='ocrx_word' id='word_1_457' title='bbox 1424 3362 1696 3435; x_wconf 74' lang='lat' dir='ltr'><strong>Hippolyti</strong></span> <span class='ocrx_word' id='word_1_458' title='bbox 1740 3369 1799 3417; x_wconf 91' lang='lat' dir='ltr'><strong>et</strong></span> <span class='ocrx_word' id='word_1_459' title='bbox 1848 3363 1960 3433; x_wconf 82' lang='lat' dir='ltr'><strong>Ap-</strong></span> 
     </span>
    </p>
   </div>
   <div class='ocr_carea' id='block_1_65' title="bbox 361 3456 1963 3542">
    <p class='ocr_par' dir='ltr' id='par_1_65' title="bbox 361 3456 1963 3542">
     <span class='ocr_line' id='line_1_65' title="bbox 361 3456 1963 3542; baseline -0.009 -18"><span class='ocrx_word' id='word_1_460' title='bbox 361 3467 607 3542; x_wconf 86' lang='lat' dir='ltr'><strong>pollonii.</strong></span> <span class='ocrx_word' id='word_1_461' title='bbox 649 3466 763 3538; x_wconf 91' lang='lat' dir='ltr'><strong>qui,</strong></span> <span class='ocrx_word' id='word_1_462' title='bbox 807 3473 862 3520; x_wconf 92' lang='lat' dir='ltr'><strong>ut</strong></span> <span class='ocrx_word' id='word_1_463' title='bbox 913 3472 969 3533; x_wconf 85' lang='lat' dir='ltr'><strong>et</strong></span> <span class='ocrx_word' id='word_1_464' title='bbox 1015 3461 1154 3516; x_wconf 90' lang='lat' dir='ltr'><strong>inter</strong></span> <span class='ocrx_word' id='word_1_465' title='bbox 1197 3459 1500 3531; x_wconf 80' lang='lat' dir='ltr'><strong>Scriptores</strong></span> <span class='ocrx_word' id='word_1_466' title='bbox 1568 3456 1963 3517; x_wconf 75' lang='lat' dir='ltr'><strong>ecclesiasticos</strong></span> 
     </span>
    </p>
   </div>
   <div class='ocr_carea' id='block_1_66' title="bbox 364 3546 1962 3627">
    <p class='ocr_par' dir='ltr' id='par_1_66' title="bbox 364 3546 1962 3627">
     <span class='ocr_line' id='line_1_66' title="bbox 364 3546 1962 3627; baseline -0.014 -8"><span class='ocrx_word' id='word_1_467' title='bbox 364 3561 714 3627; x_wconf 73' lang='lat' dir='ltr'><strong>referrentur,</strong></span> <span class='ocrx_word' id='word_1_468' title='bbox 753 3555 928 3613; x_wconf 89' lang='lat' dir='ltr'><strong>meriti</strong></span> <span class='ocrx_word' id='word_1_469' title='bbox 975 3556 1102 3613; x_wconf 87' lang='lat' dir='ltr'><strong>sint.</strong></span> <span class='ocrx_word' id='word_1_470' title='bbox 1133 3550 1272 3623; x_wconf 78' lang='lat' dir='ltr'><strong>Quid</strong></span> <span class='ocrx_word' id='word_1_471' title='bbox 1300 3550 1473 3606; x_wconf 85' lang='lat' dir='ltr'><strong>dicam</strong></span> <span class='ocrx_word' id='word_1_472' title='bbox 1497 3547 1566 3605; x_wconf 81' lang='lat' dir='ltr'><strong>de</strong></span> <span class='ocrx_word' id='word_1_473' title='bbox 1600 3548 1692 3611; x_wconf 86' lang='lat' dir='ltr'><strong>illo</strong></span> <span class='ocrx_word' id='word_1_474' title='bbox 1718 3546 1799 3618; x_wconf 80' lang='grc' dir='ltr'><strong>(ι)</strong></span> <span class='ocrx_word' id='word_1_475' title='bbox 1834 3546 1962 3603; x_wconf 73' lang='lat' dir='ltr'><strong>Vel.</strong></span> 
     </span>
    </p>
   </div>
   <div class='ocr_carea' id='block_1_67' title="bbox 364 3638 1956 3722">
    <p class='ocr_par' dir='ltr' id='par_1_67' title="bbox 364 3638 1956 3722">
     <span class='ocr_line' id='line_1_67' title="bbox 364 3638 1956 3722; baseline -0.008 -15"><span class='ocrx_word' id='word_1_476' title='bbox 364 3654 442 3708; x_wconf 90' lang='lat' dir='ltr'><strong>tio</strong></span> <span class='ocrx_word' id='word_1_477' title='bbox 484 3649 763 3722; x_wconf 83' lang='lat' dir='ltr'><strong>Epagatlto</strong></span> <span class='ocrx_word' id='word_1_478' title='bbox 819 3643 1194 3716; x_wconf 87' lang='lat' dir='ltr'><strong>Lugdunensi,</strong></span> <span class='ocrx_word' id='word_1_479' title='bbox 1236 3642 1336 3721; x_wconf 83' lang='lat' dir='ltr'><strong>qui</strong></span> <span class='ocrx_word' id='word_1_480' title='bbox 1366 3640 1492 3695; x_wconf 84' lang='lat' dir='ltr'><strong>olim</strong></span> <span class='ocrx_word' id='word_1_481' title='bbox 1532 3651 1587 3697; x_wconf 90' lang='lat' dir='ltr'><strong>et</strong></span> <span class='ocrx_word' id='word_1_482' title='bbox 1622 3639 1802 3695; x_wconf 88' lang='lat' dir='ltr'><strong>multis</strong></span> <span class='ocrx_word' id='word_1_483' title='bbox 1840 3638 1956 3713; x_wconf 84' lang='lat' dir='ltr'><strong>qui-</strong></span> 
     </span>
    </p>
   </div>
   <div class='ocr_carea' id='block_1_68' title="bbox 366 3730 1964 3811">
    <p class='ocr_par' dir='ltr' id='par_1_68' title="bbox 366 3730 1964 3811">
     <span class='ocr_line' id='line_1_68' title="bbox 366 3730 1964 3811; baseline -0.016 -9"><span class='ocrx_word' id='word_1_484' title='bbox 366 3744 488 3811; x_wconf 79' lang='lat' dir='ltr'><strong>dem</strong></span> <span class='ocrx_word' id='word_1_485' title='bbox 537 3750 665 3799; x_wconf 82' lang='lat' dir='ltr'><strong>ante</strong></span> <span class='ocrx_word' id='word_1_486' title='bbox 712 3737 1001 3795; x_wconf 81' lang='lat' dir='ltr'><strong>Minucium</strong></span> <span class='ocrx_word' id='word_1_487' title='bbox 1040 3735 1196 3793; x_wconf 83' lang='lat' dir='ltr'><strong>annis</strong></span> <span class='ocrx_word' id='word_1_488' title='bbox 1251 3740 1307 3787; x_wconf 91' lang='lat' dir='ltr'><strong>et</strong></span> <span class='ocrx_word' id='word_1_489' title='bbox 1350 3730 1450 3786; x_wconf 81' lang='lat' dir='ltr'><strong>fuit</strong></span> <span class='ocrx_word' id='word_1_490' title='bbox 1479 3742 1533 3784; x_wconf 90' lang='lat' dir='ltr'><strong>et</strong></span> <span class='ocrx_word' id='word_1_491' title='bbox 1584 3730 1778 3800; x_wconf 82' lang='lat' dir='ltr'><strong>partim</strong></span> <span class='ocrx_word' id='word_1_492' title='bbox 1811 3731 1964 3800; x_wconf 81' lang='lat' dir='ltr'><strong>igno—</strong></span> 
     </span>
    </p>
   </div>
   <div class='ocr_carea' id='block_1_69' title="bbox 367 3823 1967 3905">
    <p class='ocr_par' dir='ltr' id='par_1_69' title="bbox 367 3823 1967 3905">
     <span class='ocr_line' id='line_1_69' title="bbox 367 3823 1967 3905; baseline -0.009 -13"><span class='ocrx_word' id='word_1_493' title='bbox 367 3837 587 3905; x_wconf 68' lang='lat' dir='ltr'><strong>miniaa,</strong></span> <span class='ocrx_word' id='word_1_494' title='bbox 656 3829 850 3905; x_wconf 84' lang='lat' dir='ltr'><strong>partim</strong></span> <span class='ocrx_word' id='word_1_495' title='bbox 899 3826 1118 3885; x_wconf 87' lang='lat' dir='ltr'><strong>honoris</strong></span> <span class='ocrx_word' id='word_1_496' title='bbox 1165 3840 1326 3901; x_wconf 72' lang='lat' dir='ltr'><strong>causa</strong></span> <span class='ocrx_word' id='word_1_497' title='bbox 1368 3823 1450 3895; x_wconf 89' lang='lat' dir='ltr'><strong>(ut</strong></span> <span class='ocrx_word' id='word_1_498' title='bbox 1477 3823 1622 3879; x_wconf 87' lang='lat' dir='ltr'><strong>varia</strong></span> <span class='ocrx_word' id='word_1_499' title='bbox 1646 3834 1772 3879; x_wconf 89' lang='lat' dir='ltr'><strong>tunc</strong></span> <span class='ocrx_word' id='word_1_500' title='bbox 1813 3831 1967 3878; x_wconf 86' lang='lat' dir='ltr'><strong>erant</strong></span> 
     </span>
    </p>
   </div>
   <div class='ocr_carea' id='block_1_70' title="bbox 365 3915 1967 3991">
    <p class='ocr_par' dir='ltr' id='par_1_70' title="bbox 365 3915 1967 3991">
     <span class='ocr_line' id='line_1_70' title="bbox 365 3915 1967 3991; baseline -0.012 -5"><span class='ocrx_word' id='word_1_501' title='bbox 365 3928 649 3987; x_wconf 83' lang='lat' dir='ltr'><strong>hominum</strong></span> <span class='ocrx_word' id='word_1_502' title='bbox 700 3923 770 3983; x_wconf 89' lang='lat' dir='ltr'><strong>de</strong></span> <span class='ocrx_word' id='word_1_503' title='bbox 814 3920 1075 3990; x_wconf 74' lang='lat' dir='ltr'><strong>religione</strong></span> <span class='ocrx_word' id='word_1_504' title='bbox 1109 3917 1337 3991; x_wconf 86' lang='lat' dir='ltr'><strong>judicia)</strong></span> <span class='ocrx_word' id='word_1_505' title='bbox 1391 3916 1603 3989; x_wconf 85' lang='lat' dir='ltr'><strong>publice</strong></span> <span class='ocrx_word' id='word_1_506' title='bbox 1665 3915 1967 3985; x_wconf 83' lang='lat' dir='ltr'><strong>appellatus</strong></span> 
     </span>
    </p>
   </div>
   <div class='ocr_carea' id='block_1_71' title="bbox 367 4006 1969 4089">
    <p class='ocr_par' dir='ltr' id='par_1_71' title="bbox 367 4006 1969 4089">
     <span class='ocr_line' id='line_1_71' title="bbox 367 4006 1969 4089; baseline -0.011 -12"><span class='ocrx_word' id='word_1_507' title='bbox 367 4027 453 4077; x_wconf 84' lang='lat' dir='ltr'><strong>est</strong></span> <span class='ocrx_word' id='word_1_508' title='bbox 523 4014 602 4089; x_wconf 77' lang='lat'><strong>(2)</strong></span> <span class='ocrx_word' id='word_1_509' title='bbox 685 4025 995 4081; x_wconf 66' lang='lat' dir='ltr'><strong>ADVOCATUS</strong></span> <span class='ocrx_word' id='word_1_510' title='bbox 1056 4008 1532 4071; x_wconf 71' lang='lat' dir='ltr'><strong>CilltlSTlANuttUl?</strong></span> <span class='ocrx_word' id='word_1_511' title='bbox 1628 4006 1713 4065; x_wconf 87' lang='lat' dir='ltr'><strong>An</strong></span> <span class='ocrx_word' id='word_1_512' title='bbox 1776 4006 1969 4061; x_wconf 84' lang='lat' dir='ltr'><strong>horum</strong></span> 
     </span>
    </p>
   </div>
   <div class='ocr_carea' id='block_1_72' title="bbox 367 4098 1969 4178">
    <p class='ocr_par' dir='ltr' id='par_1_72' title="bbox 367 4098 1969 4178">
     <span class='ocr_line' id='line_1_72' title="bbox 367 4098 1969 4178; baseline -0.011 -11"><span class='ocrx_word' id='word_1_513' title='bbox 367 4121 585 4167; x_wconf 80' lang='lat' dir='ltr'><strong>causam</strong></span> <span class='ocrx_word' id='word_1_514' title='bbox 625 4104 918 4178; x_wconf 81' lang='lat' dir='ltr'><strong>aliquando</strong></span> <span class='ocrx_word' id='word_1_515' title='bbox 968 4103 1021 4159; x_wconf 88' lang='lat' dir='ltr'><strong>iu</strong></span> <span class='ocrx_word' id='word_1_516' title='bbox 1076 4099 1195 4159; x_wconf 79' lang='lat' dir='ltr'><strong>foro</strong></span> <span class='ocrx_word' id='word_1_517' title='bbox 1249 4099 1481 4155; x_wconf 82' lang='lat' dir='ltr'><strong>Roman.</strong></span> <span class='ocrx_word' id='word_1_518' title='bbox 1526 4098 1792 4155; x_wconf 86' lang='lat' dir='ltr'><strong>Minucius</strong></span> <span class='ocrx_word' id='word_1_519' title='bbox 1841 4113 1969 4175; x_wconf 80' lang='lat' dir='ltr'><strong>ege-</strong></span> 
     </span>
    </p>
   </div>
   <div class='ocr_carea' id='block_1_73' title="bbox 368 4191 1968 4269">
    <p class='ocr_par' dir='ltr' id='par_1_73' title="bbox 368 4191 1968 4269">
     <span class='ocr_line' id='line_1_73' title="bbox 368 4191 1968 4269; baseline -0.009 -8"><span class='ocrx_word' id='word_1_520' title='bbox 368 4203 462 4269; x_wconf 82' lang='lat' dir='ltr'><strong>rit,</strong></span> <span class='ocrx_word' id='word_1_521' title='bbox 504 4199 708 4257; x_wconf 89' lang='lat' dir='ltr'><strong>nescio.</strong></span> <span class='ocrx_word' id='word_1_522' title='bbox 753 4198 910 4253; x_wconf 85' lang='lat' dir='ltr'><strong>Certe</strong></span> <span class='ocrx_word' id='word_1_523' title='bbox 939 4194 1297 4255; x_wconf 85' lang='lat' dir='ltr'><strong>Tcrtulliauus</strong></span> <span class='ocrx_word' id='word_1_524' title='bbox 1341 4194 1427 4247; x_wconf 85' lang='lat' dir='ltr'><strong>vix</strong></span> <span class='ocrx_word' id='word_1_525' title='bbox 1468 4191 1571 4248; x_wconf 87' lang='lat' dir='ltr'><strong>hoc</strong></span> <span class='ocrx_word' id='word_1_526' title='bbox 1598 4193 1819 4249; x_wconf 77' lang='lat' dir='ltr'><strong>licuisse</strong></span> <span class='ocrx_word' id='word_1_527' title='bbox 1855 4193 1968 4265; x_wconf 87' lang='lat' dir='ltr'><strong>sig-</strong></span> 
     </span>
    </p>
   </div>
   <div class='ocr_carea' id='block_1_74' title="bbox 370 4285 1968 4359">
    <p class='ocr_par' dir='ltr' id='par_1_74' title="bbox 370 4285 1968 4359">
     <span class='ocr_line' id='line_1_74' title="bbox 370 4285 1968 4359; baseline -0.007 -8"><span class='ocrx_word' id='word_1_528' title='bbox 370 4296 577 4351; x_wconf 89' lang='lat' dir='ltr'><strong>ntlicat.</strong></span> <span class='ocrx_word' id='word_1_529' title='bbox 613 4292 745 4351; x_wconf 85' lang='lat' dir='ltr'><strong>Tam</strong></span> <span class='ocrx_word' id='word_1_530' title='bbox 791 4289 979 4347; x_wconf 84' lang='lat' dir='ltr'><strong>odiosa</strong></span> <span class='ocrx_word' id='word_1_531' title='bbox 1036 4299 1162 4351; x_wconf 87' lang='lat' dir='ltr'><strong>tunc</strong></span> <span class='ocrx_word' id='word_1_532' title='bbox 1208 4296 1324 4345; x_wconf 86' lang='lat' dir='ltr'><strong>erat</strong></span> <span class='ocrx_word' id='word_1_533' title='bbox 1369 4300 1554 4347; x_wconf 88' lang='lat' dir='ltr'><strong>eorum</strong></span> <span class='ocrx_word' id='word_1_534' title='bbox 1604 4285 1716 4342; x_wconf 86' lang='lat' dir='ltr'><strong>sive</strong></span> <span class='ocrx_word' id='word_1_535' title='bbox 1759 4286 1968 4359; x_wconf 84' lang='lat' dir='ltr'><strong>religio,</strong></span> 
     </span>
    </p>
   </div>
   <div class='ocr_carea' id='block_1_75' title="bbox 368 4376 1968 4453">
    <p class='ocr_par' dir='ltr' id='par_1_75' title="bbox 368 4376 1968 4453">
     <span class='ocr_line' id='line_1_75' title="bbox 368 4376 1968 4453; baseline -0.008 -12"><span class='ocrx_word' id='word_1_536' title='bbox 368 4386 487 4443; x_wconf 73' lang='lat' dir='ltr'><strong>&#39;sive</strong></span> <span class='ocrx_word' id='word_1_537' title='bbox 512 4384 750 4440; x_wconf 88' lang='lat' dir='ltr'><strong>Ecclesia</strong></span> <span class='ocrx_word' id='word_1_538' title='bbox 769 4424 783 4453; x_wconf 94' lang='lat'><strong>,</strong></span> <span class='ocrx_word' id='word_1_539' title='bbox 813 4382 896 4437; x_wconf 80' lang='lat' dir='ltr'><strong>cui</strong></span> <span class='ocrx_word' id='word_1_540' title='bbox 929 4389 1099 4439; x_wconf 84' lang='lat' dir='ltr'><strong>status</strong></span> <span class='ocrx_word' id='word_1_541' title='bbox 1126 4376 1432 4448; x_wconf 70' lang='lat' dir='ltr'><strong>reipublicaa</strong></span> <span class='ocrx_word' id='word_1_542' title='bbox 1463 4378 1781 4451; x_wconf 90' lang='lat' dir='ltr'><strong>imperiique</strong></span> <span class='ocrx_word' id='word_1_543' title='bbox 1809 4376 1968 4445; x_wconf 68' lang='lat' dir='ltr'><strong>Rom.</strong></span> 
     </span>
    </p>
   </div>
   <div class='ocr_carea' id='block_1_76' title="bbox 374 4469 1974 4545">
    <p class='ocr_par' dir='ltr' id='par_1_76' title="bbox 374 4469 1974 4545">
     <span class='ocr_line' id='line_1_76' title="bbox 374 4469 1974 4545; baseline -0.005 -12"><span class='ocrx_word' id='word_1_544' title='bbox 374 4475 796 4538; x_wconf 75' lang='lat' dir='ltr'><strong>adversabatur,</strong></span> <span class='ocrx_word' id='word_1_545' title='bbox 841 4482 1022 4545; x_wconf 87' lang='lat' dir='ltr'><strong>totque</strong></span> <span class='ocrx_word' id='word_1_546' title='bbox 1046 4471 1158 4541; x_wconf 89' lang='lat' dir='ltr'><strong>jam</strong></span> <span class='ocrx_word' id='word_1_547' title='bbox 1206 4480 1321 4535; x_wconf 79' lang='lat' dir='ltr'><strong>crat</strong></span> <span class='ocrx_word' id='word_1_548' title='bbox 1366 4469 1594 4540; x_wconf 83' lang='lat' dir='ltr'><strong>publicis</strong></span> <span class='ocrx_word' id='word_1_549' title='bbox 1649 4469 1974 4539; x_wconf 77' lang='lat' dir='ltr'><strong>punjudiciis</strong></span> 
     </span>
    </p>
   </div>
   <div class='ocr_carea' id='block_1_77' title="bbox 2064 3258 3669 3335">
    <p class='ocr_par' dir='ltr' id='par_1_77' title="bbox 2064 3258 3669 3335">
     <span class='ocr_line' id='line_1_77' title="bbox 2064 3258 3669 3335; baseline 0.008 -21"><span class='ocrx_word' id='word_1_550' title='bbox 2064 3258 2247 3329; x_wconf 60' lang='lat' dir='ltr'><strong>genus</strong></span> <span class='ocrx_word' id='word_1_551' title='bbox 2285 3261 2496 3317; x_wconf 90' lang='lat' dir='ltr'><strong>dicendi</strong></span> <span class='ocrx_word' id='word_1_552' title='bbox 2537 3270 2621 3319; x_wconf 90' lang='lat' dir='ltr'><strong>est</strong></span> <span class='ocrx_word' id='word_1_553' title='bbox 2670 3272 2920 3335; x_wconf 89' lang='lat' dir='ltr'><strong>argutum</strong></span> <span class='ocrx_word' id='word_1_554' title='bbox 2946 3307 2961 3332; x_wconf 96' lang='lat'><strong>,</strong></span> <span class='ocrx_word' id='word_1_555' title='bbox 3011 3282 3172 3331; x_wconf 78' lang='lat' dir='ltr'><strong>acre,</strong></span> <span class='ocrx_word' id='word_1_556' title='bbox 3204 3268 3539 3327; x_wconf 82' lang='lat' dir='ltr'><strong>vehemens:</strong></span> <span class='ocrx_word' id='word_1_557' title='bbox 3593 3281 3669 3329; x_wconf 83' lang='lat' dir='ltr'><strong>est</strong></span> 
     </span>
    </p>
   </div>
   <div class='ocr_carea' id='block_1_78' title="bbox 2065 3355 3665 3431">
    <p class='ocr_par' dir='ltr' id='par_1_78' title="bbox 2065 3355 3665 3431">
     <span class='ocr_line' id='line_1_78' title="bbox 2065 3355 3665 3431; baseline 0.006 -18"><span class='ocrx_word' id='word_1_558' title='bbox 2065 3369 2334 3426; x_wconf 84' lang='lat' dir='ltr'><strong>pressum,</strong></span> <span class='ocrx_word' id='word_1_559' title='bbox 2358 3355 2585 3427; x_wconf 72' lang='lat' dir='ltr'><strong>densum</strong></span> <span class='ocrx_word' id='word_1_560' title='bbox 2606 3396 2623 3431; x_wconf 91' lang='lat'><strong>,</strong></span> <span class='ocrx_word' id='word_1_561' title='bbox 2656 3373 2973 3427; x_wconf 84' lang='lat' dir='ltr'><strong>nervosum,</strong></span> <span class='ocrx_word' id='word_1_562' title='bbox 3005 3361 3184 3419; x_wconf 78' lang='lat' dir='ltr'><strong>cretus</strong></span> <span class='ocrx_word' id='word_1_563' title='bbox 3208 3364 3499 3421; x_wconf 73' lang='lat' dir='ltr'><strong>sententiis</strong></span> <span class='ocrx_word' id='word_1_564' title='bbox 3524 3380 3665 3422; x_wconf 88' lang='lat' dir='ltr'><strong>com-</strong></span> 
     </span>
    </p>
   </div>
   <div class='ocr_carea' id='block_1_79' title="bbox 2065 3448 3660 3535">
    <p class='ocr_par' dir='ltr' id='par_1_79' title="bbox 2065 3448 3660 3535">
     <span class='ocr_line' id='line_1_79' title="bbox 2065 3448 3660 3535; baseline 0.009 -35"><span class='ocrx_word' id='word_1_565' title='bbox 2065 3455 2313 3535; x_wconf 83' lang='lat' dir='ltr'><strong>pactum,</strong></span> <span class='ocrx_word' id='word_1_566' title='bbox 2354 3448 2706 3521; x_wconf 83' lang='lat' dir='ltr'><strong>omniumque</strong></span> <span class='ocrx_word' id='word_1_567' title='bbox 2764 3452 3147 3522; x_wconf 75' lang='lat' dir='ltr'><strong>antiquitatum</strong></span> <span class='ocrx_word' id='word_1_568' title='bbox 3198 3464 3361 3526; x_wconf 86' lang='lat' dir='ltr'><strong>atque</strong></span> <span class='ocrx_word' id='word_1_569' title='bbox 3410 3455 3660 3514; x_wconf 78' lang='lat' dir='ltr'><strong>historia-</strong></span> 
     </span>
    </p>
   </div>
   <div class='ocr_carea' id='block_1_80' title="bbox 2066 3541 3663 3618">
    <p class='ocr_par' dir='ltr' id='par_1_80' title="bbox 2066 3541 3663 3618">
     <span class='ocr_line' id='line_1_80' title="bbox 2066 3541 3663 3618; baseline 0.008 -24"><span class='ocrx_word' id='word_1_570' title='bbox 2066 3555 2185 3618; x_wconf 81' lang='lat' dir='ltr'><strong>rum</strong></span> <span class='ocrx_word' id='word_1_571' title='bbox 2228 3543 2492 3605; x_wconf 86' lang='lat' dir='ltr'><strong>memoria</strong></span> <span class='ocrx_word' id='word_1_572' title='bbox 2546 3541 2837 3611; x_wconf 73' lang='lat' dir='ltr'><strong>refertum.</strong></span> <span class='ocrx_word' id='word_1_573' title='bbox 2892 3555 2949 3603; x_wconf 86' lang='lat' dir='ltr'><strong>et</strong></span> <span class='ocrx_word' id='word_1_574' title='bbox 2986 3546 3042 3601; x_wconf 88' lang='lat' dir='ltr'><strong>itt</strong></span> <span class='ocrx_word' id='word_1_575' title='bbox 3096 3561 3205 3617; x_wconf 86' lang='lat' dir='ltr'><strong>quo</strong></span> <span class='ocrx_word' id='word_1_576' title='bbox 3247 3548 3431 3618; x_wconf 84' lang='lat' dir='ltr'><strong>plures</strong></span> <span class='ocrx_word' id='word_1_577' title='bbox 3458 3561 3663 3615; x_wconf 85' lang='lat' dir='ltr'><strong>senten-</strong></span> 
     </span>
    </p>
   </div>
   <div class='ocr_carea' id='block_1_81' title="bbox 2068 3632 3661 3714">
    <p class='ocr_par' dir='ltr' id='par_1_81' title="bbox 2068 3632 3661 3714">
     <span class='ocr_line' id='line_1_81' title="bbox 2068 3632 3661 3714; baseline 0.006 -25"><span class='ocrx_word' id='word_1_578' title='bbox 2068 3632 2171 3691; x_wconf 85' lang='lat' dir='ltr'><strong>tias</strong></span> <span class='ocrx_word' id='word_1_579' title='bbox 2233 3649 2393 3705; x_wconf 88' lang='lat' dir='ltr'><strong>quam</strong></span> <span class='ocrx_word' id='word_1_580' title='bbox 2457 3636 2707 3706; x_wconf 78' lang='lat' dir='ltr'><strong>periodos</strong></span> <span class='ocrx_word' id='word_1_581' title='bbox 2749 3653 3035 3699; x_wconf 86' lang='lat' dir='ltr'><strong>numerare</strong></span> <span class='ocrx_word' id='word_1_582' title='bbox 3070 3644 3263 3710; x_wconf 85' lang='lat' dir='ltr'><strong>possis.</strong></span> <span class='ocrx_word' id='word_1_583' title='bbox 3315 3641 3454 3698; x_wconf 77' lang='lat' dir='ltr'><strong>Nam</strong></span> <span class='ocrx_word' id='word_1_584' title='bbox 3501 3658 3661 3714; x_wconf 83' lang='lat' dir='ltr'><strong>neque</strong></span> 
     </span>
    </p>
   </div>
   <div class='ocr_carea' id='block_1_82' title="bbox 2071 3727 3658 3804">
    <p class='ocr_par' dir='ltr' id='par_1_82' title="bbox 2071 3727 3658 3804">
     <span class='ocr_line' id='line_1_82' title="bbox 2071 3727 3658 3804; baseline 0.006 -21"><span class='ocrx_word' id='word_1_585' title='bbox 2071 3727 2286 3783; x_wconf 80' lang='lat' dir='ltr'><strong>verbosi</strong></span> <span class='ocrx_word' id='word_1_586' title='bbox 2343 3727 2474 3797; x_wconf 84' lang='lat' dir='ltr'><strong>olim</strong></span> <span class='ocrx_word' id='word_1_587' title='bbox 2539 3729 2758 3797; x_wconf 69' lang='lat' dir='ltr'><strong>luerunt</strong></span> <span class='ocrx_word' id='word_1_588' title='bbox 2805 3730 3119 3799; x_wconf 80' lang='lat' dir='ltr'><strong>Christiani,</strong></span> <span class='ocrx_word' id='word_1_589' title='bbox 3172 3735 3263 3804; x_wconf 89' lang='lat' dir='ltr'><strong>qui</strong></span> <span class='ocrx_word' id='word_1_590' title='bbox 3322 3738 3487 3793; x_wconf 87' lang='lat' dir='ltr'><strong>verba</strong></span> <span class='ocrx_word' id='word_1_591' title='bbox 3541 3738 3658 3793; x_wconf 80' lang='lat' dir='ltr'><strong>dare</strong></span> 
     </span>
    </p>
   </div>
   <div class='ocr_carea' id='block_1_83' title="bbox 2072 3816 3656 3895">
    <p class='ocr_par' dir='ltr' id='par_1_83' title="bbox 2072 3816 3656 3895">
     <span class='ocr_line' id='line_1_83' title="bbox 2072 3816 3656 3895; baseline 0.008 -24"><span class='ocrx_word' id='word_1_592' title='bbox 2072 3816 2306 3879; x_wconf 85' lang='lat' dir='ltr'><strong>nondum</strong></span> <span class='ocrx_word' id='word_1_593' title='bbox 2353 3817 2683 3879; x_wconf 82' lang='lat' dir='ltr'><strong>didicerant:</strong></span> <span class='ocrx_word' id='word_1_594' title='bbox 2738 3833 2795 3891; x_wconf 77' lang='lat' dir='ltr'><strong>et</strong></span> <span class='ocrx_word' id='word_1_595' title='bbox 2831 3839 3022 3885; x_wconf 84' lang='lat' dir='ltr'><strong>eorum</strong></span> <span class='ocrx_word' id='word_1_596' title='bbox 3072 3828 3283 3895; x_wconf 79' lang='lat' dir='ltr'><strong>patroni</strong></span> <span class='ocrx_word' id='word_1_597' title='bbox 3336 3840 3489 3885; x_wconf 87' lang='lat' dir='ltr'><strong>erant</strong></span> <span class='ocrx_word' id='word_1_598' title='bbox 3563 3831 3656 3883; x_wconf 86' lang='lat' dir='ltr'><strong>ho-</strong></span> 
     </span>
    </p>
   </div>
   <div class='ocr_carea' id='block_1_84' title="bbox 2071 3911 3648 3994">
    <p class='ocr_par' dir='ltr' id='par_1_84' title="bbox 2071 3911 3648 3994">
     <span class='ocr_line' id='line_1_84' title="bbox 2071 3911 3648 3994; baseline 0.003 -23"><span class='ocrx_word' id='word_1_599' title='bbox 2071 3912 2246 3971; x_wconf 85' lang='lat' dir='ltr'><strong>mines</strong></span> <span class='ocrx_word' id='word_1_600' title='bbox 2296 3912 2465 3980; x_wconf 88' lang='lat' dir='ltr'><strong>doeti,</strong></span> <span class='ocrx_word' id='word_1_601' title='bbox 2523 3930 2609 3979; x_wconf 85' lang='lat' dir='ltr'><strong>ac,</strong></span> <span class='ocrx_word' id='word_1_602' title='bbox 2667 3928 2725 3975; x_wconf 90' lang='lat' dir='ltr'><strong>ut</strong></span> <span class='ocrx_word' id='word_1_603' title='bbox 2752 3932 2860 3977; x_wconf 87' lang='lat' dir='ltr'><strong>uno</strong></span> <span class='ocrx_word' id='word_1_604' title='bbox 2885 3919 3055 3975; x_wconf 82' lang='lat' dir='ltr'><strong>verbo</strong></span> <span class='ocrx_word' id='word_1_605' title='bbox 3107 3911 3306 3987; x_wconf 83' lang='lat' dir='ltr'><strong>dicam,</strong></span> <span class='ocrx_word' id='word_1_606' title='bbox 3370 3922 3648 3994; x_wconf 71' lang='lat' dir='ltr'><strong>polybisto-</strong></span> 
     </span>
    </p>
   </div>
   <div class='ocr_carea' id='block_1_85' title="bbox 2072 4010 3654 4084">
    <p class='ocr_par' dir='ltr' id='par_1_85' title="bbox 2072 4010 3654 4084">
     <span class='ocr_line' id='line_1_85' title="bbox 2072 4010 3654 4084; baseline 0.006 -19"><span class='ocrx_word' id='word_1_607' title='bbox 2072 4023 2180 4065; x_wconf 85' lang='lat' dir='ltr'><strong>res.</strong></span> <span class='ocrx_word' id='word_1_608' title='bbox 2226 4010 2380 4078; x_wconf 86' lang='lat' dir='ltr'><strong>Quod</strong></span> <span class='ocrx_word' id='word_1_609' title='bbox 2424 4011 2493 4069; x_wconf 88' lang='lat' dir='ltr'><strong>ad</strong></span> <span class='ocrx_word' id='word_1_610' title='bbox 2548 4012 2679 4071; x_wconf 76' lang='lat' dir='ltr'><strong>falsa</strong></span> <span class='ocrx_word' id='word_1_611' title='bbox 2720 4017 2948 4073; x_wconf 86' lang='lat' dir='ltr'><strong>erimina</strong></span> <span class='ocrx_word' id='word_1_612' title='bbox 2995 4019 3205 4084; x_wconf 84' lang='lat' dir='ltr'><strong>attinet,</strong></span> <span class='ocrx_word' id='word_1_613' title='bbox 3264 4033 3372 4076; x_wconf 77' lang='lat' dir='ltr'><strong>rion</strong></span> <span class='ocrx_word' id='word_1_614' title='bbox 3403 4028 3503 4075; x_wconf 83' lang='lat' dir='ltr'><strong>tam</strong></span> <span class='ocrx_word' id='word_1_615' title='bbox 3541 4032 3654 4074; x_wconf 80' lang='lat' dir='ltr'><strong>ver-</strong></span> 
     </span>
    </p>
   </div>
   <div class='ocr_carea' id='block_1_86' title="bbox 2074 4101 3656 4183">
    <p class='ocr_par' dir='ltr' id='par_1_86' title="bbox 2074 4101 3656 4183">
     <span class='ocr_line' id='line_1_86' title="bbox 2074 4101 3656 4183; baseline 0.005 -25"><span class='ocrx_word' id='word_1_616' title='bbox 2074 4101 2156 4159; x_wconf 87' lang='lat' dir='ltr'><strong>bis</strong></span> <span class='ocrx_word' id='word_1_617' title='bbox 2192 4112 2247 4163; x_wconf 82' lang='lat' dir='ltr'><strong>et</strong></span> <span class='ocrx_word' id='word_1_618' title='bbox 2301 4104 2519 4173; x_wconf 87' lang='lat' dir='ltr'><strong>libellis,</strong></span> <span class='ocrx_word' id='word_1_619' title='bbox 2569 4123 2732 4178; x_wconf 80' lang='lat' dir='ltr'><strong>quam</strong></span> <span class='ocrx_word' id='word_1_620' title='bbox 2789 4108 2898 4164; x_wconf 81' lang='lat' dir='ltr'><strong>vita</strong></span> <span class='ocrx_word' id='word_1_621' title='bbox 2947 4118 3003 4166; x_wconf 89' lang='lat' dir='ltr'><strong>et</strong></span> <span class='ocrx_word' id='word_1_622' title='bbox 3069 4126 3128 4167; x_wconf 91' lang='lat' dir='ltr'><strong>re</strong></span> <span class='ocrx_word' id='word_1_623' title='bbox 3187 4111 3302 4183; x_wconf 77' lang='lat' dir='ltr'><strong>ipsa</strong></span> <span class='ocrx_word' id='word_1_624' title='bbox 3357 4112 3656 4172; x_wconf 80' lang='lat' dir='ltr'><strong>refellebant</strong></span> 
     </span>
    </p>
   </div>
   <div class='ocr_carea' id='block_1_87' title="bbox 2072 4194 2432 4257">
    <p class='ocr_par' dir='ltr' id='par_1_87' title="bbox 2072 4194 2432 4257">
     <span class='ocr_line' id='line_1_87' title="bbox 2072 4194 2432 4257; baseline 0.006 -4"><span class='ocrx_word' id='word_1_625' title='bbox 2072 4194 2432 4257; x_wconf 79' lang='lat' dir='ltr'><strong>adversarios.</strong></span> 
     </span>
    </p>
   </div>
   <div class='ocr_carea' id='block_1_88' title="bbox 2147 4289 3655 4370">
    <p class='ocr_par' dir='ltr' id='par_1_88' title="bbox 2147 4289 3655 4370">
     <span class='ocr_line' id='line_1_88' title="bbox 2147 4289 3655 4370; baseline 0.006 -29"><span class='ocrx_word' id='word_1_626' title='bbox 2147 4289 2385 4355; x_wconf 69' lang='lat' dir='ltr'><strong>Quaestio</strong></span> <span class='ocrx_word' id='word_1_627' title='bbox 2428 4306 2549 4361; x_wconf 69' lang='lat' dir='ltr'><strong>qua)</strong></span> <span class='ocrx_word' id='word_1_628' title='bbox 2597 4292 2685 4353; x_wconf 82' lang='lat' dir='ltr'><strong>hic</strong></span> <span class='ocrx_word' id='word_1_629' title='bbox 2726 4295 3065 4364; x_wconf 86' lang='lat' dir='ltr'><strong>proponitur,</strong></span> <span class='ocrx_word' id='word_1_630' title='bbox 3120 4305 3174 4361; x_wconf 74' lang='lat' dir='ltr'><strong>et</strong></span> <span class='ocrx_word' id='word_1_631' title='bbox 3238 4312 3407 4354; x_wconf 87' lang='lat' dir='ltr'><strong>eausa</strong></span> <span class='ocrx_word' id='word_1_632' title='bbox 3472 4311 3570 4370; x_wconf 80' lang='lat' dir='ltr'><strong>qua</strong></span> <span class='ocrx_word' id='word_1_633' title='bbox 3595 4294 3655 4351; x_wconf 89' lang='lat' dir='ltr'><strong>de</strong></span> 
     </span>
    </p>
   </div>
   <div class='ocr_carea' id='block_1_89' title="bbox 2075 4380 3654 4461">
    <p class='ocr_par' dir='ltr' id='par_1_89' title="bbox 2075 4380 3654 4461">
     <span class='ocr_line' id='line_1_89' title="bbox 2075 4380 3654 4461; baseline 0.004 -26"><span class='ocrx_word' id='word_1_634' title='bbox 2075 4380 2249 4449; x_wconf 84' lang='lat' dir='ltr'><strong>agitur</strong></span> <span class='ocrx_word' id='word_1_635' title='bbox 2294 4397 2484 4455; x_wconf 81' lang='lat' dir='ltr'><strong>magna</strong></span> <span class='ocrx_word' id='word_1_636' title='bbox 2531 4392 2633 4453; x_wconf 92' lang='lat' dir='ltr'><strong>est,</strong></span> <span class='ocrx_word' id='word_1_637' title='bbox 2689 4385 2756 4441; x_wconf 86' lang='lat' dir='ltr'><strong>de</strong></span> <span class='ocrx_word' id='word_1_638' title='bbox 2824 4388 3086 4459; x_wconf 81' lang='lat' dir='ltr'><strong>religione</strong></span> <span class='ocrx_word' id='word_1_639' title='bbox 3140 4405 3333 4461; x_wconf 86' lang='lat' dir='ltr'><strong>nempe</strong></span> <span class='ocrx_word' id='word_1_640' title='bbox 3397 4405 3522 4448; x_wconf 75' lang='lat' dir='ltr'><strong>vera</strong></span> <span class='ocrx_word' id='word_1_641' title='bbox 3576 4397 3654 4444; x_wconf 88' lang='lat' dir='ltr'><strong>aut</strong></span> 
     </span>
    </p>
   </div>
   <div class='ocr_carea' id='block_1_90' title="bbox 2079 4472 3655 4556">
    <p class='ocr_par' dir='ltr' id='par_1_90' title="bbox 2079 4472 3655 4556">
     <span class='ocr_line' id='line_1_90' title="bbox 2079 4472 3655 4556; baseline 0.006 -27"><span class='ocrx_word' id='word_1_642' title='bbox 2079 4472 2230 4535; x_wconf 69' lang='lat' dir='ltr'><strong>falsa.</strong></span> <span class='ocrx_word' id='word_1_643' title='bbox 2300 4479 2575 4533; x_wconf 80' lang='lat' dir='ltr'><strong>Acerrima</strong></span> <span class='ocrx_word' id='word_1_644' title='bbox 2622 4481 2891 4551; x_wconf 88' lang='lat' dir='ltr'><strong>utrimque</strong></span> <span class='ocrx_word' id='word_1_645' title='bbox 2945 4492 3029 4539; x_wconf 84' lang='lat' dir='ltr'><strong>est</strong></span> <span class='ocrx_word' id='word_1_646' title='bbox 3065 4484 3206 4543; x_wconf 73' lang='lat' dir='ltr'><strong>actio</strong></span> <span class='ocrx_word' id='word_1_647' title='bbox 3251 4492 3415 4556; x_wconf 84' lang='lat' dir='ltr'><strong>atque</strong></span> <span class='ocrx_word' id='word_1_648' title='bbox 3452 4492 3655 4541; x_wconf 85' lang='lat' dir='ltr'><strong>conten-</strong></span> 
     </span>
    </p>
   </div>
   <div class='ocr_carea' id='block_1_91' title="bbox 375 4561 3652 4643">
    <p class='ocr_par' dir='ltr' id='par_1_91' title="bbox 375 4561 3652 4643">
     <span class='ocr_line' id='line_1_91' title="bbox 375 4561 3652 4643; baseline 0.002 -17"><span class='ocrx_word' id='word_1_649' title='bbox 375 4568 647 4631; x_wconf 84' lang='lat' dir='ltr'><strong>conlossa,</strong></span> <span class='ocrx_word' id='word_1_650' title='bbox 692 4575 751 4623; x_wconf 89' lang='lat' dir='ltr'><strong>nt</strong></span> <span class='ocrx_word' id='word_1_651' title='bbox 801 4565 969 4636; x_wconf 80' lang='lat' dir='ltr'><strong>ipsius</strong></span> <span class='ocrx_word' id='word_1_652' title='bbox 1024 4561 1258 4629; x_wconf 82' lang='lat' dir='ltr'><strong>nominis</strong></span> <span class='ocrx_word' id='word_1_653' title='bbox 1285 4561 1578 4619; x_wconf 89' lang='lat' dir='ltr'><strong>Christiani</strong></span> <span class='ocrx_word' id='word_1_654' title='bbox 1603 4562 1875 4633; x_wconf 78' lang='lat' dir='ltr'><strong>c0nfessio</strong></span> <span class='ocrx_word' id='word_1_655' title='bbox 1902 4563 1966 4620; x_wconf 87' lang='lat' dir='ltr'><strong>ad</strong></span> <span class='ocrx_word' id='word_1_656' title='bbox 1992 4564 2049 4629; x_wconf 79' lang='grc' dir='ltr'><strong>Β</strong></span> <span class='ocrx_word' id='word_1_657' title='bbox 2078 4567 2171 4625; x_wconf 88' lang='lat' dir='ltr'><strong>tio.</strong></span> <span class='ocrx_word' id='word_1_658' title='bbox 2228 4569 2413 4625; x_wconf 74' lang='lat' dir='ltr'><strong>Exitus</strong></span> <span class='ocrx_word' id='word_1_659' title='bbox 2454 4581 2507 4626; x_wconf 90' lang='lat' dir='ltr'><strong>et</strong></span> <span class='ocrx_word' id='word_1_660' title='bbox 2545 4573 2764 4627; x_wconf 90' lang='lat' dir='ltr'><strong>victoria</strong></span> <span class='ocrx_word' id='word_1_661' title='bbox 2810 4584 2895 4629; x_wconf 89' lang='lat' dir='ltr'><strong>est</strong></span> <span class='ocrx_word' id='word_1_662' title='bbox 2939 4576 3116 4643; x_wconf 86' lang='lat' dir='ltr'><strong>qualis</strong></span> <span class='ocrx_word' id='word_1_663' title='bbox 3167 4591 3291 4633; x_wconf 81' lang='lat' dir='ltr'><strong>esse</strong></span> <span class='ocrx_word' id='word_1_664' title='bbox 3335 4578 3534 4641; x_wconf 85' lang='lat' dir='ltr'><strong>debet,</strong></span> <span class='ocrx_word' id='word_1_665' title='bbox 3577 4574 3652 4631; x_wconf 86' lang='lat' dir='ltr'><strong>ubi</strong></span> 
     </span>
    </p>
   </div>
   <div class='ocr_carea' id='block_1_92' title="bbox 306 4653 1972 4727">
    <p class='ocr_par' dir='ltr' id='par_1_92' title="bbox 306 4653 1972 4727">
     <span class='ocr_line' id='line_1_92' title="bbox 306 4653 1972 4727; baseline -0.002 -11"><span class='ocrx_word' id='word_1_666' title='bbox 306 4684 313 4687; x_wconf 90' lang='grc'><strong>-</strong></span> <span class='ocrx_word' id='word_1_667' title='bbox 376 4660 776 4725; x_wconf 84' lang='lat' dir='ltr'><strong>damnationem</strong></span> <span class='ocrx_word' id='word_1_668' title='bbox 825 4657 959 4711; x_wconf 86' lang='lat' dir='ltr'><strong>satis</strong></span> <span class='ocrx_word' id='word_1_669' title='bbox 1004 4667 1166 4711; x_wconf 87' lang='lat' dir='ltr'><strong>esset.</strong></span> <span class='ocrx_word' id='word_1_670' title='bbox 1210 4653 1439 4711; x_wconf 89' lang='lat' dir='ltr'><strong>Tantum</strong></span> <span class='ocrx_word' id='word_1_671' title='bbox 1476 4655 1650 4721; x_wconf 84' lang='lat' dir='ltr'><strong>abest,</strong></span> <span class='ocrx_word' id='word_1_672' title='bbox 1701 4663 1759 4711; x_wconf 92' lang='lat' dir='ltr'><strong>ut</strong></span> <span class='ocrx_word' id='word_1_673' title='bbox 1811 4655 1972 4727; x_wconf 89' lang='lat' dir='ltr'><strong>hujus</strong></span> 
     </span>
    </p>
   </div>
   <div class='ocr_carea' id='block_1_93' title="bbox 372 4745 1971 4825">
    <p class='ocr_par' dir='ltr' id='par_1_93' title="bbox 372 4745 1971 4825">
     <span class='ocr_line' id='line_1_93' title="bbox 372 4745 1971 4825; baseline -0.001 -17"><span class='ocrx_word' id='word_1_674' title='bbox 372 4750 650 4825; x_wconf 87' lang='lat' dir='ltr'><strong>religionis</strong></span> <span class='ocrx_word' id='word_1_675' title='bbox 696 4755 862 4815; x_wconf 85' lang='lat' dir='ltr'><strong>esset,</strong></span> <span class='ocrx_word' id='word_1_676' title='bbox 921 4761 1043 4821; x_wconf 68' lang='lat' dir='ltr'><strong>qum</strong></span> <span class='ocrx_word' id='word_1_677' title='bbox 1088 4745 1352 4807; x_wconf 74' lang='lat' dir='ltr'><strong>libertatis</strong></span> <span class='ocrx_word' id='word_1_678' title='bbox 1406 4753 1541 4813; x_wconf 90' lang='lat' dir='ltr'><strong>erat,</strong></span> <span class='ocrx_word' id='word_1_679' title='bbox 1571 4748 1820 4807; x_wconf 87' lang='lat' dir='ltr'><strong>assertio.</strong></span> <span class='ocrx_word' id='word_1_680' title='bbox 1863 4749 1971 4806; x_wconf 82' lang='lat' dir='ltr'><strong>Sed</strong></span> 
     </span>
    </p>
   </div>
   <div class='ocr_carea' id='block_1_94' title="bbox 375 4838 1970 4914">
    <p class='ocr_par' dir='ltr' id='par_1_94' title="bbox 375 4838 1970 4914">
     <span class='ocr_line' id='line_1_94' title="bbox 375 4838 1970 4914; baseline -0.003 -13"><span class='ocrx_word' id='word_1_681' title='bbox 375 4851 524 4901; x_wconf 87' lang='lat' dir='ltr'><strong>tanto</strong></span> <span class='ocrx_word' id='word_1_682' title='bbox 572 4840 739 4914; x_wconf 85' lang='lat' dir='ltr'><strong>magis</strong></span> <span class='ocrx_word' id='word_1_683' title='bbox 794 4841 998 4896; x_wconf 86' lang='lat' dir='ltr'><strong>interea</strong></span> <span class='ocrx_word' id='word_1_684' title='bbox 1045 4838 1210 4895; x_wconf 89' lang='lat' dir='ltr'><strong>miror</strong></span> <span class='ocrx_word' id='word_1_685' title='bbox 1253 4840 1305 4894; x_wconf 90' lang='lat' dir='ltr'><strong>in</strong></span> <span class='ocrx_word' id='word_1_686' title='bbox 1353 4848 1458 4892; x_wconf 86' lang='lat' dir='ltr'><strong>tam</strong></span> <span class='ocrx_word' id='word_1_687' title='bbox 1503 4839 1724 4910; x_wconf 77' lang='lat' dir='ltr'><strong>profano</strong></span> <span class='ocrx_word' id='word_1_688' title='bbox 1778 4850 1835 4901; x_wconf 86' lang='lat' dir='ltr'><strong>et</strong></span> <span class='ocrx_word' id='word_1_689' title='bbox 1871 4843 1970 4901; x_wconf 87' lang='lat' dir='ltr'><strong>ini-</strong></span> 
     </span>
    </p>
   </div>
   <div class='ocr_carea' id='block_1_95' title="bbox 374 4927 1967 5005">
    <p class='ocr_par' dir='ltr' id='par_1_95' title="bbox 374 4927 1967 5005">
     <span class='ocr_line' id='line_1_95' title="bbox 374 4927 1967 5005; baseline -0.002 -15"><span class='ocrx_word' id='word_1_690' title='bbox 374 4937 518 5001; x_wconf 81' lang='lat' dir='ltr'><strong>mico</strong></span> <span class='ocrx_word' id='word_1_691' title='bbox 565 4933 682 4993; x_wconf 77' lang='lat' dir='ltr'><strong>loro</strong></span> <span class='ocrx_word' id='word_1_692' title='bbox 755 4929 1054 4991; x_wconf 87' lang='lat' dir='ltr'><strong>consistere</strong></span> <span class='ocrx_word' id='word_1_693' title='bbox 1116 4927 1446 4987; x_wconf 88' lang='lat' dir='ltr'><strong>causidicum</strong></span> <span class='ocrx_word' id='word_1_694' title='bbox 1517 4931 1663 5004; x_wconf 85' lang='lat' dir='ltr'><strong>pium</strong></span> <span class='ocrx_word' id='word_1_695' title='bbox 1709 4934 1967 5005; x_wconf 89' lang='lat' dir='ltr'><strong>petuisse.</strong></span> 
     </span>
    </p>
   </div>
   <div class='ocr_carea' id='block_1_96' title="bbox 375 5021 1971 5097">
    <p class='ocr_par' dir='ltr' id='par_1_96' title="bbox 375 5021 1971 5097">
     <span class='ocr_line' id='line_1_96' title="bbox 375 5021 1971 5097; baseline -0.001 -12"><span class='ocrx_word' id='word_1_696' title='bbox 375 5031 565 5091; x_wconf 67' lang='lat' dir='ltr'><strong>altrum</strong></span> <span class='ocrx_word' id='word_1_697' title='bbox 617 5042 767 5090; x_wconf 84' lang='lat' dir='ltr'><strong>vero,</strong></span> <span class='ocrx_word' id='word_1_698' title='bbox 816 5038 937 5081; x_wconf 87' lang='lat' dir='ltr'><strong>cum</strong></span> <span class='ocrx_word' id='word_1_699' title='bbox 960 5021 1069 5097; x_wconf 85' lang='lat' dir='ltr'><strong>jam</strong></span> <span class='ocrx_word' id='word_1_700' title='bbox 1116 5021 1272 5093; x_wconf 80' lang='lat' dir='ltr'><strong>annis</strong></span> <span class='ocrx_word' id='word_1_701' title='bbox 1327 5035 1492 5094; x_wconf 88' lang='lat' dir='ltr'><strong>prope</strong></span> <span class='ocrx_word' id='word_1_702' title='bbox 1540 5024 1789 5085; x_wconf 82' lang='lat' dir='ltr'><strong>ducentis</strong></span> <span class='ocrx_word' id='word_1_703' title='bbox 1825 5028 1971 5084; x_wconf 86' lang='lat' dir='ltr'><strong>orbis</strong></span> 
     </span>
    </p>
   </div>
   <div class='ocr_carea' id='block_1_97' title="bbox 373 5111 1976 5191">
    <p class='ocr_par' dir='ltr' id='par_1_97' title="bbox 373 5111 1976 5191">
     <span class='ocr_line' id='line_1_97' title="bbox 373 5111 1976 5191; baseline -0.001 -19"><span class='ocrx_word' id='word_1_704' title='bbox 373 5119 650 5191; x_wconf 75' lang='lat' dir='ltr'><strong>Romanus</strong></span> <span class='ocrx_word' id='word_1_705' title='bbox 699 5125 753 5170; x_wconf 89' lang='lat' dir='ltr'><strong>et</strong></span> <span class='ocrx_word' id='word_1_706' title='bbox 805 5113 980 5184; x_wconf 86' lang='lat' dir='ltr'><strong>palam</strong></span> <span class='ocrx_word' id='word_1_707' title='bbox 1020 5120 1074 5168; x_wconf 88' lang='lat' dir='ltr'><strong>et</strong></span> <span class='ocrx_word' id='word_1_708' title='bbox 1131 5111 1342 5187; x_wconf 74' lang='lat' dir='ltr'><strong>publice</strong></span> <span class='ocrx_word' id='word_1_709' title='bbox 1388 5123 1443 5168; x_wconf 86' lang='lat' dir='ltr'><strong>et</strong></span> <span class='ocrx_word' id='word_1_710' title='bbox 1510 5112 1682 5179; x_wconf 80' lang='lat' dir='ltr'><strong>libere</strong></span> <span class='ocrx_word' id='word_1_711' title='bbox 1755 5115 1976 5181; x_wconf 83' lang='lat' dir='ltr'><strong>Christo</strong></span> 
     </span>
    </p>
   </div>
   <div class='ocr_carea' id='block_1_98' title="bbox 374 5204 1972 5279">
    <p class='ocr_par' dir='ltr' id='par_1_98' title="bbox 374 5204 1972 5279">
     <span class='ocr_line' id='line_1_98' title="bbox 374 5204 1972 5279; baseline -0.003 -7"><span class='ocrx_word' id='word_1_712' title='bbox 374 5229 574 5273; x_wconf 86' lang='lat' dir='ltr'><strong>nomen</strong></span> <span class='ocrx_word' id='word_1_713' title='bbox 627 5205 887 5279; x_wconf 74' lang='lat' dir='ltr'><strong>dedisset,</strong></span> <span class='ocrx_word' id='word_1_714' title='bbox 949 5204 1261 5275; x_wconf 69' lang='lat' dir='ltr'><strong>auctoribus</strong></span> <span class='ocrx_word' id='word_1_715' title='bbox 1322 5205 1455 5276; x_wconf 90' lang='lat' dir='ltr'><strong>ipsis</strong></span> <span class='ocrx_word' id='word_1_716' title='bbox 1515 5206 1972 5279; x_wconf 79' lang='lat' dir='ltr'><strong>imperatoribus.</strong></span> 
     </span>
    </p>
   </div>
   <div class='ocr_carea' id='block_1_99' title="bbox 373 5300 1972 5371">
    <p class='ocr_par' dir='ltr' id='par_1_99' title="bbox 373 5300 1972 5371">
     <span class='ocr_line' id='line_1_99' title="bbox 373 5300 1972 5371; baseline -0.001 -7"><span class='ocrx_word' id='word_1_717' title='bbox 373 5323 545 5367; x_wconf 81' lang='lat' dir='ltr'><strong>visam</strong></span> <span class='ocrx_word' id='word_1_718' title='bbox 610 5317 733 5367; x_wconf 72' lang='lat' dir='ltr'><strong>esse</strong></span> <span class='ocrx_word' id='word_1_719' title='bbox 797 5300 970 5371; x_wconf 68' lang='lat' dir='ltr'><strong>legem</strong></span> <span class='ocrx_word' id='word_1_720' title='bbox 1026 5301 1406 5370; x_wconf 69' lang='lat' dir='ltr'><strong>necessariam,</strong></span> <span class='ocrx_word' id='word_1_721' title='bbox 1461 5317 1583 5371; x_wconf 73' lang='lat' dir='ltr'><strong>quae</strong></span> <span class='ocrx_word' id='word_1_722' title='bbox 1641 5314 1696 5358; x_wconf 87' lang='lat' dir='ltr'><strong>et</strong></span> <span class='ocrx_word' id='word_1_723' title='bbox 1757 5305 1972 5367; x_wconf 64' lang='lat' dir='ltr'><strong>tetidem</strong></span> 
     </span>
    </p>
   </div>
   <div class='ocr_carea' id='block_1_100' title="bbox 378 5392 1969 5469">
    <p class='ocr_par' dir='ltr' id='par_1_100' title="bbox 378 5392 1969 5469">
     <span class='ocr_line' id='line_1_100' title="bbox 378 5392 1969 5469; baseline -0.01 -10"><span class='ocrx_word' id='word_1_724' title='bbox 378 5403 485 5463; x_wconf 84' lang='lat' dir='ltr'><strong>lata</strong></span> <span class='ocrx_word' id='word_1_725' title='bbox 526 5410 630 5469; x_wconf 78' lang='lat' dir='ltr'><strong>est,</strong></span> <span class='ocrx_word' id='word_1_726' title='bbox 678 5404 739 5461; x_wconf 80' lang='lat' dir='ltr'><strong>ut</strong></span> <span class='ocrx_word' id='word_1_727' title='bbox 778 5393 834 5457; x_wconf 83' lang='lat' dir='ltr'><strong>in</strong></span> <span class='ocrx_word' id='word_1_728' title='bbox 884 5394 1032 5463; x_wconf 84' lang='lat' dir='ltr'><strong>nullo</strong></span> <span class='ocrx_word' id='word_1_729' title='bbox 1077 5392 1195 5461; x_wconf 73' lang='lat' dir='ltr'><strong>iure</strong></span> <span class='ocrx_word' id='word_1_730' title='bbox 1236 5393 1321 5453; x_wconf 83' lang='lat' dir='ltr'><strong>vel</strong></span> <span class='ocrx_word' id='word_1_731' title='bbox 1371 5394 1662 5463; x_wconf 76' lang='lat' dir='ltr'><strong>advocatus</strong></span> <span class='ocrx_word' id='word_1_732' title='bbox 1708 5397 1793 5459; x_wconf 84' lang='lat' dir='ltr'><strong>vel</strong></span> <span class='ocrx_word' id='word_1_733' title='bbox 1842 5415 1969 5459; x_wconf 84' lang='lat' dir='ltr'><strong>ean.</strong></span> 
     </span>
    </p>
   </div>
   <div class='ocr_carea' id='block_1_101' title="bbox 443 5570 1953 5651">
    <p class='ocr_par' dir='ltr' id='par_1_101' title="bbox 443 5570 1953 5651">
     <span class='ocr_line' id='line_1_101' title="bbox 443 5570 1953 5651; baseline -0.001 -17"><span class='ocrx_word' id='word_1_734' title='bbox 443 5575 742 5651; x_wconf 68' lang='lat' dir='ltr'><strong>(lHlarlyr</strong></span> <span class='ocrx_word' id='word_1_735' title='bbox 797 5570 1427 5651; x_wconf 46' lang='lat' dir='ltr'><strong>Ettgdttncgsisnsubﬂ.</strong></span> <span class='ocrx_word' id='word_1_736' title='bbox 1487 5575 1720 5651; x_wconf 80' lang='lat' dir='ltr'><strong>Antonio</strong></span> <span class='ocrx_word' id='word_1_737' title='bbox 1773 5588 1847 5651; x_wconf 14' lang='lat' dir='ltr'><strong>et,</strong></span> <span class='ocrx_word' id='word_1_738' title='bbox 1891 5581 1953 5638; x_wconf 86' lang='lat' dir='ltr'><strong>L.</strong></span> 
     </span>
    </p>
   </div>
   <div class='ocr_carea' id='block_1_102' title="bbox 361 5638 1956 5719">
    <p class='ocr_par' dir='ltr' id='par_1_102' title="bbox 361 5638 1956 5719">
     <span class='ocr_line' id='line_1_102' title="bbox 361 5638 1956 5719; baseline 0.003 -11"><span class='ocrx_word' id='word_1_739' title='bbox 361 5638 760 5719; x_wconf 13' lang='lat' dir='ltr'><strong>Verq&#39;.iTesIes</strong></span> <span class='ocrx_word' id='word_1_740' title='bbox 794 5638 994 5719; x_wconf 54' lang='lat' dir='ltr'><strong>Euseb.</strong></span> <span class='ocrx_word' id='word_1_741' title='bbox 1047 5638 1110 5697; x_wconf 89' lang='lat' dir='ltr'><strong>ll.</strong></span> <span class='ocrx_word' id='word_1_742' title='bbox 1172 5641 1235 5703; x_wconf 84' lang='lat' dir='ltr'><strong>E.</strong></span> <span class='ocrx_word' id='word_1_743' title='bbox 1278 5642 1447 5719; x_wconf 38' lang='lat' dir='ltr'><strong>lihlv.</strong></span> <span class='ocrx_word' id='word_1_744' title='bbox 1473 5661 1591 5718; x_wconf 87' lang='lat' dir='ltr'><strong>cap.</strong></span> <span class='ocrx_word' id='word_1_745' title='bbox 1644 5649 1695 5717; x_wconf 77' lang='grc'><strong>1,</strong></span> <span class='ocrx_word' id='word_1_746' title='bbox 1724 5638 1956 5713; x_wconf 27' lang='lat' dir='ltr'><strong>et‘Gre-</strong></span> 
     </span>
    </p>
   </div>
   <div class='ocr_carea' id='block_1_103' title="bbox 360 5711 1405 5793">
    <p class='ocr_par' dir='ltr' id='par_1_103' title="bbox 360 5711 1405 5793">
     <span class='ocr_line' id='line_1_103' title="bbox 360 5711 1405 5793; baseline -0.019 1"><span class='ocrx_word' id='word_1_747' title='bbox 360 5711 1000 5793; x_wconf 52' lang='grc' dir='ltr'><strong>εοιῖεῘΤιιτινιιθυείξι-,ιὶυι</strong></span> <span class='ocrx_word' id='word_1_748' title='bbox 1051 5727 1089 5779; x_wconf 77' lang='grc' dir='ltr'>ι,</span> <span class='ocrx_word' id='word_1_749' title='bbox 1130 5728 1278 5793; x_wconf 57' lang='grc' dir='ltr'>ειμι,</span> <span class='ocrx_word' id='word_1_750' title='bbox 1315 5713 1405 5793; x_wconf 63' lang='grc'><strong>29,</strong></span> 
     </span>
    </p>
   </div>
   <div class='ocr_carea' id='block_1_104' title="bbox 435 5778 1607 5869">
    <p class='ocr_par' dir='ltr' id='par_1_104' title="bbox 435 5778 1607 5869">
     <span class='ocr_line' id='line_1_104' title="bbox 435 5778 1607 5869; baseline 0.013 -43"><span class='ocrx_word' id='word_1_751' title='bbox 435 5786 512 5865; x_wconf 62' lang='grc' dir='ltr'><strong>(ρ)</strong></span> <span class='ocrx_word' id='word_1_752' title='bbox 540 5778 1210 5869; x_wconf 39' lang='grc' dir='ltr'><strong>ξτᾶρέκλητθέῐΧριστια-ιιῶδο-</strong></span> <span class='ocrx_word' id='word_1_753' title='bbox 1237 5778 1437 5839; x_wconf 81' lang='lat' dir='ltr'><strong>Euseb.</strong></span> <span class='ocrx_word' id='word_1_754' title='bbox 1485 5784 1540 5841; x_wconf 91' lang='lat' dir='ltr'><strong>d.</strong></span> <span class='ocrx_word' id='word_1_755' title='bbox 1571 5787 1607 5841; x_wconf 81' lang='grc' dir='ltr'><strong>Ι.</strong></span> 
     </span>
    </p>
   </div>
   <div class='ocr_carea' id='block_1_105' title="bbox 358 5851 366 5859">
    <p class='ocr_par' dir='ltr' id='par_1_105' title="bbox 358 5851 366 5859">
     <span class='ocr_line' id='line_1_105' title="bbox 358 5851 366 5859; baseline 0 0"><span class='ocrx_word' id='word_1_756' title='bbox 358 5851 366 5859; x_wconf 79' lang='grc' dir='ltr'><strong><em>ο</em></strong></span> 
     </span>
    </p>
   </div>
   <div class='ocr_carea' id='block_1_106' title="bbox 2080 4662 3649 4739">
    <p class='ocr_par' dir='ltr' id='par_1_106' title="bbox 2080 4662 3649 4739">
     <span class='ocr_line' id='line_1_106' title="bbox 2080 4662 3649 4739; baseline 0.005 -26"><span class='ocrx_word' id='word_1_757' title='bbox 2080 4676 2265 4716; x_wconf 81' lang='lat' dir='ltr'><strong>verum</strong></span> <span class='ocrx_word' id='word_1_758' title='bbox 2314 4675 2435 4716; x_wconf 88' lang='lat' dir='ltr'><strong>eum</strong></span> <span class='ocrx_word' id='word_1_759' title='bbox 2489 4662 2624 4719; x_wconf 73' lang='lat' dir='ltr'><strong>falso</strong></span> <span class='ocrx_word' id='word_1_760' title='bbox 2666 4665 2926 4736; x_wconf 81' lang='lat' dir='ltr'><strong>conﬂigit.</strong></span> <span class='ocrx_word' id='word_1_761' title='bbox 2987 4666 3246 4723; x_wconf 69' lang='lat' dir='ltr'><strong>Italarum</strong></span> <span class='ocrx_word' id='word_1_762' title='bbox 3298 4672 3525 4739; x_wconf 84' lang='lat' dir='ltr'><strong>partium</strong></span> <span class='ocrx_word' id='word_1_763' title='bbox 3568 4680 3649 4721; x_wconf 84' lang='lat' dir='ltr'><strong>ve-</strong></span> 
     </span>
    </p>
   </div>
   <div class='ocr_carea' id='block_1_107' title="bbox 2078 4754 3651 4830">
    <p class='ocr_par' dir='ltr' id='par_1_107' title="bbox 2078 4754 3651 4830">
     <span class='ocr_line' id='line_1_107' title="bbox 2078 4754 3651 4830; baseline 0.004 -22"><span class='ocrx_word' id='word_1_764' title='bbox 2078 4754 2301 4811; x_wconf 85' lang='lat' dir='ltr'><strong>hemens</strong></span> <span class='ocrx_word' id='word_1_765' title='bbox 2363 4768 2638 4826; x_wconf 85' lang='lat' dir='ltr'><strong>patronus,</strong></span> <span class='ocrx_word' id='word_1_766' title='bbox 2697 4770 2750 4814; x_wconf 89' lang='lat' dir='ltr'><strong>et</strong></span> <span class='ocrx_word' id='word_1_767' title='bbox 2802 4759 3064 4816; x_wconf 83' lang='lat' dir='ltr'><strong>bonarum</strong></span> <span class='ocrx_word' id='word_1_768' title='bbox 3115 4764 3291 4830; x_wconf 82' lang='lat' dir='ltr'><strong>gravis</strong></span> <span class='ocrx_word' id='word_1_769' title='bbox 3348 4762 3517 4818; x_wconf 84' lang='lat' dir='ltr'><strong>hostis</strong></span> <span class='ocrx_word' id='word_1_770' title='bbox 3580 4764 3651 4814; x_wconf 69' lang='grc' dir='ltr'><strong>οδε</strong></span> 
     </span>
    </p>
   </div>
   <div class='ocr_carea' id='block_1_108' title="bbox 2074 4844 3648 4922">
    <p class='ocr_par' dir='ltr' id='par_1_108' title="bbox 2074 4844 3648 4922">
     <span class='ocr_line' id='line_1_108' title="bbox 2074 4844 3648 4922; baseline 0.004 -24"><span class='ocrx_word' id='word_1_771' title='bbox 2074 4844 2324 4902; x_wconf 69' lang='lat' dir='ltr'><strong>Caecilius</strong></span> <span class='ocrx_word' id='word_1_772' title='bbox 2376 4848 2600 4907; x_wconf 65' lang='lat' dir='ltr'><strong>Natalis.</strong></span> <span class='ocrx_word' id='word_1_773' title='bbox 2646 4849 2849 4906; x_wconf 82' lang='lat' dir='ltr'><strong>Harum</strong></span> <span class='ocrx_word' id='word_1_774' title='bbox 2898 4866 3084 4909; x_wconf 85' lang='lat' dir='ltr'><strong>contra</strong></span> <span class='ocrx_word' id='word_1_775' title='bbox 3133 4855 3350 4922; x_wconf 78' lang='lat' dir='ltr'><strong>vindex,</strong></span> <span class='ocrx_word' id='word_1_776' title='bbox 3379 4866 3438 4913; x_wconf 90' lang='lat' dir='ltr'><strong>et</strong></span> <span class='ocrx_word' id='word_1_777' title='bbox 3463 4855 3648 4911; x_wconf 72' lang='lat' dir='ltr'><strong>illatum</strong></span> 
     </span>
    </p>
   </div>
   <div class='ocr_carea' id='block_1_109' title="bbox 2075 4944 3648 5019">
    <p class='ocr_par' dir='ltr' id='par_1_109' title="bbox 2075 4944 3648 5019">
     <span class='ocr_line' id='line_1_109' title="bbox 2075 4944 3648 5019; baseline 0.004 -26"><span class='ocrx_word' id='word_1_778' title='bbox 2075 4952 2357 4996; x_wconf 89' lang='lat' dir='ltr'><strong>accusator</strong></span> <span class='ocrx_word' id='word_1_779' title='bbox 2409 4944 2705 4999; x_wconf 82' lang='lat' dir='ltr'><strong>acerrimus</strong></span> <span class='ocrx_word' id='word_1_780' title='bbox 2748 4956 2910 5017; x_wconf 87' lang='lat' dir='ltr'><strong>atque</strong></span> <span class='ocrx_word' id='word_1_781' title='bbox 2942 4949 3276 5019; x_wconf 86' lang='lat' dir='ltr'><strong>justissimus</strong></span> <span class='ocrx_word' id='word_1_782' title='bbox 3305 4964 3391 5009; x_wconf 84' lang='lat' dir='ltr'><strong>est</strong></span> <span class='ocrx_word' id='word_1_783' title='bbox 3421 4950 3648 5009; x_wconf 86' lang='lat' dir='ltr'><strong>Octavius</strong></span> 
     </span>
    </p>
   </div>
   <div class='ocr_carea' id='block_1_110' title="bbox 2076 5031 3643 5115">
    <p class='ocr_par' dir='ltr' id='par_1_110' title="bbox 2076 5031 3643 5115">
     <span class='ocr_line' id='line_1_110' title="bbox 2076 5031 3643 5115; baseline 0.007 -30"><span class='ocrx_word' id='word_1_784' title='bbox 2076 5031 2374 5101; x_wconf 87' lang='lat' dir='ltr'><strong>jauuarins.</strong></span> <span class='ocrx_word' id='word_1_785' title='bbox 2424 5035 2627 5092; x_wconf 73' lang='lat' dir='ltr'><strong>Medius</strong></span> <span class='ocrx_word' id='word_1_786' title='bbox 2671 5041 2823 5097; x_wconf 87' lang='lat' dir='ltr'><strong>sedet</strong></span> <span class='ocrx_word' id='word_1_787' title='bbox 2870 5043 3039 5099; x_wconf 88' lang='lat' dir='ltr'><strong>bonus</strong></span> <span class='ocrx_word' id='word_1_788' title='bbox 3106 5046 3272 5114; x_wconf 82' lang='lat' dir='ltr'><strong>jttdex</strong></span> <span class='ocrx_word' id='word_1_789' title='bbox 3320 5056 3478 5115; x_wconf 86' lang='lat' dir='ltr'><strong>atque</strong></span> <span class='ocrx_word' id='word_1_790' title='bbox 3525 5042 3643 5101; x_wconf 86' lang='lat' dir='ltr'><strong>arbi-</strong></span> 
     </span>
    </p>
   </div>
   <div class='ocr_carea' id='block_1_111' title="bbox 2082 5126 3641 5210">
    <p class='ocr_par' dir='ltr' id='par_1_111' title="bbox 2082 5126 3641 5210">
     <span class='ocr_line' id='line_1_111' title="bbox 2082 5126 3641 5210; baseline 0.007 -30"><span class='ocrx_word' id='word_1_791' title='bbox 2082 5133 2164 5181; x_wconf 89' lang='lat' dir='ltr'><strong>ter</strong></span> <span class='ocrx_word' id='word_1_792' title='bbox 2214 5126 2475 5185; x_wconf 82' lang='lat' dir='ltr'><strong>Minueius</strong></span> <span class='ocrx_word' id='word_1_793' title='bbox 2508 5130 2677 5187; x_wconf 79' lang='lat' dir='ltr'><strong>Felix.</strong></span> <span class='ocrx_word' id='word_1_794' title='bbox 2710 5134 3084 5192; x_wconf 85' lang='lat' dir='ltr'><strong>Contentionis</strong></span> <span class='ocrx_word' id='word_1_795' title='bbox 3109 5140 3325 5196; x_wconf 83' lang='lat' dir='ltr'><strong>occasio</strong></span> <span class='ocrx_word' id='word_1_796' title='bbox 3356 5138 3474 5207; x_wconf 82' lang='lat' dir='ltr'><strong>fuit,</strong></span> <span class='ocrx_word' id='word_1_797' title='bbox 3498 5134 3641 5210; x_wconf 88' lang='lat' dir='ltr'><strong>quod,</strong></span> 
     </span>
    </p>
   </div>
   <div class='ocr_carea' id='block_1_112' title="bbox 2078 5218 3644 5299">
    <p class='ocr_par' dir='ltr' id='par_1_112' title="bbox 2078 5218 3644 5299">
     <span class='ocr_line' id='line_1_112' title="bbox 2078 5218 3644 5299; baseline 0.009 -31"><span class='ocrx_word' id='word_1_798' title='bbox 2078 5230 2200 5270; x_wconf 89' lang='lat' dir='ltr'><strong>cum</strong></span> <span class='ocrx_word' id='word_1_799' title='bbox 2264 5218 2352 5272; x_wconf 89' lang='lat' dir='ltr'><strong>hie</strong></span> <span class='ocrx_word' id='word_1_800' title='bbox 2390 5235 2511 5276; x_wconf 91' lang='lat' dir='ltr'><strong>cum</strong></span> <span class='ocrx_word' id='word_1_801' title='bbox 2555 5224 2765 5281; x_wconf 87' lang='lat' dir='ltr'><strong>duobus</strong></span> <span class='ocrx_word' id='word_1_802' title='bbox 2812 5228 2938 5295; x_wconf 81' lang='lat' dir='ltr'><strong>illis,</strong></span> <span class='ocrx_word' id='word_1_803' title='bbox 2967 5245 3102 5299; x_wconf 90' lang='lat' dir='ltr'><strong>quos</strong></span> <span class='ocrx_word' id='word_1_804' title='bbox 3152 5232 3444 5296; x_wconf 86' lang='lat' dir='ltr'><strong>nominavi,</strong></span> <span class='ocrx_word' id='word_1_805' title='bbox 3497 5233 3545 5286; x_wconf 94' lang='lat' dir='ltr'><strong>in</strong></span> <span class='ocrx_word' id='word_1_806' title='bbox 3574 5228 3644 5284; x_wconf 87' lang='lat' dir='ltr'><strong>lit-</strong></span> 
     </span>
    </p>
   </div>
   <div class='ocr_carea' id='block_1_113' title="bbox 2080 5311 3642 5389">
    <p class='ocr_par' dir='ltr' id='par_1_113' title="bbox 2080 5311 3642 5389">
     <span class='ocr_line' id='line_1_113' title="bbox 2080 5311 3642 5389; baseline 0.009 -25"><span class='ocrx_word' id='word_1_807' title='bbox 2080 5318 2198 5366; x_wconf 89' lang='lat' dir='ltr'><strong>tore</strong></span> <span class='ocrx_word' id='word_1_808' title='bbox 2229 5311 2465 5370; x_wconf 89' lang='lat' dir='ltr'><strong>Ostiensi</strong></span> <span class='ocrx_word' id='word_1_809' title='bbox 2505 5318 2834 5389; x_wconf 83' lang='lat' dir='ltr'><strong>ambularet,</strong></span> <span class='ocrx_word' id='word_1_810' title='bbox 2881 5323 2949 5377; x_wconf 91' lang='lat' dir='ltr'><strong>ab</strong></span> <span class='ocrx_word' id='word_1_811' title='bbox 2978 5323 3199 5381; x_wconf 83' lang='lat' dir='ltr'><strong>Octavio</strong></span> <span class='ocrx_word' id='word_1_812' title='bbox 3225 5326 3527 5383; x_wconf 87' lang='lat' dir='ltr'><strong>Christiano</strong></span> <span class='ocrx_word' id='word_1_813' title='bbox 3566 5336 3642 5377; x_wconf 84' lang='lat' dir='ltr'><strong>re-</strong></span> 
     </span>
    </p>
   </div>
   <div class='ocr_carea' id='block_1_114' title="bbox 2076 5405 3644 5491">
    <p class='ocr_par' dir='ltr' id='par_1_114' title="bbox 2076 5405 3644 5491">
     <span class='ocr_line' id='line_1_114' title="bbox 2076 5405 3644 5491; baseline 0.01 -33"><span class='ocrx_word' id='word_1_814' title='bbox 2076 5405 2376 5472; x_wconf 89' lang='lat' dir='ltr'><strong>prehensus</strong></span> <span class='ocrx_word' id='word_1_815' title='bbox 2440 5410 2511 5466; x_wconf 91' lang='lat' dir='ltr'><strong>sit</strong></span> <span class='ocrx_word' id='word_1_816' title='bbox 2557 5410 2804 5468; x_wconf 71' lang='lat' dir='ltr'><strong>Caecilius</strong></span> <span class='ocrx_word' id='word_1_817' title='bbox 2858 5415 3144 5487; x_wconf 86' lang='lat' dir='ltr'><strong>ethnicus,</strong></span> <span class='ocrx_word' id='word_1_818' title='bbox 3222 5422 3310 5491; x_wconf 88' lang='lat' dir='ltr'><strong>qui</strong></span> <span class='ocrx_word' id='word_1_819' title='bbox 3378 5428 3644 5476; x_wconf 84' lang='lat' dir='ltr'><strong>occurrens</strong></span> 
     </span>
    </p>
   </div>
   <div class='ocr_carea' id='block_1_115' title="bbox 2069 5497 3642 5588">
    <p class='ocr_par' dir='ltr' id='par_1_115' title="bbox 2069 5497 3642 5588">
     <span class='ocr_line' id='line_1_115' title="bbox 2069 5497 3642 5588; baseline 0.008 -33"><span class='ocrx_word' id='word_1_820' title='bbox 2069 5497 2213 5561; x_wconf 87' lang='lat' dir='ltr'><strong>idolo</strong></span> <span class='ocrx_word' id='word_1_821' title='bbox 2280 5504 2577 5577; x_wconf 87' lang='lat' dir='ltr'><strong>Serapidis,</strong></span> <span class='ocrx_word' id='word_1_822' title='bbox 2625 5508 2759 5565; x_wconf 91' lang='lat' dir='ltr'><strong>illud</strong></span> <span class='ocrx_word' id='word_1_823' title='bbox 2808 5514 2990 5572; x_wconf 90' lang='lat' dir='ltr'><strong>colere</strong></span> <span class='ocrx_word' id='word_1_824' title='bbox 3015 5530 3075 5573; x_wconf 90' lang='lat' dir='ltr'><strong>se</strong></span> <span class='ocrx_word' id='word_1_825' title='bbox 3127 5515 3642 5588; x_wconf 80' lang='lat' dir='ltr'><strong>signiﬁcasset.Sane</strong></span> 
     </span>
    </p>
   </div>
   <div class='ocr_carea' id='block_1_116' title="bbox 2093 5660 3635 5743">
    <p class='ocr_par' dir='ltr' id='par_1_116' title="bbox 2093 5660 3635 5743">
     <span class='ocr_line' id='line_1_116' title="bbox 2093 5660 3635 5743; baseline 0.01 -27"><span class='ocrx_word' id='word_1_826' title='bbox 2093 5660 2605 5743; x_wconf 42' lang='lat' dir='ltr'><strong>.(3)A._\‘ym_maehtts</strong></span> <span class='ocrx_word' id='word_1_827' title='bbox 2660 5669 2748 5743; x_wconf 72' lang='lat' dir='ltr'><strong>lib.</strong></span> <span class='ocrx_word' id='word_1_828' title='bbox 2793 5687 2853 5743; x_wconf 62' lang='lat' dir='ltr'><strong>rt.</strong></span> <span class='ocrx_word' id='word_1_829' title='bbox 2909 5673 3059 5740; x_wconf 80' lang='lat' dir='ltr'><strong>epist.</strong></span> <span class='ocrx_word' id='word_1_830' title='bbox 3152 5673 3246 5731; x_wconf 72' lang='lat'><strong>54.</strong></span> <span class='ocrx_word' id='word_1_831' title='bbox 3313 5676 3393 5733; x_wconf 84' lang='lat' dir='ltr'><strong>ed.</strong></span> <span class='ocrx_word' id='word_1_832' title='bbox 3467 5668 3635 5743; x_wconf 58' lang='lat' dir='ltr'><strong>durati.</strong></span> 
     </span>
    </p>
   </div>
   <div class='ocr_carea' id='block_1_117' title="bbox 2060 5733 3638 5819">
    <p class='ocr_par' dir='ltr' id='par_1_117' title="bbox 2060 5733 3638 5819">
     <span class='ocr_line' id='line_1_117' title="bbox 2060 5733 3638 5819; baseline -0.004 -19"><span class='ocrx_word' id='word_1_833' title='bbox 2060 5733 2404 5819; x_wconf 42' lang='grc' dir='ltr'><strong>ξξυειϐἷᾳςι.</strong></span> <span class='ocrx_word' id='word_1_834' title='bbox 2460 5738 2696 5819; x_wconf 62' lang='grc' dir='ltr'><strong>δςίριξρὶ,</strong></span> <span class='ocrx_word' id='word_1_835' title='bbox 2740 5741 2807 5798; x_wconf 93' lang='lat' dir='ltr'><strong>ad</strong></span> <span class='ocrx_word' id='word_1_836' title='bbox 2862 5733 3248 5819; x_wconf 81' lang='lat' dir='ltr'><strong>Valentinum,</strong></span> <span class='ocrx_word' id='word_1_837' title='bbox 3294 5733 3638 5804; x_wconf 77' lang='lat' dir='ltr'><strong>Theodosium</strong></span> 
     </span>
    </p>
   </div>
   <div class='ocr_carea' id='block_1_118' title="bbox 2058 5806 2768 5882">
    <p class='ocr_par' dir='ltr' id='par_1_118' title="bbox 2058 5806 2768 5882">
     <span class='ocr_line' id='line_1_118' title="bbox 2058 5806 2768 5882; baseline 0.014 -23"><span class='ocrx_word' id='word_1_838' title='bbox 2058 5811 2116 5860; x_wconf 90' lang='lat' dir='ltr'><strong>et</strong></span> <span class='ocrx_word' id='word_1_839' title='bbox 2166 5806 2455 5865; x_wconf 87' lang='lat' dir='ltr'><strong>Arcadium</strong></span> <span class='ocrx_word' id='word_1_840' title='bbox 2492 5806 2655 5868; x_wconf 52' lang='lat' dir='ltr'><strong>AAA&#39;.</strong></span> <span class='ocrx_word' id='word_1_841' title='bbox 2757 5870 2768 5882; x_wconf 73' lang='grc'><em>,</em></span> 
     </span>
    </p>
   </div>
  </div>
