3818 6278
226 323 334 384 205
1395 325 1459 390 F.
1500 325 1826 390 BALDUINI

1985 328 2337 394 SERTATIO.
2609 322 2619 331 ’
2945 371 2951 374 ι
3372 367 3376 371 -
3403 360 3512 427 ,οδ

220 440 349 496 olim
401 439 598 502 Pisone
648 448 706 500 ει
749 440 976 502 Gabinio
1022 457 1165 501 coss.
1211 443 1486 516 θεωρίδες
1528 463 1680 504 sacra
1711 446 1814 504 Ca.
1841 444 1898 510 Α
1993 447 2238 511 Otacilius
2279 455 2539 532 principio
2561 460 2743 524 laudat
2768 468 2948 527 ncscio
2975 487 3131 545 quam
3157 476 3272 540 sive
3298 480 3509 540 Acade-

179 533 409 603 'piloiio
458 544 513 591 et
567 536 699 592 urbe
752 536 966 596 fuerant
1036 538 1246 610 ejecta:
1301 541 1399 598 sed
1453 553 1637 613 postea
1706 542 1821 600 fue-

1985 541 2115 598 iCam
2132 548 2500 620 ἀκαταληψίαν.
2551 556 2664 612 sive
2685 533 3068 630 Pyrrhonicam
3097 575 3312 640 (ποχςην,
3357 576 3512 643 quasi

224 637 353 682 runt
412 629 673 698 restituta,
734 641 791 686 et
830 631 883 692 in
954 631 1226 690 suburbiis
1285 633 1444 696 facile
1520 636 1815 692 haerebant.

228 717 607 791 Reprehensos
646 723 889 780 Caecilius
936 725 1136 792 fremit,
1187 736 1244 784 et
1267 738 1540 801 tamquam
1580 730 1818 786 irritatus

224 815 463 882 graviter
529 816 580 869 in
644 815 1070 876 Christianorum
1126 819 1435 890 religionem
1501 821 1814 880 invehitur:

229 921 498 978 suamque
543 909 697 964 simul
762 912 1202 980 superstitionem
1263 915 1595 984 defendens,
1655 916 1816 972 Octa-

219 999 368 1055 vium
413 1001 572 1056 veluti
625 1001 858 1058 lacessit.
913 1002 1019 1060 Sed
1091 1005 1404 1075 imprudens
1469 1009 1694 1066 incurrit
1761 1007 1815 1064 in

212 1092 586 1152 adversarium
619 1092 816 1155 fortem
871 1106 927 1158 et
992 1112 1206 1153 acrem:
1277 1109 1332 1156 et
1404 1111 1494 1167 ut,
1571 1102 1661 1158 ille
1719 1102 1815 1168 ait,

719 1207 902 1273 Fragili
924 1211 1130 1273 cupiens
1149 1209 1346 1273 illidere
1377 1214 1601 1272 dentem,

530 1268 747 1336 Infregit
767 1268 938 1322 solido.
988 1268 1003 1273 '
1092 1273 1287 1339 (Horat.
1312 1271 1393 1326 lib.
1420 1290 1471 1336 ιι,
1500 1268 1634 1328 εαιὶν.
1662 1274 1729 1338 1.)

271 1373 475 1432 Causa:
513 1385 690 1432 status
713 1393 820 1434 non
851 1391 987 1438 unus
1013 1390 1112 1438 est.
1147 1379 1397 1437 Czecilius
1429 1384 1578 1440 varie
1608 1393 1663 1439 et
1687 1399 1817 1447 con-

201 1469 320 1526 tusa
363 1471 471 1540 agit
519 1471 589 1530 de
636 1472 838 1532 multis.
905 1472 1160 1531 Octavius
1199 1474 1456 1546 pleraque
1499 1485 1553 1534 et
1596 1478 1820 1548 depellit

208 1567 323 1625 sola
353 1565 713 1633 inﬁciatione,
743 1577 796 1624 et
851 1577 1128 1639 retorquet
1165 1568 1308 1639 justa
1357 1571 1812 1630 recriminaiione.

215 1657 476 1726 Quaedam
505 1661 733 1730 ingenue
759 1658 1078 1718 confitetur:
1112 1662 1205 1717 sed
1241 1662 1366 1734 jure
1404 1664 1661 1726 defendit.
1717 1667 1819 1724 Ita-

215 1766 331 1821 que
359 1751 481 1807 bzec
506 1752 813 1822 disceptatio
841 1755 1030 1821 partim
1062 1753 1208 1822 facti,
1258 1756 1449 1825 partim
1476 1757 1612 1827 juris
1641 1774 1813 1828 QUIES-

1920 637 2071 730 nnlla
2110 654 2253 699 esset
2300 646 2571 718 religionis
2607 653 2828 712 scientia
2857 672 2872 722 ;
2913 666 2968 714 et
2999 637 3254 730 Epicurea
3285 637 3510 724 audacia

1922 728 2153 828 esagitat
2178 732 2277 828 Dei
2296 737 2704 810 providentiam,
2726 761 2890 816 prope
2906 760 2965 804 ut
2989 728 3078 814 ille
3096 753 3344 827 (t)(lotta
3369 759 3510 828 apud

1921 814 2233 910 Ciceronem
2264 825 2315 882 in
2343 828 2494 885 libris
2517 831 2584 888 de
2611 833 2805 890 Natura
2826 814 3078 908 Deorum,
3101 814 3358 910 ‘Octavius
3373 814 3507 904 Ιίιοζ

1920 907 2208 1006 videndam
2225 915 2461 976 defendit
2487 922 2699 996 :Neque
2722 928 2786 990 iis
2808 931 2966 989 etiam
2988 907 3318 1006 argumentis.
3339 941 3411 995 uti
3429 941 3516 998 de-

1920 999 2188 1098 dignatur,
2208 1011 2398 1078 quibus
2420 1015 2651 1079 Velieius
2667 1025 2804 1089 apud
2822 999 3077 1090 eutiideni
3087 999 3400 1098 Ciceronem
3427 1056 3513 1098 re-

1920 1095 2058 1152 fellit
2077 1099 2245 1159 Cotta:
2269 1107 2572 1166 vanitatem.
2600 1112 2846 1180 Caecilius
2861 1123 3234 1194 exprobrabat,
3255 1095 3515 1188 Christia-

1919 1207 2018 1300 nos
2039 1196 2167 1268 Deo,
2187 1208 2243 1300 ut
2263 1203 2650 1300 quidauLFato,
2665 1210 2932 1282 addicere.
2952 1219 3204 1292 quidquid
3225 1228 3403 1299 agitur
3416 1245 3514 1300 ge-

1919 1291 2142 1354 riturve.
2157 1293 2268 1356 Abs
2287 1297 2448 1354 verbo
2467 1296 2602 1366 Fati.
2624 1307 2834 1364 tametsi
2851 1308 3039 1369 odioso
3055 1291 3516 1392 propter'inepiias

1920 1392 2244 1461 Stoicorum,
2298 1399 2390 1469 qui
2440 1417 2503 1456 ea
2537 1417 2670 1459 voce
2709 1405 3083 1475 abutebantur.
3125 1428 3231 1468 non
3260 1415 3518 1472 abhorret

1920 1487 2196 1546 Oetavius.
2259 1492 2364 1549 Sed
2393 1495 2684 1566 longiorem
2713 1513 2774 1554 ea
2810 1501 2878 1558 de
2923 1518 2982 1559 re
3024 1505 3436 1576 disputationem
3463 1511 3519 1567 in

1920 1581 2061 1636 aliud
2107 1592 2317 1660 tempus
2364 1588 2556 1657 rejicit,
2599 1600 2653 1644 et
2694 1607 2815 1647 eum
2851 1595 3014 1650 veluti
3053 1602 3331 1668 scopulum
3363 1615 3518 1661 caute

1919 1677 2136 1767 refugit.
2177 1680 2320 1737 Sane
2347 1682 2700 1756 Hieronymus
2726 1688 2776 1742 iu
2804 1689 3076 1762 Catalogo,
3105 1705 3156 1749 et
3185 1696 3251 1750 ad
3269 1696 3517 1767 Magnum

1922 1766 2138 1841 (Epist.
2193 1774 2426 1850 Lxxnv)
2479 1779 2632 1834 testis
2661 1792 2762 1845 est,
2814 1785 3100 1852 quemdam
3151 1789 3217 1843 de
3266 1766 3400 1846 Fato
3454 1792 3521 1848 Ii-

229 1843 482 1900 tionibns
528 1853 739 1899 constat.
789 1843 1148 1902 Tertullianus
1170 1856 1346 1912 antea,
1373 1860 1428 1904 et
1453 1861 1579 1906 ante
1606 1851 1816 1908 Terlul-
1843 1833 1894 1902 Β
1926 1833 2079 1918 ιιι-υἰη
2125 1866 2254 1920 olim
2305 1833 2535 1925 Μίηύοίο
2573 1833 2885 1944 “ﬁciigiu‘m
2939 1873 3104 1934 fuisse
3133 1897 3148 1936 ε
3176 1833 3272 1936 ξω
3329 1833 3514 1939 ὥςέῶ

215 1933 434 1989 lianum
461 1935 688 1996 Justinus
715 1947 772 1992 et
798 1938 1188 2009 Athenagoras.
1208 1956 1434 2009 quorum
1458 1952 1668 1999 exstant
1691 1961 1820 2015 apo-
1924 1954 2088 2012 fuisse
2117 1959 2518 2030 inscriptionem
2550 1933 2755 2020 monet:
2814 1968 2989 2024 Credo
3030 1933 3103 2025 illi
3137 1933 3520 2043 a‘quibusdam

201 2025 438 2097 lugetici
458 2029 642 2093 libelli.
680 2040 734 2134 et
761 2042 948 2134 [sisten-
960 2033 1257 2134 Cvprian-us
1282 2035 1472 2134 partim
1493 2046 1682 2134 contra
1713 2039 1816 2098 De-
1921 2060 2043 2104 esse
2071 2025 2422 2122 adscriptum,
2457 2057 2580 2126 quia
2609 2057 2695 2112 hic
2721 2059 3004 2134 videbatur
3033 2064 3137 2119 tale

189 2125 792 2227 medianum-partim.
814 2125 1074 2227 inlibello
1095 2127 1425 2227 deVanitate
1451 2130 1742 2227 idolorum,
1766 2141 1822 2188 et
1924 2142 2218 2210 pollicitus.
2285 2125 2574 2214 Arnobius,
2631 2165 2788 2220 quem
2838 2133 3052 2211 Minucii
3110 2125 3428 2227 discipulum
3468 2171 3522 2216 et

185 2213 384 2269 multo
416 2213 617 2272 deinde
657 2217 824 2288 magis
850 2219 1118 2278 Arnobius
1147 2231 1306 2291 atque
1332 2222 1638 2282 Laelanlius
1684 2227 1821 2281 hanc
1924 2234 2249 2293 imitatorem
2276 2213 2747 2310 appellaresoieo,
2776 2247 2935 2302 modo
2965 2213 3302 2308 adversarios
3326 2254 3394 2310 de
3416 2254 3524 2311 fato

181 2317 436 2362 causam
478 2317 706 2378 egerunt
737 2327 751 2364 :
785 2319 840 2365 et
866 2312 945 2372 usi
972 2313 1282 2385 plerumque
1316 2325 1440 2381 sunt
1485 2331 1589 2372 non
1631 2317 1820 2376 iisdem
1923 2339 2160 2396 accusat,
2186 2330 2348 2387 modo
2376 2334 2886 2395 etiamChristianos
2908 2342 3097 2398 eodem
3121 2346 3339 2400 nomine
3360 2362 3523 2402 accu-

181 2401 376 2460 modo
406 2415 459 2457 et
485 2404 766 2460 sententiis
792 2417 844 2461 et
860 2409 1212 2477 argumentis,
1235 2410 1328 2464 sed
1348 2422 1404 2465 et
1429 2411 1605 2466 verbis
1633 2422 1690 2468 et
1713 2411 1824 2495 for-
1924 2433 2072 2478 satos
2123 2423 2288 2479 fuisse
2317 2427 2550 2483 ostendit
2580 2446 2593 2482 :
2640 2440 2694 2485 et
2730 2431 2786 2486 in
2836 2446 3062 2505 utraque
3120 2448 3294 2492 tamen
3340 2453 3523 2508 causa,

183 2494 402 2554 mulis.
463 2496 558 2553 Sic
578 2499 719 2552 enim
747 2501 976 2570 majores
1013 2504 1178 2558 nostri
1225 2504 1416 2561 eadem
1437 2505 1506 2561 de
1529 2506 1739 2574 iisdem,
1764 2494 1825 2562 ut
1925 2529 2048 2569 cum
2075 2514 2141 2568 ad
2171 2532 2282 2572 rem
2316 2528 2536 2574 ventum
2566 2531 2669 2586 est,
2704 2523 2874 2581 haeret
2918 2494 2989 2582 et.
3022 2531 3205 2585 nescio
3257 2494 3526 2602 quomodo

181 2587 293 2643 ille
319 2588 465 2647 olim
487 2590 716 2658 dicebat,
751 2593 929 2650 dicere
956 2595 1225 2652 solebant.
1926 2613 2184 2668 attonitus
2224 2621 2411 2691 ὶμνι-ιχει.¹
2451 2614 2582 2670 Nam
2619 2617 2786 2687 (juvat
2825 2620 2968 2675 enim
2999 2635 3215 2694 propter
3240 2587 3527 2682 Mlinucium

282 2685 471 2750 Atque
517 2683 720 2739 utinam
772 2689 1056 2756 potitet-itas
1099 2689 1206 2750 tale
1249 2690 1589 2752 observasse!
1635 2707 1823 2748 exem-
1927 2709 1980 2755 et
2005 2703 2262 2773 quosdam
2289 2689 2425 2759 alios
2456 2683 2746 2762 obiter-illic
2779 2683 3013 2782 notaref
3041 2683 3134 2767 liti.
3173 2729 3266 2782 vn,
3312 2725 3527 2786 postea-

188 2773 400 2842 plum.
453 2774 738 2833 atnbiliosa
791 2780 1000 2834 novitas
1043 2781 1238 2836 bonam
1287 2782 1662 2852 antiquitatem
1717 2797 1822 2838 non
1927 2809 2086 2864 quam
2116 2797 2403 2866 exagitavit
2435 2797 2623 2864 fatum,
2657 2803 2952 2868 praesertim
2970 2773 3138 2874 'quale
3165 2773 3327 2863 Stoici
3361 2808 3525 2878 linge-

191 2866 576 2936 inquinasset.
614 2869 784 2926 Velim
813 2887 945 2928 sane
973 2874 1260 2944 Apologias
1286 2890 1500 2942 eorum,
1533 2890 1668 2946 quos
1689 2876 1820 2942 dixi,
1928 2885 2095 2940 baut:
2134 2905 2153 2937 ι
2204 2887 2299 2942 has
2339 2897 2541 2957 tamen,
2574 2866 2761 2961 inquit,
2795 2866 3148 2964 partem-quia
3177 2911 3264 2951 res
3303 2866 3529 2954 nimium

205 2974 356 3018 cum
402 2962 497 3017 hoc
523 2962 828 3020 Minuciano
884 2966 1069 3021 libello
1107 2967 1336 3023 conferri
1365 2985 1378 3023 :
1406 2977 1465 3022 ut
1495 2969 1658 3022 alium
1687 2984 1825 3024 nunc
1929 2977 2073 3050 longi
2104 2989 2186 3034 est
2213 2979 2474 3050 multique
2503 2985 2789 3049 sermonis,
2820 2962 3167 3054 inexplicatas
3206 2991 3528 3045 transcurri-

213 3055 669 3113 commentarium
717 3059 975 3128 colligere
1007 3075 1114 3114 non
1148 3059 1222 3114 sit
1256 3075 1498 3116 necesse.
1549 3060 1716 3118 Multa
1756 3078 1823 3118 ex
1927 3085 2048 3126 mus
2095 3083 2256 3142 atque
2305 3073 2552 3129 intactas.
2591 3093 2610 3126 ι
2647 3075 2790 3130 ldem
2850 3075 2944 3130 lib.
2995 3093 3052 3142 ii,
3094 3092 3216 3133 cum
3268 3081 3534 3137 scriberet

213 3153 469 3201 veterum
537 3147 977 3218 philosonhorum
1025 3150 1496 3221 disputationibus.
1532 3162 1589 3208 et
1633 3160 1818 3223 poeta-
1855 3222 1897 3240 η
1928 3162 2264 3221 Christianos
2319 3168 2494 3238 urgeri
2541 3178 2784 3240 rogatos.
2840 3184 2909 3224 an
2948 3170 3065 3226 sine
3104 3172 3377 3228 voluntate
3429 3173 3525 3228 Dei

209 3251 344 3294 rum
379 3238 571 3295 bibulis
600 3251 654 3295 et
702 3241 944 3300 Romula
975 3243 1271 3314 Grmcaquc
1311 3243 1533 3300 historia
1561 3222 1826 3301 subtiliter
1851 3222 1898 3293 θ
1930 3259 2219 3330 quidquam
2267 3222 2455 3315 ﬁeri}?
2498 3222 2636 3314 tamu
2659 3276 2718 3316 se
2749 3222 3015 3333 utrimque
3045 3265 3211 3332 premi
3238 3265 3418 3331 sentit,
3451 3273 3527 3330 ut,

217 3336 279 3382 et
318 3328 480 3385 docte
511 3331 594 3386 hic
621 3343 954 3401 repetuntur.
1000 3334 1196 3390 Verum
1226 3335 1464 3405 ineptum
1493 3345 1637 3390 esset
1664 3337 1729 3392 iis
1761 3337 1828 3393 de
1929 3351 1997 3406 ad
2047 3328 2390 3421 eiabendum,
2450 3353 2826 3422 deprecatione
2878 3328 3155 3426 cujusdam
3212 3328 3530 3425 ignorantia:

225 3421 394 3478 rebus
407 3427 780 3482 aimotationes
807 3427 1002 3483 multas
1023 3436 1075 3482 et
1088 3428 1291 3482 otiosas
1321 3427 1422 3481 hoc
1451 3426 1572 3484 loco
1596 3428 1830 3484 inculca-

230 3526 312 3569 re.
330 3517 542 3578 Mallem
565 3534 684 3587 quae
705 3519 777 3574 ad
790 3519 1166 3590 antiquitatum
1183 3519 1608 3596 Christianarum
1625 3536 1830 3577 memo-

235 3609 370 3667 riam
419 3615 711 3682 pertinent.
766 3615 987 3684 copiose
1037 3615 1329 3684 capticare.
1389 3613 1496 3669 Sed
1536 3623 1590 3669 et
1639 3615 1828 3670 harum

233 3707 633 3762 commentariis
673 3706 809 3762 alius
845 3707 1061 3766 dabitur
1085 3707 1307 3762 liberior
1332 3706 1522 3763 locus:
1569 3721 1695 3762 nam
1740 3707 1827 3772 iis.

236 3811 371 3866 quos
390 3799 497 3866 jam
526 3799 793 3865 inchoavi,
821 3798 1164 3856 absolvendis
1184 3799 1474 3869 aliquando
1499 3815 1588 3854 me
1610 3798 1827 3854 dedam.

231 3885 354 3946 λειω
395 3905 520 3946 vero
558 3900 751 3962 praeter
793 3891 937 3956 illos,
976 3906 1114 3961 quos
1139 3890 1268 3954 dixi,
1304 3891 1511 3946 libellos
1558 3891 1710 3945 valde
1743 3906 1832 3945 ve—

237 3980 330 4038 lini
353 3985 512 4040 etiam
542 3985 629 4040 hic
653 3985 758 4057 legi
787 3994 842 4040 et
858 3985 1163 4057 comparari
1191 3987 1530 4042 adversarias
1555 3987 1832 4042 orationes

239 4073 542 4146 Symmachi
596 4087 656 4135 et
694 4079 1011 4134 Ambrosii:
1053 4090 1116 4134 ut
1161 4096 1320 4150 qutun
1367 4093 1584 4136 causam
1632 4079 1831 4134 acriter

245 4171 478 4238 quidem,
501 4171 592 4228 sed
621 4173 870 4244 privatim
902 4183 1079 4230 tamen
1099 4189 1209 4244 quo
1239 4183 1481 4243 tempore
1511 4171 1831 4227 Christianis

247 4261 422 4329 palam
447 4279 562 4323 esse
600 4265 692 4322 vix
732 4264 950 4328 licebat,
1006 4274 1178 4320 actam
1209 4280 1329 4319 esse
1378 4280 1448 4318 ex
1477 4263 1709 4318 Minucio
1736 4278 1830 4318 au-

256 4351 488 4416 diemus:
514 4357 756 4415 eamdem
784 4358 967 4416 multis
992 4369 1107 4428 post
1136 4357 1290 4415 annis
1319 4357 1528 4426 publice
1567 4357 1618 4410 in
1658 4355 1832 4412 aulico

259 4449 558 4508 consistorio
581 4453 778 4507 iterum
807 4451 1108 4522 iterumque
1132 4451 1386 4520 agitatam
1411 4467 1425 4504 :
1461 4449 1514 4503 in
1543 4463 1714 4518 eaque
1733 4462 1833 4503 uo-

266 4535 428 4592 bilem
462 4541 802 4598 Romanorum
830 4558 1103 4602 sacrorum
1145 4553 1451 4612 patronum,
1483 4541 1574 4612 qui
1605 4549 1660 4596 et
1688 4540 1830 4596 Pon-

262 4627 390 4684 tifex
424 4635 668 4694 maximus
693 4645 748 4690 et
777 4635 1059 4704 praefectus
1105 4611 1220 4689 urbi
1248 4642 1385 4697 erat,
1430 4611 1553 4688 cunt
1599 4632 1830 4690 maximo
1853 4611 1909 4678 D

263 4728 316 4775 et
342 4728 584 4782 acerrimo
610 4728 867 4785 Antistite
900 4725 1218 4785 Christianae
1257 4724 1532 4796 religionis
1580 4725 1835 4780 commis-

263 4825 393 4880 sum,
421 4831 517 4887 quo
543 4829 782 4891 tempore
809 4819 976 4874 nosui
1009 4818 1161 4880 liberi
1190 4827 1365 4883 erant,
1411 4826 1468 4873 et
1491 4817 1629 4873 bona
1657 4831 1837 4886 acqua-

262 4919 361 4976 que
383 4912 674 4968 conditione
714 4955 730 4979 ,
759 4910 1040 4968 audiamus
1069 4928 1080 4964 :
1116 4911 1412 4980 praesertim
1447 4926 1568 4967 cum
1591 4910 1754 4981 judex
1783 4917 1838 4964 et

259 5000 450 5058 arbiter
483 5004 713 5073 sederet,
745 5020 852 5066 non
885 5006 1045 5062 modo
1097 5015 1202 5059 tam
1236 5005 1518 5074 religiosus
1552 5021 1711 5076 quam
1741 4999 1839 5060 Mi.

265 5096 460 5164 nucius,
506 5100 602 5156 sed
633 5100 802 5155 multo
839 5101 1059 5170 majoris
1104 5101 1455 5167 auctoritatis,
1497 5111 1552 5157 et
1589 5103 1677 5173 qui
1720 5119 1833 5159 rem

267 5183 395 5244 bene
413 5190 691 5258 judicatam
732 5196 975 5265 exsequi,
1007 5203 1062 5249 et
1097 5192 1392 5249 adversarii
1435 5195 1840 5253 calumniatoris

269 5281 588 5346 petulantiam
619 5287 917 5356 reprimere
938 5297 1096 5357 atque
1121 5302 1376 5343 coercere
1401 5296 1604 5356 posset.
1634 5287 1689 5343 Si
1721 5291 1841 5358 quis

272 5369 478 5444 denique
501 5378 585 5432 hic
607 5379 861 5450 adjnngat
887 5379 1166 5450 Augustini
1185 5381 1349 5435 libros
1374 5379 1441 5434 de
1467 5379 1697 5435 Civitate
1725 5381 1842 5446 Dei,

283 5463 342 5516 ad
366 5464 553 5528 Cetarii
581 5469 1000 5540 diSputatitutem
1035 5471 1260 5528 multum
1293 5472 1427 5527 lucis
1454 5480 1514 5527 et
1541 5471 1845 5540 splendoris

290 5554 572 5629 adjuuxerit,
619 5579 720 5634 ego
744 5564 797 5617 in
825 5563 1020 5618 talibus
1049 5566 1448 5620 commentariis
1483 5581 1623 5621 nunc
1648 5566 1851 5622 descri—

289 5644 448 5706 bendis
470 5670 569 5709 non
601 5656 964 5721 immorabor;
1012 5656 1106 5712 sed
1154 5656 1388 5714 breviter
1419 5667 1623 5716 tantum
1649 5658 1852 5713 deliba-

287 5737 346 5794 bo
358 5745 581 5817 quaedam
607 5746 783 5817 capita
797 5744 1086 5806 Minuciani
1126 5745 1317 5816 libelli,
1347 5757 1406 5804 ut
1423 5748 1685 5808 lectorem
1711 5763 1855 5819 prae-

305 5847 544 5894 moneant.

1931 3450 2133 3497 utatur.
2181 3460 2200 3494 ‹
2238 3443 2318 3509 Si,
2350 3445 2541 3512 inquit,
2574 3454 2764 3499 cuncta
2794 3445 2912 3516 ejus
2941 3446 3214 3503 voluntate
3238 3447 3533 3503 ccuticiun-

1931 3541 2038 3600 tur,
2088 3551 2187 3591 nec
2215 3536 2350 3591 citra
2390 3536 2510 3607 ejus
2537 3546 2723 3592 nutum
2753 3538 3039 3610 quidquam
3067 3549 3242 3610 potest
3281 3541 3334 3595 in
3370 3543 3542 3615 rebus.

1931 3629 2018 3683 vel
2062 3628 2348 3699 provenire
2417 3632 2498 3686 vel
2554 3631 2766 3698 cadere,
2828 3634 3135 3688 necessario
3185 3637 3425 3706 sequitur
3475 3646 3534 3692 ut

1934 3723 2071 3777 mala
2103 3725 2265 3778 etiam
2293 3735 2483 3779 cuncta
2533 3726 2805 3780 voluntate
2852 3726 2969 3796 ejus
3001 3726 3365 3799 intelligantur
3394 3744 3528 3785 ena-

1934 3819 2008 3876 sci
2036 3834 2052 3885 ;
2086 3819 2168 3875 sin
2195 3827 2372 3872 autem
2399 3817 2577 3872 dicere
2621 3817 2967 3885 voluerimus.
2993 3821 3346 3888 Ρυεδίπηθῖωη
3371 3821 3440 3876 ab
3467 3837 3534 3878 eo

1933 3915 2236 3984 rejicientes
2260 3926 2470 3978 causas,
2505 3911 2626 3965 mali
2656 3926 2775 3966 esse
2805 3915 3099 3975 conscium.
3130 3923 3532 3984 generatorem¢

1933 4021 2036 4078 que
2064 4005 2261 4060 nullius
2284 4019 2304 4058 :
2333 4003 2590 4072 incipient
2619 4002 2787 4058 videri
2829 4012 2921 4058 aut
2943 4018 3010 4058 eo
3051 4003 3217 4060 invito
3246 4021 3330 4060 res
3361 4005 3533 4076 pessi-

1935 4114 2036 4154 ma:
2063 4099 2200 4162 ﬁeri,
2235 4107 2345 4168 aut,
2374 4094 2516 4167 quod
2543 4095 2613 4149 sit
2661 4095 2894 4152 immane
2938 4097 3163 4166 dixisse,
3216 4100 3524 4167 nesciente,

1935 4194 2142 4264 ignaro,
2173 4205 2236 4244 ac
2261 4189 2460 4244 nescio.
2503 4206 2523 4239 ι
3529 4267 3534 4274 ’

2005 4284 2141 4351 Quid
2182 4283 2341 4354 igitur
2379 4279 2592 4335 tandem
2628 4279 2770 4334 inter
2809 4279 2905 4335 has
2951 4281 3116 4337 veluti
3157 4283 3531 4354 symplegadas

1933 4376 2276 4440 constrictus,
2322 4371 2602 4441 quzestioni
2646 4371 2972 4440 respondet?
3003 4390 3025 4423 ι
3060 4373 3524 4445 Respondcamus,

1934 4467 2123 4537 inquit,
2168 4477 2389 4519 necesse
2415 4470 2514 4523 est,
2557 4463 2764 4515 nescire
2789 4477 2886 4516 nos
2913 4462 3033 4526 ista.
3082 4475 3185 4520 etc.
3221 4484 3244 4521 ι
3287 4467 3531 4525 ιυμιίηυε

1933 4575 2089 4619 antea
2115 4561 2166 4616 in
2206 4574 2301 4616 sua
2341 4554 2598 4627 Apologia
2626 4570 2730 4609 non
2767 4554 3106 4613 dubitaverat
3148 4571 3233 4615 1-9»
3259 4577 3340 4624 τῆς
3363 4567 3532 4632 εἱμαρ-

1934 4667 2074 4727 μένης
2124 4661 2345 4721 ἀνάγκην.
2393 4661 2449 4704 ut
2469 4647 2724 4717 appellat,
2758 4657 2943 4718 aperte
2973 4652 3219 4712 inticiari.
3265 4653 3529 4724 planeque

1936 4751 2180 4821 rejicere,
2207 4748 2334 4802 dum
2356 4743 2635 4812 scopulum
2679 4758 2863 4810 unum,
2905 4760 3062 4813 quem
3093 4748 3373 4802 imminere
3399 4748 3533 4804 alio-

1937 4845 2024 4916 qui
2054 4850 2224 4913 putat,
2246 4839 2358 4893 vult
2384 4835 2637 4907 effugere.
2686 4835 2844 4904 Atqui
2878 4847 2999 4890 tunc
3027 4838 3077 4891 in
3101 4838 3323 4893 alterum
3353 4841 3530 4894 incur-

1936 4936 2028 5001 rit,
2057 4949 2218 5005 quem
2261 4947 2366 4987 nou
2395 4930 2572 4983 minus
2597 4934 2688 4980 aut
2731 4925 2985 4982 Minucius
3029 4937 3121 4983 aut
3157 4931 3426 4985 Arnobius
3449 4947 3535 4987 re-

1942 5026 2261 5083 formidasse
2319 5022 2551 5077 videtur.
2613 5017 2854 5072 Tandem
2907 5034 3035 5074 vero
3087 5020 3416 5091 AugnStinus
3476 5024 3531 5078 in

1941 5123 2128 5175 eadem
2155 5118 2327 5174 Africa
2351 5118 2538 5172 volens
2560 5112 2720 5168 veluti
2754 5116 3079 5186 persolvere,
3110 5115 3250 5186 quod
3273 5115 3533 5171 Minucius

1944 5213 2211 5286 pollicitus
2241 5226 2360 5267 esse
2386 5206 2696 5278 dicebatur;
2730 5220 2804 5282 et,
2835 5209 2976 5281 quod
3007 5210 3092 5265 hic
3131 5219 3388 5282 praestare
3417 5209 3533 5265 for-

2029 5419 2110 5486 (ί)
2138 5416 2481 5485 Transposita
2501 5424 2554 5486 et
2581 5411 2801 5486 contusa
2820 5413 3095 5486 vocabula.
3123 5412 3184 5486 C.
3219 5415 3362 5486 enim
3407 5411 3534 5469 Vel-

1951 5483 2102 5549 leius.
2133 5483 2367 5550 senator,
2394 5495 2474 5539 est
2503 5485 2590 5536 ille
2625 5483 2932 5554 Epicureus,
2964 5483 3052 5536 lib.
3082 5500 3119 5538 I.
3148 5484 3212 5554 de
3239 5483 3385 5539 Orat.
3417 5503 3533 5554 mp.

1951 5577 2028 5618 γι.
2077 5562 2164 5628 qui
2210 5557 2352 5618 inde,
2400 5557 2466 5628 ab
2513 5569 2603 5628 viii
2642 5557 2816 5621 capite
2863 5552 2929 5628 ad
2976 5569 3088 5628 uxr,
3134 5552 3536 5628 Providentiam

1951 5625 2262 5700 impugnat:
2313 5625 2489 5700 cui_C_.
2527 5625 2702 5700 Cotta,
2738 5625 3146 5700 _Acad_cmic_tts,_
3176 5627 3464 5700 respondet
3510 5644 3539 5681 ει

1956 5693 2077 5773 cap.
2104 5693 2204 5754 illo
2229 5713 2321 5758 xxi
2349 5696 2418 5754 ad
2449 5696 2610 5752 ﬁnem
2631 5693 2773 5750 libri.
2831 5694 2984 5752 Adde
3033 5695 3242 5748 initium
3286 5696 3406 5753 libri
3439 5713 3500 5754 it.

3011 5764 3328 5839 (mansum)

3088 5780 3328 5840 l-NDNBR.)
