3818 6278
168 359 270 420 209

1283 350 1345 408 F.
1417 353 1739 412 BALDUINI
1811 353 2284 418 DISSERTATIO.

3329 366 3436 425 210

165 474 285 546 quia
307 468 433 525 alius
460 474 568 522 crat
601 465 742 532 linis,
766 465 1009 537 aliusque
1028 481 1176 535 usus,
1201 481 1296 523 sua
1335 483 1484 524 sacra
1518 469 1731 527 defendi
1757 474 1810 534 Α
1839 487 1951 528 rem
1987 473 2375 532 humandorum
2411 489 2718 548 corporum.
2749 475 2830 534 An
2869 480 2914 535 is
2943 491 3158 554 quoque
3181 479 3290 553 jam
3321 490 3433 538 tum

164 579 320 638 posse
340 562 573 617 sciebant.
595 557 692 612 etsi
719 557 946 612 aliorum
968 566 1256 628 κακοζηλίαν
1277 561 1612 617 damnarent.
1640 565 1736 619 Sa-

171 655 469 712 criliciorum
488 649 836 705 Romanorum
863 650 995 705 ritus
1017 667 1173 720 quam
1196 653 1350 708 valde
1375 653 1629 709 irrident!
1653 657 1736 710 At-

174 750 263 822 qui
293 765 386 804 non
412 742 659 800 dissimilis
699 743 829 797 olim
875 759 1086 812 eorum,
1129 762 1248 818 qua:
1295 748 1413 816 lcge
1439 748 1616 803 divina
1643 749 1735 805 Ju-

174 841 301 897 daeis
329 837 544 893 mandata
573 844 741 902 erant,
776 833 948 890 forma
981 837 1100 892 fuit.

248 934 350 989 Etsi
378 942 531 986 autem
553 928 836 984 Christiani
867 939 1026 986 aetate
1051 932 1217 986 nostri
1246 931 1459 987 Minucii
1482 947 1576 988 sua
1600 941 1731 989 tem-

171 1029 259 1102 pla
284 1024 490 1096 superbe
515 1021 758 1076 attollere
802 1022 866 1076 ad
910 1025 1213 1094 exemplum
1242 1026 1577 1080 ethnicorum
1624 1042 1731 1084 non

167 1128 375 1194 possent
412 1137 424 1171 ε
463 1126 628 1170 tamen
677 1128 804 1170 suas
847 1116 1036 1170 saltem
1080 1117 1347 1172 habebant
1391 1128 1628 1190 cryptas,
1678 1129 1734 1174 et

157 1214 402 1286 quasdam
426 1212 578 1265 etiam
609 1208 755 1263 aedes
799 1218 853 1263 et
879 1208 1073 1265 domus
1111 1225 1292 1266 sacras
1337 1211 1388 1265 in
1434 1212 1634 1281 apertis
1676 1220 1731 1267 et

154 1308 303 1365 editis
335 1305 478 1370 locis,
509 1313 563 1356 ut
581 1301 948 1358 Tertullianus
973 1304 1068 1369 ait,
1094 1314 1147 1359 et
1173 1304 1418 1360 lubenter
1442 1304 1728 1360 convenie-

155 1401 279 1458 bant
317 1399 378 1453 ad
422 1398 501 1453 illa
541 1411 759 1452 suorum
808 1406 1102 1470 martyrum
1135 1399 1376 1468 sepulcra
1412 1417 1424 1452 :
1459 1415 1578 1470 quae
1623 1423 1728 1452 κοι-

162 1509 364 1564 μη-τνεριαι
394 1490 658 1545 vocabant.
683 1488 817 1544 Nam
850 1499 904 1546 et
934 1491 1047 1545 hare
1076 1490 1179 1545 illis
1197 1489 1504 1560 permisisse
1529 1490 1730 1546 Gallie-

166 1603 283 1643 num
311 1587 663 1655 imperatorem
697 1584 809 1653 (qui
840 1583 1054 1638 Minucii
1087 1592 1298 1638 aetatem
1327 1599 1429 1638 non
1456 1583 1616 1653 longo
1647 1584 1727 1638 in-

170 1677 377 1735 tervallo
400 1675 573 1746 attigit)
615 1673 882 1729 Eusebius
907 1675 1112 1730 scribit.
1151 1674 1311 1730 Ridet
1351 1686 1528 1731 autem
1558 1673 1726 1731 Caeci-

177 1769 302 1834 lius,
328 1767 449 1836 quod
473 1765 744 1820 Christiani
773 1780 901 1820 suos
937 1765 1048 1835 jam
1081 1765 1189 1820 vita
1220 1765 1451 1831 functos,
1481 1781 1584 1821 non
1617 1776 1720 1819 tam

1841 564 1895 619 in
1941 580 2038 620 usu
2080 577 2247 632 esset,
2294 583 2414 623 cum
2448 568 2519 624 ibi
2564 579 2747 640 ageret
2776 570 3059 635 Minucius,
3100 575 3301 629 nescio.
3343 574 3437 629 Ri-

1839 657 2074 715 diculum
2099 677 2248 729 vero,
2274 662 2415 732 quod
2442 661 2708 728 Caecilius,
2739 677 2959 719 severus
2989 663 3192 720 scilicet
3216 680 3430 732 censor,

1837 747 2169 804 Christianos
2197 760 2434 818 accusat,
2467 754 2590 823 quia
2642 766 2814 823 neque
2857 755 3142 824 unguentis
3186 754 3432 823 delibuti,

1836 857 2012 912 neque
2031 843 2189 898 sertis
2212 845 2443 898 redimiti
2465 854 2665 900 essent.
2693 845 2904 912 Mirum,
2930 846 3070 915 quod
3094 847 3294 903 interea
3323 863 3430 904 non

1835 937 2083 1000 miratur,
2113 952 2206 990 eos
2236 947 2411 992 tamen
2438 953 2561 992 usos
2583 937 2692 1006 jam
2721 947 2830 992 tum
2855 937 3019 995 fuisse
3043 941 3162 994 oleo
3189 949 3243 996 et
3266 941 3437 996 chris-

1835 1037 1995 1084 mate.
2031 1029 2172 1084 Sane
2200 1028 2458 1092 sobriam,
2488 1028 2706 1095 siccam,
2732 1029 3100 1100 frugalemque
3124 1033 3307 1097 vitam,
3331 1030 3435 1088 hoc

1833 1130 1937 1186 est,
1985 1121 2053 1176 ab
2097 1123 2383 1193 unguentis
2426 1121 2678 1188 alienam,
2729 1123 2828 1192 ipsi
2884 1124 3044 1178 etiam
3091 1123 3287 1180 ethnici
3320 1126 3434 1180 lau-

1832 1212 1960 1267 dare
2013 1212 2253 1268 solebant
2310 1231 2322 1266 :
2371 1223 2426 1268 et
2479 1213 2629 1268 Plato
2677 1227 2743 1268 ex
2797 1227 2892 1268 sua
2922 1213 3236 1285 Republica,
3267 1230 3428 1285 quam

1831 1305 2086 1374 Optimam
2121 1320 2218 1360 suo
2241 1304 2446 1375 judicio
2474 1305 2642 1376 ﬁngit,
2672 1305 2960 1360 Homerum
3005 1320 3110 1361 non
3151 1307 3295 1376 ejicit
3324 1307 3426 1362 nisi

1829 1406 2102 1464 unguento
2150 1397 2422 1466 perfusum
2465 1408 2518 1452 et
2543 1397 2691 1451 vittis
2733 1397 3061 1462 redimitum,
3109 1407 3184 1465 et,
3235 1407 3294 1452 ut
3343 1399 3430 1453 hic

1831 1501 2014 1547 noster
2042 1490 2294 1546 Octavius
2333 1493 2408 1546 ait
2438 1510 2459 1544 ι
2495 1501 2809 1546 coronatum
2853 1509 2867 1547 :
2907 1511 2925 1543 ι
2975 1507 3099 1547 cum
3158 1492 3428 1563 significa-

1828 1594 1912 1638 ret
1940 1597 2058 1638 sese
2086 1583 2283 1638 habere
2307 1584 2449 1638 nolle
2469 1582 2619 1637 cives
2641 1591 2747 1636 tam
2775 1583 2987 1638 molles.
3013 1583 3091 1638 Ac
3117 1597 3185 1638 ne
3215 1583 3426 1654 longius

1827 1679 2040 1746 abeam,
2075 1679 2438 1748 Vespasianus
2481 1677 2766 1748 quemdam
2812 1677 3059 1746 ungenlis
3098 1676 3426 1742 madentem,

1826 1781 1881 1826 et
1910 1771 2108 1842 gratias
2134 1781 2381 1841 agentem
2407 1784 2502 1838 pro
2529 1770 2812 1837 impetrata
2849 1768 3187 1838 prtefectura,
3215 1783 3431 1822 aversa-

179 1870 403 1916 mortuos
435 1873 551 1924 esse,
592 1870 752 1926 quam
789 1855 1026 1912 dormire
1072 1857 1314 1913 dicereut
1352 1868 1406 1914 et
1444 1857 1722 1914 crederent
1752 1859 1799 1920 B
1828 1874 1934 1926 tus,
1971 1883 1989 1915 ι
2025 1865 2261 1929 Mallem,
2297 1863 2484 1933 inquit,
2513 1862 2696 1916 allium
2727 1861 2924 1916 oleres.
2965 1881 2984 1914 ι
3017 1862 3122 1916 Sed
3165 1862 3290 1932 quid
3323 1877 3429 1916 non

177 1963 527 2020 corporumque
543 1949 988 2003 resurrectionem
1012 1948 1297 2018 jactarent.
1327 1950 1486 2020 Atqui
1510 1959 1561 2003 et
1584 1947 1722 2019 apud

160 2059 311 2100 suum
336 2041 592 2097 Homerum
625 2039 814 2111 (Iliad.
855 2050 918 2094 Ω.
960 2057 1010 2095 v.
1041 2040 1169 2110 5M)
1197 2042 1419 2111 legerat,
1460 2048 1724 2102 ὑπνώοντας

154 2144 352 2206 ἕγείριιν.
397 2143 444 2189 et
482 2133 614 2202 apud
663 2133 940 2205 Virgilium
989 2131 1229 2205 (Eneid.
1276 2150 1351 2200 tv,
1402 2150 1530 2188 vers.
1567 2133 1718 2204 2M.)

158 2245 177 2280 ι
214 2241 418 2281 somnos
462 2225 717 2291 adimere,
775 2245 794 2278 ι
827 2240 950 2280 cum
984 2227 1052 2280 de
1096 2226 1322 2280 mortuis
1365 2227 1414 2280 in
1445 2226 1608 2280 vitam
1639 2240 1723 2280 re-

151 2320 394 2375 vocandis
419 2320 600 2388 agitur.
633 2318 770 2387 Quid
804 2329 1062 2388 praeterea
1092 2317 1180 2372 hic
1202 2319 1540 2386 responderit
1565 2316 1724 2372 Octa-

153 2414 286 2475 vius,
313 2411 528 2467 conferri
559 2421 735 2482 potest
759 2427 880 2466 cum
923 2411 1009 2477 iis,
1041 2427 1161 2482 quae
1187 2420 1341 2466 antea
1367 2410 1719 2479 Theophilus,

157 2504 521 2574 Athenagoras.
569 2503 832 2569 Justinus,
879 2502 1260 2569 Tertullianus,
1316 2503 1502 2558 eadem
1554 2502 1620 2557 de
1665 2517 1724 2558 re

160 2600 420 2668 scripsere.
458 2599 582 2652 Nam
616 2597 712 2651 hos
741 2606 958 2652 secutus
985 2597 1245 2651 Minucius
1279 2605 1380 2650 est.
1427 2595 1585 2650 Ridet
1609 2593 1724 2650 Cae-

158 2691 299 2746 cilius
335 2691 455 2761 (mp.
488 2689 552 2744 i2
579 2690 596 2760 )
625 2689 983 2754 Christianos,
1015 2687 1154 2757 quod
1203 2687 1464 2742 cadavera
1507 2695 1720 2756 ungant,

162 2802 262 2841 non
305 2793 538 2839 eoronent.
588 2783 749 2853 Atqui
801 2791 856 2836 et
886 2781 1133 2848 Romani,
1185 2781 1283 2835 etsi
1331 2779 1455 2850 quid
1504 2787 1724 2849 agerent

161 2879 455 2948 ignorarent,
501 2877 771 2947 unguenta
813 2874 1052 2931 funebria
1094 2873 1383 2930 habebant.
1425 2871 1592 2927 Notus
1636 2879 1722 2927 est

165 2971 258 3026 ille
279 2971 396 3025 Enni
417 2971 707 3025 versiculus
735 2987 750 3027 :

302 3082 524 3147 Tarquinii
541 3096 718 3146 corpus
731 3083 859 3132 bona
886 3080 1068 3131 femina
1090 3080 1210 3130 lavit
1233 3087 1284 3130 et
1306 3080 1467 3129 unxit.

219 3188 280 3244 Et
304 3189 416 3244 licet
439 3189 606 3259 Leges
640 3205 738 3244 xtt.
780 3187 823 3240 Τ
827 3187 950 3243 abb.
975 3188 1224 3242 servilem
1258 3196 1536 3243 uncturam
1563 3185 1722 3241 cada-

145 3297 338 3349 verum,
366 3292 419 3337 ut
458 3284 531 3337 ait
564 3282 754 3336 Cicero
791 3280 876 3350 (de
897 3279 1071 3351 Legib.
1101 3280 1190 3333 lib.
1235 3295 1290 3340 ιι,
1324 3296 1441 3349 cap.
1473 3280 1590 3348 24),
1621 3278 1721 3334 tol-

147 3373 329 3442 lerent,
366 3375 514 3429 aliaat
559 3383 735 3428 tamen
783 3372 1196 3438 relinquebant:
1239 3381 1294 3427 et
1320 3373 1418 3443 ipsi
1445 3372 1719 3442 juriscon-

144 3467 262 3521 sulti
297 3469 425 3521 inter
461 3467 635 3536 justos
671 3465 872 3520 funeris
901 3475 1148 3536 sumptus
1186 3474 1451 3535 unguenta
1484 3465 1722 3520 referunt

147 3558 222 3630 (L.
243 3559 484 3630 trigesima
504 3560 736 3628 septima,
754 3559 817 3612 de
834 3558 997 3629 Relig.
1019 3570 1068 3614 et
1085 3558 1292 3628 Sumpt.
1307 3557 1473 3629 fun.).
1488 3557 1640 3623 Quod
1653 3556 1720 3610 ad

154 3669 171 3703 ι
229 3666 443 3707 coronas
493 3650 810 3706 cadaverum
871 3669 890 3702 ι
945 3650 1180 3714 attinet,
1231 3649 1428 3703 fatetur
1472 3646 1722 3702 Octavius

151 3742 445 3799 Christianis
489 3745 700 3812 ineptas
745 3741 958 3797 videri:
999 3753 1051 3796 et
1099 3756 1194 3797 eos
1236 3751 1519 3812 propterea
1562 3741 1613 3794 in
1656 3754 1723 3795 eo

156 3849 330 3905 genere
364 3836 604 3892 ethnicos
648 3836 840 3890 imitari
891 3833 1056 3889 nolle.
1101 3833 1464 3889 Tertullianus
1493 3833 1546 3887 in
1587 3831 1724 3888 libro

162 3927 213 3980 de
229 3927 410 3982 Corona
437 3929 576 3998 (cap.
604 3930 716 3997 l3),
749 3928 844 3990 ait,
875 3945 893 3977 ι
930 3942 958 3980 a
990 3928 1186 3981 saeculo
1209 3926 1451 3981 coronari
1492 3935 1547 3980 et
1581 3926 1724 3996 ipsas

166 4019 387 4076 Libitinas
427 4040 440 4076 :
488 4040 508 4073 ι
554 4022 613 4076 Et
653 4023 769 4091 ipse
814 4020 1006 4076 Cicero
1058 4036 1150 4089 pro
1199 4019 1391 4074 Flacco
1441 4018 1582 4092 (cap.
1629 4018 1721 4092 51)

172 4115 374 4168 meminit
403 4132 421 4164 ι
456 4129 634 4169 aureae
663 4128 879 4168 corona:
915 4113 1178 4182 imposita:
1206 4121 1417 4166 mortuo
1455 4129 1474 4164 ι
1510 4110 1722 4166 cuidam

182 4219 197 4254 I
223 4202 466 4260 Castricio.
499 4224 518 4259 ι
550 4204 746 4259 Verum
776 4203 902 4274 quid
929 4203 1158 4272 antiqua:
1180 4203 1325 4272 leges
1355 4202 1508 4256 Rom.
1535 4203 1603 4258 de
1626 4201 1724 4258 Co-

181 4296 297 4349 ronis
316 4297 616 4353 cadaverum
655 4304 972 4357 statuerent,
1003 4295 1109 4349 dixi
1141 4295 1207 4349 ad
1239 4295 1526 4350 Duodecim
1548 4294 1717 4350 Tabb.

188 4385 377 4457 Denique
402 4389 534 4444 ridet
564 4398 620 4443 et
662 4388 966 4458 indignatur
992 4386 1261 4455 Caecilius,
1293 4389 1430 4457 apud
1459 4388 1718 4444 Christia-

195 4493 273 4534 nos
300 4483 574 4540 «cadavera
606 4483 835 4546 humari,
872 4501 890 4534 ι
923 4496 1027 4535 non
1066 4499 1084 4531 t
1116 4482 1215 4535 uri.
1254 4501 1273 4534 ι
1311 4481 1504 4535 Verum
1535 4489 1621 4534 est
1640 4495 1723 4535 ve-

196 4581 261 4626 tus
280 4575 400 4642 illud,
430 4596 446 4629 ι
477 4578 612 4631 Risu
642 4577 823 4645 inepto
847 4573 975 4628 nihil
1003 4582 1086 4629 est
1115 4574 1364 4645 ineptius.
1403 4593 1422 4626 ›
1452 4572 1589 4642 Quid
1615 4573 1720 4628 Oc-

194 4665 354 4720 tavius?
375 4668 692 4738 Simpliciter
720 4667 1032 4738 respondet,
1058 4667 1328 4737 antiquam
1353 4681 1473 4722 esse
1497 4681 1646 4721 suam
1671 4676 1725 4720 et

196 4760 414 4816 meliorem
438 4761 733 4834 sepeliendi
763 4761 1228 4816 consuetudinem.
1270 4760 1424 4829 Quod
1459 4769 1512 4815 et
1553 4763 1726 4814 Arno-

195 4852 284 4908 bius
301 4856 576 4922 respondit.
605 4855 737 4909 Nam
768 4863 823 4910 et
853 4864 974 4923 post
1012 4853 1300 4908 Minucium
1345 4862 1485 4907 mota
1531 4852 1726 4906 iterum

197 4941 278 4998 hrcc
299 4950 502 5016 quaestio
528 4957 631 5002 est.
665 4945 824 5016 Atqui
855 4947 1078 5000 Romani
1123 4953 1368 5016 poterant
1411 4945 1493 5000 sui
1536 4945 1726 4999 saltem

196 5032 413 5092 Ciceronis
441 5039 635 5094 librum
678 5039 953 5094 seetmdum
991 5038 1056 5092 de
1091 5037 1309 5108 Legibus
1341 5037 1478 5109 (cap.
1522 5037 1616 5110 22)
1649 5039 1727 5093 le-

200 5125 312 5194 gisse,
339 5131 420 5200 qui
447 5131 587 5186 hunc
624 5146 831 5186 morem
861 5130 1103 5185 defendit
1130 5138 1184 5185 et
1208 5130 1511 5184 confirmat.
1540 5129 1608 5183 Et
1632 5129 1712 5184 Pli

202 5218 378 5276 niuslih.
408 5239 495 5289 vn,
526 5239 647 5293 cap.
683 5224 775 5286 54,
814 5241 832 5274 t
869 5221 1067 5291 Ipsum.
1104 5222 1293 5292 inquit,
1321 5235 1565 5276 cremare
1591 5219 1733 5290 apud

205 5308 413 5368 Romanos
441 5332 543 5370 non
574 5315 672 5370 fuit
710 5315 908 5370 veteris
939 5314 1165 5369 instituti
1197 5331 1210 5367 :
1250 5323 1391 5367 terra
1428 5313 1734 5367 condeban-

203 5409 276 5456 ιιιτο
324 5423 340 5456 ι
383 5406 518 5463 Sane
546 5408 910 5463 Tertullianus
958 5407 1020 5459 de
1052 5405 1251 5459 Corona
1297 5404 1435 5475 (cap.
1490 5403 1582 5473 12)
1638 5405 1732 5472 ait,

206 5489 446 5553 Christiano
477 5515 580 5554 non
604 5500 821 5554 licuisse
842 5512 1103 5561 cremare,
1137 5505 1191 5550 et
1222 5495 1484 5567 (ineunte)
1518 5496 1655 5550 libro
1675 5499 1738 5550 de

213 5583 368 5643 Reum.
397 5609 535 5649 earn.
571 5594 711 5649 ridet
755 5607 870 5658 eos,
922 5591 1011 5662 qui
1061 5609 1080 5644 t
1117 5591 1472 5656 atrocissime,
1497 5606 1517 5640 ι
1553 5599 1610 5643 ιιι
1640 5592 1735 5656 ait,

211 5696 225 5729 ι
248 5695 434 5741 exurunt
451 5685 754 5743 defunctos.
790 5707 808 5738 ι

255 5774 385 5831 Porro
413 5779 738 5850 Augustinus
775 5778 872 5833 lib.
912 5793 964 5831 ιι
994 5779 1223 5850 Confess.
1260 5775 1521 5848 signiﬁcat
1562 5778 1613 5830 in
1651 5789 1741 5832 ec-

206 5865 324 5926 clesia
347 5869 570 5930 Ostiensi
607 5873 939 5944 peculiarem
978 5871 1210 5942 aliquem
1239 5871 1396 5927 etiam
1438 5870 1601 5927 fuisse
1625 5881 1742 5925 mo-

1826 1956 2085 2028 ohjiceret
2126 1957 2394 2021 Caecilius,
2444 1970 2567 2010 cum
2615 1955 2775 2009 etiam
2821 1954 3151 2010 Christianos
3190 1966 3426 2024 accuset,

1826 2049 1949 2120 quia
1995 2047 2157 2103 ﬂores
2205 2047 2420 2100 naribus
2479 2055 2864 2116 supponerent,
2911 2061 3012 2101 nec
3069 2047 3229 2116 capiti
3275 2060 3430 2102 coro-

1826 2139 2004 2194 nando
2050 2139 2423 2207 imponerent?
2450 2137 2612 2207 Atqui
2643 2138 2758 2208 ipse
2803 2136 3069 2192 Lueianus
3117 2139 3168 2192 in
3218 2152 3318 2192 suo
3345 2137 3430 2193 Ni-

1826 2232 1984 2303 grino
2018 2232 2164 2302 ipsos
2192 2231 2466 2286 Romanos
2507 2229 2707 2284 rectius
2749 2227 2954 2295 irridet,
2994 2228 3138 2298 quod
3181 2229 3432 2284 Christia-

1825 2339 1924 2380 nos
1955 2324 2042 2379 hic
2090 2339 2196 2379 non
2244 2323 2539 2388 imitentur,
2588 2331 2641 2375 et
2687 2319 2885 2374 faciant
2930 2329 3114 2376 contra
3155 2328 3425 2388 naturam,

1825 2417 2092 2488 planeque
2123 2415 2258 2470 nihil
2297 2424 2388 2470 aut
2424 2413 2655 2484 sapiant,
2683 2422 2775 2466 aut
2812 2413 3065 2468 sentiant.
3096 2412 3248 2468 Adde
3275 2413 3424 2468 Tert.

1826 2510 1890 2563 de
1909 2509 2030 2562 Cor.
2064 2510 2174 2563 mil.

1895 2600 2161 2656 Caeterum
2189 2601 2457 2667 Caecilius,
2484 2612 2541 2656 ut
2565 2602 2701 2658 alter
2725 2600 2994 2657 Lueianus
3017 2600 3068 2653 in
3099 2598 3422 2668 Peregrino,

1824 2691 2156 2747 Christianos
2178 2692 2385 2759 irridet,
2412 2693 2554 2762 quod
2579 2693 2753 2748 colant
2781 2691 3054 2747 hominem
3078 2691 3416 2745 crucifixum.

1825 2785 2076 2842 Oetavius
2107 2786 2343 2842 breviter
2368 2794 2525 2857 negat
2553 2787 2822 2840 hominem
2857 2791 3060 2837 tantum
3089 2797 3232 2847 esse,
3261 2796 3420 2852 quem

1825 2878 2003 2933 colant
2029 2895 2041 2931 :
2068 2877 2358 2947 etregerit,
2385 2876 2722 2932 adversarios
2758 2875 2934 2943 potius
2957 2888 3077 2928 esse
3105 2879 3419 2944 ἀνθρωποὶάο

1823 2994 1960 3042 τρας,
1993 2969 2084 3039 qui
2122 2984 2273 3040 reges
2315 2979 2582 3039 tamquam
2615 2968 2745 3022 deos
2775 2967 2976 3030 colant,
3022 2975 3075 3020 et
3111 2980 3208 3035 per
3233 2978 3419 3020 eorum

1826 3062 1986 3117 etiam
2009 3061 2221 3129 genium
2246 3059 2429 3130 jurent
2459 3078 2471 3114 :
2505 3058 2630 3129 quin
2661 3058 2826 3112 immo
2849 3058 3063 3127 gravius
3095 3057 3319 3127 puniant
3347 3057 3419 3112 ita

1827 3153 2181 3223 pejerantem,
2211 3162 2369 3223 quam
2394 3152 2436 3205 si
2465 3152 2585 3221 quis
2604 3165 2757 3204 sumn
2786 3149 2973 3204 Jovem
2992 3147 3224 3218 jurando
3245 3149 3422 3205 sciens

1747 3243 1793 3306 C
1828 3245 2057 3300 falleret.
2090 3244 2346 3314 Suspicor
2395 3244 2480 3298 hic
2530 3243 2704 3297 notari
2759 3241 3044 3313 quamdam
3074 3241 3419 3296 constitutio-

1825 3352 1946 3392 nem
1989 3335 2275 3390 Alexandri
2323 3335 2505 3392 Sevcri
2540 3353 2553 3389 :
2588 3350 2706 3404 qua:
2737 3343 2913 3388 tamen
2944 3332 3111 3386 relata
3140 3341 3223 3388 est
3265 3331 3318 3385 in
3361 3330 3422 3385 li-

1824 3433 1949 3486 bros
1982 3429 2125 3484 .luris
2169 3429 2228 3483 L.
2259 3445 2318 3494 ιι,
2349 3427 2410 3482 C.
2443 3429 2506 3482 de
2536 3428 2706 3483 Rebus
2735 3425 2914 3481 credit.
2945 3424 3084 3480 Sane
3111 3424 3236 3479 olim
3263 3422 3427 3478 Chri~

1824 3525 2027 3581 stianos
2056 3523 2294 3578 noluisse
2325 3522 2400 3576 uti
2441 3522 2535 3576 tali
2583 3520 2808 3574 formula
2851 3516 3234 3589 jnrisjurandi,
3267 3516 3423 3572 tesus

1825 3626 1908 3672 est
1933 3616 2294 3671 Tertullianus
2332 3615 2383 3667 in
2423 3613 2766 3683 Apologctico.
2800 3610 2906 3667 Sed
2937 3618 3086 3664 tanto
3111 3611 3282 3680 magis
3321 3610 3421 3663 mi-

1826 3722 1920 3763 ror
1962 3722 2080 3762 eam
2127 3704 2481 3776 posteriorum
2510 3703 2783 3758 Ctesarum
2813 3700 3247 3756 Christianorum
3291 3699 3419 3770 legi-

1826 3798 1927 3854 bus
1950 3795 2337 3853 commendari.

1898 3887 2145 3944 Caecilius
2196 3884 2585 3941 contumeliose
2625 3882 2809 3952 objicit
2859 3882 3194 3938 Christianos
3253 3881 3416 3937 etiam

1835 4000 1854 4034 ι
1892 3982 2059 4051 ipsam
2091 3994 2305 4034 crucem
2342 3977 2589 4032 adorare.
2632 3995 2652 4028 ι
2700 3975 2866 4046 Negat
2896 3974 3169 4031 Octavius.
3210 3973 3420 4029 Adverv

1827 4075 2001 4129 sarius
2037 4073 2123 4138 iis,
2147 4081 2206 4126 ut
2235 4069 2521 4134 furciferis,
2565 4067 2859 4124 maledicit.
2893 4066 3087 4123 Noster
3115 4069 3244 4138 (non
3272 4067 3416 4120 enim

1826 4182 1950 4223 eum
1981 4165 2141 4236 pudet
2191 4165 2366 4218 crucis
2405 4161 2751 4230 ChriSIianar)
2796 4161 3092 4215 cruciferos
3130 4176 3230 4215 suo
3259 4158 3419 4213 modo

1825 4257 1928 4312 dici
1978 4272 2082 4310 non
2137 4262 2367 4316 recusat,
2402 4261 2456 4307 et
2483 4251 2552 4306 de
2581 4265 2693 4304 sum
2736 4251 2910 4303 crucis
2953 4252 3104 4318 signo
3142 4249 3416 4317 religioso,

1827 4346 1992 4419 (quod
2045 4353 2190 4400 certe
2237 4342 2526 4411 majoribus
2564 4340 2693 4394 olim
2746 4339 2947 4393 nostris
2989 4337 3255 4392 familiare
3295 4337 3418 4410 fuit)

1825 4437 2140 4509 respondet,
2173 4435 2313 4507 quod
2342 4445 2496 4488 antea
2530 4433 2772 4488 Justinus
2798 4441 2852 4486 et
2882 4430 3246 4486 Tertullianus
3283 4432 3420 4486 scri-

1825 4539 2074 4604 pserant,
2138 4538 2192 4582 et
2273 4535 2454 4596 postea
2530 4523 2837 4580 Lactantius
2905 4524 2998 4578 lib.
3045 4537 3115 4588 tv,
3164 4536 3285 4591 cap.
3328 4522 3423 4581 27.

1747 4631 1802 4692 1)
1828 4623 1958 4680 Nam
1987 4631 2038 4676 et
2065 4619 2246 4692 quanti
2289 4616 2418 4672 illttd
2441 4616 2626 4673 fecerit
2653 4613 3057 4680 Constantinus,
3085 4622 3265 4668 notum
3287 4619 3370 4667 est
3405 4629 3419 4664 :

1828 4724 1975 4772 certe
2003 4722 2064 4768 ut
2095 4712 2250 4782 vulgo
2288 4725 2374 4764 res
2403 4709 2580 4764 minus
2622 4717 2765 4762 esset
2812 4707 3166 4777 ignominiosa
3190 4747 3204 4770 ,
3256 4703 3422 4759 edixit

1833 4823 1900 4862 ne
1934 4806 2191 4874 deinceps
2219 4800 2504 4857 facinorOsi
2529 4799 2674 4855 cruci
2714 4798 3076 4867 afligerentur.
3112 4794 3225 4849 Non
3265 4794 3426 4848 desiit

1833 4909 2010 4954 tamen
2056 4897 2305 4953 Julianus
2350 4893 2632 4963 Apostata,
2683 4900 2739 4945 ut
2782 4890 3048 4954 Ctecilius,
3105 4886 3425 4941 Christianis

1834 4990 2141 5064 ignominize
2176 5002 2336 5045 causa
2363 4987 2694 5056 exprobrare
2720 4983 2898 5040 crucis
2922 4981 3143 5047 cultum,
3173 4979 3327 5036 sicuti
3355 4994 3422 5034 ex

1832 5075 2045 5155 Cyrillo'
2061 5081 2281 5151 intelligi
2313 5088 2507 5150 potest.

1907 5177 2036 5232 Mira
2069 5187 2151 5232 est
2183 5173 2508 5245 impudentia
2534 5171 2836 5226 calumnias.
2867 5169 2944 5224 Eo
2988 5166 3201 5222 tandem
3232 5164 3426 5228 evasit,

1834 5279 1892 5325 ut
1910 5269 2088 5325 nescio
2109 5284 2227 5337 quae
2243 5280 2518 5322 sacrorum
2540 5269 2775 5317 monstra
2794 5258 3113 5316 Christianis
3132 5255 3430 5325 ohjicercnt

1833 5361 2156 5424 adversarii,
2195 5377 2214 5411 ι
2252 5367 2306 5413 et
2332 5357 2507 5428 qualia
2532 5354 2754 5409 demens
2785 5351 2862 5424 (l)
2915 5353 2996 5420 (ut
3021 5348 3237 5419 quidam
3274 5353 3427 5415 poeta

1839 5455 1996 5528 dixit)
2026 5453 2290 5525 zEgyptus
2330 5459 2573 5519 portenta
2612 5445 2760 5501 colit.
2800 5463 2820 5496 ι
2857 5443 3033 5498 Audet
3067 5440 3227 5494 etiam
3257 5437 3429 5491 Croci-

1842 5548 1942 5602 lius
1973 5546 2173 5616 fingere
2201 5543 2322 5598 illos
2355 5560 2373 5591 ι
2411 5539 2639 5593 adorare
2666 5544 2825 5605 caput
2853 5532 3019 5600 asini,
3062 5550 3082 5584 ι
3108 5542 3430 5602 quamquam

1845 5641 2047 5711 primus
2079 5638 2179 5690 hoc
2209 5650 2314 5689 non
2355 5633 2587 5688 finxerit.
2621 5629 2869 5684 Octavius
2918 5635 3024 5680 tam
3073 5624 3308 5692 putidam
3339 5634 3433 5674 ca-

1844 5709 2099 5786 lumniam
2139 5724 2468 5779 inticiatione
2495 5719 2735 5791 depellit,
2771 5727 2824 5774 et
2855 5716 2905 5773 id
2937 5715 3115 5785 potius
3151 5712 3219 5768 de
3241 5709 3437 5766 adver-

1919 5863 1999 5934 (l)
2036 5857 2282 5919 Juvenal.
2307 5856 2471 5914 Satir.
2498 5855 2566 5911 15
2590 5853 2831 5912 ineunte.
