3818 6278
397 371 501 432 211
1527 368 1618 428 DE
1654 362 1916 428 MINUCII
1953 358 2225 427 FELICIS
2262 366 2560 428 OCTAVIO
3551 376 3629 442 212

406 489 564 549 sariis
585 496 714 546 vere
730 480 835 544 dici
862 498 1022 558 posse
1041 528 1058 554 ,
1102 485 1501 543 recriminando
1530 480 1720 557 probat
1738 529 1754 556 ,
1783 494 2004 542 secutus
2028 476 2081 547 Α
2106 480 2228 540 cum
2279 493 2335 541 et
2382 487 2495 558 ipse
2521 484 2784 559 Ulpianus
2811 488 3112 559 scripserit,
3160 503 3304 558 eum,
3336 490 3422 560 qui
3450 491 3627 555 fratem

406 584 562 641 suum
606 578 988 640 Tertullianum
1039 578 1307 655 (Apolog.
1361 597 1410 635 c.
1455 579 1608 653 xv1).
1649 577 1739 651 qui
1772 574 2001 636 etChri—
2104 578 2366 636 charitate
2407 579 2664 652 diligitur,
2710 581 2810 637 etsi
2858 580 3022 637 frater
3050 597 3156 638 non
3188 583 3290 650 sit,
3324 594 3461 640 recte
3501 596 3630 650 tamen

408 681 610 735 stianos
632 677 789 745 vulgo
810 670 984 730 dictos
1005 689 1125 731 esse
1145 670 1429 740 asinarios,
1457 684 1511 728 et
1528 674 1799 729 Christum
1824 674 1999 744 ipsum
2105 671 2342 727 Fratrem
2371 674 2683 744 simpliciter
2722 676 2981 746 appellari
3025 676 3165 745 quod
3217 686 3265 731 et
3321 679 3372 732 in
3415 679 3555 736 libros
3571 685 3628 755 ᾖα.

404 770 621 827 auribus
665 769 888 824 asininis
917 779 1185 840 tamquam
1227 769 1461 839 aliquem
1502 767 1697 823 Midam
1731 769 1797 823 ab
1836 767 2002 835 impio
2103 762 2178 818 ris
2208 762 2433 820 relatum
2477 774 2559 821 est
2603 760 2666 822 L.
2698 765 3133 837 quinquagesima
3155 777 3342 822 octava
3387 768 3447 824 de
3477 769 3629 833 "med.

406 863 609 934 pictore
648 876 963 934 expressum
995 862 1160 916 fuiSse
1191 874 1393 916 narrat.
1444 859 1628 916 Talem
1669 868 1846 914 autem
1872 875 2003 915 con-
2103 855 2263 911 instit.
2310 857 2449 927 Quin
2499 859 2665 914 immo
2708 870 2762 916 et
2802 861 2929 915 olim
2970 861 3116 931 ipsos
3146 862 3375 926 Essmos,
3406 874 3516 919 ante
3539 877 3631 924 tem.

404 957 582 1011 fictam
612 948 848 1008 fabulam
879 968 1002 1009 esse
1024 951 1287 1024 signiﬁcat
1308 992 1323 1016 ,
1363 942 1506 1023 quod
1529 950 1812 1007 Cornelius
1842 944 2000 1005 Taci-
2106 965 2232 1020 pora
2261 949 2720 1019 Christianorum,
2765 952 2837 1006 ita
2888 968 3008 1009 sese
3040 953 3271 1010 invicem
3321 958 3632 1032 coinpcllasse,

405 1058 490 1102 tus
532 1043 841 1100 mentiendo
898 1045 1003 1098 tale
1033 1044 1304 1114 quippiam
1346 1042 1413 1099 de
1456 1034 1656 1099 Iudaeis
1700 1042 2000 1097 recitasset.
2107 1030 2264 1098 didici
2318 1062 2383 1100 ex
2423 1046 2654 1116 quodam
2706 1044 2949 1104 Philonis
3002 1049 3325 1119 fragmento,
3358 1051 3492 1121 quod
3513 1030 3635 1116 exstat

406 1138 604 1195 Verum
655 1146 711 1195 et
747 1146 873 1193 ante
903 1134 1146 1192 Tacitum
1180 1137 1364 1192 multis
1394 1137 1549 1191 annis
1580 1134 1720 1206 Apio
1766 1132 1914 1191 Alex;

2124 1135 2247 1206 Iplld
2278 1135 2568 1193 Eusebium
2602 1143 2706 1211 περὶ
2732 1156 3125 1212 «pontiﬁcatui:
3154 1140 3271 1202 (lib.
3315 1148 3632 1219 vul,cap.l!).

405 1233 594 1291 drinus
652 1244 894 1301 tempore
959 1232 1216 1301 Caligulm
1285 1233 1336 1286 in
1390 1231 1592 1287 Jndieis
1657 1240 2005 1285 accusaverat
2184 1226 2505 1287 Horrihilius
2536 1242 2618 1287 est
2666 1233 2916 1297 alterum,
2946 1232 3089 1305 quod
3119 1233 3487 1305 objiciebatur,
3517 1242 3636 1295 «cri-

404 1326 688 1399 quamdam
716 1331 1035 1396 ὂνολιιτριίειν.
1098 1325 1384 1391 Caeterum,
1435 1340 1558 1380 cum
1597 1322 2005 1394 Josephus'tale
2109 1337 2230 1376 men
2283 1319 2597 1379 infanticidii
2634 1344 2647 1379 :
2685 1342 2704 1376 ι
2740 1326 3010 1397 cmpitque
3055 1325 3171 1381 haec
3225 1326 3487 1383 calumnia
3524 1333 3637 1400 paulo

405 1418 744 1475 mendacium
772 1420 883 1489 jam
924 1416 1232 1479 refutasset,
1283 1417 1460 1473 minus
1508 1417 1889 1487 ignoscendum
1923 1426 2008 1474 est
2110 1423 2231 1484 post
2261 1424 2499 1486 tempora
2528 1415 2768 1489 Trajani,
2795 1428 2850 1474 et
2884 1417 2951 1473 ad
2980 1409 3325 1475 Constantini
3349 1429 3537 1476 aetatem
3557 1440 3640 1493 per-

406 1512 611 1577 Tacito,
643 1511 734 1584 qui
764 1511 816 1566 in
845 1525 912 1566 eo
944 1518 1144 1581 perstat
1173 1529 1186 1566 :
1213 1511 1434 1567 minime
1462 1524 1592 1566 vero
1624 1510 1746 1577 illis,
1773 1510 1862 1582 qui
1893 1526 2007 1567 ma-
2109 1504 2342 1576 duravit,
2387 1519 2441 1564 et
2468 1509 2682 1580 quidem
2709 1528 2831 1567 cum
2862 1515 3057 1585 tragica
3088 1514 3407 1587 suspicione
3429 1515 3641 1587 cujusdam

401 1605 507 1676 jori
561 1605 723 1659 etiam
770 1602 1100 1674 impudentia
1148 1602 1470 1657 Christianis
1500 1600 1602 1657 hoc
1632 1601 1887 1672 probrum
1920 1618 2006 1658 as-
2109 1616 2279 1656 coena:
2323 1596 2628 1676 Thyesteae.
2674 1605 2778 1660 Sed
2830 1594 2973 1661 unde
3028 1607 3143 1662 haec
3181 1608 3454 1678 suSpicio?
3478 1612 3640 1680 Aliquis

407 1704 656 1766 pergunt.
2110 1691 2396 1750 Christiani
2428 1696 2609 1751 dicc'rc
2653 1698 2893 1752 solerent
2936 1713 2995 1753 se
3041 1702 3182 1755 vesci
3213 1714 3444 1772 corpore
3483 1711 3529 1755 et
3560 1718 3641 1758 san-

478 1785 711 1855 Turpius
737 1794 820 1839 est
849 1783 993 1855 quod
1030 1782 1279 1840 Ctecilius
1305 1780 1494 1841 eodem
1522 1782 2001 1857 pudoreclamitat,
2109 1784 2270 1855 guine
2322 1783 2570 1841 Christi?
2617 1789 2757 1844 sicut
2800 1805 2831 1845 e
2881 1788 3096 1845 diverso
3139 1803 3331 1846 narrat
3383 1794 3643 1863 Augustinus

405 1893 500 1935 eos
531 1895 549 1930 ι
578 1879 756 1933 colere
776 1881 957 1933 nescio
976 1894 1094 1949 qua:
1114 1877 1381 1947 pudenda.
1410 1898 1429 1930 ι
1458 1877 1644 1949 Ecquo
1666 1876 1774 1933 ruit
1792 1877 2003 1949 impura
2031 1864 2080 1934 Β
2107 1870 2366 1946 quosdam
2389 1876 2674 1949 aliquando
2701 1881 3043 1939 existimasse
3063 1884 3131 1937 ab
3158 1881 3475 1939 Christianis
3494 1884 3643 1943 adorari

405 1970 830 2027 maledicentia?
857 1969 1109 2026 Octavius
1141 1987 1253 2027 suae
1293 1970 1635 2027 verecundia:
1664 1966 2009 2039 esseintelli-
2111 1968 2359 2025 Cererem
2383 1983 2436 2026 et
2463 1971 2754 2041 Bacchum,
2796 1990 2917 2030 cum
2941 1975 3189 2031 audirent
3215 1978 3266 2031 in
3292 1992 3476 2032 eorum
3501 1976 3644 2049 myste-

351 2091 357 2107 ι
406 2063 503 2134 git,
534 2061 588 2116 id
610 2060 833 2132 longiori
863 2064 1105 2118 oratione
1132 2080 1239 2119 non
1267 2063 1518 2121 refellere
1548 2083 1560 2118 :
1587 2065 1789 2121 interea
1819 2065 2011 2123 audire
2113 2061 2206 2116 liis
2236 2063 2365 2118 lauti
2396 2064 2507 2119 fieri
2530 2080 2722 2135 panem
2742 2076 2793 2122 et
2821 2067 3001 2123 vinum
3033 2084 3049 2124 :
3075 2083 3249 2139 neque
3265 2070 3465 2139 alioqui
3488 2085 3578 2124 rem
3592 2072 3643 2125 in-

408 2157 640 2226 cogitur,
671 2156 771 2210 alia
814 2170 920 2210 non
957 2154 1133 2211 minus
1162 2155 1424 2222 ncfinda,
1472 2172 1593 2212 cum
1621 2156 1871 2213 Caecilius
1914 2156 2010 2214 de-
2112 2150 2431 2224 telligerent.
2462 2155 2599 2224 Quid
2636 2156 2809 2212 dicam
2833 2201 2848 2227 ,
2882 2159 3023 2230 quod
3039 2158 3379 2230 Epiphanius
3399 2160 3473 2233 (Ξ)
3500 2174 3643 2228 narrat,

405 2249 662 2304 clamaret
689 2250 922 2305 nefarios
967 2266 1088 2305 esse
1125 2251 1555 2307 Christianorum
1583 2261 1756 2308 castus
1794 2254 2007 2309 antelu-
2110 2246 2379 2316 quondam
2432 2251 2737 2318 ltwreticos,
2778 2252 2869 2322 qui
2905 2251 3140 2309 Gnosnci
3172 2242 3227 2310 et
3268 2252 3645 2327 Cataphrygesct

406 2357 591 2408 canos,
635 2338 841 2399 incesto
889 2354 943 2400 et
972 2345 1264 2414 parricidio
1308 2347 1560 2417 pollutos,
1595 2364 1763 2418 prope
1789 2360 1847 2404 ut
1878 2365 1911 2403 o

2137 2338 2397 2408 ’epnziani
2428 2340 2871 2410 appellabantur,
2918 2358 2978 2399 se
3030 2360 3160 2399 vero
3206 2343 3534 2402 Christianos
3569 2363 3645 2403 esse

404 2443 562 2489 erant
590 2434 775 2490 Romae
799 2433 1177 2492 Bacchanalia.
1206 2437 1460 2495 Octavius
1491 2442 1612 2495 talia
1643 2442 1870 2496 crimina
1901 2460 1912 2496 l

2136 2426 2522 2497 nentiebantur,
2549 2435 2885 2490 Commisisse
2917 2436 3058 2506 quod
3083 2436 3168 2491 liic
3188 2434 3443 2493 Caecilius
3462 2439 3644 2494 omnibus

406 2526 579 2581 solum
610 2527 706 2581 abs
736 2529 850 2583 suis
877 2529 1118 2599 depellit,
1142 2532 1235 2586 sed
1259 2533 1423 2588 etiam
1447 2545 1724 2605 retorquet
1746 2536 1796 2589 in
1824 2536 2009 2592 adver-
2109 2520 2430 2579 (Πιτίείίθηίε
2453 2526 2674 2597 "bilem
2695 2526 2801 2585 Sed
2821 2545 2888 2584 ³η
2918 2546 3128 2601 {equum
3154 2529 3275 2597 Ϊυίίν
3310 2542 3374 2587 ιιι
3403 2533 3518 2586 Viris
3537 2532 3644 2588 δοηίε

404 2619 596 2672 sarios.
639 2618 808 2686 Quam
854 2621 1054 2676 incesta
1096 2633 1278 2678 essent
1308 2623 1671 2680 Romanorum
1708 2641 1860 2682 sacra
1898 2644 1912 2682 ι

2137 2630 2392 2688 ηὐριειοείι
2417 2621 2783 2694 aflingeretur,
2800 2626 2940 2696 quod
2968 2628 3036 2681 ab
3066 2627 3131 2682 iis
3150 2639 3266 2683 erat
3292 2628 3645 2684 alienissimum?

405 2718 483 2763 est
512 2708 771 2779 ignotum.
806 2708 936 2766 Nam
969 2723 1021 2767 et
1047 2730 1234 2769 eorum
1268 2725 1425 2785 poeta
1455 2718 1570 2788 (l),
1604 2736 1622 2770 ι
1656 2718 1792 2774 Nota
1819 2719 2003 2789 Bon-,9,
2108 2709 2417 2767 Adversarii
2444 2713 2563 2769 loco
2580 2716 2914 2784 probationis
2937 2720 3304 2776 obtendebant
3334 2720 3520 2776 famam
3536 2735 3647 2777 etru-

404 2800 610 2874 inquit,
642 2815 847 2860 secreta
875 2807 1012 2863 deae.
1056 2826 1073 2859 ι
1108 2809 1205 2863 Diu
1253 2812 1416 2865 etiam
1465 2811 1729 2867 humanas
1761 2812 2006 2868 victimas
2109 2817 2338 2859 morem.
2372 2804 2478 2862 Sed
2507 2809 2654 2863 nullo
2681 2825 2893 2882 quoque
2932 2812 3054 2881 jure
3082 2813 3131 2867 id
3170 2813 3324 2884 ﬁeri,
3357 2815 3494 2884 leges
3514 2815 3647 2869 civiles

403 2896 751 2952 immolarunt
800 2917 813 2949 ν
852 2900 951 2954 etsi
1000 2901 1053 2955 in
1107 2902 1227 2956 aliis
1271 2903 1525 2974 gentibus
1564 2903 1720 2969 hanc,
1758 2905 1911 2973 nonj

2141 2910 2204 2947 ro
2227 2898 2425 2951 nostris
2455 2901 2879 2968 reSpondebant,
2922 2913 2977 2959 et
3003 2905 3116 2975 ipse
3139 2905 3496 2974 Quintilianus
3514 2905 3649 2979 (5)(ίὶ-

403 2993 526 3048 dico
553 3003 817 3056 sanciam,
865 2993 960 3048 sed
991 2996 1389 3064 sanguinariam
1431 3008 1486 3052 ει
1515 2995 1834 3052 sceleratam
1881 2987 2007 3052 feri-
2106 2987 2203 3053 xit,
2236 3007 2254 3039 ι
2293 2991 2422 3045 nulli
2449 3008 2552 3046 non
2594 2998 2753 3049 etiam
2786 2996 3227 3053 innocentissimo
3255 3001 3499 3057 accidere
3536 3016 3649 3069 posse

400 3094 566 3140 tatem
605 3084 1081 3154 reprehenderem.
1112 3087 1210 3142 Εει
1246 3089 1427 3144 autem
1457 3089 1829 3156 memorabile,
1861 3090 2003 3159 quod
2105 3077 2292 3135 fraude
2318 3083 2674 3153 inimicorum,
2714 3086 2845 3143 falsa
2889 3088 3241 3161 vulgantium,
3274 3100 3336 3146 ut
3364 3092 3560 3148 sinistro
3583 3110 3647 3146 ru-

404 3178 725 3235 Plutarchus
752 3181 803 3234 in
825 3178 1097 3236 Problem.
1129 3191 1332 3246 narrat,
1357 3196 1453 3237 eos
1477 3181 1787 3238 obtendisse
1811 3183 1875 3237 ad
1902 3183 1912 3237 l

2138 3184 2256 3226 more
2279 3172 2503 3229 laboret.
2533 3186 2552 3227 ι
2581 3177 2748 3244 Quam
2778 3195 2906 3236 vero
2940 3175 3123 3250 procul
3145 3183 3646 3240 abessentChristiani

402 3286 558 3327 suum
591 3273 786 3327 factum
818 3272 1203 3340 excusandum,
1234 3273 1570 3346 aliorumque
1606 3263 1910 3332 damnandu

2140 3256 2171 3318 Ι)
2199 3263 2345 3320 omni
2377 3264 2686 3336 homicidio,
2719 3273 2850 3327 satis
2891 3248 3140 3330 octavius
3196 3276 3455 3343 ostendit,
3481 3290 3580 3331 cum
3604 3291 3648 3330 nc

400 3364 591 3419 Mirum
632 3379 757 3419 vero
814 3362 1136 3419 ειη-ίειίδηίε
1181 3380 1332 3422 sacra
1377 3369 1498 3422 mna
1553 3369 1763 3440 objecla
1811 3373 1995 3429 misse.
2105 3357 2449 3415 homicidllnn
2479 3363 2693 3432 quidem
2724 3365 2773 3418 in
2807 3364 2945 3420 ludis
2970 3367 3302 3437 gladiatoriis
3342 3380 3648 3439 spectareeos

402 3455 527 3511 Fuit
554 3466 732 3510 tamen
759 3462 913 3511 vetus
940 3440 992 3512 et
1021 3456 1267 3514 diuturna
1309 3459 1425 3515 inec
1452 3463 1716 3517 calumnia
1748 3481 1762 3518 :
1796 3476 1851 3520 ct
1876 3468 1998 3536 qui-
2104 3460 2198 3517 Per
2243 3464 2394 3506 suam
2432 3457 2740 3525 i'eiiBiOI'e'"
2787 3458 3024 3527 immisse
3064 3472 3264 3528 nam“:
3297 3463 3441 3533 (ἰυοά
3462 3472 3645 3529 eum“

401 3549 524 3604 dem
567 3548 885 3617 promiscum
913 3548 1152 3606 libidinis
1195 3554 1556 3622 suspicionem
1589 3555 1744 3611 facile
1769 3574 1904 3628 auge

2137 3542 2431 3615 'heopliilus
2476 3544 2610 3604 dixit
2644 3551 2710 3603 ad
2744 3544 3078 3625 Autolycum;
3114 3558 3167 3610 et
3210 3552 3405 3612 eodem
3454 3558 3645 3626 lelnpote

403 3640 758 3710 quorumdam
786 3642 1095 3711 credulitas,
1124 3643 1215 3714 qui
1235 3645 1369 3699 alios
1401 3662 1465 3702 ex
1499 3663 1596 3702 suo
1619 3650 1832 3715 ingenio
1852 3667 1911 3705 ac:

2136 3637 2473 3708 .tnenagoras
2511 3641 2563 3694 in
2607 3642 2878 3717 Apologia.
2928 3656 2982 3701 et
3028 3646 3184 3702 latius
3236 3646 3578 3705 Tertulllamls
3611 3651 3644 3702 ill

398 3744 567 3796 mant.
597 3742 652 3788 et
680 3743 938 3789 nocturna
969 3738 1286 3804 promiscuae
1313 3738 1672 3797 multitudinis
1699 3744 1891 3804 coitio,

2133 3728 2237 3812 lnfo
2262 3732 2325 3783 de
2361 3730 2596 3801 δρεειιιε.
2628 3740 2679 3789 et
2706 3746 2886 3807 postea
2913 3730 3219 3796 Lactantius
3242 3734 3338 3798 lli).
3367 3742 3558 3812 vi,cap.
3581 3740 3641 3794 20.

397 3825 518 3896 quia
552 3824 840 3881 Christiani
885 3841 1006 3881 sese
1048 3825 1243 3882 fratres
1273 3842 1595 3900 sororesque
1629 3832 1991 3901 appellarent,
2097 3808 2201 3878 Sed
2235 3838 2408 3894 neque
2428 3832 2583 3881 ursa!
2611 3832 2830 3900 pt‘cttdls
2860 3836 3170 3903 sanguinem
3204 3838 3449 3905 gustasse
3478 3840 3644 3891 nostras

397 3926 560 3989 atque
602 3916 769 3975 ριίειηι
796 3919 980 3974 osculu
1025 3935 1146 3975 sege
1191 3921 1421 3977 invicem
1476 3924 1807 3993 exciperent.
1855 3925 1993 3994 Quid
2097 3910 2359 4001 MillllCillS
2397 3914 2628 3975 afllrtllat
2652 3939 2664 3975 τ
2690 3923 2847 3979 siculi
2877 3936 2931 3980 ΘΙ,
2961 3918 3344 3984 'l‘ertulliztnus.
3391 3922 3477 3986 Sic
3504 3929 3642 3990 Cltilll,

396 4009 593 4076 dicam,
624 4011 809 4067 osculo
836 4011 1096 4083 quosdam
1135 4013 1401 4082 impudice
1447 4017 1645 4072 ειωεοδ
1670 4034 1811 4084 esse,
1842 4030 1900 4074 υι
1939 4031 1995 4077 et
2095 4007 2512 4077 quannApdstoli
2542 4014 2818 4082 ι’ρρείὶιίιιιι
2838 4010 3003 4071 Νοιιαξ
3026 4018 3198 4087 legem
3229 4032 3415 4075 l‘lll‘SUS
3436 4022 3643 4083 tulerant,

395 4102 588 4157 fatetur
616 4112 672 4158 et
705 4108 1053 4175 Conqueritur
1077 4106 1328 4163 Clemens
1353 4109 1753 4166 Alexandrinus
1783 4114 1836 4166 in
1872 4113 1903 4168 P

2138 4099 2276 4155 iultis
2301 4102 2512 4158 sarculis
2539 4108 2706 4161 nostri
2736 4102 3020 4181 diligenter
3049 4108 3421 4180 observarunt,
3450 4131 3542 4169 non
3569 4114 3646 4165 ini-

394 4196 517 4267 das.
564 4197 852 4254 Christiani
880 4200 1010 4257 satis
1038 4201 1203 4256 ,ηηιιη
1235 4203 1522 4260 castissimi
1551 4207 1633 4259 sui
1662 4207 1880 4275 pudoris
1912 4218 1991 4263 ιε,
2020 4258 2025 4261 _
2095 4204 2195 4245 nus
2217 4192 2757 4266 quainAposlolicum
2780 4203 2829 4255 in
2854 4204 3040 4259 eadem
3060 4198 3647 4276 Synododecrcltltnmp‘

392 4291 641 4347 stimonia
672 4293 1031 4362 oppoiicbuiit.
1064 4295 1171 4351 Sed
1200 4295 1331 4350 nihil
1360 4298 1510 4352 audit
1556 4298 1838 4368 impudens
1869 4317 1899 4354 n

2135 4293 2327 4352 ςρνειις.
2351 4284 2509 4341 Certe
2535 4300 2690 4358 quam
2718 4288 3024 4359 honestum,
3055 4293 3389 4365 religiosum,
3411 4290 3643 4367 pudicum,

389 4383 696 4450 levolcnlia,
728 4400 848 4456 qua:
870 4398 926 4441 ut
957 4384 1191 4457 linguam
1218 4389 1376 4444 habet
1411 4390 1879 4460 intemperantem,
1908 4392 1988 4447 sic
2090 4388 2406 4451 castumque
2436 4381 2596 4439 fuerit
2628 4376 3057 4444 Christianorum
3087 4386 3333 4449 Solemtte
3359 4392 3643 4457 convivium,

384 4490 561 4543 neque
621 4476 856 4532 frontem
908 4493 1081 4547 neque
1129 4494 1291 4535 aures
1330 4479 1511 4536 habet.
1563 4482 1706 4538 Sane
1753 4493 1808 4539 et
1856 4486 1985 4541 olim
2088 4475 2231 4544 QUOd
2264 4474 3126 4550 ἀγάπηνθρβθιίιιῦίῖηίνΟωοῖιῖυεν
3159 4485 3206 4540 εί
3240 4496 3421 4543 verum
3450 4488 3644 4557 ίηὲθηυθ

382 4567 648 4636 Apionem
688 4568 791 4622 tale
829 4568 1100 4637 quippiam
1144 4570 1211 4623 de
1239 4569 1547 4627 Iudaeorum
1588 4576 1817 4630 cmtibus
1854 4592 1982 4632 con.
2007 4638 2052 4648 ᾤ
2087 4566 2289 4632 dicere,
2338 4571 2495 4639 quam
2529 4568 2772 4643 lmprobe
2803 4576 3015 4630 mentiri
3048 4577 3350 4643 maluisset,
3384 4579 3644 4648 intelligere

381 4658 605 4714 finxisse
647 4670 826 4714 narrat
854 4659 1141 4730 Josepbus.
1171 4662 1312 4733 Ergo
1346 4664 1475 4719 nihil
1506 4667 1705 4720 nostris
1754 4668 1845 4723 tali
1894 4670 1978 4724 in-
2006 4638 2062 4703 D
2087 4671 2336 4733 potuerat
2380 4676 2486 4720 non
2533 4666 2704 4722 solum
2737 4683 2800 4724 ex
2833 4664 3149 4727 Tertulliani
3180 4674 3351 4728 nostri
3398 4672 3640 4744 Apologia.

381 4750 544 4807 famia
575 4753 850 4821 oppressis
876 4752 1017 4808 aliud
1048 4753 1334 4823 superfuit,
1362 4771 1545 4825 quam,
1578 4758 1722 4827 quod
1763 4762 1897 4819 scite
1925 4776 1980 4820 et
2086 4754 2179 4813 sed
2212 4768 2266 4814 et
2309 4759 2392 4814 sui
2432 4750 2591 4815 Plinii
2618 4762 2847 4832 quadam
2878 4760 2942 4818 ad
2970 4763 3259 4836 Trajannm
3291 4762 3538 4838 Epistula.
3559 4760 3643 4820 Sed

378 4843 655 4914 eleganter
704 4844 998 4918 [Eseliylns
1035 4847 1132 4914 ait,
1178 4858 1265 4907 τὴν
1304 4855 1534 4911 omnem»
1585 4855 1856 4910 ἀνατιθέναι

2134 4848 2429 4907 etulantiam
2482 4854 2737 4925 proici-nn
2786 4852 3174 4913 maledicentia:
3207 4860 3344 4929 quid
3395 4858 3642 4915 refrzrnare

376 4938 546 5006 χρόνῳ,
574 4935 691 4991 Non
724 4948 879 4993 eram
912 4939 1258 5005 imposlores,
1293 4941 1383 5011 qui
1414 4944 1575 4999 verba
1602 4945 1792 5002 darem
1821 4967 1834 5004 ς
1864 4966 1975 5007 non
2084 4947 2310 5017 posset?
2345 4936 2459 5001 Dixi
2488 4947 2555 5002 de
2584 4964 2651 5004 eo
2693 4948 2937 5005 convivio
2970 4951 3116 5021 plura
3152 4953 3203 5006 in
3237 4951 3642 5008 annotationibus

377 5026 627 5084 homines
651 5029 873 5085 clamosi
905 5038 961 5084 et
989 5030 1337 5101 impotentes,
1375 5034 1462 5105 qui
1489 5038 1970 5103 conviciis,'male-
2079 5039 2147 5095 ad
2178 5040 2322 5094 illam
2352 5034 2679 5110 Epistulam,
2712 5059 2830 5114 quae
2855 5043 2964 5113 jam
2997 5045 3244 5116 repetere
3289 5045 3425 5101 nihil
3458 5046 3637 5100 attinet.

375 5119 557 5187 dictis,
586 5122 781 5177 libellis
801 5121 1025 5177 lumosis
1048 5123 1386 5183 adversarios
1408 5129 1641 5189 vicissim
1665 5136 1969 5205 opprimere
2079 5128 2209 5191 litut
2245 5142 2422 5189 autem
2481 5137 2727 5192 nocturni
2778 5135 3206 5193 Christianorum
3261 5150 3435 5196 caelus
3467 5135 3639 5194 innoxii

371 5212 592 5267 vellent.
624 5210 807 5267 Rebus
837 5213 967 5282 ipsis
996 5212 1189 5271 falsum
1219 5218 1487 5289 refellere,
1535 5235 1588 5281 et
1639 5241 1705 5281 eo
1750 5228 1966 5284 tandem
2074 5237 2279 5296 essent,
2329 5235 2504 5284 tamen
2557 5228 2804 5285 obstabat
2837 5230 2922 5285 lex
2958 5232 3251 5288 Duodecim
3284 5230 3451 5288 Tabb.
3482 5229 3639 5286 multis

368 5304 531 5359 modo
561 5306 779 5359 vincere
803 5304 1041 5363 sedendo
1070 5316 1125 5364 et
1162 5310 1368 5369 silendo
1390 5315 1661 5371 malebant
1692 5334 1704 5371 :
1739 5328 1792 5373 et
1826 5319 1965 5375 bona
2072 5312 2303 5374 decretis
2328 5321 2669 5387 confirmata,
2701 5330 2755 5377 et
2781 5322 2970 5393 gravia
3005 5332 3158 5378 erant
3183 5322 3385 5394 judicia
3412 5318 3474 5379 de
3495 5321 3638 5377 colle-

365 5397 572 5452 interca
600 5397 929 5453 conscientia
961 5413 1080 5457 sese
1120 5406 1496 5463 sustentabant
1524 5418 1686 5479 atque
1711 5412 1960 5467 consola-
2068 5412 2168 5483 giis
2197 5411 2421 5467 illicitis.
2448 5411 2629 5468 Nostri
2658 5430 2786 5469 vero
2812 5414 3229 5483 reSpondebant,
3260 5408 3391 5472 nihil
3416 5408 3637 5486 reipubli—

360 5488 578 5545 bantur.
612 5487 703 5543 Sic
734 5489 928 5546 bonam
948 5507 1165 5550 causam
1197 5502 1427 5570 agebant
1453 5501 1608 5555 bene.
2065 5522 2143 5563 cie
2189 5523 2309 5564 esse
2341 5507 2560 5578 periculi
2592 5523 2619 5561 a
2650 5508 2759 5563 suis
2789 5508 3141 5574 coitionibus,
3174 5511 3297 5582 quia
3327 5514 3499 5566 essent
3524 5506 3635 5561 alie-

431 5582 629 5638 Mirum
655 5598 862 5651 rursus,
892 5585 1111 5645 Caicllio
1143 5601 1247 5645 tam
1281 5592 1603 5648 insolentem
1642 5595 1810 5651 visam
1835 5611 1957 5655 esse
2062 5597 2271 5655 nissimi
2315 5600 2383 5655 ab
2428 5601 2574 5656 omni
2604 5596 2689 5657 vel
2716 5600 3030 5671 ambitione,
3062 5602 3146 5659 vel
3194 5600 3353 5658 ullius
3381 5592 3631 5673 dignitatis

355 5673 504 5731 illam
534 5675 674 5732 inter
700 5689 797 5734 eos
828 5696 849 5731 ι
886 5677 1112 5738 fraterni
1151 5684 1385 5740 nominis
1429 5686 1890 5759 communionem,
1926 5710 1948 5745 ›

756 5856 798 5884 ,ἢ
820 5855 963 5884 ρης,
1012 5852 1047 5884 ρ
1091 5870 1213 5884 mn
1265 5859 1369 5884 η,
2236 5799 2590 5884 Epiphanius,
2622 5800 2836 5884 μέθη-θεῖ
2855 5818 3053 5884 ιιγιιιΑ
3069 5811 3202 5860 sect.
3228 5819 3338 5873 inv,
3450 5797 3564 5857 4l6.

2149 5818 2208 5867 Ζ)
2238 5818 2590 5870 nptpnamus,
2625 5818 2825 5857 ttaareSI
2855 5818 3042 5865 XLVIII,
3069 5818 3202 5860 seet.
3228 5819 3338 5873 xw,
3404 5847 3407 5857 .

347 5859 366 5925 ἱ
421 5850 504 5926 (ί)
532 5853 801 5915 Iuvenalis
820 5855 984 5916 Satir.
1012 5852 1067 5927 6.
1091 5870 1237 5916 vers.
1265 5859 1390 5918 315.
1774 5936 1787 5946 ,
2125 5818 2208 5944 is)
2233 5870 2596 5941 Quintilianus
2625 5868 2720 5929 lib.
2748 5870 2983 5930 vlnstit.
3010 5871 3182 5947 0ral.,
3206 5892 3323 5949 cap.
