3818 6278
149 370 252 435 213

1278 378 1338 437 F.
1403 381 1724 440 BALDUINI
1798 381 2271 445 DISSERTATIO.

3332 398 3441 461 214

143 495 497 568 cogitatione,
528 495 773 568 nihilque
803 506 947 554 esset
994 498 1047 553 in
1094 498 1386 569 republica,
1419 501 1558 573 quod
1611 498 1819 562 θίγε-Α
1847 517 2034 571 purum
2094 516 2379 577 tyrannum
2432 514 2486 561 et
2534 506 2734 562 nostris
2799 504 3235 577 inlesrissimum,
3287 513 3436 573 domi

147 600 371 655 marem,
403 588 499 646 sed
539 600 631 645 sua
679 598 861 645 essent
907 591 1108 660 privata
1135 592 1443 648 conditione
1471 592 1731 657 contenti,

152 688 210 736 ul.
235 679 593 737 Tcrtullianus
615 683 667 737 in
701 682 928 755 Apolog.
960 683 1267 754 rttspondel.

220 774 487 832 Caeterum
516 786 576 831 ut
608 776 719 847 jam
749 787 1069 847 praeteream
1094 778 1297 849 reliqua
1339 778 1512 848 capita
1540 778 1621 834 vel
1643 792 1735 833 ac-

143 871 437 926 cusationis
485 868 789 925 Czeciliame
853 870 937 925 vel
991 869 1298 927 Octavianus
1366 870 1732 940 defensionis,

141 964 275 1019 illud
316 967 601 1020 observare
643 965 794 1034 juvat
825 980 838 1018 :
873 978 991 1019 cum
1030 964 1386 1019 calumniator
1429 964 1735 1035 ingeniosus

139 1067 197 1112 et
222 1072 347 1111 acer
373 1057 505 1110 nihil
530 1071 636 1111 non
665 1056 750 1110 vel
780 1055 1048 1126 contingat
1078 1056 1158 1110 vel
1184 1062 1498 1126 exaggeret,
1529 1063 1583 1108 et
1614 1069 1728 1109 ma-

128 1148 341 1218 jestatis
386 1148 635 1218 qumdam
685 1147 885 1203 leviora
935 1147 1157 1203 crimina
1205 1147 1459 1217 adjungat
1496 1155 1731 1215 :prtetev

129 1243 284 1299 riisse
337 1243 556 1301 crimen
622 1243 1045 1313 perduellionis,
1111 1240 1257 1313 quod
1301 1252 1355 1295 et
1410 1240 1514 1294 alia
1578 1247 1732 1295 antea

127 1334 481 1405 obiecerant,
511 1343 570 1390 et
589 1334 659 1389 ad
698 1349 819 1391 reos
849 1336 1026 1413 statim
1059 1331 1442 1406 opprimendos
1490 1330 1733 1403 inprimis

129 1426 380 1484 idoneum
404 1443 532 1485 esse
559 1428 858 1485 videbatur.
894 1429 976 1484 An
1007 1427 1056 1483 id
1085 1428 1479 1492 dissimulavit,
1514 1428 1635 1495 quia
1665 1438 1733 1482 ne

134 1522 304 1577 tenuis
334 1521 559 1593 quidem
588 1522 705 1593 ejus
731 1533 875 1577 esset
927 1518 1201 1591 suspicio?
1252 1519 1373 1575 Fuit
1416 1526 1560 1575 certe
1605 1534 1729 1589 per-

138 1624 286 1685 petua
325 1613 446 1668 hzec
475 1614 739 1683 majorum
784 1624 1090 1668 nostrorum
1135 1611 1340 1682 gloria,
1386 1610 1526 1682 quod
1570 1610 1732 1665 nullis

143 1706 357 1778 injuriis
383 1716 492 1763 tam
518 1704 715 1762 irritari
765 1707 1061 1777 potuerint,
1117 1714 1173 1759 ut
1223 1705 1274 1759 in
1329 1704 1594 1773 principes
1641 1710 1731 1756 aut

151 1809 441 1871 tyrannos,
473 1797 565 1855 et~i
587 1797 656 1853 ab
687 1798 751 1851 iis
782 1794 1152 1869 indignissime
1170 1808 1519 1859 vexarentur,
1550 1793 1728 1849 hostili

1843 598 2164 666 strangulari
2194 597 2421 653 Romani
2453 608 2737 664 curarunt,
2769 601 2855 670 qui
2888 598 2963 654 illi
2996 604 3231 660 maxime
3276 612 3433 664 erant

1840 686 2149 746 familiares.
2180 691 2263 746 An
2299 692 2380 747 his
2405 691 2742 747 Christianus
2776 691 2917 748 ullus
2945 693 3149 750 adfuit?
3172 696 3432 769 Septimio

1842 778 2072 849 Severo,
2121 786 2209 852 qui
2257 783 2323 838 ad
2369 785 2652 855 imperium
2697 784 3018 855 gladiatorio
3067 790 3245 844 animo
3290 791 3431 850 viam

1840 870 2125 928 auectabat
2146 916 2160 938 ,
2191 890 2312 929 sese
2335 876 2588 945 opposuit
2611 874 2941 930 Pescennius
2969 876 3131 947 Niger
3162 881 3212 933 itt
3242 880 3429 954 Syria.

1840 974 1895 1019 et
1925 963 2119 1019 deinde
2159 965 2377 1020 Clodius
2420 965 2647 1021 Albinus
2691 967 2743 1020 in
2795 964 3066 1024 Britannia
3122 970 3425 1044 Galliaque,

1837 1066 1958 1109 cum
2006 1067 2226 1126 uterque
2262 1066 2368 1111 tam
2400 1057 2540 1111 bono
2561 1057 2682 1126 jure
2703 1069 2967 1124 armatus,
2994 1075 3151 1130 quam
3175 1063 3428 1136 Severus,

1837 1148 1936 1201 sibi
1968 1162 2089 1203 esse
2114 1147 2402 1204 videretur.
2430 1147 2562 1203 Nam
2593 1159 2647 1205 et
2680 1151 2795 1218 ipsc
2818 1150 3178 1208 Tertullianus
3210 1156 3261 1210 in
3291 1156 3430 1213 libro

1837 1237 1900 1292 de
1940 1237 2113 1294 Pallio
2159 1240 2315 1312 (cap.
2346 1240 2416 1313 2)
2469 1241 2635 1297 hosce
2699 1257 2805 1297 non
2858 1244 3069 1311 minus,
3123 1264 3283 1316 quam
3328 1246 3431 1306 Sec

1837 1346 2064 1399 verum,
2127 1335 2383 1406 Angustos
2435 1334 2723 1405 aliquando
2773 1338 2990 1404 agnovit
3039 1346 3198 1408 atque
3244 1341 3429 1412 appel-

1837 1424 1983 1482 lavit.
2017 1424 2309 1482 Christiani
2358 1438 2534 1483 tamen
2592 1428 2644 1481 in
2688 1440 2876 1483 eorum
2928 1431 3009 1484 vel
3047 1434 3309 1498 exercitu,
3344 1434 3431 1489 vel

1836 1515 2069 1573 factione
2097 1519 2225 1573 nulli
2268 1502 2465 1575 invenli
2509 1532 2650 1574 sunt.
2682 1519 3029 1587 Plantianus,
3076 1526 3164 1591 qni
3200 1525 3427 1598 principi

1835 1612 2112 1681 proximus
2159 1620 2406 1677 erat,.et
2451 1621 2571 1683 post
2593 1626 2715 1665 eum
2766 1614 3011 1666 maxima:
3059 1616 3421 1683 auctoritatis,

1835 1713 1891 1757 ut
1919 1703 2150 1758 Severus
2174 1715 2223 1757 et
2253 1703 2547 1768 Caraealla,
2579 1720 2607 1757 a
2640 1706 2829 1772 quibus
2859 1706 3060 1761 ﬁebant
3090 1708 3255 1762 multa
3299 1723 3423 1763 cru-

1833 1792 2046 1863 deliter,
2075 1796 2471 1866 jngnlarentur,
2518 1796 2751 1851 immittit
2788 1798 2837 1850 in
2867 1799 3071 1852 curiam
3097 1814 3253 1854 suum
3284 1816 3424 1869 pra:-

145 1896 332 1948 animo
383 1903 583 1959 essent,
638 1905 731 1947 attt
776 1890 899 1948 ullis
957 1892 1213 1947 adversus
1282 1904 1377 1947 e05
1432 1889 1726 1960 conjuratis
1755 1878 1804 1950 Β
1836 1887 2052 1953 fectum,
2085 1898 2138 1941 et
2166 1888 2355 1943 eodem
2382 1888 2540 1956 paulo
2568 1897 2687 1958 post
2710 1890 3075 1958 irrumpit.An
3094 1888 3424 1947 Plautianum

146 1987 634 2055 conspirationibus
666 1981 827 2056 (quae
857 1988 1033 2040 tamen
1064 1986 1262 2055 alioqui
1292 1993 1345 2039 et
1375 1983 1634 2053 speciosae
1675 1990 1729 2036 et

132 2078 445 2151 frequentes
471 2091 596 2135 tunc
622 2076 820 2153 erant)
851 2082 1241 2136 assentirentur
1271 2098 1283 2133 :
1317 2086 1437 2142 aut,
1466 2074 1591 2148 quid
1632 2089 1725 2128 sua

125 2174 419 2244 patientia,
461 2173 743 2228 tolerantia
767 2215 781 2238 ,
811 2170 1075 2228 modestia
1096 2214 1111 2238 ,
1154 2168 1481 2228 continentia
1508 2169 1724 2239 dignum

122 2273 297 2331 esset,
349 2282 458 2322 non
506 2264 899 2324 meminissent.
944 2264 1174 2321 Tantum
1224 2264 1375 2319 abest
1437 2270 1496 2317 ut
1545 2271 1727 2317 eSsent

120 2369 194 2413 aut
252 2358 559 2415 turbulenti
599 2368 691 2415 aut
724 2356 997 2423 seditiosi,
1049 2360 1142 2413 aut
1187 2355 1405 2412 immani
1435 2355 1725 2426 cupiditate

120 2452 349 2510 ultionis
374 2455 768 2519 abriperentur.
799 2451 933 2509 Nam
958 2451 1061 2508 etsi
1087 2467 1147 2507 ea
1190 2448 1531 2506 multitudine
1585 2447 1723 2517 septi

119 2554 339 2612 essent,
370 2554 428 2601 ut
470 2547 623 2602 facile
652 2552 872 2617 possent
898 2542 1202 2611 coniicere,
1234 2544 1377 2613 quod
1415 2544 1466 2597 in
1495 2541 1598 2596 hoc
1626 2555 1720 2612 ge-

122 2656 241 2696 nere
289 2642 689 2708 instituissent,
723 2652 899 2695 tamen
943 2638 1022 2695 fas
1054 2654 1159 2694 non
1186 2652 1306 2695 esse
1337 2637 1615 2709 putabant.
1653 2635 1724 2691 Et

126 2750 244 2791 vero
288 2751 406 2790 sure
431 2734 631 2806 alioqui
664 2735 933 2806 religienis
963 2745 1014 2791 et
1045 2730 1300 2805 principia
1344 2732 1719 2798 sustulissent,

124 2835 171 2883 et
200 2824 562 2883 fundamenta
604 2829 944 2883 evertissent.
978 2824 1150 2882 Immo
1179 2840 1308 2880 vero
1348 2823 1596 2879 humanae
1632 2836 1722 2879 so-

129 2916 346 2975 cietatis
365 2912 564 2975 vincula
590 2922 770 2975 omnia
797 2914 1190 2976 dissolvissent.
1215 2917 1352 2986 Quid
1384 2914 1535 2971 multi
1556 2916 1719 2971 etiam

134 3011 430 3084 philomphi
474 3012 762 3069 ambitiOse
804 3011 1158 3082 praedicarent
1209 3010 1275 3066 de
1335 3007 1715 3083 tyrannicidis,

132 3115 313 3160 notum
343 3116 474 3161 erat.
498 3107 605 3164 Sed
660 3107 831 3163 nostri
885 3104 1079 3161 talibus
1125 3102 1352 3160 liahellis
1403 3102 1613 3159 incendi
1658 3114 1718 3156 se

125 3214 229 3253 non
276 3200 650 3269 patiebantur:
677 3208 885 3254 tantum
914 3199 1085 3265 abest,
1123 3209 1176 3252 ut
1201 3196 1471 3267 religionis
1496 3195 1714 3250 nomine

1833 1980 2121 2035 Christiani
2151 1984 2321 2035 secuti
2361 1992 2513 2046 sunt,
2558 1996 2787 2051 quorum
2837 1981 3100 2037 interesse
3145 1982 3428 2039 videbatur

1833 2084 2088 2147 tyrannos
2114 2072 2236 2129 illos
2266 2074 2421 2129 tolli?
2451 2074 2615 2128 immo
2642 2088 2773 2129 vero
2800 2073 2977 2143 potius
3000 2073 3262 2131 Severum
3311 2076 3422 2145 iam

1831 2167 2238 2223 decumbentem
2266 2166 2344 2222 illi
2385 2181 2482 2221 suo
2506 2167 2665 2222 etiam
2695 2166 2817 2222 oleo
2839 2177 3096 2222 curarunt
3140 2175 3428 2223 sanarent-

1830 2277 1933 2334 qne
1954 2303 1969 2328 ,
1998 2271 2055 2315 ιιι
2086 2260 2238 2316 testis
2274 2268 2357 2315 est
2380 2258 2740 2315 Tertullianns
2774 2258 2845 2312 ad
2870 2258 3185 2329 Scapulam,
3240 2259 3331 2315 ubi
3368 2269 3425 2316 et

1833 2356 2108 2410 solemnes
2135 2352 2389 2408 Ecclesia:
2438 2366 2621 2422 preces
2668 2365 2765 2421 pro
2794 2348 3129 2421 principibus
3178 2363 3420 2407 comme-

1828 2457 2021 2504 morat.
2066 2446 2200 2501 Tum
2226 2444 2371 2500 addit
2416 2462 2429 2500 :
2478 2462 2498 2497 ι
2532 2442 2612 2500 Et
2670 2444 2853 2514 regula
2901 2443 3176 2513 patientiae
3225 2443 3423 2498 divinat

1826 2556 1987 2611 agere
2026 2554 2124 2595 nos
2162 2539 2291 2594 satis
2312 2535 2651 2593 manifestum
2678 2544 2790 2603 est,
2830 2551 2951 2591 cum
2975 2544 3119 2591 tanta
3144 2534 3424 2592 hominum

1827 2632 2132 2697 multitudo,
2183 2646 2306 2701 pars
2339 2645 2476 2700 pene
2526 2629 2699 2699 major
2741 2630 2974 2683 civitatis
3021 2629 3313 2700 cujusque,
3363 2629 3419 2684 in

1825 2727 2040 2781 silentio
2070 2735 2124 2781 et
2150 2724 2408 2779 modeStia
2438 2723 2664 2794 agimus.
2695 2722 2849 2779 Absit
2875 2722 3018 2777 enim
3040 2764 3055 2788 ,
3100 2730 3156 2777 ut
3186 2721 3405 2793 indigne

1826 2812 2061 2871 feramus
2086 2830 2147 2869 ea
2183 2829 2282 2868 nos
2312 2818 2455 2884 pati,
2488 2828 2606 2884 quae
2630 2822 2878 2882 optamus
2910 2828 2928 2866 :
2956 2822 3050 2867 aut
3094 2814 3355 2868 ultionem
3382 2822 3415 2868 a

1823 2907 1980 2962 nobis
2028 2907 2260 2975 aliquam
2304 2903 2696 2970 machinemur,
2746 2914 2904 2974 quam
2933 2920 2960 2956 a
2991 2902 3099 2959 Deo
3141 2911 3421 2972 exspecta-

1823 3012 1964 3052 mus.
1997 3016 2015 3047 t
2046 2995 2165 3051 Non
2192 2996 2473 3051 dissimilia
2520 3004 2675 3063 sunt,
2726 3009 2846 3063 quae
2894 2995 3087 3064 repetit
3132 2996 3183 3048 in
3212 2993 3415 3065 Apolo-

1821 3092 2017 3161 getico,
2051 3099 2103 3145 et
2142 3087 2299 3160 digna
2342 3096 2499 3155 sunt,
2544 3103 2663 3158 qua:
2692 3087 2776 3141 his
2818 3101 3031 3158 quoque
3079 3085 3414 3156 temporibus

1821 3184 2177 3239 inculcentur.
2207 3182 2365 3238 Certe
2391 3183 2496 3247 ait,
2524 3179 2858 3238 Cltristizmos
2885 3178 3040 3235 facile
3061 3179 3141 3253 (l)
3169 3197 3189 3232 ι
3224 3181 3411 3251 paucis

121 3292 185 3345 ad
218 3264 490 3361 publicum
520 3292 861 3361 parricidium
897 3264 1266 3345 incitarentur.
1299 3264 1442 3343 Nihil
1473 3297 1554 3342 est
1587 3301 1717 3357 prae-
1744 3264 1793 3335 C
1826 3276 2019 3333 faculis
2051 3278 2136 3332 vel
2168 3293 2267 3331 una
2301 3286 2459 3332 nocte
2492 3294 2511 3329 ι
2548 3277 2787 3346 potuisse
2835 3289 2957 3330 sese
2993 3272 3207 3338 ulcisci,
3240 3273 3286 3328 si
3321 3283 3417 3328 aut

121 3384 468 3452 termissum,
518 3382 661 3456 quod
690 3398 785 3441 eos
835 3378 1167 3439 inflammare
1196 3391 1405 3453 posset,
1463 3388 1518 3435 et
1568 3380 1715 3433 furor

124 3474 240 3531 tieri
271 3477 462 3532 dicitur
510 3479 639 3533 laesa
679 3479 876 3547 saepius
927 3474 1198 3546 patientia.
1230 3473 1333 3528 Sed
1383 3485 1477 3527 eos
1524 3470 1715 3541 religio

122 3572 419 3634 continuit.
460 3576 513 3626 et
553 3570 620 3626 ad
650 3570 900 3626 invictam
930 3567 1091 3623 modo
1122 3566 1430 3637 patientiam
1459 3566 1710 3620 armavit.

121 3660 179 3714 ld
209 3672 361 3729 vero,
396 3656 461 3719 de
484 3679 587 3734 quo
618 3660 780 3719 etiam
824 3662 993 3731 quaeri
1040 3660 1143 3717 hoc
1186 3666 1427 3729 tempore
1461 3659 1620 3714 audio
1660 3668 1715 3716 et

125 3753 310 3817 miror,
341 3760 591 3824 perpetua
622 3752 853 3824 plurium
875 3756 1190 3809 seculorum
1213 3752 1431 3806 historia
1458 3766 1555 3805 nos
1580 3748 1713 3805 alias

126 3844 576 3900 conﬁrmabimus.
622 3841 754 3901 illud
799 3842 960 3901 modo
989 3842 1224 3899 breviter
1249 3844 1536 3913 attingam,
1568 3840 1712 3912 quod

130 3930 385 3992 llinucius
422 3930 604 3994 dicere
660 3943 863 4009 potuit,
902 3953 963 3994 ac
996 3939 1153 4010 paulo
1182 3942 1305 3992 ante
1338 3938 1455 4008 ejus
1498 3944 1708 3990 aetatem

130 4022 337 4085 accidil.

194 4116 547 4180 Tertullianus
594 4126 664 4179 ad
712 4118 995 4196 Scapulam
1041 4124 1198 4196 (cap.
1227 4122 1299 4196 2)
1327 4139 1369 4195 _t
1403 4123 1553 4180 Circa
1590 4139 1708 4179 ma-

133 4209 402 4281 iestatem,
446 4217 648 4286 inquit,
707 4219 1050 4289 imperatoris
1101 4217 1423 4272 infamantur
1468 4234 1481 4269 :
1530 4227 1707 4273 tamen

136 4318 413 4377 numquam
441 4309 732 4378 Alhittialti,
763 4326 861 4366 nec
890 4310 1127 4381 Nigviani
1162 4309 1245 4364 vel
1276 4306 1513 4365 Cassiani
1561 4308 1711 4366 inve-

142 4396 236 4449 niri
266 4404 536 4467 potuerunt
561 4394 875 4458 Christiani.
910 4423 929 4455 ι
960 4396 1118 4457 Juvat
1138 4411 1191 4457 et
1216 4398 1441 4457 alterum
1468 4400 1709 4471 ejusdem

146 4483 436 4548 Tertulliani
485 4488 637 4560 loco,
702 4497 859 4571 cujus
911 4495 1226 4549 memoriam
1272 4503 1508 4549 veterem
1558 4492 1709 4549 hisce

144 4578 449 4651 temporibus
493 4586 743 4644 renovari
795 4587 1080 4658 plurimum
1114 4589 1368 4651 interest,
1410 4586 1704 4643 ascribere.

1818 3366 2082 3432 fuissent.
2134 3378 2225 3423 aut
2270 3383 2390 3424 esse
2440 3366 2734 3422 voluissent
2775 3370 2792 3437 (
2829 3366 2968 3437 quod
3014 3374 3190 3421 tamen
3232 3364 3343 3435 jam
3383 3379 3417 3421 a

1820 3462 2153 3531 temporibus
2194 3460 2422 3515 Neronis
2463 3459 2822 3526 dicebantur)
2858 3456 3193 3512 incendiarii.
3234 3474 3253 3509 ‹
3301 3454 3412 3513 Sed

1817 3554 1987 3616 absit.
2017 3553 2223 3627 inquit,
2254 3558 2426 3607 utaut
2473 3553 2579 3622 igni
2605 3552 2839 3604 humano
2888 3547 3189 3604 vindicetur
3232 3548 3413 3605 divina

1816 3656 1994 3712 secta;
2024 3654 2115 3700 aut
2142 3644 2321 3701 doleat
2353 3645 2491 3715 pati,
2549 3641 2600 3697 in
2628 3658 2733 3712 quo
2766 3641 3043 3711 probatur.
3074 3660 3093 3694 ι
3132 3642 3249 3707 Ait,
3280 3642 3410 3710 illis,

1818 3738 1864 3793 si
1895 3749 2079 3807 aperte
2106 3752 2296 3807 agere,
2328 3745 2383 3790 et
2408 3735 2514 3791 vim
2546 3735 2595 3789 vi
2628 3734 2892 3805 repellere
2933 3732 3263 3799 voluissent,
3312 3735 3413 3788 nti-

1816 3832 1959 3885 nime
1988 3824 2224 3885 defuisse
2256 3845 2277 3880 ς
2310 3828 2415 3881 vim
2445 3840 2793 3881 numerorum
2820 3834 2874 3881 et
2901 3824 3198 3895 copiarum.
3237 3843 3257 3877 ι
3302 3823 3411 3880 Sed

1818 3923 2018 3995 inquit,
2052 3940 2072 3975 ‹
2108 3921 2247 3992 apud
2278 3922 2432 3977 istam
2464 3918 2801 3990 disciplinam
2832 3920 3002 3990 magis
3048 3918 3221 3973 occidi
3249 3917 3406 3983 licet,

1813 4030 1972 4088 quam
2005 4014 2272 4069 occidere.
2306 4031 2325 4066 ι
2363 4013 2453 4067 Ait
2494 4012 2614 4066 illos
2641 4014 2801 4066 etiam
2849 4009 2965 4064 sine
2984 4010 3150 4065 armis
3174 4010 3411 4079 potuisse

1813 4110 2030 4166 vincere
2059 4104 2382 4171 secedendo,
2415 4113 2469 4161 et
2496 4118 2723 4159 vacuum
2751 4100 3007 4157 Romanis
3027 4115 3185 4157 suum
3222 4103 3407 4159 orbem

1813 4200 2190 4273 relinquendo,
2240 4199 2285 4254 si
2331 4198 2437 4253 alio
2485 4197 2715 4266 migrare
2755 4195 3070 4251 voluissent.
3101 4195 3234 4252 Tum
3266 4200 3408 4255 enim

1812 4296 2143 4358 defuissent,
2189 4289 2385 4361 quibus
2427 4287 2745 4357 imperasset
2777 4285 3048 4340 Romanus
3091 4287 3405 4357 imperator.

1812 4388 1964 4447 Adeo
2007 4384 2160 4458 pauci
2210 4388 2557 4450 supererant,
2607 4378 2697 4448 qui
2743 4390 2851 4431 non
2879 4388 3062 4433 essent
3088 4378 3403 4440 Christiani.

1813 4481 1919 4538 Sed
1965 4489 2181 4533 nostros
2210 4481 2265 4530 et
2292 4473 2437 4526 cives
2463 4484 2681 4525 manere
2706 4467 2939 4524 voluisse
2959 4512 2975 4537 ,
3020 4478 3075 4526 et
3106 4471 3174 4526 ad
3222 4473 3407 4532 hostes

1816 4571 2180 4628 Romanorum
2209 4563 2441 4620 transire
2470 4560 2706 4616 noluisse
2746 4558 3050 4630 signiﬁcat,
3103 4570 3159 4617 et
3200 4562 3406 4620 interea

144 4636 387 4743 «ride;
401 4636 445 4732 ἶ
493 4636 742 4751 '.:.'.',‘..‘..‘;'
786 4636 1368 4752 εἶπ’”Ᾰρζζὶὶᾷε’.“”ξέῖῖῥ.’
1412 4636 1711 4753 ᾆξ’)ἠῖἐὶ

1858 4681 1996 4720 tmen
2025 4677 2053 4716 a
2081 4658 2344 4716 Romanis
2378 4652 2679 4723 appellatos
2717 4667 2841 4708 esse
2870 4667 2976 4707 non
3004 4651 3188 4708 hostes
3215 4653 3409 4719 modo,

135 4760 300 4822 CaSsil
327 4782 373 4825 et
402 4768 535 4842 Nigri
560 4780 616 4827 et
646 4770 869 4829 Albini?
901 4772 1041 4827 (inde
1063 4774 1149 4843 qui
1190 4774 1327 4829 inter
1363 4772 1498 4828 duas
1530 4773 1711 4829 lauros

135 4857 374 4918 Obsidcnt
411 4856 718 4920 Caesarem?
765 4865 906 4921 unde
951 4867 1038 4937 qui
1091 4864 1328 4921 faucibus
1369 4868 1486 4937 ejus
1533 4868 1712 4937 expri-

133 4955 341 5009 mendis
366 4954 712 5025 palaestricam
746 4959 1032 5013 exercent?
1062 4958 1198 5013 unde
1223 4960 1308 5028 qui
1335 4958 1524 5013 armati
1563 4960 1711 5030 pala-

133 5040 267 5100 lium
290 5047 610 5121 irrumpunt,
639 5052 892 5105 omnibus
914 5049 1200 5121 Stephanis
1226 5058 1386 5120 atque
1409 5050 1713 5106 Partheniis

128 5138 469 5201 audaciores?
505 5145 578 5201 De
599 5145 857 5202 Romanis
882 5188 896 5210 ,
940 5142 1041 5199 nisi
1076 5132 1255 5209 fallor,
1281 5143 1333 5200 id
1359 5153 1470 5211 est,
1505 5140 1573 5200 de
1604 5160 1711 5200 non

129 5223 465 5323 βὶιιιῑειὶιιηίς.
506 5256 526 5292 ι
563 5234 639 5296 Ne
682 5236 823 5294 hunc
869 5237 1083 5309 quidem
1139 5234 1313 5291 locum
1377 5251 1444 5291 ex
1489 5235 1714 5292 historia

131 5319 399 5387 illustrare
425 5330 706 5404 gravabor.
743 5320 963 5388 Avidius
992 5326 1208 5388 Cassius
1226 5373 1240 5396 ,
1271 5328 1441 5404 Syr-ire
1472 5331 1676 5399 legatus
1697 5373 1712 5398 ,

122 5416 384 5479 advemtts
438 5422 508 5482 Μ.
563 5416 859 5481 Antonium
924 5418 1299 5494 imperatorem
1371 5430 1713 5489 surrexerat,

126 5514 266 5569 Qum
309 5522 615 5586 prtetexeret
652 5526 711 5571 se
765 5524 875 5577 rem
924 5510 1186 5584 publicam
1227 5514 1512 5570 restituere
1558 5521 1717 5582 atque

134 5610 447 5667 (:ttns‘ervare
479 5602 647 5674 velle,
682 5619 843 5676 quam
875 5606 1030 5661 Marci
1073 5604 1334 5664 dissoluta
1390 5605 1715 5677 indulgentia

134 5696 516 5759 Dessuntdaret.
545 5698 836 5758 Christiani
860 5708 1061 5765 tamen,
1093 5698 1181 5769 qtti
1214 5700 1266 5754 in
1292 5690 1449 5754 Marci
1480 5713 1625 5754 exer.
1646 5698 1719 5749 itu

146 5786 390 5850 =stltersns
448 5792 856 5850 Marcomannes
925 5800 1032 5845 tam
1106 5788 1416 5861 frequentes
1474 5787 1719 5857 fuerunt,

132 5876 394 5946 ‘lassiantc
443 5888 695 5948 factionis
739 5884 871 5946 ttulli
920 5885 1157 5943 fuerunt.
1206 5880 1593 5954 Commodum,
1628 5883 1721 5940 im-

1816 4749 1910 4807 sed
1938 4758 1993 4805 et
2020 4746 2319 4817 principum
2347 4751 2401 4797 et
2424 4740 2639 4795 humani
2668 4740 2880 4812 generis
2908 4738 3110 4795 hostes.
3141 4738 3409 4795 Caeterum

1816 4851 1925 4898 tam
1955 4840 2149 4911 injusta
2172 4848 2225 4893 et
2245 4845 2429 4906 aperta
2451 4833 2543 4888 fuit
2563 4832 2678 4887 haec
2701 4832 2914 4902 injuria,
2944 4840 3000 4886 ut
3026 4831 3171 4901 ipsos
3194 4832 3408 4889 tandem

1818 4937 2001 4991 hostes
2030 4931 2459 4987 Christianorum
2489 4923 2735 4997 puduerit
2765 4934 2870 4978 tam
2903 4931 2956 4978 et
2986 4924 3192 4994 ingrate
3216 4939 3407 4996 agere,

1815 5035 1872 5084 et
1903 5025 2050 5097 loqui
2077 5021 2431 5092 impudenter.

1891 5120 2033 5191 Ergo
2059 5117 2334 5181 Czecilius,
2367 5110 2707 5185 quantumvis
2746 5115 2892 5163 esset
2929 5106 3243 5177 impudens,
3281 5121 3409 5163 eru-

1815 5211 1931 5268 buit
1989 5210 2055 5265 iis
2126 5205 2339 5278 aliquod
2432 5200 2810 5276 perduellionis
2873 5200 3077 5255 crimen
3132 5200 3408 5270 attingere.

1818 5302 2041 5378 Quidvis
2059 5304 2204 5360 aliud
2227 5301 2484 5372 objicere,
2522 5309 2780 5367 carpere,
2813 5293 3064 5363 mentiri,
3093 5293 3412 5348 calumniari

1894 5531 1975 5604 (ι)
2013 5525 2390 5604 Tertulli-anui.
2417 5519 2642 5604 Αροιίνε·
2690 5528 3140 5604 cae-1,99%}
3173 5514 3413 5604 79!)!!!“

1825 5586 1933 5658 ηοξ
1959 5586 2204 5666 ’ρειυοιιιὶε
2228 5593 2422 5666 faculis
2453 5586 2668 5662 largit'er
2703 5586 2932 5666 ultiones
2964 5592 3145 5666 posset
3164 5586 3374 5666 operari
3397 5627 3411 5647 ,

1825 5657 1869 5729 si
1904 5657 2095 5726 malum
2134 5663 2273 5719 malo
2296 5657 2556 5732 dispungi
2572 5674 2732 5732 penes
2762 5675 2859 5732 nos
2890 5657 3095 5732 liceret.
3134 5675 3152 5709 ι
3186 5657 3409 5732 Mentem

1826 5727 2119 5799 lialtittinus
2150 5735 2347 5802 magis,
2381 5727 2538 5802 quam
2575 5727 2746 5802 verba
2765 5728 3077 5802 Tertulliani
3106 5727 3368 5802 capressit
3399 5743 3411 5778 :

1827 5797 1883 5869 at
1910 5818 1957 5865 in
1989 5824 2109 5877 mox
2135 5797 2486 5877 sequentibus
2512 5806 2623 5877 ipsa
2641 5800 2802 5857 verba
2832 5814 2898 5855 ex
2923 5797 3111 5853 eodem
3141 5799 3262 5854 loco
3281 5799 3420 5868 Apo-

1829 5880 2063 5957 logetici.
2092 5876 2113 5951 (
2133 5874 2433 5945 Ltanaatt.)
