3784 6272
394 348 503 407 215

1505 346 1593 404 DE
1634 344 1895 403 MlNUCll
1931 340 2201 399 FELlClS
2239 344 2549 404 OCTAVIO

3563 359 3653 416 216

399 467 606 523 maluit.
635 465 740 524 Sed
769 480 943 536 neque
961 463 1284 519 Christianis
1320 483 1338 516 ι
1369 463 1626 521 adscribit
1651 478 1868 519 causam
1896 477 1988 529 pu-
2016 459 2069 520 A
2096 459 2322 533 verbis)
2366 461 2656 531 proculcat.
2707 459 2814 518 Sed
2858 462 3223 521 Thrasonicos
3292 461 3407 523 eius
3469 471 3652 540 Spiritus

399 559 659 616 blicarum
676 559 1032 613 calamitatum
1052 557 1248 626 :squod
1266 566 1444 613 tamen
1460 573 1524 613 eo
1543 568 1784 625 tempore
1798 555 1885 609 alii
1907 553 1995 608 ad-

399 651 625 706 versarii
656 649 840 704 odiose
875 646 1053 702 faccre
1080 648 1346 720 imprimis
1373 649 1643 704 solebant.
1664 646 1997 702 TriStissima

402 757 537 799 sane
557 750 712 796 aetate
733 740 945 797 Minucii
969 751 1082 795 erat
1114 742 1276 797 facies
1299 741 1527 796 Romani
1559 740 1794 810 imperii,
1825 739 1998 795 horri-

400 833 629 903 bilisque
652 831 963 888 dilaceratio
985 843 1144 904 atque
1167 833 1432 889 confusio.
1467 833 1606 903 Quid
1635 833 1807 888 dicam
1830 845 2000 904 genus

401 939 562 979 omne
589 925 852 980 malorum
902 935 1029 980 tunc
1076 926 1408 982 inundassc?
1436 927 1730 999 orbemque
1775 935 1828 982 et
1868 940 1999 982 con-

400 1030 619 1071 cussum
648 1026 702 1071 et
747 1018 1068 1088 permixtum
1120 1018 1307 1086 hellis,
1366 1019 1663 1086 incendiis,
1702 1018 2003 1074 inundatio-

403 1110 596 1176 nibus,
627 1119 784 1165 terra:
809 1120 977 1175 mutu,
1008 1111 1279 1165 civitatum
1311 1112 1503 1178 ruinis,
1533 1112 1770 1183 gentium
1803 1125 1998 1181 regno-

404 1216 633 1272 rumque
657 1200 902 1269 excidiis,
932 1201 1165 1271 denique
1186 1200 1492 1258 confectum
1523 1212 1578 1258 et
1608 1203 1747 1258 fame
1774 1211 1830 1258 et
1852 1209 2004 1273 peste

412 1291 663 1359 publica?
713 1289 829 1345 Non
874 1292 1161 1346 committit
1199 1301 1377 1347 tamen
1400 1292 1684 1357 Caecilius,
1739 1291 2005 1365 ut(quod

405 1383 597 1452 vulgus
621 1393 745 1437 tunc
766 1382 1106 1450 clamitabat,
1128 1391 1182 1437 et
1199 1392 1324 1438 ante
1343 1392 1566 1454 postque
1594 1385 1774 1439 multis
1796 1385 2006 1439 smeulis

405 1472 664 1543 iactatum
696 1470 816 1545 est)
849 1473 1292 1542 calumniaretur,
1326 1474 1647 1530 Christianis
1675 1484 1843 1530 totum
1879 1474 2006 1530 illud

407 1564 576 1618 chaos
626 1576 902 1633 acceptum
953 1563 1079 1619 ferri
1133 1564 1359 1631 debere,
1413 1581 1706 1636 eorumque
1750 1566 2009 1637 sanguine

408 1670 532 1712 esse
559 1658 901 1727 expiandum.
941 1659 1081 1716 Ante
1114 1660 1324 1717 Minucii
1354 1671 1566 1718 aetatem
1614 1662 2005 1725 Tertullianus,

412 1770 432 1805 ι
469 1752 565 1820 Si,
596 1754 799 1824 inquit.
834 1755 909 1827 (i)
932 1755 1140 1812 Tiberis
1189 1758 1428 1813 ascendit
1456 1758 1511 1812 in
1543 1773 1693 1821 arua,
1737 1759 1781 1812 si
1813 1757 2009 1813 omium

2099 550 2274 605 altiori
2305 556 2484 606 animo
2514 553 2740 624 despicit
2764 555 3036 618 Octavius.
3058 556 3229 628 iisque
3249 571 3480 616 sanctam
3499 580 3649 635 quam-

2100 641 2221 698 dam
2255 645 2561 715 superbiam
2583 646 2832 717 opponit,
2861 662 2963 720 qua
2990 658 3043 704 et
3065 649 3116 704 in
3147 661 3456 722 paupertate
3472 653 3652 728 divites,

2102 745 2155 791 et
2184 735 2235 790 in
2282 737 2538 791 servitute
2587 737 2772 806 liberi,
2828 748 2881 794 et
2933 739 2985 795 in
3032 740 3209 796 media
3254 744 3481 815 denique
3516 759 3655 807 morte

2103 831 2334 886 victores
2381 840 2579 887 essent
2613 834 2802 887 nostri.
2846 833 2976 889 Utut
3018 844 3198 891 autem
3243 834 3489 893 Ca-eilius
3533 841 3656 901 initio

2104 921 2460 993 despumaus,
2505 933 2558 979 et
2589 925 3008 996 intemperanter
3031 926 3271 982 convicia
3305 927 3645 1001 profunderet,

2104 1023 2158 1069 et
2186 1015 2359 1069 minas
2383 1014 2628 1080 efﬂaret,
2655 1025 2708 1071 et
2734 1018 2998 1087 ampullas
3048 1018 3336 1076 horribiles
3378 1024 3659 1093 projiceret,

2105 1106 2340 1177 denique
2365 1106 2583 1163 Christo
2616 1108 2898 1166 iusultarct
2934 1130 2949 1165 :
2983 1121 3162 1169 tamen
3191 1115 3335 1168 veris
3362 1115 3522 1170 victus
3538 1119 3662 1186 paulo

2108 1211 2228 1269 post
2252 1200 2435 1255 cedit:
2473 1217 2644 1272 neque
2675 1204 2859 1258 arbitri
2884 1204 3185 1277 judicisque
3212 1206 3430 1263 Minucii
3481 1222 3664 1268 sentcn-

2110 1295 2236 1349 tiam
2284 1304 2601 1366 chpectat,
2654 1297 2749 1354 sed
2783 1300 2922 1354 ultro
2949 1300 3022 1354 illi
3065 1304 3321 1357 occurrit.
3364 1302 3667 1362 Admirabilis

2107 1387 2349 1460 profecto
2378 1392 2679 1457 conversio,
2716 1394 3013 1461 praesertim
3041 1402 3149 1450 tam
3179 1396 3482 1466 repentina.
3509 1399 3597 1454 Sed
3617 1415 3667 1454 ea

2110 1480 2374 1546 ostendit,
2418 1482 2688 1538 sanabiles
2729 1484 2928 1540 multos
2965 1485 3150 1541 Romae
3191 1487 3398 1555 fuisse,
3437 1490 3522 1561 qui
3556 1491 3670 1547 vide-

2112 1571 2308 1627 bantur
2357 1574 2555 1645 alioqui
2600 1576 2827 1646 depositi
2881 1588 2935 1634 et
2979 1579 3241 1650 deplorati
3277 1583 3528 1638 :vcritati
3572 1600 3671 1641 vero

2113 1678 2351 1745 errorem
2381 1664 2535 1722 facile
2563 1668 2778 1723 cedere.
2815 1670 2957 1740 Ergo
2983 1672 3229 1727 Cmcilius
3273 1675 3505 1746 quadam
3543 1677 3673 1733 veluti

2115 1758 2168 1813 in
2193 1760 2316 1830 jure
2360 1763 2605 1817 cessione.
2646 1762 2867 1818 Octavio
2917 1765 3202 1821 vindicanti
3246 1767 3428 1824 addici
3473 1779 3668 1840 poterat.

406 1845 590 1910 stetit,
638 1845 686 1899 si
714 1856 852 1901 terra
906 1848 1104 1913 movit,
1152 1849 1195 1902 si
1247 1847 1415 1904 fames
1439 1891 1454 1912 ,
1504 1849 1549 1903 si
1592 1850 1743 1915 lues,
1799 1850 1999 1914 statim,
2034 1845 2083 1906 B
2111 1854 2268 1910 Certe
2298 1855 2438 1909 vinci
2467 1855 2698 1928 dedique
2727 1873 2831 1912 non
2864 1868 3112 1926 recusat,
3146 1872 3199 1917 et
3242 1860 3549 1919 Octavianos
3578 1881 3675 1921 ora-

408 1933 727 1991 Cltristianos
772 1937 840 1991 ad
881 1937 1135 2004 Leonem,
1194 1959 1213 1992 ι
1274 1941 1620 1995 acclamatur.
1678 1940 1795 1995 Non
1830 1942 2007 1997 minus

409 2026 599 2082 odiosa
650 2038 705 2083 et
753 2029 1002 2086 immanis
1064 2039 1184 2086 erat
1250 2032 1564 2089 acclamatio
1620 2042 1861 2104 tempore
1900 2034 2007 2105 Cy-

408 2121 618 2191 priani,
648 2131 703 2175 ut
744 2137 808 2177 ex
854 2123 1012 2193 hujus
1055 2123 1121 2178 ad
1166 2125 1568 2180 Demetrianum
1605 2126 1845 2195 Epistola
1879 2125 2009 2181 satis

408 2223 653 2283 apparet.
689 2213 891 2269 Eadem
935 2224 991 2268 et
1036 2225 1278 2287 tempore
1321 2216 1566 2272 Arnobii.
1596 2217 1728 2272 Nam
1758 2225 1813 2272 et
1844 2217 1928 2271 hic
1955 2216 2007 2271 in

411 2305 524 2363 suis
567 2304 826 2362 adversus
865 2306 1062 2363 Gentes
1100 2307 1252 2364 libris
1282 2308 1513 2378 laborat,
1568 2318 1624 2364 ut
1669 2309 1770 2365 hac
1818 2309 2011 2378 puhlici

408 2397 516 2454 odii
558 2408 612 2454 et
657 2399 869 2454 invidia:
918 2400 1134 2456 ﬂamma
1186 2410 1400 2457 nostros
1449 2402 1662 2459 liberet.
1710 2402 1846 2471 Quid
1899 2404 2012 2475 ipse

407 2499 595 2563 postea
620 2490 1014 2565 Symmachus?
1045 2510 1222 2549 nonne
1249 2494 1409 2551 audet
1435 2496 1597 2551 talem
1620 2511 1805 2552 rursus
1840 2497 2012 2551 canti-

410 2583 588 2640 lenam
614 2587 850 2641 cauere?
880 2585 1037 2641 Certe
1066 2585 1257 2658 dignus
1273 2595 1419 2653 erat,
1452 2588 1541 2658 qui
1584 2586 1830 2654 audiret,
1869 2587 2012 2658 quod

411 2676 701 2748 aliquando
729 2678 912 2733 [luntre
940 2688 1057 2747 post
1083 2688 1311 2734 mortem
1341 2678 1623 2733 Commodi
1656 2679 2013 2735 acclamatum

415 2778 530 2834 est,
576 2768 659 2842 (2)
703 2767 971 2825 Delatores
1017 2770 1086 2825 ad
1133 2770 1370 2826 Leonem.
1416 2769 1521 2827 Sed
1570 2772 1736 2826 nostri
1783 2771 1851 2825 ab
1890 2786 2015 2826 san-

406 2862 577 2932 guine
633 2871 688 2916 et
734 2862 953 2919 ultionis
1001 2862 1297 2933 cupiditate
1339 2872 1494 2918 erant
1529 2863 1715 2918 alieni.
1778 2861 2012 2919 Ambro-

410 2955 525 3011 sius
557 2972 659 3009 non
691 2970 880 3023 passus
909 2964 992 3011 est
1018 2971 1139 3010 cum
1169 2955 1222 3009 in
1254 2957 1480 3011 crimine
1509 2966 1614 3009 tam
1656 2954 1790 3009 falso
1814 2954 2014 3009 diutius

2111 1945 2271 2001 tionis
2318 1947 2548 2016 quodam
2598 1949 2749 2019 quasi
2797 1950 3016 2007 fulmine
3068 1954 3385 2023 perculsus,
3446 1964 3676 2027 tamquam

2109 2038 2246 2094 alter
2275 2041 2489 2110 quidatn
2522 2042 2752 2109 Paulus,
2786 2045 2966 2100 subito
2992 2046 3305 2118 religionem
3330 2091 3346 2111 ,
3382 2066 3535 2121 quam
3562 2051 3679 2122 igno-

2110 2146 2237 2186 rans
2266 2146 2698 2205 oppugnaverat,
2739 2137 3046 2195 admonitus
3080 2142 3482 2211 complectitur.

2186 2223 2388 2279 Vellem
2421 2235 2597 2281 autem
2619 2270 2635 2294 ,
2668 2227 2928 2285 Minucius
2953 2231 3109 2286 nobis
3133 2248 3349 2304 quoque
3379 2238 3686 2305 exposuisset

2113 2324 2277 2369 totam
2311 2315 2533 2386 hujusce
2560 2332 2809 2386 parante;
2842 2321 3151 2379 historiam:
3192 2334 3249 2380 ut
3287 2336 3376 2393 et,
3419 2343 3520 2400 qua
3559 2328 3682 2398 lege,

2111 2422 2217 2478 qua
2248 2408 2586 2475 conditione,
2619 2414 2814 2482 quibus
2852 2416 3229 2484 sponsoribus,
3277 2435 3388 2489 quo
3434 2421 3581 2486 ritu,
3604 2435 3686 2490 qua

2114 2503 2456 2568 caerimonia,
2489 2505 2735 2562 Caecilius
2775 2507 3000 2563 Romam
3046 2500 3330 2579 reversus,
3375 2513 3429 2569 in
3463 2513 3686 2569 ECCleliIT

2114 2594 2397 2666 collegium
2429 2607 2483 2652 et
2512 2602 2944 2655 communionem
2985 2612 3263 2672 cooptatus
3298 2606 3490 2668 tuerit,
3525 2604 3691 2659 intelli.

2113 2703 2385 2757 geremus.
2419 2690 2551 2745 Nam
2584 2702 2638 2747 et
2666 2693 2868 2765 antiqui
2902 2694 3045 2750 illius
3074 2698 3239 2752 moris
3267 2699 3528 2754 memoria
3558 2713 3689 2768 cxpe-

2117 2780 2275 2836 tenda
2304 2790 2406 2837 est.
2442 2782 2548 2837 Sed
2579 2784 2721 2854 quod
2753 2785 3111 2859 Hieronymus
3140 2789 3205 2843 ad
3236 2789 3510 2846 Chronica
3551 2790 3694 2846 Eusc-

2116 2873 2218 2939 bii,
2263 2884 2318 2928 et
2366 2877 2695 2943 Augustinus
2748 2879 2841 2933 lib.
2884 2895 3001 2935 vm.
3056 2880 3397 2938 Confession.
3445 2884 3601 2957 (cap.
3639 2881 3695 2953 2)

2117 2973 2298 3017 narrat
2325 2964 2391 3019 de
2420 2964 2629 3019 duobus
2659 2967 2778 3023 aliis
2806 2969 3047 3038 ejusdem
3077 2980 3130 3025 et
3157 2974 3486 3030 conditionis
3505 3017 3523 3043 ,
3554 2984 3607 3030 et
3632 2990 3698 3027 or-

413 3046 704 3101 cxsultare.
738 3045 843 3100 Sed
884 3061 1005 3101 cum
1050 3062 1154 3101 non
1211 3047 1379 3100 multo
1412 3055 1529 3115 post
1559 3045 1686 3099 urbs
1717 3046 1830 3112 ipsa
1857 3053 2012 3112 capta
2061 3069 2086 3076 -
2115 3052 2286 3119 dinis,
2317 3067 2364 3108 et
2399 3059 2602 3125 gentis,
2630 3065 2682 3111 et
2715 3057 2908 3129 ingenii
2944 3060 3104 3126 viris,
3140 3064 3377 3117 Arnohio
3407 3076 3465 3120 et
3495 3066 3697 3121 Victori-

412 3146 573 3207 atque
615 3136 823 3206 direpta
854 3137 1078 3206 fuisset,
1126 3151 1229 3192 non
1269 3138 1591 3192 erubuerunt
1626 3137 1771 3206 impii
1801 3136 2010 3191 calum-

2116 3162 2216 3201 no:
2249 3148 2546 3218 cogitemus
2578 3149 2772 3204 factum
2800 3167 3014 3223 quoque
3039 3168 3160 3210 esse
3186 3155 3253 3209 de
3280 3152 3526 3212 Caecilio.
3554 3158 3696 3212 [nimo

415 3228 655 3283 uiatores
685 3228 844 3284 talem
877 3238 1147 3298 postremo
1176 3226 1382 3283 cladem
1417 3226 1660 3297 religioni
1690 3226 2009 3282 Christiana:
2034 3223 2082 3288 C
2116 3255 2243 3295 vero
2274 3240 2360 3295 hic
2387 3238 2632 3298 Cmcilius
2681 3242 2878 3300 falelur
2925 3260 3074 3313 sese,
3120 3257 3470 3321 posteaquam
3517 3252 3699 3308 intelle-

417 3319 768 3375 adscribere:
798 3331 1122 3390 coactusque
1167 3329 1246 3374 est
1293 3334 1481 3374 rursus
1529 3320 1857 3390 Augustinus
1902 3329 2010 3377 tam

415 3419 567 3467 teme
598 3412 984 3465 maledicentia:
1017 3426 1317 3467 occurrere.
1354 3410 1487 3466 Nam
1540 3420 1593 3468 et
1640 3421 1919 3484 prepterea
1952 3430 2013 3471 se

413 3515 543 3557 suos
587 3500 650 3554 de
693 3498 906 3557 Civitate
936 3500 1034 3558 Dei
1078 3502 1245 3558 libros
1297 3503 1582 3574 scripsisse
1625 3504 1839 3561 fatetur.
1889 3507 2017 3578 Agit

415 3609 546 3665 ergo
575 3593 750 3648 minus
780 3594 1042 3651 malitiose
1073 3596 1346 3664 Creeilius,
1381 3598 1471 3668 qui
1502 3598 1730 3652 aliorum
1762 3600 2012 3670 exemplo

416 3687 575 3740 talem
599 3685 770 3742 facem
795 3687 847 3741 in
878 3696 1093 3743 nostros
1122 3704 1226 3742 non
1256 3698 1596 3759 contorquet,
1630 3705 1803 3757 neque
1826 3706 2012 3747 eorum

414 3779 774 3836 innocentiam
810 3787 915 3834 tam
947 3779 1160 3852 indigne
1187 3791 1391 3837 onerat.
1428 3781 1598 3836 linmo
1626 3795 1755 3836 vero
1801 3782 1895 3851 iis,
1957 3792 2015 3838 ut

417 3873 663 3935 miseris,
709 3881 766 3926 ιιι
804 3872 956 3928 victis
977 3913 992 3941 ,
1023 3882 1081 3927 ut
1108 3874 1314 3941 servis,
1356 3875 1468 3943 ipse
1500 3883 1765 3942 tamquam
1806 3876 2013 3945 magnis

413 3969 655 4023 victoriis
680 3967 884 4034 elatus,
915 3976 968 4023 ct
993 3983 1201 4022 summa
1251 3968 1505 4024 felicitate
1548 3967 1881 4031 cumulatus,
1916 3984 2011 4022 Stt-

413 4060 581 4131 perbe
603 4058 825 4114 insultat
852 4077 865 4112 :
893 4071 944 4115 et
967 4059 1071 4115 hoc
1099 4059 1315 4114 nomine
1337 4070 1443 4115 tam
1462 4059 1677 4114 illorum
1698 4059 2012 4131 religionem

412 4136 691 4207 fastidiose
720 4153 1002 4223 deprimit,
1032 4168 1190 4223 quam
1231 4166 1381 4207 suam
1409 4153 1641 4224 gloriose
1680 4154 1873 4209 attollit
1917 4169 2013 4209 su-

414 4243 807 4316 perstitionem.
855 4243 945 4300 Sic
993 4244 1136 4299 enim
1182 4243 1390 4315 profani
1423 4243 1667 4300 homines
1697 4260 1768 4300 ex
1801 4244 2012 4300 fortuna

413 4345 471 4411 et
526 4351 708 4393 rerum
762 4352 1017 4393 successu
1073 4337 1328 4409 pendent.
1378 4338 1468 4393 Sic
1522 4339 1636 4409 ipse
1678 4337 1869 4394 Cicero
1919 4355 2011 4411 pro

412 4426 606 4482 Flacco
646 4429 1035 4484 contumeliose
1078 4430 1310 4499 exagitat
1346 4427 1654 4484 Judteorum
1694 4438 1749 4485 et
1795 4441 2009 4499 gentem

410 4530 465 4577 et
480 4536 654 4578 sacra.
679 4521 781 4578 Sed
803 4531 856 4577 et
870 4521 1135 4591 Apionem
1159 4521 1359 4576 Judteis
1386 4522 1699 4577 servitutem
1727 4532 1782 4578 et
1808 4539 2008 4579 torum-

2116 3333 2195 3386 xit
2238 3332 2364 3403 quid
2411 3350 2515 3388 non
2547 3335 2616 3389 sit
2645 3350 2767 3391 vera
2801 3337 3023 3408 religio,
3055 3338 3364 3394 desiderare
3410 3342 3698 3415 intelligen-

2120 3424 2279 3491 tiam,
2331 3425 2725 3495 cognitionem,
2779 3427 3165 3484 institutionem
3220 3432 3499 3501 religionis
3549 3449 3696 3496 Vt'rat;

2117 3532 2235 3574 eam
2269 3532 2396 3572 vero
2424 3519 2730 3575 cateehesin
2763 3521 2812 3575 in
2845 3521 2985 3576 diem
3026 3532 3338 3589 sequentem
3377 3524 3546 3582 fuisse
3584 3527 3697 3596 reje-

2117 3620 2259 3666 ctam
2298 3609 2562 3665 Minucius
2600 3612 2805 3667 scribit.
2845 3612 2951 3668 Sed
2987 3624 3137 3669 tanto
3164 3615 3332 3686 magis
3358 3615 3549 3684 doleo,
3578 3620 3696 3674 alte-

2118 3718 2232 3757 ram
2280 3703 2417 3759 hauc
2456 3704 2728 3769 scholam,
2770 3723 2888 3775 qua:
2928 3706 3213 3763 Minnciani
3259 3708 3379 3766 libri
3425 3713 3617 3783 optima
3653 3721 3697 3766 et

2117 3794 2349 3849 maxima
2382 3810 2505 3865 pars
2535 3795 2748 3862 fuisset,
2806 3813 2910 3853 non
2947 3799 3145 3855 editam
3180 3814 3333 3857 esse:
3374 3803 3562 3859 saltem
3600 3819 3693 3858 non

2116 3898 2350 3944 exstare.
2381 3889 2514 3943 Nam
2545 3905 2720 3958 neque
2749 3893 2879 3947 satis
2909 3903 2993 3946 est
3022 3894 3212 3949 falsum
3243 3894 3503 3963 refellere,
3522 3912 3693 3952 verum

2118 3981 2277 4035 etiam
2304 3978 2503 4037 docere
2529 3992 2772 4051 oportet:
2802 3993 2960 4049 utet,
2993 3986 3123 4056 quid
3150 4002 3254 4041 non
3281 3989 3383 4055 sit,
3408 3987 3603 4059 etquid
3628 3989 3696 4042 sit
3754 3968 3755 4017 Ὗ

2120 4072 2263 4130 Deus
2291 4084 2380 4128 aut
2410 4074 2600 4146 religio
2621 4117 2634 4141 ,
2668 4088 2989 4145 esponatur.
3031 4078 3138 4134 Sed
3180 4080 3317 4136 bene
3347 4080 3539 4136 habet:
3567 4077 3693 4149 quod
3754 4106 3755 4115 ι

2119 4163 2206 4219 hic
2257 4163 2663 4232 desideramus,
2721 4168 2924 4223 sarcire
2990 4177 3168 4239 potest
3223 4170 3510 4242 Augustini
3575 4170 3693 4225 libct‘

2118 4257 2181 4311 de
2206 4257 2590 4314 (.‘atecltizundis
2634 4261 2863 4325 rudibus,
2906 4254 2998 4332 qui
3045 4273 3097 4317 ct
3139 4263 3283 4334 leges
3329 4273 3385 4319 et
3432 4263 3689 4320 formulam

2117 4352 2314 4407 veteris
2355 4352 2703 4408 catecheseos
2743 4354 3018 4425 eleganter
3041 4354 3326 4411 describit:
3357 4368 3415 4413 et
3446 4356 3689 4429 quomoda

2116 4445 2182 4499 sit
2215 4446 2481 4516 agendum
2510 4462 2630 4502 cum
2663 4448 2835 4502 dnctis
2879 4461 2931 4504 et
2974 4449 3249 4512 litteratis,
3291 4449 3457 4508 etiam
3500 4460 3685 4507 monet:

2117 4552 2292 4607 neque
2344 4539 2657 4594 dissimilem
2711 4538 2923 4596 Minucii
2975 4551 3135 4598 aetate
3185 4542 3349 4598 credo
3407 4542 3686 4602 catechesin

410 4629 544 4679 nas,
603 4624 869 4682 tamquam
917 4613 1065 4668 falsae
1121 4612 1393 4683 religionis
1445 4615 1782 4682 testimonia,
1836 4618 1956 4671 conl

2116 4628 2311 4695 fuisse,
2344 4642 2397 4685 et
2427 4631 2507 4685 his
2537 4646 2749 4703 quoque
2780 4633 3113 4703 temporibus
3152 4649 3257 4690 non
3297 4635 3568 4694 observari
3607 4633 3685 4691 tui-

411 4708 601 4764 denter
648 4706 947 4775 objecisse,
1001 4721 1069 4761 ex
1116 4706 1352 4776 Joscpho
1403 4706 1767 4778 intelligimus.
1820 4711 2008 4767 Mirum

413 4815 572 4864 vero,
616 4806 735 4870 post
777 4807 1015 4868 tempora
1060 4811 1272 4868 quoque
1324 4796 1692 4867 Constantini,
1742 4800 2010 4859 lulianum

412 4895 788 4963 imperatorem
818 4899 1032 4946 nostros
1059 4890 1244 4944 eadem
1264 4891 1470 4946 ratione
1497 4892 1820 4962 impetiisse,
1854 4894 2011 4949 sicuti

415 5001 483 5042 ex
533 4985 719 5058 Cyrilli
764 4982 1207 5053 responsionibus
1249 4986 1647 5055 cognoscimus.
1698 4984 1910 5052 Quanto
1956 4985 2008 5041 id

414 5077 584 5148 magis
616 5073 1080 5147 potuitCatcilius,
1104 5075 1193 5145 qui
1221 5074 1585 5143 Christianos,
1627 5078 1727 5132 nisi
1756 5075 2005 5145 afﬂictos,

413 5172 677 5232 miseros,
717 5181 1017 5237 pauperes,
1065 5167 1243 5223 nullos
1292 5168 1534 5224 viderat?
1586 5170 1765 5242 itaque
1815 5184 2009 5238 magno

412 5259 702 5332 supercilio
745 5268 800 5313 et
849 5256 988 5314 fastu
1030 5268 1084 5313 et
1125 5269 1433 5330 contemptu
1461 5261 1512 5314 in
1540 5274 1636 5315 eos
1665 5260 1912 5329 despuit,
1955 5269 2009 5315 et

412 5364 684 5425 tamquam
713 5356 1003 5425 καθάρματα
1051 5358 1132 5408 καὶ
1182 5364 1493 5425 «epidemus-at
1541 5349 1715 5422 (utor
1764 5352 2005 5422 Apostoli

481 5486 563 5559 (t)
589 5486 1140 5571 llesuntquzedamgs.
1157 5485 1720 5571 Tertulliani‘épnlpg.
1753 5501 1872 5569 cap.
1906 5488 2000 5571 40.

530 5556 839 5631 Supplenda
874 5577 886 5612 :
1037 5556 1253 5640 .Tiberis
1309 5556 1533 5642 ascendit
1579 5556 1648 5611 ad
1680 5556 1905 5642 inmitia,
1954 5561 2000 5642 si

405 5627 563 5715 Nilus
604 5627 981 5683 non'ascendit
1030 5629 1084 5682 in
1121 5641 1276 5695 arva,
1305 5628 1351 5682 si
1406 5629 1586 5715 caluo}
1613 5631 1789 5694 stetit,
1838 5640 1898 5715 et
1922 5631 2001 5687 sic

406 5700 633 5768 reliqua.
667 5712 670 5715 λ
1516 5699 1856 5772 (hermam)

438 5770 553 5851 κβ)
586 5768 932 5851 [ιιιιηρι-ἰιιίυε
957 5768 1082 5851 yita
1131 5769 1412 5851 Commodi
1458 5771 1704 5851 cap.'18.
1758 5782 1813 5827 et
1860 5771 1999 5851 hanc

399 5850 451 5898 et
476 5838 683 5899 Similes
710 5838 1128 5898 acclamationes
1157 5839 1411 5911 prodidit.
1524 5838 1540 5843 ’
1594 5840 1913 5914 ([ιιιιωιιςιι.)

2115 4737 2224 4777 ror.
2272 4722 2431 4778 Juvat
2471 4734 2679 4791 autem,
2730 4732 2785 4779 ut
2830 4724 3102 4781 Caecilium
3149 4727 3453 4785 audivimus
3497 4742 3685 4786 accusa-

2117 4823 2286 4870 torem
2332 4825 2387 4871 et
2428 4816 2826 4884 adversarium,
2878 4834 3017 4875 nunc
3063 4821 3226 4876 rebus
3264 4824 3543 4880 conversis
3583 4835 3684 4890 spe-

2114 4914 2261 4960 ctare
2287 4905 2750 4963 catechumcnum.
2774 4909 3157 4966 Catechumeni
3187 4925 3311 4969 tunc
3337 4917 3500 4971 etiam
3530 4910 3685 4984 appel-

2114 4997 2361 5056 labantur
2411 5018 2430 5050 ι
2462 4999 2766 5066 auditores.
2804 5020 2823 5055 ι
2855 5002 2939 5058 vel
2972 5021 2991 5055 ι
3024 5004 3336 5074 audientes,
3368 5026 3387 5061 ι
3433 5007 3587 5064 sicuti
3631 5020 3683 5061 ex

2114 5089 2299 5145 multis
2341 5090 2657 5149 Tertulliani
2701 5095 2833 5151 locis
2869 5106 3119 5167 apparet:
3164 5111 3425 5170 erantque
3449 5098 3683 5173 imprimis

2112 5184 2346 5250 dociles,
2381 5188 2706 5260 minimeque
2736 5190 3062 5247 refractarii:
3100 5193 3243 5263 quod
3268 5204 3323 5251 et
3360 5196 3475 5267 ipse
3514 5195 3681 5251 Lucin-

2114 5297 2214 5336 nus
2258 5280 2311 5337 in
2361 5280 2626 5353 Philopat.
2669 5283 2890 5342 indicat.
2932 5284 3294 5344 Contentiosze
3323 5289 3501 5362 itaque
3525 5288 3682 5359 dispu-

2113 5376 2344 5431 tationes
2386 5376 2547 5432 nulla:
2590 5392 2709 5433 cum
2752 5378 2817 5433 iis
2855 5388 3040 5434 erant:
3071 5380 3166 5436 sed
3196 5382 3420 5451 placidis
3451 5380 3679 5438 monitio-

2112 5467 2267 5523 nibus
2297 5468 2487 5539 religio
2515 5467 2830 5525 docebatur.
2859 5468 2991 5527 Post
3015 5471 3317 5528 catecbesin
3348 5474 3439 5547 qui
3464 5474 3572 5545 jam
3600 5483 3678 5527 sua

2104 5560 2319 5614 nomina
2349 5559 2606 5616 Ecclesia:
2635 5560 2916 5630 dederant,
2954 5573 3013 5618 ut
3039 5562 3314 5635 Baptismo
3343 5565 3675 5626 initiarentur,

2102 5656 2353 5728 appellati
2393 5666 2519 5713 sunt
2553 5676 2573 5712 ι
2602 5669 3000 5730 competentes:
3032 5680 3052 5715 ι
3085 5676 3381 5734 eorumque
3417 5672 3599 5717 rursus
3632 5654 3677 5709 itt

2102 5748 2292 5806 ordine
2319 5749 2589 5807 (la-cilium
2617 5752 2726 5821 jam
2757 5763 2998 5808 nostrum
3030 5755 3347 5826 conspicere
3367 5754 3539 5826 juvat.
3568 5751 3678 5806 Post

2103 5841 2432 5913 Baptismum
2476 5843 2792 5902 candidatus
2831 5844 3064 5917 denique
3105 5848 3371 5921 particeps
3411 5847 3571 5904 ﬂebat
3598 5855 3675 5898 τῶν
