3818 6278
144 347 236 402 2ιῖ
1238 309 1296 364 F.
1363 297 1685 361 BALDUINI
1759 292 2234 355 DlSSERTATlO.

3280 276 3386 338 218

141 459 461 532 μυστηρίων,ιι
499 443 686 514 quibus
727 447 884 494 antea
929 431 1114 504 procul
1157 421 1683 494 abcssejnbebatur.
1714 421 1760 481 Α
1792 415 2071 486 prudentia
2128 426 2316 482 magna
2365 416 2418 464 et
2466 404 2716 460 cautione
2769 400 3005 456 maxima
3067 408 3204 465 opus
3262 407 3382 449 esse

971 529 979 532 _
1161 523 1190 532 ..
1305 531 1311 532 ,
1553 523 1565 532 .
1607 526 1657 532 --
1797 510 1966 532 ιι..--.-
2006 528 2017 532 -
2062 517 2106 532 ..ι
2174 521 2290 532 .......
2354 503 2438 532 ιιι..
2511 513 2644 532 ηηινι
2711 505 2928 532 νηαςιιιιι·
2999 490 3170 532 fnrlnr
3238 501 3382 532 smne

148 523 311 622 b‘equc
337 560 451 602 sane
475 540 536 595 de
565 538 628 591 iis
647 577 663 600 ,
695 543 786 588 aut
816 529 1113 603 promiscue
1142 523 1414 592 disputare
1435 560 1448 582 ,
1481 523 1572 570 aut
1598 526 1688 569 co-

152 665 254 708 ram
296 639 502 716 profanis
540 629 845 687 lmminihns
889 625 1187 685 disserere,
1238 615 1469 686 majores
1517 607 1686 665 nostri

155 702 385 799 solebant.
419 728 573 786 TeSIis
608 733 692 778 est
730 716 1001 775 Theodor.
1034 711 1111 787 (t)
1143 711 1197 767 in
1229 709 1392 764 Eran.
1436 703 1568 760 Nam
1599 702 1688 757 illa

161 829 418 905 religiosius
443 835 587 892 atque
621 818 759 872 adeo
802 811 1037 868 timidius
1077 803 1350 862 tractanda
1396 815 1516 855 esse
1567 813 1688 852 sen-

161 893 361 982 tiebant:
387 927 428 976 et
452 925 690 987 quorsum
718 906 920 975 alioqui
948 917 1036 958 res
1060 898 1342 958 evaderet,
1374 893 1530 961 longe
1563 903 1687 960 pro-

163 1017 434 1090 spiciebant.
476 1007 645 1074 Itaque
699 1002 858 1063 licet,
907 1012 1028 1052 cum
1078 998 1456 1049 accusarentur
1502 999 1688 1041 eorum

159 1089 360 1176 mea“
395 1115 566 1171 magna
610 1110 772 1152 causa
815 1107 934 1147 esse
964 1089 1268 1152 videretur,
1297 1100 1392 1138 cur
1420 1092 1692 1149 exponere

151 1205 371 1258 deberent
414 1191 655 1265 quidquid
700 1192 755 1242 in
797 1188 864 1242 iis
889 1193 1166 1256 ageretur;
1199 1189 1372 1234 tamen
1403 1175 1469 1230 de
1497 1183 1693 1242 myste-

154 1297 229 1350 riis
251 1292 362 1348 nihil
385 1289 554 1343 dicunt
580 1285 629 1338 in
660 1281 780 1336 foro
797 1321 814 1346 ,
843 1295 1016 1350 neque
1041 1277 1108 1332 de
1137 1275 1202 1331 iis
1228 1288 1348 1328 cum
1373 1265 1694 1325 adversariis

157 1399 229 1446 aut
249 1382 541 1443 contendunt
565 1387 660 1432 aut
683 1376 921 1444 litigant.

216 1483 360 1549 Atque
395 1474 500 1528 huic
536 1469 752 1540 quidem
794 1467 1052 1522 hactenus
1094 1462 1327 1517 breviter
1365 1465 1698 1528 praemonere

163 1547 301 1627 visum
337 1565 446 1628 fuit,
485 1571 539 1616 ut
574 1561 639 1613 ad
680 1558 891 1614 Octavii
931 1555 1211 1611 Minuciani
1244 1552 1524 1607 lectionem
1557 1547 1695 1600 viam

175 1664 307 1720 veluti
329 1656 692 1730 przemunirem,
730 1668 854 1722 qua:
888 1663 942 1706 et
967 1650 1388 1706 Christianarum
1415 1641 1698 1710 antiquita-

180 1769 268 1814 tum
300 1752 559 1809 memoriam
607 1746 776 1800 nobis
802 1741 1175 1806 commendet,
1207 1750 1261 1794 et
1289 1737 1353 1791 ad
1386 1749 1503 1789 eam
1535 1745 1695 1787 reno-

179 1939 322 1994 studio
354 1932 716 2006 persequimur-
746 1928 926 1998 Atque
970 1926 1170 1980 utinam
1215 1921 1305 1994 qui
1353 1921 1537 1976 Romae
1577 1923 1701 1969 sunt

173 2033 288 2088 docti
313 2029 546 2088 homines.
586 2034 642 2079 et
684 2023 903 2078 nullum
934 2035 1040 2074 non
1070 2017 1232 2072 etiam
1263 2013 1494 2086 lapidem
1525 2007 1702 2064 revol-

170 2133 294 2185 vunt,
321 2121 590 2188 nullamque
618 2132 737 2170 non
769 2118 820 2168 iu
867 2112 998 2182 ipsis
1036 2108 1300 2180 lapidibus
1339 2106 1572 2160 litteram
1609 2099 1703 2154 ob-

167 2225 362 2276 servant,
399 2221 449 2265 ut
483 2211 724 2276 antiqua!
762 2206 1068 2278 reipublicae
1106 2201 1304 2273 aliquid
1345 2207 1568 2256 eruant:
1603 2209 1697 2250 ve-

169 2307 268 2361 teris
307 2318 492 2374 quoque
536 2300 803 2356 Ecclesia:
849 2296 1176 2352 monimenta
1230 2291 1468 2365 (quibus
1516 2284 1702 2342 eadem

170 2400 268 2455 urbs
299 2396 547 2468 abundat)
585 2395 944 2462 colligerent,
988 2391 1303 2460 pluresque,
1344 2384 1434 2454 qui
1467 2383 1518 2436 in
1559 2395 1620 2436 ea
1651 2385 1706 2434 et

168 2495 394 2556 vixerunt,
425 2499 474 2543 et
501 2487 700 2557 sepulti
733 2493 895 2550 sunt,
927 2480 1191 2537 Minucios
1217 2479 1532 2534 excitarent.
1563 2471 1705 2530 Satis

169 2584 276 2653 jam,
301 2583 412 2635 satis
436 2588 514 2636 est
543 2593 812 2633 novorum
846 2577 914 2632 de
941 2575 1217 2644 Religione
1241 2570 1563 2625 libellorum.
1603 2567 1708 2622 Ve-

177 2676 330 2730 teribus
376 2674 535 2742 potius
586 2674 641 2727 in
701 2672 876 2726 lucem
930 2665 1246 2723 revocandis
1289 2663 1448 2730 hujus
1496 2658 1708 2729 generis

177 2769 360 2839 reliquiis
388 2783 594 2839 operam
634 2766 863 2820 demus:
906 2771 962 2818 et
1001 2762 1168 2816 simus
1205 2753 1495 2825 aliquando
1535 2751 1708 2807 doctae

179 2862 440 2929 antiquitatis
484 2859 666 2930 potius
690 2900 706 2923 .
739 2871 899 2928 quam
946 2853 1118 2909 inanis
1157 2850 1408 2906 novitatis
1445 2845 1708 2902 studiosi:

188 2955 480 3024 majornntque
527 2962 846 3007 nostrorum
889 2948 1150 3018 imagines
1187 2953 1242 3000 et
1281 2944 1613 3004 intueamur,
1657 2945 1712 2990 et

186 3049 293 3112 aliis,
317 3064 366 3101 ue
388 3047 500 3100 novi
529 3045 792 3101 homines
821 3058 942 3099 esse
973 3041 1113 3096 forte
1142 3039 1441 3099 videamur,
1471 3040 1709 3089 ostente-

180 3155 281 3194 mus.
319 3139 477 3209 Neque
516 3149 739 3206 tamen,
783 3137 882 3193 etsi
922 3135 1109 3191 eadem
1151 3146 1339 3188 eorum
1380 3129 1566 3198 religio
1595 3127 1712 3180 ani-

177 3248 350 3304 musque
385 3234 511 3289 idem
552 3233 760 3294 fuerit.
803 3229 990 3285 eadem
1035 3240 1250 3298 quoque
1295 3194 1508 3293 semper
1547 3219 1712 3274 facies
1738 3211 1784 3273 C
1819 3211 2027 3268 tendam
2072 3221 2192 3262 esse
2218 3215 2362 3272 saepe
2392 3194 2679 3268 proﬁtear:
2712 3198 2766 3243 et

176 3324 274 3390 fuit,
301 3326 485 3381 idemve
520 3333 723 3379 status.
767 3322 885 3378 Non
926 3322 1068 3375 enim
1111 3333 1328 3389 semper
1357 3317 1527 3371 vexati
1558 3313 1712 3382 abje-

173 3419 313 3485 clique
346 3418 649 3487 jacuernnt,
693 3430 870 3486 neque
910 3423 1016 3468 tam
1056 3422 1147 3466 aut
1187 3409 1376 3481 ingrati
1415 3416 1508 3460 aut
1547 3403 1713 3474 inepti

175 3507 373 3571 fuerunt,
411 3521 464 3562 ut
503 3509 711 3578 optimo
746 3506 870 3577 jure
913 3506 1221 3572 Optimaque
1260 3499 1566 3555 conditione
1594 3511 1715 3552 esse

176 3601 449 3666 recusarint,
485 3617 612 3657 cum
645 3600 746 3654 hoc
802 3600 866 3653 iis
911 3598 1060 3652 licuit
1091 3611 1185 3667 per
1224 3594 1492 3664 principes
1533 3590 1716 3646 Chris-

177 3694 340 3747 tianos:
364 3710 523 3764 neque
549 3705 659 3750 tam
691 3693 848 3757 fatui,
877 3702 934 3747 ut
961 3693 1060 3746 hoc
1089 3689 1350 3746 beneﬁcio
1377 3702 1483 3742 non
1509 3696 1714 3741 uteren-

181 3795 268 3840 tur:
295 3803 446 3857 neque
475 3799 583 3843 tam
627 3787 818 3856 iniqui,
854 3794 943 3850 ut,
975 3785 1020 3839 si
1045 3783 1173 3855 quid
1204 3782 1254 3836 in
1286 3782 1396 3836 suis
1430 3781 1718 3848 imperato-

180 3877 293 3932 ribus
313 3880 697 3944 desiderarent,
728 3893 1058 3951 paganorum
1089 3881 1183 3944 (nt
1209 3874 1512 3946 loquimur)
1547 3884 1718 3946 tyran-

185 3984 336 4026 norum
375 3974 484 4028 loco
523 3988 620 4030 eos
664 3972 956 4026 haberent:
1001 3985 1173 4040 neque
1224 3977 1329 4022 tam
1379 3969 1609 4029 tnorosi,
1663 3974 1720 4020 ut

183 4060 364 4128 publica:
411 4064 774 4136 tranquillitati
825 4062 955 4117 nihil
997 4061 1285 4131 quidquam
1325 4058 1716 4113 condonarent.

185 4150 355 4222 Loquor
380 4155 442 4210 de
470 4156 564 4219 iis,
599 4157 687 4227 qui
719 4171 824 4210 non
868 4155 1083 4208 fuerunt
1126 4151 1442 4221 degeneres.
1493 4149 1597 4205 Sed
1651 4149 1717 4202 Ii-

188 4239 296 4296 bene
334 4245 568 4302 Ecclesiae
605 4247 946 4317 splendorem
993 4260 1098 4299 non
1127 4243 1256 4298 vidit
1285 4242 1573 4296 Minucius:
1605 4256 1719 4296 ser-

191 4338 341 4394 vientis
382 4342 533 4398 modo
581 4343 887 4413 squalorem
939 4340 1089 4394 vidit.
1125 4339 1372 4394 Nostrum
1423 4351 1554 4390 vero
1601 4344 1715 4404 est,

198 4438 421 4504 utrumque
443 4444 631 4490 statum
650 4477 665 4500 ,
694 4445 746 4490 et
774 4434 1051 4503 utriusque
1074 4431 1330 4501 temporis
1356 4429 1720 4485 conditionem

201 4532 316 4625 recte
337 4528 648 4584 considerare
675 4535 835 4598 atque
861 4525 1199 4580 discernere:
1232 4533 1286 4578 et
1318 4522 1418 4578 hoc
1447 4532 1685 4576 externa:
1703 4563 1718 4585 ,

197 4622 242 4666 ut
272 4616 328 4668 ita
363 4618 545 4690 loquar,
589 4620 776 4675 forma:
819 4630 1228 4688 temporumque
1268 4616 1556 4671 discrimen
1590 4629 1719 4684 pru-

196 4705 346 4807 denter
365 4711 628 4769 observare
647 4757 660 4779 ,
689 4723 746 4768 ut
772 4723 825 4768 et
852 4711 1182 4782 antiquitatis
1209 4709 1466 4764 memoria
1485 4750 1498 4771 ,
1528 4719 1582 4764 et
1610 4723 1724 4762 ma-

189 4802 330 4864 jorum
355 4816 634 4864 nostrorum
663 4807 924 4878 exemplis
951 4813 1092 4862 recte
1118 4812 1349 4859 utamur.
1380 4802 1478 4860 Hic
1503 4802 1644 4859 enim
1671 4809 1727 4857 et

249 4958 313 5039 ll)
334 4960 700 5039 Thcodoretus,
723 4963 1371 5039 Cyrenensisepiscopus,
1395 4961 1446 5015 in
1469 4961 1725 5039 Dialogis,

194 5029 347 5113 quibus
374 5033 604 5113 Er‘auistte
634 5029 826 5113 nomen
855 5033 973 5113 dat,
1011 5029 1227 5113 [lia—lngo
1252 5029 1310 5096 Ξ,
1343 5029 1724 5113 pagf.159.'ed.

198 5095 310 5184 yria.
334 5103 397 5184 ita
416 5103 767 5184 Orlltodo_xutn
799 5095 998 5184 inducit
1024 5095 1310 5166 Eranistm,
1340 5095 1488 5158 de'S.
1526 5104 1730 5158 Eucha-

337 5179 652 5266 interroganti
671 5220 686 5240 ,
718 5179 1155 5266 respondentem:
1187 5181 1238 5231 οὗ
1262 5187 1356 5247 χρῆ
1375 5187 1532 5244 σαφῶς
1555 5179 1727 5228 εἰπεῖν·

200 5251 294 5325 ῗκδε
313 5250 392 5325 Ἰἦρ
408 5271 524 5325 ’πτας
544 5255 780 5316 ἀμυήτους
803 5253 1042 5325 πιρεῖνιι.
1071 5245 1121 5300 Ν
1126 5265 1190 5302 an
1213 5245 1350 5301 decet
1375 5257 1546 5310 aperte
1571 5248 1732 5314 loqui:

415 5308 586 5404 adsunt.
612 5308 1110 5404 mysteriis-nondum
1138 5320 1341 5373 initiati.
1379 5308 1563 5371 Reiert
1595 5308 1730 5371 Eta-

203 5388 370 5474 l'js‘ffi
393 5388 720 5474 εῖνινέιέιτώξρις
748 5401 774 5452 ἡ
802 5392 1053 5473 ἀπόκρισις
1073 5399 1206 5448 tm.
1245 5388 1573 5461 Proponatur
1613 5403 1732 5459 ergo

204 5456 248 5503 in
273 5456 410 5522 {artua
433 5456 698 5534 aenigmatis
726 5456 998 5532 responsio.

1796 510 2018 564 fateor:
2059 517 2112 563 et
2171 521 2292 561 cum
2354 503 2442 557 lex
2511 513 2644 554 nova
2711 505 2950 565 rogatur,
2999 490 3170 546 fertur
3238 501 3384 559 smpe

1795 603 1926 659 illud
1975 602 2064 658 Uti
2090 617 2243 672 rogas
2268 640 2282 664 ,
2313 596 2513 668 saepius
2546 589 2688 648 istud
2721 589 2962 658 Antiqua,
2997 584 3151 639 nobis
3183 590 3242 636 ut
3279 595 3374 636 oc-

1794 709 1976 755 currat
2005 707 2162 766 atque
2195 693 2433 763 placeat,
2465 699 2688 744 necesse
2733 692 2848 744 est,
2900 693 3090 750 resque
3132 675 3382 744 postulat.

1795 783 2121 860 Insculptum
2167 787 2352 841 Romae
2403 785 2454 837 in
2504 779 2671 835 veteri
2724 788 2992 830 marmore
3020 786 3141 826 esse
3169 768 3381 831 dicitur,

1795 883 2032 941 CANDIDA
2095 894 2269 935 Ρυωό
2331 889 2577 932 Νοιιιιιοιι
2639 883 2776 926 AURO
2836 880 2992 920 FELIX
3052 873 3382 926 ANTIQUITAS.

1796 977 1900 1035 Sed
1953 981 2072 1044 ejus
2136 969 2463 1044 prtrjudiciis
2515 963 2800 1020 infeliciter
2852 959 3229 1021 abuterentur,
3283 951 3389 1006 nisi

1798 1073 2024 1128 liberum
2084 1069 2458 1135 integrumque
2502 1057 2761 1129 judicium
2811 1051 2862 1107 in
2914 1051 2976 1104 iis
3022 1042 3390 1103 discernendis

1799 1175 1957 1234 atque
1986 1158 2269 1232 diligendis
2298 1155 2682 1210 adhibeamus:
2724 1163 2792 1201 ne
2831 1144 2913 1198 vel
2952 1141 3174 1197 confuse
3213 1137 3391 1192 omnia

1799 1258 2152 1318 misceamus,
2187 1250 2270 1304 vel
2303 1246 2568 1304 malitiose
2600 1249 3015 1311 praetereamus,
3049 1248 3166 1304 qua:
3198 1229 3391 1286 imitari

1801 1364 1900 1404 nos
1943 1353 2185 1418 oportet,
2231 1343 2315 1396 vel
2361 1338 2554 1402 etiam,
2600 1347 2719 1403 qua:
2765 1329 2890 1383 huic
2929 1325 3072 1382 aetati
3112 1339 3218 1378 non
3267 1338 3393 1377 con-

1801 1443 2052 1506 veniunt,
2105 1439 2526 1503 intemperanter
2575 1437 2877 1496 urgeamus.
2927 1419 3061 1474 Cum
3121 1416 3251 1472 olim
3326 1413 3395 1470 de

1805 1530 2136 1590 testamentis
2165 1535 2435 1599 ageretur,
2469 1525 2550 1576 lex
2592 1516 2834 1590 qnardant
2873 1513 3043 1568 civilis
3083 1507 3392 1579 respondit,

1811 1646 1830 1680 ι
1865 1623 2199 1682 retinendum
2245 1633 2366 1675 esse
2412 1627 2617 1669 morem
2665 1608 2988 1664 ﬁdelissima:
3034 1601 3333 1658 vetustatis.
3371 1618 3390 1651 ι

1806 1723 1866 1778 L.
1938 1733 2083 1774 xvttt.
2136 1713 2268 1768 Cod.
2321 1711 2384 1765 de
2430 1707 2654 1762 Testem.
2707 1701 2948 1768 Cumque
2987 1699 3055 1752 de
3104 1695 3298 1750 ﬁnibus
3346 1701 3400 1748 et

1803 2002 2152 2052 ΚΡΑΤΕΙΤΩ.
2185 1989 2336 2045 Nulla
2368 1996 2545 2040 tamen
2576 1981 2673 2036 fuit
2699 1976 3040 2048 superstitio,
3067 1988 3188 2043 qua:
3215 1973 3403 2024 intem-

1805 2098 2077 2162 peranter,
2107 2095 2266 2154 atque
2295 2081 2616 2148 impotenter
2641 2078 2890 2141 urgeret,
2918 2064 3059 2136 quod
3086 2061 3392 2131 reipubliea:

1806 2186 1951 2240 salus
1981 2180 2308 2252 repudiaret.
2358 2174 2425 2228 Et
2465 2181 2524 2225 ut
2560 2167 2830 2240 sapientes
2865 2157 3267 2233 iurisconsulti,
3312 2153 3403 2208 ubi

1805 2281 1873 2336 de
1899 2279 2306 2348 magistratuum
2332 2269 2451 2337 jure
2473 2263 2698 2336 qutestio
2723 2265 2896 2322 esset,
2924 2257 3157 2326 graviter
3181 2261 3406 2316 respon-

1807 2337 2034 2436 debantv,
2066 2383 2169 2422 non
2200 2363 2372 2419 solum
2401 2354 2748 2429 Spectandum
2777 2365 2932 2416 esse,
2960 2345 3086 2417 quid
3113 2337 3403 2400 Romaein-

1808 2478 1950 2522 etum
1980 2430 2070 2526 sit,
2099 2459 2193 2515 sed
2221 2457 2380 2512 etiam
2409 2451 2536 2523 quid
2566 2448 2680 2504 ﬁeri
2709 2445 2924 2500 debeat.
2957 2439 3119 2512 (Lege
3147 2430 3403 2489 duodeci-

1810 2575 1893 2613 ma
1925 2557 1987 2610 de
2017 2553 2159 2624 Ofﬁc.
2196 2545 2389 2618 Praas.)
2419 2545 2507 2600 Sic
2535 2541 2694 2596 etiam
2721 2545 2964 2608 spectare
2990 2532 3266 2592 debemus,
3298 2539 3405 2578 non

1809 2651 1982 2707 solum
2027 2644 2152 2716 quid
2187 2641 2418 2711 majores
2447 2635 2613 2690 nostri
2642 2630 2898 2687 fecerint,
2928 2624 3021 2680 sed
3053 2633 3104 2676 et
3135 2635 3241 2690 quo
3269 2626 3407 2670 tem-

1812 2760 1972 2818 pore,
2021 2749 2076 2794 et
2126 2750 2296 2806 quave
2343 2728 2682 2786 conditione.
2719 2730 2810 2776 aut
2855 2716 2995 2788 quali
3043 2715 3182 2768 line:
3233 2721 3407 2778 neque

1812 2857 1919 2898 non
1952 2834 2261 2892 meminisse
2288 2839 2500 2897 quoque
2547 2826 2792 2889 Oportet,
2838 2809 2979 2883 quod
3029 2809 3116 2862 lex
3163 2802 3407 2874 quaedam

1814 2943 2031 2996 monet,
2067 2943 2171 2983 non
2208 2895 2315 2979 tam
2345 2916 2608 2987 exemplis
2636 2925 2795 2982 quam
2831 2904 3035 2976 legibus
3060 2895 3406 2971 iudicandum

1813 3042 1954 3084 esse.
1989 2989 2130 3093 Ergo
2160 3018 2296 3074 facio
2337 3011 2698 3084 perlubenter,
2742 3011 2799 3056 ut
2841 3007 2897 3055 et
2929 2989 3408 3069 jurisprudentiam

1814 3130 1868 3176 et
1909 3116 2186 3173 historiam
2225 3103 2551 3176 eonjunctim
2595 3106 2685 3153 aut
2725 3095 2934 3158 colam,
2977 3098 3067 3143 aut
3093 3086 3283 3140 saltem
3314 3093 3409 3134 co-

2793 3183 3008 3256 quidem
3042 3189 3323 3246 utramque
3355 3171 3410 3225 in

1819 3316 2049 3376 utroque
2078 3311 2275 3369 genere
2297 3337 2313 3363 ,
2346 3295 2696 3348 humanarum
2737 3281 2859 3336 dico
2898 3285 2954 3332 et
2995 3274 3293 3328 divinarntn
3321 3279 3412 3319 rc-

1821 3417 1938 3458 rum
1961 3439 1974 3462 ,
2001 3398 2114 3452 sive
2134 3391 2365 3447 civilium
2393 3397 2446 3440 et
2467 3375 2973 3437 ecclesiasticarum.
2998 3366 3128 3420 Nam
3152 3372 3207 3418 et
3227 3372 3413 3415 earum

1820 3487 2169 3559 intelligentia
2201 3493 2361 3552 atque
2392 3471 2649 3532 memoria
2682 3468 2843 3523 talem
2876 3463 3068 3516 horum
3113 3453 3412 3509 studiorum

1819 3580 2252 3654 conjunctionem
2297 3567 2549 3640 requirit:
2601 3572 2695 3627 ut,
2745 3559 2788 3613 si
2835 3553 3082 3610 Tiberius
3123 3549 3416 3616 imperator

2651 3652 2681 3654 ’“
2754 3653 2757 3654 ⁷
2805 3649 2836 3654 ⁵·
3013 3643 3024 3654 ¹
3176 3638 3190 3654 1
3228 3637 3291 3654 -9-
3339 3631 3413 3654 Ιοὶ

1820 3631 1968 3734 recte
1993 3668 2284 3743 judicavit,
2315 3631 2602 3718 militarem
2632 3649 2966 3719 disciplinam
3007 3643 3026 3716 (
3053 3638 3194 3710 quod
3223 3637 3296 3690 ait
3337 3631 3414 3704 (‘2)

1821 3765 2152 3833 Suetonius)
2207 3775 2274 3816 ex
2329 3752 2643 3822 antiquitate
2695 3758 2817 3800 esse
2868 3735 3260 3809 repetendam:
3315 3741 3417 3784 nos

1823 3861 1991 3918 multo
2036 3853 2204 3924 magis
2237 3848 2536 3907 sentiamus
2566 3839 2874 3906 rectiusque
2902 3833 3170 3889 dicamus,
3203 3822 3414 3879 civilem

1823 3966 1877 4010 et
1904 3917 2323 4008 ecclesiasticam
2358 3941 2495 3995 bona
2529 3935 2633 3989 tide
2660 3929 2970 4002 jndicioque
3002 3924 3146 3976 bono
3178 3917 3301 3972 inde
3331 3929 3420 3968 re-

1823 4045 1929 4117 peti
1971 4041 2191 4098 debere.
2235 4035 2442 4089 lnterea
2475 4041 2633 4092 vero,
2666 4023 2791 4094 quia
2831 4018 2978 4073 varie
3021 4023 3077 4069 et
3118 4009 3419 4082 periculose

1822 4138 1910 4193 hic
1937 4134 2102 4192 errari
2133 4142 2291 4200 posse
2318 4122 2493 4179 sentio
2511 4163 2525 4186 ,
2558 4121 2752 4174 iterum
2782 4117 3084 4176 iterumque
3110 4099 3421 4158 obtestabor

1823 4244 2012 4287 omnes
2040 4227 2209 4281 bonos
2237 4231 2288 4276 et
2319 4217 2602 4277 cordatos,
2632 4219 2691 4263 ut
2720 4223 2749 4261 a
2781 4200 3102 4260 factionibus
3127 4193 3337 4258 aversi,
3367 4199 3422 4245 et

1824 4342 1854 4380 a
1901 4322 2077 4378 studio
2125 4316 2352 4388 partium
2401 4308 2594 4371 alieni,
2643 4303 2872 4372 primum
2913 4292 3165 4347 vetustati
3215 4297 3420 4342 tantum

1825 4379 2159 4473 auctoritatis
2201 4407 2471 4465 tribuant,
2516 4405 2778 4468 quantum
2818 4389 2892 4444 illi
2935 4384 3195 4440 debetur:
3229 4379 3422 4436 deinde

1826 4508 2038 4583 placide
2080 4502 2315 4574 cogitent
2356 4504 2518 4578 atque
2558 4490 2873 4546 observent,
2924 4493 3031 4533 non
3077 4475 3250 4530 solum
3295 4471 3422 4543 quid

1744 4611 1799 4672 Ι)
1825 4614 2034 4660 veteres
2057 4591 2383 4655 Christiani,
2414 4573 2656 4655 tempore
2703 4575 2956 4637 Minucii,
2998 4571 3237 4626 facerent
3257 4608 3270 4629 ,
3299 4578 3421 4619 cum

1827 4695 1971 4754 aliud
2004 4708 2110 4748 non
2138 4695 2396 4761 possent:
2427 4679 2521 4736 sed
2550 4685 2603 4732 et
2633 4672 2756 4745 quid
2787 4676 3071 4742 Optarent,
3101 4673 3156 4720 et
3184 4661 3270 4716 ubi
3299 4672 3422 4729 pos-

1829 4799 1951 4847 sent
1972 4828 1988 4854 ,
2021 4781 2324 4840 faciendum
2354 4789 2475 4831 esse
2507 4775 2838 4828 statuerent:
2873 4772 2927 4818 et
2957 4774 3085 4815 vero
3108 4800 3120 4821 ,
3153 4752 3277 4825 quid
3309 4760 3425 4804 tan-

1831 4887 1990 4948 dem,
2017 4895 2140 4934 cum
2185 4873 2336 4930 liberi
2386 4870 2632 4932 fuerunt,
2674 4859 2933 4918 fecerint,
2964 4858 3105 4908 utet
3134 4842 3426 4915 rempubli-

1834 4994 1950 5036 cam
1979 4985 2033 5032 et
2057 4969 2356 5030 Ecclesiam
2383 4972 2530 5020 recte
2558 4957 2970 5016 constituerent.

1905 5221 1986 5295 (2)
2013 5219 2300 5295 Suetonius
2320 5213 2504 5295 Tiber.
2529 5226 2644 5295 cap.
2661 5209 2773 5295 .19.
2824 5204 3161 5292 pisciplinam
3187 5198 3434 5295 acerrime

1834 5272 1996 5366 exegit
2015 5335 2032 5360 ,
2059 5288 2550 5366 animadversionum
2580 5272 2624 5338 ἐι
2653 5272 3048 5354 ignominiarum
3076 5272 3341 5346 generibus
3371 5284 3434 5324 ex

1833 5359 2129 5438 antiquitate
2156 5359 2399 5432 repetitis.

1532 5682 2050 5744 Μ
