3784 6272
320 314 426 375 919

1760 293 2146 354 ΡΒᾹΞἘΑΤΙΟ.

3520 277 3627 340 220

338 450 3616 533 ψ

720 683 870 756 AD
922 675 1378 753 PRIMAM
1434 667 1962 748 LINDNERI

2107 663 2628 737 DITIONEM
2693 657 3264 735 ΡΒᾹΞῈΑΤΙΟ
3324 665 3340 672 “

472 904 1331 1056 JOANNIS
1414 894 2508 1049 AUGUSTINI
2589 879 3491 1036 ERNESTI.

1726 1196 2201 1240 -——ooo—

622 1424 784 1480 Docto
816 1433 861 1478 et
889 1421 1163 1478 christiano
1191 1419 1363 1475 lectori
1389 1419 1624 1474 salutent.

410 1577 464 1633 In
497 1577 754 1632 institutis
793 1591 1002 1641 eormn,
1031 1589 1126 1644 per
1159 1589 1293 1640 quos
1327 1574 1587 1627 bonarum
1628 1570 1924 1624 litterarum

336 1671 612 1729 omnium,
663 1667 1027 1736 imprimisque
1070 1673 1367 1730 sacrarttm,
1414 1664 1818 1734 intelligentiam
1849 1669 1928 1716 at-

337 1777 439 1832 que
468 1762 744 1817 scientiam
779 1761 917 1813 Deus
943 1757 1173 1813 reddidit
1211 1760 1389 1827 generi
1422 1757 1677 1820 ltumano,
1716 1754 1818 1810 hoc
1845 1769 1930 1809 re-

339 1855 487 1923 perio
537 1854 718 1918 finisse,
764 1861 820 1905 ut
850 1862 901 1906 et
934 1853 1032 1919 ipsi
1078 1865 1227 1904 sacra
1266 1865 1386 1904 cum
1433 1850 1680 1902 humanis
1707 1847 1933 1917 conjun-

341 1957 546 2016 gerent,
583 1963 679 2002 nec
712 1949 884 2000 minus
916 1946 1140 2000 studiosi
1167 1954 1348 2000 essent
1371 1944 1714 2012 legendorum
1740 1944 1932 1998 veteris

342 2041 616 2105 Ecclesiae,
650 2040 851 2096 Graiae
881 2041 1210 2110 Latina-que,
1244 2040 1586 2108 scriptorum,
1629 2055 1787 2108 quam
1815 2053 1934 2108 quae

342 2133 410 2186 ab
436 2133 826 2199 antiquioribus
848 2131 1050 2188 Gru-cis
1077 2144 1128 2186 ct
1152 2132 1407 2186 Romanis
1425 2143 1639 2200 acoepta
1667 2139 1932 2196 tenerent,

345 2233 400 2278 et
427 2224 670 2292 ejusdem
698 2223 1087 2292 conjunctionis
1109 2235 1356 2277 auctores
1378 2237 1734 2292 suasorcsque
1757 2232 1938 2276 essent

348 2317 544 2394 iigqtti
575 2331 632 2370 se
654 2317 716 2369 ad
741 2333 925 2370 eorum
949 2317 1280 2380 disciplinam
1303 2316 1782 2384 :ntctorimtemqm-
1810 2329 1939 2369 con—

350 2407 614 2461 tulissent.
646 2407 724 2461 Ne
753 2408 995 2476 exempla
1033 2425 1062 2462 e
1091 2409 1379 2480 longinquo
1411 2416 1734 2476 repetamus,
1765 2417 1939 2462 exter-

351 2499 536 2569 nisque
561 2499 628 2554 do
661 2501 888 2569 potiulis,
924 2503 1198 2562 Erasmus.
1232 2517 1389 2571 quem
1419 2503 1468 2555 in
1513 2503 1838 2571 principibus
1862 2502 1941 2555 in~

350 2594 739 2648 stauratoribus
778 2595 1121 2650 lnunanitatis
1152 2596 1373 2649 erudita:
1421 2606 1695 2650 munerant
1731 2610 1940 2662 omnes,

351 2703 458 2741 non
502 2692 677 2743 minus
707 2701 1008 2758 curaverat,
1037 2701 1090 2743 ut
1137 2690 1188 2744 in
1220 2690 1433 2760 scriptis
1458 2691 1799 2760 antiquorum
1846 2691 1944 2744 Ec—

1947 1415 2000 1473 Α
2026 1407 2298 1472 siasticos,
2323 1414 2375 1460 et
2395 1402 2674 1466 disciplina
2698 1397 2970 1456 Mosellam
2987 1395 3178 1466 arguit,
3209 1400 3262 1447 et
3281 1391 3434 1446 clare
3455 1387 3646 1444 docent

2027 1501 2336 1557 Notationcs
2358 1500 2642 1569 ﬁgurarum
2656 1493 2920 1550 sermonis
2938 1489 3143 1545 Domini
3167 1487 3217 1542 .l.
3252 1486 3312 1540 C.
3341 1491 3394 1539 et
3409 1487 3643 1551 Aposto-

2031 1596 2229 1655 lorum,
2259 1605 2312 1647 et
2341 1594 2426 1647 alii
2463 1591 2645 1655 libelli,
2678 1588 2742 1642 ad
2773 1602 2884 1640 rem
2911 1582 3330 1640 ecclesiasticam
3364 1576 3642 1647 pertinen-

2033 1699 2131 1743 tes.
2175 1679 2308 1755 Quid
2337 1685 2512 1740 dicam
2547 1683 2613 1737 de
2661 1682 2751 1735 illo
2793 1675 3096 1734 Germania;
3146 1679 3488 1742 pra-ceptore
3523 1666 3645 1723 Phi-

2033 1781 2220 1849 lippo?
2266 1793 2443 1848 quem,
2480 1778 2598 1846 quis
2628 1773 2816 1838 nescit,
2847 1786 2968 1824 cum
3000 1779 3250 1822 summus
3276 1773 3428 1818 esset
3460 1759 3648 1815 litteris

2037 1874 2087 1926 in
2119 1873 2308 1942 graecis
2340 1869 2641 1936 lalinisque,
2675 1863 2849 1933 quoad
2873 1877 2902 1914 ε
2945 1860 3141 1929 poetis,
3172 1854 3512 1914 oratoribus,
3547 1850 3650 1904 his-

2037 1964 2218 2016 tt-ricis
2274 1972 2324 2015 et
2386 1958 2722 2029 philosophis
2771 1971 2878 2008 non
2924 1947 3264 2008 Christianis.
3317 1945 3643 2006 discuntur,

2037 2057 2282 2112 eamdem
2311 2054 2602 2123 principem
2630 2051 2733 2103 illis
2763 2046 3096 2115 temporibus
3122 2045 3175 2096 in
3229 2040 3313 2094 his
3336 2036 3644 2109 praesertim

2041 2149 2214 2211 terris,
2251 2148 2410 2200 fuisse
2449 2146 2742 2197 litterarum
2783 2137 3294 2198 ecclesiasticarum,
3340 2135 3414 2186 ita
3451 2144 3641 2185 versa-

2041 2250 2152 2294 tum
2193 2242 2242 2294 in
2273 2238 2418 2293 otuui
2454 2249 2649 2307 genere
2677 2235 2994 2302 scriptorum
3029 2227 3225 2284 veteris
3261 2225 3555 2285 Ecclesiae,
3601 2229 3651 2273 ut

2043 2335 2175 2388 nihil
2225 2333 2388 2397 aliud,
2423 2331 2525 2384 nisi
2556 2329 2674 2391 hos,
2709 2337 2965 2380 tractasse
2997 2322 3160 2376 videri
3192 2328 3391 2388 posset.
3438 2315 3640 2382 Atque,

2043 2425 2182 2497 quod
2219 2428 2385 2492 magis
2427 2424 2644 2483 mirere,
2702 2421 2755 2471 in
2798 2431 2864 2472 eo
2901 2427 3101 2485 genere
3133 2425 3301 2482 prOpe
3331 2407 3517 2462 adhuc
3561 2405 3645 2474 ju-

2049 2495 2202 2572 venis
2226 2520 2292 2571 ita
2325 2514 2640 2584 profecerat,
2666 2519 2719 2565 ut
2751 2512 2801 2563 in
2824 2506 3112 2574 colloquio,
3138 2501 3352 2571 quodin
3379 2499 3484 2553 hac
3515 2495 3644 2550 urbe

2046 2611 2114 2665 de
2135 2611 2408 2679 religione,
2436 2616 2652 2660 auctore
2673 2604 2922 2670 Georgio,
2946 2601 3098 2664 duce,
3127 2615 3177 2650 a.
3203 2611 3372 2651 IDXIX
3399 2593 3525 2653 fuit,
3548 2589 3653 2644 dis-

2051 2704 2355 2772 putantthus
2385 2716 2504 2755 cum
2535 2700 2694 2753 Eccio
2715 2693 3018 2763 Theologis,
3062 2687 3428 2744 Carolostadiu
3456 2699 3509 2740 et
3548 2681 3651 2737 Lu-

352 2781 531 2836 c'esi‘“
575 2783 860 2837 n"c““'“"'
891 2794 1134 2839 versam-‘3
1183 2794 1349 2848 95““.
1406 2801 1567 2854 quill"
1605 2785 1656 2838 ίη
1711 2782 1943 2852 Prom"?
1976 2807 2021 2865 Β
2051 2797 2223 2859 thero,
2257 2795 2414 2846 etiam
2448 2791 2561 2844 loca
2608 2791 2820 2842 Patrum
2853 2785 3139 2852 subjiceret
3185 2782 3323 2835 inter
3368 2779 3657 2846 disputan-

353 2874 664 2930 Gra‘corum
702 2886 756 2930 et
799 2876 1134 2940 Latinorum,
1166 2892 1267 2931 nec
1311 2877 1427 2944 plus
1457 2878 1504 2929 ei
1545 2877 1702 2930 debet.
1727 2877 1949 2945 antiqui—

355 2975 438 3019 tas
480 2966 665 3022 Graeca
703 2977 757 3022 et
805 2969 1064 3033 ﬂuuiana,
1107 2983 1266 3036 quam
1316 2967 1710 3025 Ecclesiaslica,
1764 2975 1821 3018 ut
1863 2967 1952 3034 qui

362 3059 499 3112 haud
535 3061 690 3131 paulo
734 3061 878 3130 plura
913 3063 1179 3115 volumina
1229 3059 1484 3115 Ecclesiae
1513 3059 1712 3113 veteris
1755 3059 1952 3112 Docto-

359 3170 498 3218 rutn,
545 3171 702 3225 quam
749 3157 1092 3211 claSsicorum
1140 3164 1438 3216 auctorum,
1490 3151 1554 3206 ad
1603 3152 1758 3205 tidem
1801 3152 1955 3205 codi-

362 3263 482 3302 cum
507 3249 794 3312 recensuit,
819 3247 1115 3309 castigavit,
1146 3245 1446 3298 illustravit.
1479 3244 1534 3298 ln
1556 3245 1756 3298 nnSIris
1777 3254 1955 3300 autem

364 3340 539 3401 terris,
584 3341 833 3407 primum.
866 3339 953 3407 qui
995 3339 1043 3390 itt
1077 3336 1176 3389 hac
1211 3336 1318 3403 ipsa
1355 3337 1531 3406 Lipsia
1563 3347 1740 3392 nostra
1771 3337 1958 3394 funda-

373 3443 455 3486 tor
509 3431 764 3485 honarum
808 3433 1103 3485 litterarum
1153 3431 1378 3491 exstitit.
1431 3432 1572 3487 Petr.
1612 3433 1958 3498 Mosellauus,

369 3527 439 3580 ita
473 3525 688 3579 Graecos
714 3532 765 3577 et
805 3524 1021 3579 Latinos
1047 3525 1337 3592 seriptores
1361 3527 1739 3591 interpretatus
1770 3536 1869 3592 est,
1905 3536 1963 3582 ut

369 3617 572 3686 pariter
597 3615 660 3667 ad
690 3616 1090 3676 intelligentiam
1127 3627 1178 3670 et
1211 3618 1492 3671 lectioitem
1555 3618 1656 3672 PP.
1693 3617 1961 3685 interpre-

369 3708 542 3762 tandis
573 3709 864 3774 Scripturis
905 3707 962 3764 Si
993 3720 1045 3763 et
1080 3709 1434 3779 praclegendis
1478 3712 1650 3780 poetis
1678 3711 1964 3764 ecclesias-

372 3800 510 3861 ticis.
561 3800 934 3855 adolescentes
974 3801 1286 3856 minutatites
1331 3802 1446 3868 ejus
1483 3803 1690 3868 studia,
1727 3803 1826 3856 hoc
1854 3812 1964 3868 est,

373 3891 559 3945 llorem
604 3891 920 3959 juventutis,
973 3884 1282 3948 adduceret.
1323 3893 1492 3959 Quam
1525 3895 1858 3962 di~ciplittam
1903 3895 1970 3948 ab

374 3998 440 4037 eo
481 3995 752 4052 acceptam
795 3988 1037 4051 retinuit,
1071 3996 1123 4040 et
1153 3988 1263 4040 suis
1296 3987 1507 4040 tradidit
1537 3987 1804 4056 Caspartts
1835 3987 1968 4042 Bor-

374 4089 556 4134 nerus.
597 4076 675 4128 vir
699 4084 746 4130 et
781 4078 912 4146 ipse,
959 4085 1014 4130 ut
1056 4077 1257 4142 jndicat
1295 4077 1481 4132 Joach.
1513 4079 1852 4132 Camerarius
1888 4080 1972 4146 (in

2055 2888 2202 2950 dum,
2234 2886 2426 2954 quibus
2456 2884 2528 2935 illi
2554 2882 2808 2935 adversus
2843 2878 3061 2931 Eccium
3105 2882 3403 2927 uterentur.
3441 2871 3528 2924 Ex
3558 2879 3660 2936 quo

2057 2979 2276 3046 intelligi
2315 2985 2509 3043 potest,
2547 2975 2683 3027 hanc
2716 2982 2824 3026 tum
2859 2967 3156 3035 disciplinae
3185 2965 3410 3018 fortnam
3442 2965 3498 3016 in
3529 2962 3661 3018 Ger-

2059 3071 2252 3125 maniae
2281 3069 2429 3129 locis,
2463 3082 2583 3136 qua:
2613 3065 2767 3118 bonis
2793 3060 2987 3116 litteris
3024 3056 3310 3126 plurimum
3339 3053 3661 3115 tribuerent,

2060 3164 2243 3222 fuisse,
2279 3169 2336 3214 ut
2378 3168 2660 3226 utrumque
2686 3168 2855 3224 genus
2887 3152 3204 3212 litterarum,
3232 3161 3262 3199 a
3293 3146 3461 3213 prima
3498 3157 3662 3211 prope

2061 3253 2307 3325 pueritia,
2341 3252 2774 3318 coniungeretur.
2820 3243 2947 3313 Ejus
2989 3255 3149 3310 porro
3192 3237 3497 3305 disciplinae
3535 3235 3658 3289 dili-

2061 3360 2274 3419 gentem
2303 3343 2611 3406 custodem,
2656 3349 2707 3394 et
2744 3346 3018 3392 auctorem
3049 3347 3112 3386 ac
3155 3329 3656 3385 commendatorcm

2065 3443 2236 3514 patria
2279 3447 2458 3493 nostra
2516 3434 2702 3489 habuit
2744 3431 3034 3490 Georgium
3083 3423 3427 3488 Fabricium,
3475 3431 3535 3475 ut
3581 3419 3660 3472 illa

2067 3513 2203 3603 ipsa,
2229 3546 2386 3602 quam
2407 3539 2530 3582 ante
2547 3521 3110 3581 commemoravinuis,
3137 3513 3378 3585 Epistula
3407 3513 3658 3574 declarat,

2069 3628 2119 3682 iu
2175 3642 2276 3693 qua
2326 3624 2555 3694 graviter
2595 3621 2833 3690 queritur
2873 3631 2986 3676 eo»;
3020 3613 3106 3680 qui
3147 3611 3324 3664 latinae
3378 3605 3653 3675 elegantia!

2071 3717 2293 3771 smdio~i
2339 3729 2460 3768 esse
2499 3728 2561 3766 ac
2602 3711 2767 3762 videri
2799 3706 2984 3766 velint,
3019 3701 3293 3770 negligere
3349 3697 3656 3766 plerumque

2071 3810 2269 3876 scripta
2307 3806 2644 3874 antiqum'um
2677 3799 2930 3854 Ecclesia:
2967 3797 3279 3850 Doctorum.
3310 3803 3526 3859 quorum
3551 3786 3660 3837 lec-

2074 3901 2146 3956 tio
2184 3900 2450 3969 egregiam
2503 3896 2801 3950 doctrinam
2846 3886 3210 3952 Ecclesiaeque
3247 3882 3422 3936 utilem
3452 3889 3642 3945 suppe-

2075 3995 2226 4054 ditet,
2273 3993 2630 4060 pietatemque
2661 3987 2788 4048 alat,
2821 3983 2973 4049 cttjtts
3006 3978 3144 4032 haud
3171 3976 3326 4041 paulo
3357 3973 3518 4040 major
3539 3979 3655 4021 esse

2077 4089 2293 4151 delicat,
2327 4102 2482 4152 quam
2517 4081 2818 4151 elegantia»,
2845 4093 2995 4132 cura.
3024 4073 3194 4139 Quid?
3221 4070 3513 4126 Barthium.
3542 4061 3659 4118 Bri-

387 4167 487 4223 Vt'l.
519 4169 619 4226 Ph.
652 4171 966 4226 Melana/itit.
997 4192 1050 4242 ρ.
1078 4173 1138 4226 Ἠ
1177 4171 1194 4240 )
1227 4171 1292 4225 ad
1332 4171 1641 4239 disciplinas
1679 4172 1966 4228 fundandae

2107 4181 2312 4241 tesium,
2341 4176 2610 4237 llivlnum,
2639 4169 3121 4226 liittershttsiumet
3148 4163 3283 4218 haud
3311 4155 3660 4231 paucosalios,

377 4273 553 4326 natus,
599 4265 682 4320 eui
738 4265 1004 4320 Lutherus
1035 4274 1090 4320 et
1117 4265 1487 4327 Mclmtchthon
1544 4274 1745 4318 tantum
1778 4269 1828 4320 in
1879 4266 1976 4320 hac

381 4358 668 4412 Academia
724 4360 1054 4419 tribuerunt.
1102 4369 1359 4428 quantum
1415 4358 1635 4411 nctnini.
1679 4357 1845 4425 Cujus
1901 4359 1977 4414 rei

381 4443 652 4503 {uictorem
704 4450 956 4505 idonemn
1007 4450 1265 4503 habemus
1313 4447 1599 4515 Georgium:
1637 4447 1975 4512 Fabricium,

382 4543 531 4596 schol
553 4562 578 4591 ιι
607 4542 945 4595 Borucriame
973 4543 1268 4605 alumnum,
1300 4537 1387 4609 qui
1421 4539 1663 4593 eamdem
1697 4544 1765 4592 ab
1787 4555 1851 4592 eo
1873 4539 1979 4594 dis-

385 4633 594 4701 ciplina:
633 4631 855 4683 formam
907 4632 1131 4698 accepit.
1171 4630 1303 4683 Nam
1341 4633 1390 4683 in
1428 4629 1687 4697 Epistola,
1723 4647 1824 4698 qua
1859 4632 1981 4685 Ale-

384 4731 622 4796 xandro,
667 4728 1133 4794 Martishurgensis
1195 4728 1509 4796 prmsultlus
1561 4726 1982 4781 administratori

388 4823 730 4879 commendat
778 4836 972 4888 corpus
1032 4830 1304 4889 poetarum
1366 4819 1810 4886 Christianorum,
1869 4823 1978 4875 ait:

398 4936 416 4969 ι
445 4917 513 4970 Se
534 4917 739 4984 Leipsm
763 4915 1031 4968 audivisse
1059 4912 1214 4982 (lasp.
1253 4913 1571 4979 Bornrrum,
1606 4913 1834 4985 hymnos
1857 4915 1984 4968 l’ru-

2085 4274 2201 4342 quis
2233 4272 2362 4324 satis
2390 4269 2632 4338 cognitos
2680 4265 2857 4327 habet,
2893 4261 3018 4331 quin
3052 4260 3207 4320 sciat,
3246 4271 3340 4310 eos
3371 4255 3420 4308 in
3459 4261 3657 4306 Caetera,

2087 4340 2370 4418 latinorum
2399 4358 2661 4428 imprimis
2707 4357 3024 4416 litterarum,
3067 4349 3313 4412 scicntia,
3363 4345 3521 4401 etiam
3567 4340 3657 4392 hoc

2086 4474 2255 4528 genus
2309 4451 2717 4520 diligentissime
2767 4456 3044 4507 tractasse,
3094 4441 3327 4497 coluisse
3374 4447 3528 4506 atque
3577 4444 3654 4484 or-

2024 4607 2032 4615 ,
2090 4549 2280 4605 nasse?
2326 4549 2496 4612 Quam
2526 4545 2722 4597 multos
2764 4539 2898 4594 alios
2941 4538 3009 4592 de
3055 4533 3444 4590 recentioribus
3476 4529 3654 4584 littera-

2093 4645 2294 4698 toribus
2326 4653 2541 4710 possum
2593 4644 3034 4693 commemorare,
3087 4628 3178 4697 qui
3226 4623 3510 4694 plurimmn
3559 4613 3661 4669 huic

2091 4740 2270 4807 generi
2321 4707 2644 4804 scriptorum
2699 4729 2923 4799 legendo
2976 4725 3311 4779 tribuerunt:
3367 4720 3419 4773 in
3471 4716 3549 4770 his
3590 4707 3660 4764 Jo-

2090 4831 2237 4886 Frid.
2269 4803 2618 4888 Gronovium,
2650 4841 2810 4876 unum
2835 4821 3073 4874 omnium
3098 4813 3549 4884 elegantissimum
3571 4803 3662 4857 Ῑῖο·

2094 4937 2370 4976 ntanormn
2419 4921 2740 4986 set-iplorum
2781 4916 3150 4983 iu'erpretem,
3201 4905 3291 4976 qui
3347 4913 3449 4957 nan
3505 4898 3657 4952 minus

392 5009 557 5066 deﬂui
604 5011 1040 5078 interpretantem
1075 5007 1479 5062 erlldili\Sill|CZ
1525 5023 1751 5077 eamque
1803 5007 1986 5062 lCCliﬂ-
2015 5017 2065 5076 Ι)
2095 5017 2249 5072 bonis
2285 5011 2755 5068 observmiguihus
2779 5007 3026 5076 auﬂquus
3072 5001 3366 5070 scriplnrcs
3402 4989 3660 5050 CCCICSi'JS‘

395 5123 516 5162 nem
567 5107 737 5171 illum,
787 5122 813 5156 a
865 5107 977 5158 viro
1027 5106 1326 5160 clarissimo
1355 5105 1511 5158 Petro
1543 5104 1836 5158 Moscllano
1890 5102 1986 5155 sibi

397 5201 546 5268 quasi
576 5213 667 5266 per
701 5213 887 5252 manus
917 5199 1181 5262 traditam,
1214 5197 1354 5252 ﬁdeli
1382 5197 1718 5265 possessione
1747 5195 1811 5247 ad
1837 5203 1989 5246 nsum

403 5291 672 5360 publicum
720 5291 916 5343 mullos
947 5305 1115 5342 annos
1144 5291 1427 5343 retinuisse
1461 5285 1564 5359 (l).
1598 5305 1616 5337 ι
1665 5285 1771 5340 Nec
1822 5281 1887 5336 ab
1930 5285 1992 5338 ea

401 5388 608 5439 ratione
659 5385 879 5439 recessit
922 5384 1226 5439 Joachitnus
1280 5382 1638 5443 Camerarius,
1694 5379 1877 5432 tertius
1930 5376 1996 5430 de

405 5491 629 5530 numero
669 5492 875 5532 eorum.
929 5477 1016 5546 qui
1071 5477 1277 5530 litteras
1331 5473 1468 5542 apud
1519 5487 1618 5526 nos
1675 5469 1996 5535 intulerunt,

407 5585 566 5639 quem
595 5570 832 5624 studiose
845 5570 1232 5640 diligenterque
1256 5575 1390 5620 tract
1407 5580 1510 5619 isse
1523 5565 1810 5633 scriptores
1824 5561 1973 5616 eccle
1987 5588 2001 5598 -

487 5728 564 5794 (1)
602 5731 661 5780 Ᾰ.
693 5730 930 5783 Bornero
958 5729 1114 5780 etiam
1142 5724 1473 5794 Prudfnlt'tmt
1503 5722 1702 5794 editum
1739 5735 1860 5794 esse
1885 5720 2009 5786 Lip.

415 5790 505 5850 sire
529 5790 844 5854 discaslicct
870 5815 900 5853 e
921 5797 987 5853 G.
1019 5798 1245 5852 Fabricii
1267 5791 1545 5846 Comment.
1567 5794 1620 5846 in
1650 5791 1798 5846 Poet.
1821 5790 2008 5845 Christ.

419 5884 471 5928 ι).
499 5870 567 5922 50
610 5870 725 5923 init.

2095 5114 2229 5168 ticos
2260 5107 2543 5162 illustravit
2588 5116 2638 5159 et
2674 5100 2970 5171 castigavit.
3021 5109 3178 5167 quarti
3208 5093 3497 5147 Bonmnos.

2174 5202 2300 5255 liam
2344 5210 2522 5252 autem
2556 5197 2816 5250 rationem
2849 5190 3044 5245 multas
3069 5197 3123 5241 et
3167 5196 3388 5254 magnas
3436 5176 3662 5232 utilitates

2102 5297 2320 5360 habere,
2365 5293 2650 5364 plurimum
2683 5291 2840 5344 etiam
2869 5282 3242 5340 delectationis
3270 5292 3372 5332 noa
3399 5263 3659 5328 illiberalis.

2105 5391 2258 5446 facile
2297 5388 2475 5444 doceri
2524 5393 2710 5453 potrsL
2775 5382 2854 5436 Ac
2915 5378 3164 5449 primum,
3206 5369 3348 5442 quod
3397 5366 3660 5453 liuet-erunt

2108 5486 2413 5540 Griccarum
2437 5491 2490 5533 et
2523 5478 2827 5532 Latinarum
2868 5467 3311 5526 instaurationem
3342 5457 3589 5530 profuisse
3614 5440 3663 5544 illi

2113 5573 2512 5632 instaurandam
2546 5569 2806 5622 doctrina:
2847 5577 3014 5618 sacra:
3055 5557 3338 5628 puritatem
3384 5560 3437 5604 et
3479 5549 3663 5609 integri-

2119 5678 2305 5732 tatem,
2339 5683 2439 5720 una
2479 5672 2531 5718 et
2574 5659 2944 5715 consentiente
2971 5667 3121 5712 voce.
3152 5651 3474 5704 litteratores
3505 5634 3666 5707 pariter

2119 5775 2277 5834 atque
2302 5758 2530 5827 theologi
2559 5755 2748 5809 eruditi
2784 5747 3087 5822 praedicant.
3119 5743 3168 5796 id
3200 5737 3436 5812 profecto
3467 5733 3555 5785 hac
3580 5734 3667 5834 uta-

2120 5822 2262 5911 xime
2309 5853 2376 5909 de
2402 5822 2561 5907 caiisa
2593 5845 2834 5914 contigit,
2879 5836 3023 5910 quod
3060 5822 3666 5907 earumrlitteraruntsw‘
