3818 6278
97 406 205 469 221

1519 398 1909 469 ΡΚΔΕΡΑΤΙΟ.

3301 416 3409 482 922

107 552 264 608 dium
318 566 441 608 cum
493 550 796 608 divinorum
840 550 1096 624 primum,
1144 549 1337 609 deinde
1380 568 1510 609 vero
1550 552 1710 607 etiam
1738 520 1791 589 Α
1818 527 1895 624 Ac
1951 532 2166 602 ηθδοῖοι
2194 549 2259 591 an
2306 552 2446 594 ηυηο
2484 554 2697 611 ιιυοίιυθ
2743 538 3060 599 τ’θιιάίδίιῖοΐ
3110 542 3408 604 “iteratum

112 654 370 702 veterum
410 643 657 701 Ecclesiae
685 642 973 698 Librorum
1023 643 1253 699 lcetioue
1298 655 1350 699 et
1398 644 1718 713 interpreta-

122 738 279 792 tione
332 737 663 804 conjunctnm
714 743 818 789 est.
862 732 1074 789 Etenim
1106 733 1211 789 illa:
1242 734 1433 788 littera:
1457 736 1554 788 etsi
1577 734 1717 788 hanc

125 830 242 883 vim
277 828 467 883 habere
496 838 736 895 potuere,
770 836 828 880 ut
856 825 1067 896 ingenia
1094 827 1158 879 ad
1187 824 1467 896 elegantias
1497 842 1716 882 sensum

131 931 409 985 acuerent,
449 931 497 974 et
525 920 635 990 ejus
678 935 917 976 antorem
946 920 1309 986 incenderent,
1348 930 1547 985 tamen,
1587 920 1715 976 siin

128 1016 224 1084 iis,
248 1016 350 1071 hoc
386 1026 482 1077 est,
512 1014 560 1066 iu
586 1012 935 1084 profanorum
960 1013 1217 1069 librorum
1246 1013 1479 1068 lectione
1499 1028 1557 1064 se
1580 1027 1713 1067 con-

133 1107 419 1164 tinuissent
455 1122 636 1161 earum
664 1108 914 1174 studiosi,
960 1107 1093 1162 nihil
1122 1107 1264 1162 aliud
1295 1109 1395 1163 nisi
1442 1116 1718 1178 contemp-

129 1207 239 1255 tum
272 1214 452 1253 eorum
499 1199 778 1268 suscipere
808 1198 1125 1268 potuissent,
1177 1200 1264 1270 qui
1297 1214 1472 1255 rerum
1500 1200 1716 1255 divina-

132 1307 250 1348 rum
302 1290 574 1345 scientiam
631 1290 928 1356 traderent,
978 1302 1299 1362 propterea,
1341 1292 1483 1362 quod
1528 1307 1716 1349 eorum

140 1386 407 1457 disciplina
456 1385 716 1440 barbaria:
745 1386 999 1442 sordibus
1036 1386 1397 1461 contaminata
1433 1397 1486 1442 et
1526 1386 1720 1442 obscu-

147 1490 256 1538 rata
298 1489 454 1536 esset.
498 1482 575 1535 Ac
610 1480 753 1549 quod
787 1481 1038 1536 traditum
1081 1490 1161 1535 est
1188 1479 1256 1536 de
1288 1481 1559 1535 nonnullis
1578 1480 1719 1536 illius

152 1572 394 1644 temporis
432 1572 835 1640 litteraturibus,
885 1585 981 1628 eos
1007 1571 1356 1628 abhorruisse
1380 1587 1410 1624 a
1438 1571 1716 1641 religione,

167 1675 220 1721 et
250 1665 409 1720 divina
438 1663 816 1729 contempsisse
856 1672 1017 1735 atque
1061 1664 1267 1729 risisse,
1319 1665 1369 1719 id
1402 1665 1446 1718 si
1499 1664 1567 1719 ita
1611 1675 1715 1730 est,

177 1768 231 1815 et
263 1774 359 1813 non
397 1757 548 1827 potius
570 1756 891 1812 criminandi
935 1764 990 1811 et
1014 1757 1228 1812 invidite
1259 1746 1517 1812 faciendae
1556 1771 1717 1814 causa

180 1859 291 1906 tum
321 1864 349 1903 a
386 1849 590 1904 barbaris
620 1849 950 1913 hominibus,
984 1850 1071 1920 qui
1117 1859 1486 1921 contemptum
1519 1850 1599 1904 sui
1629 1850 1717 1904 ul-
1743 1886 1757 1921 ε

179 1945 301 1999 cisci
342 1951 574 2011 cuperent,
619 1939 912 1995 conﬁctum
966 1948 1068 2008 est,
1100 1943 1242 2011 quod
1271 1942 1566 1997 doctissimi
1598 1942 1717 2012 qui—

173 2037 291 2092 dam
331 2035 412 2090 viri
447 2035 759 2098 existimant,
811 2034 1017 2103 nescio,
1061 2050 1128 2090 an
1182 2038 1244 2090 iis
1288 2036 1544 2091 acciderit
1594 2052 1721 2106 pro-
1760 2090 1765 2093 Α

166 2138 356 2198 pterea.
398 2126 523 2197 quod
559 2126 613 2181 in
664 2127 909 2197 legendis
941 2127 1340 2197 tractandisque
1368 2128 1517 2183 libris
1543 2130 1721 2199 genti-

159 2222 283 2277 lium
308 2221 707 2290 acquiescerent,
733 2236 1030 2290 eorumque
1059 2222 1323 2291 elegantia
1363 2229 1418 2276 et
1461 2221 1722 2278 suavitate

161 2314 227 2368 ita
264 2313 395 2381 capti
440 2321 760 2381 tenerentur,
814 2322 872 2369 ut
899 2314 1030 2370 nihil
1074 2314 1217 2369 aliud
1260 2315 1524 2385 attingere
1553 2329 1721 2383 cupe-

165 2414 278 2460 rent
325 2414 408 2457 aut
442 2405 779 2461 sustinerent.
827 2407 884 2461 lu
914 2422 1018 2477 quo
1045 2407 1202 2463 facile
1228 2407 1479 2463 accidere
1520 2411 1715 2479 potuit,

167 2505 220 2550 ut
243 2495 553 2565 disciplinam
571 2498 841 2568 religionis
870 2498 1171 2568 judicareut
1202 2514 1233 2554 e
1260 2509 1481 2570 stupore
1508 2510 1562 2556 et
1585 2502 1722 2558 stul-

166 2589 272 2644 tilia
315 2605 484 2644 eorum
538 2590 615 2645 vel
662 2590 937 2647 hominum
983 2590 1073 2660 qtti
1110 2606 1227 2646 eam
1261 2600 1372 2646 tum
1410 2592 1725 2664 proﬁteren-

170 2693 268 2750 tur,
296 2682 371 2738 vel
410 2683 657 2738 librorum
700 2683 769 2740 de
810 2685 1090 2755 religione.
1121 2685 1209 2754 qui
1252 2684 1305 2739 in
1352 2686 1595 2742 manibus
1622 2685 1724 2741 ho-

166 2775 352 2830 minum
408 2786 597 2831 essent.
662 2776 945 2831 Enimvero
999 2791 1121 2832 cum
1171 2776 1387 2848 quidam
1446 2777 1528 2833 his
1586 2779 1726 2833 litte—

176 2871 246 2924 ris
288 2871 452 2925 imbuti
501 2871 567 2925 ad
620 2883 833 2928 veteres
881 2872 1138 2931 Ecclesiae
1204 2874 1490 2928 Doctorum
1558 2872 1725 2929 libros

179 2959 380 3017 Graccus
399 2962 705 3034 Latinosque
733 2964 1136 3034 cognoscendas
1167 2980 1224 3019 se
1252 2965 1545 3027 dedissent.
1580 2982 1716 3036 quo-

181 3055 751 3123 ruminlelligendorum
800 3057 1102 3111 tacultatetn
1160 3058 1367 3113 illarum
1426 3060 1724 3116 litterarum

169 3144 371 3200 scientia
413 3147 661 3213 dederat,
705 3159 813 3204 tum
854 3165 981 3205 vero
1029 3138 1084 3204 et
1130 3150 1274 3220 ipsos
1298 3151 1489 3210 Libros
1543 3169 1726 3212 sacros

164 3236 351 3293 rectius
390 3240 673 3307 intelligere
706 3241 1004 3306 discebant,
1035 3253 1090 3297 et
1118 3243 1258 3313 quod
1292 3245 1523 3314 vulgaris
1560 3246 1723 3302 disci-

164 3329 295 3366 nlinq
338 3332 603 3366 llmnlnnim
660 3310 881 3366 ιιοιωιυιι
934 3335 1175 3366 οιιιιιῖιῖαι
1213 3346 1263 3366 nl
1319 3337 1541 3366 haud“...
1596 3338 1645 3366 ἔτι
1676 3339 1720 3366 ,ιζ
1750 3280 1797 3366 d

156 3329 295 3398 plina
335 3332 603 3402 theologia:
658 3332 886 3403 habebat
933 3335 1175 3389 stultitia:
1212 3346 1265 3390 et
1318 3337 1562 3403 inscitia,
1596 3338 1646 3393 id
1674 3339 1722 3396 ei

155 3424 281 3479 vitio
320 3425 584 3482 hominum
616 3428 954 3484 indoctorum
985 3439 1042 3483 et
1069 3429 1419 3485 barbarorum
1460 3432 1720 3498 additum,

154 3517 518 3590 intelligebant.
558 3520 673 3588 Qua
704 3538 761 3576 re
793 3522 996 3577 incensi
1042 3531 1168 3577 sunt
1194 3524 1355 3576 animi
1396 3524 1460 3577 ad
1489 3524 1723 3580 studium

153 3608 427 3667 liberanda;
456 3612 648 3668 divinae
689 3613 946 3669 doctrinte
983 3615 1051 3670 ab
1103 3615 1352 3671 sordibus
1376 3631 1618 3672 errorum
1670 3628 1725 3674 et

158 3700 456 3772 ineptiarum
502 3704 966 3771 scholasticarum,
1018 3706 1212 3775 quibus
1273 3722 1367 3776 per
1407 3717 1483 3763 tut
1526 3710 1722 3764 saecula

160 3798 488 3851 contaminata
532 3808 586 3853 et
618 3813 874 3868 oppressa
900 3799 1159 3869 iacuerat.

241 3888 405 3956 Atque
438 3899 507 3965 ut
558 3890 750 3944 litterae
802 3891 1143 3947 humaniores
1191 3890 1291 3947 hac
1334 3892 1541 3948 ratione
1600 3911 1724 3963 pru-

168 3974 349 4033 luerunt
380 3981 643 4051 religioni,
676 3982 757 4036 sic
799 3982 863 4036 iis
891 3983 1124 4038 vicissim
1163 3984 1399 4063 religio,
1431 4001 1723 4055 earumque

167 4080 263 4124 cum
292 4075 611 4143 scriptorum
633 4076 1130 4131 Erclesiasticorum
1160 4078 1385 4131 lectione
1414 4079 1722 4146 coniunctio

170 4158 418 4224 plurimum
446 4165 662 4236 profuit.
719 4166 928 4220 Etenim
960 4181 1080 4221 cum
1119 4169 1384 4237 Sopltisttn
1410 4181 1460 4225 et
1490 4171 1721 4227 Theolo-

166 4247 289 4316 gistaa
330 4256 528 4311 btrliari
574 4268 702 4312 ante
738 4258 1095 4323 clamassent,
1142 4260 1348 4315 litteras
1384 4260 1501 4317 illas
1528 4263 1720 4320 obesse

168 4343 378 4415 religioni
406 4390 421 4413 ,
450 4361 534 4403 aut
566 4362 715 4405 certe
745 4350 795 4403 in
827 4350 1035 4415 verbis,
1066 4351 1261 4407 fabulis
1282 4395 1295 4417 ,
1324 4355 1570 4410 inanibus
1602 4356 1710 4411 his-

172 4438 312 4493 toriis
345 4446 526 4498 versari
560 4452 700 4496 totas
728 4485 743 4510 ,
776 4434 906 4498 nihil
941 4445 1195 4511 prodesse
1220 4436 1514 4516 ἀῐεείρὶῑυὶς
1549 4449 1719 4517 majo-

162 4524 303 4585 ribus
318 4575 332 4597 ,
352 4548 377 4585 a
401 4532 543 4589 rebus
566 4536 775 4605 magnis
797 4545 849 4591 et
873 4537 1087 4591 utilibus
1103 4538 1168 4593 ad
1193 4540 1502 4610 religionem
1527 4558 1718 4599 vacuas

149 4626 300 4691 esse,
333 4641 540 4698 eamque
566 4627 641 4682 ob
666 4642 881 4682 causam
914 4629 1160 4696 inutiles,
1209 4647 1306 4686 nec
1331 4632 1518 4703 dignas
1541 4635 1718 4689 studio

125 4703 417 4776 iuventutis
444 4764 458 4788 ,
497 4720 643 4794 quod
680 4721 937 4791 jactatum
986 4724 1147 4778 etiam
1191 4723 1242 4778 in
1290 4724 1388 4779 hae
1428 4726 1713 4782 Academia

125 4805 390 4884 l"aditur,
437 4832 554 4873 cum
611 4816 844 4885 thagius
885 4810 1342 4888 Esticampianus
1386 4834 1478 4873 cas
1519 4822 1717 4876 docere

115 4901 406 4972 CQpisset.
458 4908 674 4963 Andrea
713 4900 977 4964 Delitiano
1024 4927 1145 4964 cum
1190 4911 1427 4980 quintam
1462 4914 1512 4967 in
1555 4930 1715 4970 curru

108 4991 306 5073 lotam
334 5011 581 5065 vocante,
625 5015 684 5054 os
725 5000 788 5053 iis
829 5001 1132 5057 obturatum
1163 5013 1245 5058 est
1290 5012 1399 5058 tum
1430 5048 1444 5068 ,
1487 5021 1607 5060 cum
1639 5021 1719 5062 ea:

90 5063 323 5163 .I’Ktera-
359 5093 421 5146 ad
453 5108 731 5150 sacrorum
759 5097 1042 5152 Librorum
1069 5138 1083 5162 ,
1118 5096 1183 5149 ad
1213 5096 1468 5151 Eeclesim
1496 5097 1715 5154 Patrum

84 5168 175 5261 ξ’)
208 5181 530 5253 telligeutiam
577 5191 846 5243 translatae
894 5196 1076 5243 essent
1108 5227 1123 5253 ,
1170 5188 1667 5261 intelligereturqtte
1698 5234 1713 5259 ,

60 5256 342 5337 ,μξιεεε
385 5276 588 5332 aditum
635 5279 751 5333 dari
800 5279 865 5335 ad
906 5294 1090 5334 veram
1131 5293 1405 5334 sacrorum
1456 5280 1714 5338 librorum

59 5343 173 5438 \x‘
214 5369 624 5434 terpretationem
660 5379 714 5425 et
753 5371 817 5425 ad
867 5388 1044 5427 veram
1077 5370 1385 5438 TlteoIOgiae
1416 5373 1715 5428 scientiam.

96 5420 314 5535 “ﬁtque
365 5477 487 5517 cum
559 5463 618 5517 P.
668 5462 994 5521 Mosellanus
1063 5464 1402 5535 interpretari
1466 5463 1720 5531 «cpisset

148 5525 387 5608 Y«liiStolas
413 5550 611 5617 Pauli,
642 5554 693 5606 in
731 5570 834 5623 quo
860 5556 1089 5611 maxime
1113 5597 1130 5622 ,
1165 5566 1219 5610 ιιι
1251 5565 1358 5610 tum
1403 5565 1556 5610 erant
1583 5567 1713 5611 tetu-

154 5636 296 5713 Ρθτὲ,
323 5636 675 5713 adjuvahatur
716 5644 925 5701 Patrum
977 5647 1287 5703 Grazcorum
1324 5657 1377 5701 et
1405 5642 1713 5704 Latinorum

143 5708 353 5812 ifclioue
373 5780 388 5806 ,
425 5738 570 5793 tanti
605 5752 886 5796 concursus
907 5740 1201 5812 juventutis
1230 5750 1356 5797 sunt
1383 5739 1509 5796 facti
1532 5784 1545 5805 ,
1570 5749 1624 5795 et
1649 5740 1714 5798 ad

132 5799 248 5905 luas
282 5821 413 5901 ίρεθέ
439 5871 455 5889 ο
487 5836 548 5882 ει
578 5824 646 5880 ad
676 5838 884 5887 Cir-latas
907 5799 1029 5905 ejus
1059 5820 1346 5900 lectiones,
1378 5844 1435 5888 ut
1460 5831 1571 5903 jam
1595 5830 1718 5889 victi

125 5898 357 6003 μέδηαι
378 5964 397 5990 ,
444 5916 552 5990 qui
613 5908 757 5978 bonis
797 5898 985 5985 litteris
1029 5934 1151 5985 ante
1196 5898 1377 5985 essent
1419 5898 1714 5984 adversati.

1825 616 2199 684 humauiorum
2256 628 2390 685 booa
2449 647 2598 689 merx
2658 634 2796 690 foret
2848 637 2898 691 in
2961 639 3262 694 Academiis
3295 682 3312 708 ,
3363 642 3410 699 si

1820 736 2003 778 earum
2059 720 2335 795 disciplina
2393 744 2513 783 cum
2554 729 2722 783 sacris
2774 730 2861 783 tali
2904 731 3063 785 modo
3108 735 3407 805 conjunge-

1820 827 1970 869 retur
2019 816 2085 870 ab
2115 833 2298 871 eorum
2339 819 2687 887 doctoribus,
2742 821 2829 891 qtti
2883 812 2934 875 in
2982 822 3248 894 plerisque
3278 825 3411 884 locis

1751 904 1761 914 ’
1822 910 1988 979 ‘prope
2016 902 2113 963 soli
2151 904 2340 966 sedent
2381 914 2431 966 in
2483 912 2702 967 scholis.
2755 912 2888 968 Nam
2934 923 2991 971 et
3020 932 3116 987 per
3142 935 3200 973 se
3229 920 3412 976 utilior

1821 996 2100 1073 disciplina
2145 1003 2492 1059 humanitatis
2538 1006 2852 1063 redderetur
2876 1049 2891 1075 ,
2947 1022 2999 1065 et
3032 1009 3188 1067 facile
3219 998 3411 1067 intelli-

1820 1107 2009 1166 gerent
2029 1098 2253 1167 juvenes
2275 1140 2289 1164 ,
2312 1113 2403 1152 eas
2420 1097 2624 1153 litteras
2651 1098 2751 1155 sibi
2783 1116 2887 1155 non
2915 1094 3104 1168 modo,
3136 1119 3253 1173 quae
3273 1112 3414 1162 nunc

1820 1180 2052 1258 vulgaris
2083 1188 2265 1258 opinio
2308 1199 2411 1253 est,
2462 1189 2528 1245 ad
2582 1192 3024 1264 qualemcumque
3073 1194 3234 1251 latine
3275 1186 3411 1253 scri-

1822 1280 1978 1338 bendi
2012 1282 2317 1341 facultatem
2350 1285 2658 1358 proi‘uturas
2679 1330 2694 1353 ,
2723 1303 2882 1358 quam
2927 1291 3171 1360 permulti
3200 1308 3268 1348 ne
3311 1309 3409 1350 ex-

1822 1385 2009 1445 petunt
2036 1372 2247 1448 quidem
2283 1419 2297 1445 ,
2326 1380 2466 1450 quod
2494 1379 2608 1449 ejus
2637 1376 2740 1435 sibi
2777 1397 2872 1449 pro
2902 1381 3154 1438 institutae
3179 1383 3298 1440 vitae
3328 1400 3415 1440 ra—

1823 1467 2056 1523 tionibus
2084 1471 2332 1541 exiguum
2361 1483 2452 1525 aut
2484 1473 2685 1526 nullum
2724 1488 2877 1529 usum
2903 1474 3079 1530 vident
3110 1477 3224 1533 fore
3254 1519 3270 1546 ,
3317 1477 3414 1535 sed
3502 1524 3505 1525 ν

1820 1561 1981 1616 etiam
2016 1605 2030 1629 ,
2080 1574 2134 1618 et
2185 1565 2353 1619 tnulto
2395 1567 2607 1635 quidem
2646 1569 2847 1640 magis,
2879 1569 2943 1623 ad
2981 1569 3238 1626 doctrina:
3269 1573 3414 1629 utilis

1820 1655 2029 1723 eopiam
2062 1672 2105 1722 ,·
2143 1655 2207 1711 ad
2250 1673 2409 1728 quam
2452 1659 2621 1727 ipsam
2662 1670 2715 1714 et
2758 1662 3114 1731 expetendam
3158 1640 3416 1735 paulatim

1820 1747 2160 1803 allicerentur
2191 1793 2205 1814 ,
2240 1760 2293 1805 ct
2322 1753 2737 1820 comparandam
2762 1755 3172 1812 adducerentur.
3266 1770 3270 1774 '

1891 1839 2074 1911 Neque
2124 1839 2264 1896 enim
2311 1843 2558 1914 profecto
2598 1842 2702 1900 dici
2737 1847 2836 1901 hoc
2866 1864 2992 1902 vere
3039 1860 3255 1919 potest,
3307 1866 3413 1909 non

1827 1930 2023 1988 habere
2079 1936 2362 1990 Doctorum
2392 1940 2587 1992 veteris
2620 1932 2874 1994 Ecclesiin
2907 1932 3070 1995 libros
3101 1981 3116 2007 ,
3149 1958 3256 2012 quo
3285 1957 3412 2011 pos-

1825 2027 1992 2081 simus
2015 2028 2068 2081 in
2096 2028 2239 2082 omni
2262 2044 2462 2097 genere
2486 2029 2778 2100 doctrinae,
2807 2032 2947 2103 quod
2978 2034 3414 2104 habeataliquam

1827 2120 1911 2175 vel
1927 2136 2046 2175 cum
2066 2120 2324 2193 religione
2344 2124 2795 2193 conjunctionem,
2822 2127 2906 2182 vel
2923 2127 2987 2181 ad
3011 2143 3216 2182 sacram
3239 2127 3417 2182 scien-

1828 2214 1952 2268 tiam
1997 2212 2131 2269 bene
2173 2217 2502 2271 traeiaudam
2558 2218 2838 2274 utilitatem
2872 2261 2888 2286 ,
2918 2218 3113 2290 juvari.
3174 2220 3414 2290 Longum

1827 2292 1962 2361 l‘oret
1991 2306 2366 2365 demonstrare
2392 2351 2405 2373 ,
2436 2311 2561 2382 quid
2607 2311 2672 2366 ab
2723 2313 2788 2367 iis
2818 2313 3049 2382 praesidii
3093 2302 3158 2368 ad
3186 2312 3419 2370 Theolo-

1826 2401 1965 2471 giant
1998 2441 2012 2463 ,
2047 2400 2111 2455 ad
2140 2398 2638 2474 interpretationem
2669 2405 3063 2474 Scripturarum
3093 2391 3414 2472 sacraruttr,

1827 2488 1893 2546 ad
1936 2508 2140 2547 sacram
2186 2494 2504 2565 civilemque
2544 2494 2823 2550 historiam
2854 2537 2869 2560 .
2920 2496 2984 2551 ad
3022 2496 3417 2567 Geographiam

1829 2597 2109 2657 utramque
2129 2629 2141 2648 .
2172 2574 2236 2640 ad
2269 2576 2398 2642 alias
2429 2570 2572 2642 at-tes
2600 2604 2660 2641 ac
2685 2576 3013 2656 disciplinas,
3047 2596 3101 2642 et
3125 2587 3414 2658 quomodo,

1830 2679 1932 2748 peti
1954 2678 2139 2747 possit.
2160 2672 2355 2748 integri
2382 2664 2750 2732 commentarii
2776 2679 2875 2732 huc
2890 2688 3259 2748 argumentum
3287 2687 3367 2732 est
3398 2714 3414 2746 ,
3439 2699 3448 2711 -

1828 2786 1987 2840 quem
2030 2785 2172 2824 nunc
2212 2786 2317 2824 non
2362 2764 2671 2825 scribimus.
2728 2758 2806 2825 Ad
2847 2770 3206 2837 eloquentiam
3252 2785 3369 2825 eam
3397 2810 3415 2838 ,

1830 2879 1931 2933 qua
1963 2860 2013 2917 in
2043 2863 2257 2933 templis
2284 2863 2356 2918 uti
2386 2864 2668 2930 convenit,
2693 2872 2942 2932 quantam
2974 2862 3180 2930 copiam
3212 2877 3413 2925 rerum,

1830 2968 2299 3028 argumentorum,
2335 2957 2597 3026 imprimis
2628 2958 2958 3027 popularium
2986 2998 2999 3020 ,
3029 2955 3420 3011 sententiarum

1829 3052 2061 3106 maxime
2085 3053 2404 3121 optimarum
2427 3093 2440 3115 ,
2474 3051 2634 3104 etiam
2659 3059 2931 3104 acutarum
2963 3059 3016 3103 et
3040 3059 3417 3117 venustarutn,

1829 3142 2187 3216 suppeditabit
2233 3160 2293 3200 ea
2339 3134 2500 3200 lectio
2533 3155 2674 3200 reete
2724 3145 2959 3198 instituta
2986 3185 3001 3206 ,
3049 3141 3150 3196 hoc.
3193 3152 3274 3196 est
3302 3181 3323 3219 ,ν
3372 3140 3419 3196 si

1830 3239 2018 3295 doctor
2049 3282 2063 3305 ,
2115 3241 2165 3292 iu
2211 3239 2312 3293 hoc
2352 3254 2551 3309 genere
2582 3238 2839 3292 librorum
2871 3246 3115 3292 versatus
3145 3277 3160 3303 ,
3217 3233 3420 3289 indica-

1831 3332 1995 3396 Verit,
2028 3331 2152 3402 quid
2179 3332 2230 3385 in
2258 3346 2362 3384 uno
2385 3345 2599 3401 quoque
2624 3331 2693 3384 sit
2717 3310 2781 3384 ad
2814 3330 2952 3386 hanc
2980 3329 3242 3384 rationem
3264 3325 3416 3381 utile.

1831 3425 1967 3480 Sunt
1995 3427 2136 3478 enim
2174 3424 2223 3477 iu
2274 3425 2374 3476 huc
2412 3438 2610 3493 genere
2640 3438 2769 3478 sane
2815 3420 2965 3478 multi
3006 3419 3203 3492 egregii
3249 3426 3304 3473 et
3329 3430 3417 3472 co-I

1830 3518 1992 3588 piosi,
2019 3526 2074 3570 ut
2104 3508 2231 3570 inhit
2251 3514 2423 3569 dicam
2453 3515 2519 3569 de
2533 3515 2919 3587 Cbrysostomo
2938 3556 2952 3580 ,
2976 3527 3027 3570 et
3055 3498 3415 3573 aliisGrrecis,

1827 3602 2147 3679 eloquentiae
2198 3606 2413 3663 nomine
2435 3608 2623 3676 claris,
2654 3609 3012 3664 Tertulliauus
3036 3650 3051 3675 ,
3082 3607 3378 3683 Cyprianus
3398 3645 3413 3670 ,

1828 3701 2153 3772 Augustinus
2180 3744 2193 3765 ,
2231 3698 2598 3773 imprimisque
2629 3703 2941 3758 Ambrosius
2970 3718 3091 3756 cum
3122 3699 3375 3755 Salviano
3399 3738 3415 3764 ,

1827 3790 1985 3849 Petro
2023 3790 2386 3865 Chrysalogo,
2421 3804 2510 3855 ει,
2544 3795 2682 3864 quod
2711 3794 2927 3865 quidem
2958 3794 3022 3847 ad
3064 3797 3273 3865 copiam
3322 3776 3419 3844 ho-

1826 3904 2014 3941 t‘tarum
2048 3928 2062 3952 ,
2120 3899 2440 3949 acutarum,
2510 3896 2564 3941 et
2619 3897 2964 3941 veuttstaruut
3029 3885 3413 3939 sententiarum

1825 3980 2013 4037 attinet
2037 4022 2050 4043 ,
2089 3996 2309 4051 quarum
2341 3981 2391 4034 in
2422 3981 2724 4051 eloquentia
2755 3980 3112 4035 ecclesiastica
3146 3992 3274 4032 usus
3308 3979 3413 4043 sit,

1825 4068 2061 4125 omnium
2111 4072 2379 4141 principe,
2425 4069 2730 4138 Bernardo,
2773 4070 2862 4140 qui
2915 4070 3111 4124 nullam
3157 4069 3314 4122 aliam
3348 4067 3416 4120 ob

1823 4179 2040 4218 causam
2091 4163 2378 4217 tnelliﬂuus
2421 4160 2593 4217 dictus
2621 4171 2724 4217 est.
2803 4163 2974 4231 Atque
3024 4161 3160 4216 hanc
3199 4165 3415 4213 senten-

1826 4245 2015 4301 tiarum
2065 4244 2272 4317 copiam
2302 4264 2364 4327 ex
2406 4248 2598 4301 talibus
2646 4256 2791 4300 tanto
2830 4240 3097 4299 salubrius
3143 4234 3416 4298 hauserint

1822 4338 2082 4406 studiosi,
2114 4340 2252 4409 quod
2287 4337 2353 4393 dc
2381 4338 2635 4407 religione
2666 4353 2788 4389 vera
2818 4332 3001 4403 scripti
3034 4345 3159 4390 sunt
3182 4377 3197 4403 ,
3243 4337 3414 4407 iisque

1822 4428 2062 4503 legendis
2089 4430 2248 4485 etiam
2281 4446 2469 4484 sensus
2494 4416 2705 4503 pietalis
2734 4420 3055 4483 excitabitur
3077 4471 3091 4494 ,
3116 4424 3289 4483 aletur
3316 4471 3330 4495 ,
3362 4437 3417 4484 et

1823 4516 2271 4588 coitlit-tttahitttr,
2327 4516 2469 4593 quod
2530 4522 2581 4577 in
2635 4500 3059 4577 Christianorum
3125 4530 3412 4588 veterum,

1824 4619 1985 4671 etiam
2023 4628 2300 4686 pOelat'um
2329 4657 2342 4680 ,
2371 4616 2600 4670 let-tione
2632 4614 2896 4685 imprimis
2934 4606 3210 4682 spectabat
3248 4610 3416 4669 Geor-

1824 4710 1939 4782 gius
1974 4710 2245 4765 Fabricius
2274 4728 2286 4764 ε
2327 4730 2345 4763 ι
2385 4710 2498 4764 Non
2530 4710 2706 4773 enim,
2746 4730 2764 4761 ›
2800 4706 2971 4782 inquit
3001 4750 3016 4775 ,
3048 4696 3293 4781 (Prodat.
3345 4707 3415 4760 ad

1823 4804 1970 4861 Poet.
2003 4804 2189 4861 Clu-ist.
2218 4824 2269 4875 p.
2295 4804 2348 4875 4)
2371 4826 2389 4857 ι
2417 4804 2533 4859 linis
2551 4804 2845 4860 studiorum
2874 4817 2919 4859 et
2943 4778 3200 4857 doctrin-x3
3224 4802 3413 4875 unicus

1821 4913 1901 4958 est
1931 4945 1943 4963 ,
1980 4910 2035 4956 ut
2066 4902 2294 4971 linguam
2320 4901 2635 4971 perpolitatn
2663 4908 2717 4953 et
2745 4896 3032 4952 volubilem
3059 4892 3257 4949 habeas
3277 4937 3291 4957 ,
3318 4870 3411 4949 Sed

1824 5005 1879 5049 ut
1909 4994 2115 5049 colatur
2167 5003 2218 5047 et
2261 4994 2495 5048 abundet
2543 5008 2719 5047 rerum
2772 5005 3081 5058 magnarum
3122 4999 3175 5043 et
3207 4984 3411 5044 utilium

1822 5084 2043 5143 scientia
2075 5080 2305 5142 animus.
2364 5086 2595 5142 Omnino
2622 5093 2797 5138 autem
2839 5081 2997 5135 nullm
3028 5095 3114 5134 res
3142 5081 3408 5150 majores,

1822 5180 2204 5236 fructuosiorcs
2231 5226 2244 5248 ,
2291 5188 2344 5234 et
2390 5176 2659 5244 digniores
2708 5184 2871 5238 sunt,
2902 5189 3060 5245 quam
3106 5175 3319 5247 pietatis
3362 5162 3415 5228 et

1823 5273 2095 5344 religiOnis
2124 5271 2343 5327 scientia
2378 5312 2391 5332 .
2421 5286 2541 5339 qua:
2582 5266 2686 5339 peti
2718 5283 2782 5321 ex
2814 5258 2895 5321 his
2934 5266 3284 5337 scriptoribus
3320 5260 3416 5336 po-

1824 5370 1925 5419 test
1961 5383 1972 5416 :
2006 5365 2056 5418 in
2089 5362 2282 5434 quibus
2321 5359 2527 5415 etiamsi
2583 5356 2685 5413 alia
2733 5373 2838 5414 nou
2870 5356 3185 5415 excellunt.
3236 5368 3411 5412 tamen

1824 5448 2077 5508 lectorem
2102 5453 2377 5507 meliorem
2406 5459 2458 5506 et
2476 5451 2797 5505 sanctiorem
2827 5457 3052 5520 possunt
3079 5447 3406 5505 dimittere.)

1826 5542 1930 5603 Sed
1961 5546 2199 5617 prolrcm
2223 5538 2428 5599 inscitia
2460 5553 2764 5597 nostrorum
2785 5551 3083 5609 temporum
3106 5551 3158 5595 et
3182 5534 3409 5611 ignavia,

1821 5652 1938 5712 Qua:
1960 5643 2118 5695 etiam
2145 5632 2283 5709 apud
2306 5636 2610 5709 Thcologos
2640 5636 2691 5690 in
2727 5628 2822 5690 hac
2850 5624 2997 5706 parte
3020 5626 3176 5715 longe
3202 5624 3412 5706 lateque

1821 5737 2124 5791 dominatur
2142 5778 2157 5803 ,
2184 5735 2343 5790 nimis
2370 5726 2641 5790 humiliter
2667 5734 2829 5789 sentit
2854 5733 2922 5789 de
2954 5732 3052 5788 hoc
3078 5740 3189 5786 toto
3214 5720 3412 5819 genere

1820 5827 2145 5899 scriptorum
2170 5872 2185 5898 ,
2217 5830 2358 5901 quod
2395 5841 2569 5884 tamen
2601 5838 2691 5883 aut
2719 5827 2940 5884 omnino
2968 5842 3072 5901 neq
3100 5827 3249 5882 novit
3274 5867 3288 5893 ,
3322 5836 3414 5884 aut

1822 5921 1909 5980 vix
1934 5916 2222 5995 aliquando
2266 5938 2363 5994 per
2392 5923 2537 5980 leves
2558 5930 2613 5980 et
2631 5916 2781 5980 raras
2818 5918 3129 5980 occasiones
3154 5917 3408 5992 quasdam
