3784 6272
416 351 527 413 225

1833 351 2222 411 ΡΠἉΕΕΑΤΙΟ.
3574 356 3659 416 ὶὶᾶ
3742 348 3743 365 ¹

421 468 440 542 (
467 468 567 523 hoc
591 475 673 524 est
696 508 711 535 ,
742 465 805 522 ad
840 463 1200 542 testimonium
1224 463 1425 522 citandi
1445 480 1606 523 causa
1629 508 1642 533 ,
1677 466 1772 524 sed
1806 466 1917 523 fere
1938 482 2002 523 ex
2031 463 2086 528 A
2110 465 2305 521 simum
2344 464 2574 532 videtur,
2616 467 2842 538 proponi
2887 475 2943 524 et
2975 466 3340 524 commendari
3367 483 3457 525 eos
3477 469 3648 542 libros,

424 539 621 615 indicio
665 539 984 615 novitiorum
1022 557 1384 631 scriptorum)
1412 559 1662 630 inspexit.
1696 561 1807 632 Ego
1831 607 1847 633 ,
1877 570 1933 614 ut
1961 561 2013 615 iu

426 669 487 710 ea
520 662 673 725 parte
710 669 795 707 me
823 657 1124 709 contineam
1152 694 1166 720 ,
1206 668 1324 724 quzc
1364 654 1428 708 ad
1478 654 1798 726 eloquentia:
1842 654 2016 711 Studia

422 747 655 804 maxime
702 746 956 817 pertinet,
1007 762 1164 801 unam
1196 747 1446 821 Cypriani
1475 750 1771 819 Epistulam
1801 750 1869 805 de
1897 751 2017 805 lon-

418 840 658 912 gioribus
689 881 705 905 ,
743 848 797 895 ct
844 842 1147 896 accuratius
1198 842 1445 911 scriptis,
1492 843 1634 899 velut
1682 844 2012 914 secundam,

420 934 690 990 Ambrosii
717 936 844 991 item
874 950 991 991 eam
1012 977 1026 1000 ,
1057 951 1214 1007 quam
1246 935 1570 1011 Symmacho
1589 977 1605 1004 ,
1633 939 1900 1008 paganica:
1928 953 2016 994 re-

421 1026 635 1099 ligionis
651 1028 1114 1085 conservationem
1134 1029 1200 1085 ab
1222 1030 1637 1101 imperatoribus
1662 1031 2013 1088 disertissima

420 1121 646 1193 epistola
696 1123 893 1194 petenti
925 1166 941 1189 ,
974 1127 1226 1194 Opposuit
1254 1167 1270 1188 ,
1315 1124 1400 1179 vel
1444 1125 1825 1180 Bernartliuam
1853 1168 1867 1191 ,
1910 1140 2013 1195 qua

422 1212 486 1271 S.
528 1213 844 1271 Theoderici
864 1214 1055 1271 Abbati
1085 1215 1368 1271 Guiliclmo
1395 1257 1409 1281 ,
1454 1215 1592 1285 apud
1622 1232 1779 1287 quem
1808 1216 2014 1273 delatus

419 1317 578 1376 erat,
622 1307 764 1379 quod
810 1308 1050 1365 studiose
1098 1309 1407 1366 detraheret
1455 1310 1524 1367 de
1570 1311 2013 1368 Cluniacensibus

418 1404 697 1460 monachis
721 1445 735 1469 ,
782 1405 852 1459 ita
891 1419 950 1459 se
982 1414 1167 1477 purgat
1194 1447 1209 1471 ,
1254 1415 1309 1459 ut
1336 1420 1524 1461 eorum
1553 1406 1676 1462 vitia
1705 1407 1882 1461 omnia
1913 1422 2011 1462 ex-

420 1496 654 1567 primat:
686 1496 783 1552 has
827 1496 988 1567 igitur
1019 1539 1034 1563 ,
1085 1507 1143 1552 ut
1184 1499 1284 1552 alia
1333 1499 1527 1553 similia
1576 1509 1822 1566 taceam,
1856 1500 2013 1570 longe

419 1589 748 1660 praetulerim
775 1591 1024 1646 omnibus
1054 1590 1232 1645 latinis
1247 1591 1591 1664 Panegyricis
1608 1638 1624 1663 ,
1648 1592 1740 1664 qui
1764 1592 2013 1648 Pliniano

418 1682 775 1751 subjiciuntur
799 1723 813 1744 .
847 1699 1034 1752 parum
1062 1684 1252 1750 abest;
1296 1684 1429 1755 quin
1461 1685 1619 1740 etiam
1663 1686 1828 1756 ipsius
1857 1685 2011 1741 Plinii

417 1773 681 1844 ambiguis
709 1774 933 1845 argutiis
952 1815 967 1841 ,
996 1784 1050 1831 et
1076 1777 1528 1832 assentatitmibus
1550 1777 1776 1833 eruditis
1801 1821 1817 1846 ,
1852 1794 2011 1848 prop-

2119 559 2207 628 qni
2255 561 2543 614 maximam
2585 560 2814 617 habeant
2861 560 3293 632 conjunctionem
3331 576 3446 617 cum
3489 567 3661 623 casteria

2118 651 2271 706 istius
2307 656 2482 708 :etatis
2521 655 2741 717 studiis,
2775 656 2860 710 vel
2899 656 3092 721 rebus,
3122 655 3206 711 vel
3237 671 3430 727 genere
3465 657 3660 716 dicendi.

2119 743 2356 799 Dubitari
2398 754 2577 800 autem
2622 761 2727 800 non
2772 755 2978 817 potest,
3021 746 3148 819 quin
3194 747 3312 817 ejus
3355 750 3551 819 generis
3584 755 3663 808 sint

2117 838 2347 892 maxime
2387 837 2506 892 libri
2526 838 2571 899 ,ii
2596 880 2610 905 ,
2642 839 2733 910 qui
2767 839 3044 910 religionis
3074 839 3396 895 Christianae
3428 843 3664 901 veritatem

2116 926 2491 983 demonstrant
2519 971 2534 997 ,
2581 938 2636 986 et
2683 930 3124 999 superstitionem
3176 932 3482 1002 paganicatn
3528 948 3663 1004 oppu-

2116 1030 2297 1090 gnant.
2327 1020 2459 1076 Nam
2489 1039 2692 1089 rerum,
2724 1023 2977 1092 primum,
3012 1038 3201 1095 magna
3226 1038 3352 1095 pars
3376 1024 3457 1080 vel
3478 1032 3586 1081 nota
3606 1035 3666 1083 est

2116 1115 2164 1168 ei
2193 1116 2333 1170 aetati
2362 1130 2393 1171 e
2421 1115 2700 1186 gentilium
2731 1118 3054 1187 scriptorum
3081 1157 3095 1182 ,
3131 1127 3408 1187 poetarum
3437 1120 3666 1187 maxime,

2115 1207 2347 1264 lectione
2371 1250 2386 1272 ,
2428 1211 2570 1279 quod
2600 1208 2765 1265 efﬁcit
2791 1209 3196 1282 intelligentiam
3236 1224 3426 1265 eorum
3456 1210 3669 1267 librorum

2117 1299 2440 1365 faciliorem,
2477 1300 2563 1356 vel
2590 1301 2762 1357 lucem
2788 1301 3030 1357 vicissim
3056 1301 3283 1357 affundit
3317 1300 3425 1357 illis
3452 1301 3598 1365 libris.
3629 1304 3668 1357 in

2118 1393 2312 1464 quibus
2351 1394 2740 1464 cognoscendis
2771 1403 2880 1448 tum
2921 1394 3153 1450 maxime
3176 1394 3386 1450 versari
3410 1394 3570 1451 debet.
3598 1396 3672 1452 Est

2115 1485 2277 1539 etiam
2318 1493 2478 1540 mtate
2518 1486 2631 1556 ipsa
2670 1484 2912 1542 classicis
2950 1487 3301 1558 scriptoribus
3343 1486 3670 1558 coniunctissi-

2115 1592 2262 1631 mum
2307 1577 2409 1632 hoe
2446 1592 2649 1648 genus,
2692 1593 2813 1633 cum
2854 1579 3084 1633 maxima
3125 1592 3249 1649 pars
3288 1570 3360 1634 ex
3390 1593 3457 1635 eo
3484 1578 3547 1633 sit
3570 1587 3672 1634 tem-

2118 1685 2271 1739 pore,
2304 1685 2412 1741 quo
2441 1669 2754 1741 superstitio
2784 1670 2999 1740 gentilis
3024 1670 3424 1727 dominabatur.
3455 1671 3553 1741 ipsi
3574 1686 3672 1727 vero

2116 1771 2367 1817 auctores
2391 1778 2577 1817 eorum
2606 1761 2888 1828 librorum,
2918 1763 3081 1818 etiam
3113 1763 3201 1833 qui
3229 1764 3406 1819 serius
3430 1765 3613 1826 vixere,
3632 1770 3671 1818 ut

418 1874 500 1922 ter
541 1881 675 1938 quas
727 1866 1112 1939 Panegyricum
1163 1870 1280 1939 ejus
1335 1870 1687 1926 admirantur.
1746 1871 1902 1926 Venit

2181 1855 2471 1923 Ligustinus,
2506 1853 2751 1920 Orosius,
2781 1863 2836 1910 et
2858 1855 2969 1918 alii,
3011 1855 3095 1911 vel
3125 1857 3368 1927 magistri
3398 1855 3675 1926 eloquentia

417 1967 654 2014 mentem
678 2001 695 2024 ,
744 1960 870 2013 dum
907 1960 1164 2015 Bernardi
1193 1962 1517 2017 mentionem
1553 1962 1689 2018 facio
1713 2005 1728 2030 ,
1753 1964 2012 2021 librorum

417 2048 535 2118 ejus
564 2049 627 2102 de
653 2047 1090 2116 Consideratione,
1120 2051 1185 2105 ad
1218 2052 1511 2122 Eugenium
1534 2052 1623 2109 Ill.
1655 2054 1718 2109 P.
1744 2054 1806 2108 R.
1838 2056 2011 2126 scrip-

416 2147 630 2206 torum,
692 2154 826 2210 quos
874 2157 1044 2212 nuper
1090 2143 1141 2196 in
1195 2143 1434 2199 historia:
1483 2146 1628 2202 Eccl.
1694 2147 2013 2205 lectionibus

416 2230 787 2286 commendavi
816 2232 1069 2288 studiosis
1120 2234 1256 2289 Sunt
1288 2235 1321 2290 ii
1346 2250 1477 2292 sane
1499 2280 1515 2303 ,
1545 2249 1599 2292 ut
1631 2248 1824 2295 caetera
1858 2240 2012 2297 istius

416 2321 548 2407 v'y'i,
579 2331 633 2377 et
657 2321 876 2377 Patrum
924 2324 1070 2380 Eccl.
1099 2325 1207 2381 fere
1233 2327 1470 2383 omnium
1491 2370 1507 2397 ,
1534 2328 1730 2401 scripta
1752 2372 1765 2391 .
1783 2331 1853 2387 de
1875 2330 2008 2387 Lud.

417 2412 567 2494 Vivis
596 2416 876 2473 verissimo
907 2418 1109 2487 judicio
1135 2460 1150 2485 ,
1194 2433 1297 2474 non
1333 2420 1641 2492 pellucidae,
1674 2422 1767 2479 sed
1798 2432 2010 2494 pertur-

417 2492 642 2564 batioris
663 2524 816 2580 aquae
839 2553 854 2576 ,
885 2510 988 2566 hoc
1016 2521 1099 2567 est
1122 2554 1137 2580 ,
1172 2528 1277 2568 non
1308 2514 1529 2571 omnino
1560 2532 1708 2585 purae
1736 2492 2013 2574 latiuitatis

417 2605 473 2654 et
491 2600 751 2670 elegantis
781 2620 795 2656 :
825 2612 879 2656 at
910 2603 1119 2672 scripti,
1151 2612 1207 2659 ιιι
1245 2616 1397 2677 puto,
1430 2607 1494 2663 ad
1532 2608 1883 2665 imitationem
1914 2625 2013 2664 no—

423 2690 700 2749 bilissima:
728 2694 982 2765 Epistohe
1012 2696 1288 2754 Ciceronis
1304 2699 1371 2755 ad
1389 2701 1641 2770 Quintum
1670 2702 1763 2758 Fr.
1786 2703 1853 2758 de
1875 2703 2012 2760 bene

418 2781 838 2842 administranda
865 2790 1134 2857 provincia
1152 2793 1337 2861 ,eujus
1360 2794 1520 2849 etiam
1544 2796 1838 2850 sententias
1858 2811 2013 2866 quas-

415 2874 538 2930 dam
568 2875 761 2942 habct,
800 2895 1122 2951 quamquam
1154 2882 1255 2937 alia
1288 2893 1435 2939 veste
1466 2886 1679 2941 indutas
1717 2904 1731 2947 ;
1764 2897 1818 2940 at
1866 2887 1916 2941 in
1947 2888 2011 2943 iis

416 2981 521 3021 non
568 2969 758 3023 minori
790 2980 903 3025 arte
926 3014 940 3039 ,
977 2989 1077 3028 nec
1114 2974 1290 3028 minus
1331 2976 1476 3030 molli
1516 2978 1740 3031 articulo
1767 3019 1784 3044 ,
1819 2986 2010 3034 tractat

417 3058 715 3130 Eugenium
740 3104 752 3126 ,
787 3077 945 3133 quam
986 3065 1194 3121 Marcus
1238 3065 1493 3135 fratrem,
1522 3067 1745 3123 hortans
1775 3085 1871 3139 per
1898 3070 2011 3124 latt-

416 3151 539 3209 dcm
570 3195 587 3219 ,
634 3162 688 3209 et
716 3155 788 3210 ita
834 3157 1189 3227 prmscribens
1228 3157 1363 3213 bene
1402 3160 1621 3229 gerendi
1655 3160 2006 3216 Pontificatus

2118 1945 2290 2011 fuere,
2317 1946 2458 2016 quod
2486 1945 2554 2001 de
2581 1946 2848 2018 plerisque
2871 1947 3120 2004 traditum
3143 1958 3244 2014 est,
3282 1950 3365 2004 vel
3398 1949 3513 2020 ejus
3532 1958 3581 2005 et
3600 1949 3675 2003 llll'

2116 2037 2419 2090 maniorum
2449 2037 2747 2093 litterarum
2773 2040 3015 2096 omnium
3042 2040 3267 2097 studiosi
3295 2043 3577 2113 imprimis.
3600 2040 3677 2095 lta-

2116 2142 2221 2198 que
2244 2126 2297 2181 in
2328 2128 2393 2181 iis
2430 2141 2558 2182 cura
2583 2129 2832 2186 dictionis
2858 2142 2910 2188 et
2937 2130 3223 2188 artificium
3263 2133 3479 2191 dicendi
3517 2149 3573 2188 ac
3594 2132 3678 2188 dis-

2116 2218 2329 2274 serendi
2358 2221 2528 2291 magis
2556 2219 2688 2291 fere,
2722 2238 2880 2294 quam
2912 2225 2965 2278 iu
2996 2225 3208 2280 caeteris
3234 2237 3480 2295 apparet.
3511 2224 3626 2280 Nam
3647 2224 3679 2279 si

2116 2310 2205 2381 qui
2239 2310 2436 2367 habent
2466 2312 2666 2385 aliquid
2709 2315 3032 2387 impuritatis
3061 2317 3114 2371 in
3156 2318 3373 2384 verbis,
3419 2328 3511 2373 aut
3544 2317 3591 2372 in
3619 2316 3679 2371 di-

2115 2408 2271 2464 cendi
2310 2426 2513 2481 genere
2538 2412 2658 2468 duri
2688 2422 2744 2469 et
2777 2412 3014 2482 horridi,
3043 2423 3100 2468 ut
3129 2414 3421 2483 Arnobius,
3454 2414 3508 2471 id
3542 2413 3636 2470 fere
3658 2428 3679 2466 τι

2114 2501 2285 2571 patria
2308 2510 2544 2560 traxere.
2571 2502 2626 2559 In
2648 2519 2754 2574 quo
2779 2513 2953 2575 potest
2980 2508 3155 2561 caveri
3178 2506 3473 2575 juventnti,
3500 2521 3563 2561 ne
3585 2505 3679 2559 inde

2114 2591 2317 2663 aliquid
2348 2595 2542 2660 trahat,
2573 2596 2620 2651 si
2651 2596 3025 2653 indiﬂ‘crantur
3048 2598 3114 2652 ad
3146 2598 3196 2653 id
3226 2608 3436 2669 tempus
3460 2640 3477 2668 ,
3510 2611 3619 2652 cum
3643 2596 3679 2648 in

2115 2684 2255 2742 bene
2283 2688 2552 2745 scribendi
2583 2690 2812 2757 ratione,
2841 2692 3032 2748 Saltem
3057 2692 3232 2763 quoad
3272 2694 3559 2765 puritatem
3595 2703 3682 2744 vcr-

2116 2778 2329 2847 borutn,
2361 2781 2559 2851 aliquid
2586 2780 2856 2839 ﬁrmitatis
2882 2794 3005 2838 sunt
3024 2785 3319 2839 consecuti.
3348 2784 3473 2840 Mihi
3505 2782 3681 2838 initium

2114 2875 2299 2929 talium
2334 2876 2591 2930 librorum
2629 2875 2977 2945 legendorum
3010 2874 3109 2930 fuit
3147 2876 3408 2933 Minucius
3435 2875 3682 2938 Octavius,

2114 2965 2167 3020 in
2205 2981 2361 3037 quem
2405 2968 2636 3036 primum
2678 2966 2840 3021 incidi
2889 2968 2940 3022 in
2976 2967 3158 3022 schola
3202 2969 3476 3032 Portensi.
3517 2970 3569 3024 in
3606 2979 3684 3037 qua

2115 3067 2225 3111 tum
2258 3057 2381 3112 huic
2420 3057 2635 3111 lectioni
2666 3058 2866 3128 aliquid
2902 3057 3273 3124 tribuebatur,
3313 3060 3382 3114 de
3421 3060 3682 3130 magistro-

2114 3164 2232 3202 rum
2260 3147 2757 3213 comtuendatione,
2798 3163 2897 3206 nec
2935 3150 3091 3206 facile
3115 3160 3227 3205 erat
3266 3151 3331 3205 de
3362 3149 3686 3220 provectiori-

414 3246 676 3302 rationem
705 3287 722 3311 ,
754 3255 810 3301 ut
839 3250 1015 3303 omnia
1046 3248 1361 3304 Pontificum
1387 3292 1403 3318 ,
1435 3253 1623 3322 quales
1664 3253 1772 3308 illis
1802 3265 1906 3309 tem

2192 3255 2251 3305 s,
2279 3243 2368 3312 qui
2399 3256 2505 3297 non
2548 3257 2712 3297 unum
2752 3250 2808 3298 et
2849 3244 2975 3299 item
3016 3244 3244 3300 alterum
3286 3244 3445 3300 talem
3485 3243 3686 3313 scripto-

415 3336 565 3393 ribus
592 3347 772 3404 erant,
817 3339 1041 3410 Eugenii
1070 3340 1236 3408 ipsius
1262 3384 1277 3408 ,
1305 3342 1546 3413 aulasque
1584 3345 1880 3402 Pontiliciao
1905 3390 1918 3414 ,
1953 3359 2008 3404 et

415 3430 545 3485 cleri
591 3432 824 3487 universi
873 3435 999 3489 vitia
1061 3435 1356 3495 clarissime
1419 3440 1730 3511 describat,
1783 3459 2008 3501 servans

418 3522 613 3593 ubique
640 3524 894 3580 decorum
917 3568 930 3586 .
975 3536 1030 3582 et
1055 3528 1406 3587 offensionem
1433 3534 1624 3591 vitans.
1676 3535 1854 3604 Itaque
1884 3551 2006 3591 eum

418 3615 648 3684 primum
671 3614 792 3671 illos
817 3618 981 3674 libros
1011 3621 1188 3692 legere
1208 3624 1347 3694 coepi
1371 3664 1386 3691 ,
1416 3641 1739 3697 quamquam
1762 3641 2008 3687 assuetus

420 3708 726 3778 purioribus
753 3719 807 3766 et
827 3712 1246 3783 elegantioribus
1266 3758 1281 3781 ,
1308 3724 1482 3773 tamen
1507 3720 1577 3775 ita
1599 3736 1685 3776 me
1702 3732 2006 3791 tenuerunt,

418 3809 475 3855 ut
497 3800 566 3854 ab
579 3801 657 3857 eis
684 3818 789 3857 non
819 3815 947 3860 ante
968 3848 983 3870 ,
1010 3822 1167 3876 quam
1190 3808 1255 3862 ad
1286 3809 1448 3864 tinem
1484 3811 1830 3883 perlegissem
1853 3854 1869 3880 ,
1903 3814 2011 3870 dis-

419 3894 696 3949 cesserim.
736 3894 888 3965 Quod
919 3898 963 3952 si
995 3899 1187 3955 talibus
1218 3900 1456 3972 legendis
1483 3904 1594 3972 ipse
1626 3905 1796 3961 teneri
1823 3907 2005 3979 potui,

419 3998 538 4039 cum
582 3994 686 4041 tam
716 3988 957 4046 studiose
987 3992 1256 4063 principes
1279 3995 1598 4066 eloquentia:
1627 3997 1828 4055 Graecae
1863 4001 2010 4056 Lati-

419 4093 636 4150 nmque,
688 4096 788 4136 nec
809 4125 822 4147 ,
859 4092 917 4140 ιιι
945 4087 1165 4156 opinor,
1199 4089 1316 4143 sine
1342 4104 1501 4145 sensu
1525 4090 1805 4162 elegantiae
1824 4134 1838 4156 ,
1872 4102 2012 4149 Irac-

419 4182 586 4230 tarem
620 4217 637 4244 ,
673 4186 725 4233 et
754 4177 879 4235 inde
906 4179 1136 4236 fructum
1175 4180 1434 4236 doctrinae
1483 4199 1675 4256 capere
1702 4227 1716 4251 ,
1758 4187 1848 4257 qui
1882 4187 2010 4244 mihi

421 4283 754 4341 nequaquam
802 4275 1230 4332 conteumendus
1267 4275 1538 4333 videretur
1568 4294 1581 4332 :
1612 4278 1746 4333 alios
1768 4321 1781 4343 ,
1835 4281 2012 4337 minus

421 4363 538 4418 istis
567 4364 913 4424 humanitatis
938 4369 1130 4425 studiis
1159 4370 1369 4426 deditos
1394 4414 1410 4438 ,
1449 4371 1625 4427 minus
1660 4373 1819 4429 etiam
1852 4374 1905 4429 in
1947 4375 2012 4432 iis

419 4469 732 4525 provectos,
766 4475 872 4514 non
895 4460 1184 4524 delectari.
1208 4479 1312 4518 non
1338 4463 1578 4534 adjuvari
1607 4479 1765 4536 posse
1791 4466 1857 4522 ad
1884 4467 2014 4523 doc-

419 4545 613 4601 trinam
646 4551 864 4617 putem?

2109 3348 2244 3400 rem,
2281 3342 2463 3404 poetas
2492 3334 2652 3390 etiam
2680 3335 2886 3406 aliquot
2915 3335 3270 3400 Christianos,
3301 3336 3547 3403 haberet,
3575 3347 3685 3406 quos

2114 3444 2207 3499 per
2236 3427 2352 3483 dies
2390 3429 2722 3496 dominicus,
2759 3429 3005 3497 aliosque
3034 3429 3232 3497 festos,
3272 3429 3493 3502 legeret.
3539 3432 3686 3497 Atque

2112 3520 2238 3577 hinc
2263 3520 2393 3576 mihi
2425 3525 2652 3591 primum
2695 3523 2924 3593 injectus
2948 3530 3034 3579 est
3069 3536 3222 3578 amor
3246 3522 3566 3592 scriptorum
3602 3519 3682 3573 lic.

2111 3613 2557 3680 clesiasﬁcorum,
2589 3615 2679 3686 qui
2716 3623 2835 3684 post
2884 3617 3043 3669 etiam
3074 3614 3417 3671 confirmatus
3448 3626 3548 3678 est,
3585 3623 3683 3665 cum

2111 3716 2166 3763 et
2190 3706 2515 3763 litteratores
2542 3707 2806 3763 maximos
2828 3707 3066 3764 viderem
3094 3708 3159 3763 iis
3185 3707 3407 3763 multum
3433 3706 3681 3764 tribuisse,

2113 3810 2166 3856 et
2197 3799 2462 3870 principes
2491 3799 2889 3871 Theologornm
2912 3840 2926 3864 ,
2961 3799 3190 3870 primum
3222 3815 3249 3853 a
3282 3795 3681 3870 praeceptoribus

2113 3894 2376 3961 audirem,
2414 3894 2607 3951 deinde
2637 3897 2753 3966 ipse
2795 3895 3069 3962 viderem,
3107 3894 3232 3950 inde
3270 3911 3300 3950 a
3328 3893 3535 3951 Lutheri
3562 3900 3685 3944 tem-

2117 3990 2356 4061 poribus,
2389 3991 2603 4047 Patrum
2632 3992 2845 4065 seriptis
2868 3992 3258 4064 cognoscendis
3281 3992 3551 4064 plurimum
3576 3994 3680 4040 stu-

2114 4083 2188 4140 dii
2221 4085 2488 4140 tribuisse.

2186 4178 2303 4246 QUO
2344 4179 2512 4251 magis
2554 4181 2772 4251 probavi
2812 4179 2925 4236 Viri
2966 4181 3299 4245 doctissimi,
3343 4179 3431 4235 .lo.
3474 4172 3682 4234 Gottlicb

2116 4274 2393 4341 Lindueri,
2422 4273 2635 4331 Schola:
2659 4275 2930 4332 Sallensis
2971 4276 3023 4331 in
3054 4275 3343 4346 Thuringis
3370 4265 3680 4328 Conrectoris

2116 4368 2434 4438 dignissimi,
2466 4369 2766 4436 consilium,
2800 4369 3011 4423 Minucii
3045 4383 3233 4425 rursus
3258 4366 3477 4430 edendi,
3506 4371 3677 4421 etcum

2115 4462 2343 4518 aliorum
2374 4463 2654 4517 doctorum
2687 4465 2948 4528 virorum,
2985 4470 3096 4517 tum
3139 4461 3249 4515 suis
3283 4451 3677 4516 animadversio-

2115 4553 2273 4609 nibus
2296 4553 2491 4608 talibus
2517 4552 2834 4618 illustrandi,
2864 4568 2961 4626 per
2985 4568 3118 4622 quas
3142 4551 3350 4607 facilior
3377 4561 3519 4606 esset
3548 4543 3679 4603 lectio

489 4639 596 4695 Sed
632 4641 772 4696 sicut
800 4642 851 4696 in
881 4643 1273 4716 antiquioribus
1299 4645 1503 4703 Grazcis
1528 4658 1581 4704 et
1611 4649 1844 4719 Latinis,
1872 4667 2008 4722 quos
2033 4624 2088 4689 Ῑ)
2113 4645 2232 4715 ejus
2271 4654 2323 4700 et
2365 4645 2545 4699 utilior
2565 4644 2832 4715 juventuti
2859 4644 3215 4699 scholaSticae.
3243 4642 3381 4714 Ipsis
3406 4655 3577 4698 autem
3603 4647 3679 4690 no-

417 4734 675 4789 classieos
704 4749 977 4802 vocamus,
1003 4737 1391 4809 ordoquidam,
1416 4743 1853 4800 accommodatus
1868 4746 2010 4800 aetati

418 4824 855 4898 profectibusque
922 4828 1264 4897 discentium,
1324 4834 1595 4902 praescribi
1658 4851 1687 4889 a
1743 4837 2013 4908 magistris

420 4917 768 4976 humanitatis
794 4922 933 4977 solet
957 4940 972 4979 :
1000 4924 1076 4979 sic
1098 4925 1256 4980 etiam
1282 4926 1334 4980 in
1359 4927 1461 4983 hoc
1480 4944 1676 4999 genere
1703 4932 1839 4986 ratio
1859 4947 2010 5002 qure-

418 5010 541 5067 dam
567 5013 686 5067 talis
711 5013 954 5071 adhiberi
986 5016 1164 5072 debet.
1189 5017 1374 5090 Neque
1394 5019 1536 5075 enim
1559 5024 1739 5077 omnia
1764 5024 2013 5080 omnibus

418 5116 539 5176 apta
578 5116 731 5174 sunt,
774 5116 866 5162 aut
905 5111 1049 5164 omni
1097 5114 1322 5183 tempori
1347 5155 1362 5182 ,
1407 5115 1704 5186 studiisque
1742 5117 2010 5176 omttibus.

417 5197 535 5254 Alia
560 5197 815 5269 juvenilis
842 5209 970 5257 tetas
1007 5202 1297 5270 desiderat,
1342 5220 1462 5261 cum
1505 5207 1700 5263 litteris
1727 5207 1929 5266 Grmcis
1959 5219 2015 5268 et

417 5288 623 5346 Latinis
648 5291 881 5348 maxime
909 5305 1082 5362 vacat,
1109 5296 1213 5352 alia
1242 5312 1363 5354 cum
1393 5301 1444 5354 in
1474 5301 1752 5356 altioribus
1779 5300 2013 5359 Theolo-

419 5384 521 5456 giae
547 5384 740 5440 studiis
769 5399 1035 5457 versatur,
1065 5389 1169 5445 alia
1202 5392 1252 5445 in
1284 5392 1582 5462 principiis.
1615 5393 1717 5449 alia
1747 5409 1866 5449 cum
1896 5394 2015 5450 lon-

419 5475 538 5547 gius
565 5477 618 5532 in
646 5477 712 5532 iis
738 5493 1014 5550 progressa
1042 5491 1145 5548 est,
1173 5497 1293 5537 cum
1324 5483 1388 5539 ad
1416 5483 1797 5555 perfectionem
1826 5501 2013 5558 quam-

412 5567 543 5625 dam
585 5577 643 5625 et
674 5572 884 5652 capiam
932 5573 1195 5632 doctrinae
1231 5579 1453 5649 aspirat.
1498 5580 1576 5636 Ac
1605 5580 1734 5636 mihi
1776 5597 1882 5637 non
1913 5581 2015 5641 hoc

415 5659 529 5732 jam
557 5670 643 5717 est
680 5662 1012 5727 inStitutum,
1047 5676 1104 5721 ut
1132 5667 1199 5721 de
1234 5668 1479 5726 universa
1521 5671 1866 5743 legendorum
1908 5673 2012 5730 Pa-

421 5760 563 5807 trum
589 5753 800 5811 ratione
822 5764 877 5812 et
912 5756 1101 5814 ordine
1127 5759 1381 5816 universo
1415 5762 1673 5819 disseram
1714 5781 1727 5820 :
1758 5764 1826 5821 de
1851 5765 2016 5822 initiis

420 5844 536 5913 ejus
566 5845 729 5902 studii
760 5848 891 5906 satis
919 5848 1024 5905 erit
1050 5851 1340 5909 monuisse.
1372 5852 1429 5909 ln
1458 5854 1649 5925 quibus
1674 5853 1805 5914 mihi
1828 5859 2013 5917 rectis-

2117 4742 2186 4797 tis
2214 4741 2325 4796 Viri
2356 4740 2745 4811 perspiciendis
2770 4739 2898 4805 vidi,
2940 4756 3046 4795 non
3089 4737 3250 4794 modo
3276 4739 3439 4793 multa
3472 4738 3597 4792 bene
3627 4728 3678 4784 de

2116 4832 2298 4888 verbis
2336 4832 2607 4903 rebusque
2640 4832 2833 4886 tradita
2863 4847 3004 4898 esse,
3038 4830 3133 4888 sed
3159 4833 3320 4888 etiam
3359 4831 3517 4887 crisin
3549 4821 3677 4883 adhi‘

2117 4926 2281 4982 bitam
2313 4938 2434 4980 esse
2464 4923 2762 4980 modestam
2791 4934 2843 4980 et
2872 4936 3200 4990 accuratam,
3231 4938 3351 4995 qua:
3379 4913 3676 4979 defendenda

2119 5019 2288 5088 magis
2314 5026 2369 5073 et
2393 5016 2708 5087 explicanda
2752 5017 2981 5072 lectione
3018 5016 3261 5087 vulgata,
3300 5031 3459 5087 quam
3495 5009 3676 5081 conjec-

2118 5112 2255 5167 turis
2281 5109 2603 5165 exercendis
2631 5117 3004 5181 occuparetur,
3034 5123 3168 5179 quas
3206 5108 3368 5164 nimis
3396 5098 3581 5164 multas
3602 5113 3677 5155 cx-

2118 5215 2301 5278 pertus
2327 5213 2411 5260 est
2449 5202 2731 5259 Minucius.
2779 5202 2959 5274 Itaque
2997 5199 3250 5267 conﬁdo,
3294 5202 3435 5256 hunc
3474 5194 3675 5253 libellum

2120 5299 2303 5355 utilem
2341 5296 2453 5351 fore
2493 5305 2549 5353 et
2582 5294 3045 5351 accommodatum
3086 5294 3269 5349 multis
3306 5284 3678 5355 uominibusju-

2120 5391 2361 5459 ventuti,
2404 5394 2861 5460 vehementerque
2896 5397 3056 5458 opto,
3098 5397 3156 5443 ut
3196 5387 3287 5442 Vir
3329 5382 3674 5441 doctissimus,

2120 5502 2242 5543 cum
2289 5485 2391 5540 alia
2449 5484 2666 5556 praemia
2709 5481 2852 5538 docti
2899 5480 3058 5553 hujus
3096 5480 3335 5549 laboris,
3387 5478 3676 5543 omninoque

2119 5579 2380 5636 doctrina:
2406 5592 2540 5644 suat,
2572 5576 2764 5649 capiat,
2801 5584 2912 5631 tum
2941 5575 3173 5631 maxime
3199 5572 3323 5640 hoc,
3351 5580 3411 5627 ut
3430 5566 3671 5636 intelligat.

2122 5688 2181 5730 se
2208 5688 2274 5726 eo
2313 5669 2496 5727 utilem
2528 5668 2793 5740 juventuti
2834 5666 3159 5723 Christianm
3189 5679 3410 5734 operam
3443 5664 3673 5716 navasse:

2119 5763 2261 5839 quod
2307 5772 2361 5819 et
2403 5763 2577 5834 ipsum
2633 5760 2866 5816 maxime
2911 5760 2965 5815 in
3012 5759 3116 5815 hoc
3159 5758 3344 5815 labore
3372 5744 3675 5853 suscipienda

2119 5866 2393 5931 spectasse
2422 5853 2650 5914 confido.
2683 5852 2799 5911 Ser.
2824 5853 3019 5927 Lipsiae
3058 5869 3108 5910 a.
3140 5853 3194 5909 tl.
3219 5850 3310 5910 IV.
3333 5849 3449 5907 Kal.
3472 5846 3670 5906 Martias.
