3818 6278
217 292 317 354 933

1697 303 2055 369 OCTAVIUS.

3407 330 3515 387 £54

212 408 371 466 modo
401 408 536 463 mihi
574 409 797 465 viderer
827 411 878 465 in
907 411 1172 481 prteterita
1205 413 1382 471 redire
1401 456 1414 482 ,
1447 430 1551 472 non
1579 432 1642 474 ea
1691 433 1811 490 qua:
1839 423 1889 483 Α
1916 423 2094 490 ribus,
2132 426 2381 482 conscius
2411 428 2525 498 ipse
2546 468 2560 492 ,
2601 430 2780 485 socius
2810 431 2862 486 in
2892 434 3190 503 erroribus,
3220 446 3277 493 et
3304 453 3467 510 quum
3489 486 3506 510 ,

212 505 318 575 iam
340 513 618 559 transacta
641 512 698 559 et
717 504 948 560 decursa
970 514 1112 573 sunt,
1142 507 1517 567 recordatione
1538 526 1814 569 revocare.

215 598 294 655 Ita
322 598 437 670 eius
464 598 876 669 contemplatio,
906 610 1160 671 quantum
1189 602 1461 659 subtracta
1490 614 1570 661 est
1600 607 1770 661 oculis
1795 649 1811 674 ,

220 700 429 746 tantum
453 690 653 762 pectori
677 705 823 754 meo.
852 706 916 745 ac
943 706 1079 761 pene
1104 691 1308 749 intimis
1333 695 1603 763 sensibus,
1632 696 1811 768 impli-

223 793 340 840 cata
378 792 477 839 est.
511 781 594 856 (ιι)
623 781 728 837 Nec
772 782 1044 839 immerito
1078 784 1362 841 discedens
1392 788 1474 841 vir
1502 789 1729 844 eximius
1759 799 1812 845 et

222 886 438 932 sanctus
467 877 777 930 inuncnsum
806 875 889 930 sui
919 875 1245 932 desiderium
1274 878 1427 934 nobis
1449 880 1694 952 reliquit:
1724 890 1810 936 ut-

217 976 357 1038 pote
374 982 533 1038 quum
562 974 617 1021 et
644 965 758 1036 ipse
786 975 935 1022 tanto
965 968 1134 1022 nostri
1163 983 1379 1040 semper
1406 986 1592 1028 amore
1617 972 1810 1043 ﬂagra-

214 1060 373 1124 verit,
401 1067 459 1113 ut
483 1065 539 1113 et
565 1057 617 1112 in
646 1056 863 1113 ludicris
889 1067 946 1113 et
964 1059 1121 1115 seriis
1150 1061 1263 1130 pari
1289 1076 1500 1118 mecum
1519 1063 1802 1125 voluntate

200 1151 554 1216 concineret,
586 1148 775 1205 eadem
803 1150 964 1206 vellet
997 1151 1082 1206 vel
1128 1151 1312 1208 nollet.
1353 1151 1620 1211 Crederes
1647 1171 1809 1212 unam

195 1253 442 1301 mentem
474 1243 529 1300 in
557 1242 770 1301 duobus
800 1243 965 1302 fuisse
989 1244 1281 1303 ’divisam:
1303 1248 1380 1305 sic
1403 1248 1552 1306 solus
1578 1250 1630 1305 in
1661 1265 1811 1306 amo-

1919 515 2161 573 discnssa
2191 519 2439 591 caligine,
2471 520 2540 577 de
2570 524 2913 580 tenebrarum
2953 526 3219 597 profundo
3249 531 3300 586 in
3333 532 3510 591 lucem

1914 610 2195 678 sapientia:
2220 618 2277 666 et
2302 612 2542 667 veritatis
2572 630 2939 686 emergerem,
2979 634 3083 674 non
3110 613 3313 693 respuit
3341 609 3513 683 comi-

1918 708 2046 766 tem,
2076 701 2191 767 sed,
2219 703 2361 772 quod
2410 714 2492 759 est
2533 705 2840 775 gloriosius,
2886 714 3252 778 praecucurrit.
3301 715 3508 788 Itaque,

1914 807 2036 847 cum
2065 810 2158 863 per
2199 797 2504 853 universam
2534 801 2818 856 convictus
2850 806 3018 860 nostri
3044 817 3094 862 et
3128 807 3505 871 familiaritatis

1914 896 2126 944 (etatem
2146 904 2263 945 mea
2281 891 2533 961 cogitatio
2556 895 2878 963 volveretur,
2911 898 2963 953 iu
2988 899 3080 955 illo
3103 904 3370 974 praecipue
3397 923 3513 963 ser-

1916 993 2075 1035 mone
2102 981 2221 1049 ejus
2268 982 2463 1037 mentis
2503 999 2636 1040 mete
2676 986 2871 1042 resedit
2905 989 3134 1046 intentio
3158 1034 3172 1058 ,
3210 1010 3316 1064 quo
3343 996 3514 1054 Cteci-

1912 1068 2064 1137 lium,
2099 1072 2488 1141 superstitiosis
2519 1076 2843 1153 vanitatibus
2872 1080 3034 1135 etiam
3064 1098 3207 1139 nunc
3244 1086 3514 1145 inhazren-

1914 1170 2021 1216 tem
2046 1201 2062 1228 ,
2105 1162 2467 1233 disputatione
2509 1168 2826 1238 gravissima
2867 1171 2934 1227 ad
2972 1188 3154 1231 veram
3196 1177 3512 1251 religionem

1912 1252 2246 1310 reformavit.

1530 1363 1895 1422 VARIORUM
1929 1365 2161 1425 NOT/E.

273 1480 697 1556 DiscedenscEx
741 1480 1138 1556 toto_or_ationis
1174 1491 1430 1540 contextu
1452 1484 1669 1556 liquido
1698 1501 1794 1556 pa-

201 1562 278 1609 tet
304 1556 453 1626 hune
490 1552 825 1626 dialoguma
857 1551 1039 1609 Felice
1068 1564 1254 1609 nostro
1283 1565 1407 1626 post
1435 1551 1645 1612 Octavii
1688 1551 1795 1613 fata

205 1625 397 1698 litteris
429 1624 599 1698 fuisse
629 1623 938 1698 mandatum
970 1644 984 1679 :
1016 1623 1344 1697 quapropter
1373 1627 1659 1698 legendum
1701 1630 1790 1684 de-

1895 1490 1974 1559 git
1998 1506 2028 1574 ξ.
2049 1486 2208 1574 Haud
2228 1507 2347 1574 raro
2378 1493 2451 1547 ita
2475 1497 2765 1574 rcs_eadem
2791 1509 2883 1555 aut
2910 1504 3071 1574 ferme
3103 1508 3277 1564 eadem
3300 1510 3519 1570 diversis

1897 1559 2103 1653 nocib‘us
2134 1563 2500 1653 ingentinttlnr,
2536 1567 2666 1622 citra
2691 1586 2846 1639 quant
2882 1559 3083 1653 tiecesse

1903 1635 2180 1723 ἀσύνδετονῖ
2224 1643 2280 1723 et
2320 1635 2372 1719 ip
2414 1635 2516 1723 hoc
2563 1635 2817 1723 provocat
2962 1661 3098 1723 cap._
3125 1650 3159 1705 3
3184 1635 3207 1714 ,’
3241 1635 3509 1723 emicaret,

212 1695 540 1790 t-:_¢t1eus‘.“ltal
573 1710 818 1790 persaepe
854 1695 1047 1790 Cicero
1069 1738 1094 1790 ,1
1127 1695 1326 1790 aliique
1357 1695 1658 1790 scriptores
1697 1715 1795 1790 op-
1829 1697 1878 1757 Β
1906 1712 2213 1790 emergeret;
2240 1704 2294 1790 ξ,
2337 1695 2738 1790 indignandum,
2771 1695 3221 1790 indolescendum?

216 1769 357 1822 timi.
389 1766 791 1837 Pha'drus,lib.
820 1782 896 1833 tv,
924 1766 1036 1821 fab.
1066 1768 1101 1823 4
1131 1784 1144 1817 τ
1182 1766 1410 1837 Quidam
1435 1766 1679 1826 decedens
1705 1766 1803 1826 tres

220 1841 426 1909 reliquit
470 1839 615 1906 filias.
659 1836 930 1907 Sulpicius
966 1837 1181 1905 Seven,
1232 1839 1369 1893 Hist.
1412 1856 1574 1905 sacr.,
1614 1842 1710 1898 lib.
1753 1858 1804 1909 ι,

217 1908 342 1979 cap.
378 1910 410 1963 7
437 1926 453 1962 :
482 1908 614 1964 Sara
637 1925 792 1979 quum
817 1910 1085 1978 septimunt
1111 1923 1158 1964 et
1186 1912 1476 1966 vicesimum
1508 1930 1666 1981 supra
1686 1908 1806 1967 ceu?-

216 1983 451 2054 tesimum
486 1997 677 2054 annum
714 1990 919 2054 ageret,
963 1980 1194 2036 decessit.
1237 1983 1327 2038 Sic
1369 1992 1422 2054 et
1452 1980 1577 2037 alibi
1608 1985 1806 2054 passim

203 2050 350 2107 idem
380 2050 687 2108 historicus.
721 2050 1049 2108 Claudianus
1092 2062 1270 2109 tamen
1303 2054 1357 2109 in
1393 2050 1666 2123 Rulinunt,
1708 2056 1801 2111 lib.

198 2123 400 2190 11,10:

1300 2241 1484 2293 Solatia
1508 2243 1645 2296 letho

325 2298 552 2351 Exilium
571 2312 830 2351 commune
859 2303 1013 2363 dabit,
1039 2315 1135 2353 nec
1154 2306 1358 2355 territus
1379 2312 1495 2356 ante

322 2362 595 2414 Discedam
620 2379 635 2425 ;
660 2378 768 2415 cum
794 2365 906 2415 luce
924 2362 1069 2416 simul
1090 2365 1354 2430 linquenda
1377 2376 1613 2432 potestas.

194 2493 619 2567 Atjhidquidam
641 2492 801 2567 codd.
814 2494 1061 2567 decedam
1087 2510 1106 2549 :
1126 2505 1181 2550 et
1200 2511 1327 2552 vere
1345 2497 1584 2567 quidem.
1615 2498 1797 2555 ῡΑνίε.

195 2565 331 2638 ——Si
360 2563 891 2638 Grnnerumaudias
917 2567 969 2619 in
994 2567 1133 2621 Actis
1151 2568 1342 2623 Societ.
1364 2563 1539 2622 Latin.
1561 2569 1799 2638 Jeueus.,

198 2636 311 2691 vol.
338 2652 416 2701 tv,
446 2651 572 2707 pag.
597 2635 705 2691 209
727 2676 743 2699 ,
775 2635 1040 2691 editorum
1068 2639 1230 2693 lectio
1264 2640 1542 2694 retinenda
1561 2680 1577 2707 ,
1607 2635 1798 2697 eodem

198 2722 386 2781 sensu.
415 2707 730 2781 Verumvir
766 2707 1009 2781 eruditus
1039 2710 1217 2781 minus
1244 2712 1507 2780 appositis
1534 2713 1800 2781 exemplis

198 2779 254 2834 id
279 2778 565 2851 adstruere
589 2777 1135 2851 videtur;cujusmodi
1152 2777 1363 2836 suntin
1387 2782 1490 2835 vita
1513 2777 1797 2851 discedens,

201 2866 271 2926 ᾳ
295 2849 633 2926 citddiscedo
652 2850 971 2926 ,__discessu_m
1004 2862 1036 2903 tt
1061 2867 1293 2926 corpore.
1322 2851 1473 2926 Loca
1494 2864 1647 2908 erant
1674 2849 1799 2926 pro;

208 2920 472 2985 ducenda,
501 2921 555 2975 in
586 2921 784 2989 quibus
812 2921 1032 2976 verbum
1064 2920 1269 2977 discedo
1297 2923 1615 2992 simpliciter
1645 2920 1800 2980 usur-

212 3003 417 3062 patum,
440 2992 509 3047 de
536 3004 712 3048 morte
739 2992 987 3048 absolute
1013 3007 1078 3048 ac
1102 2994 1219 3049 sine
1247 2996 1618 3051 controversia
1650 2997 1795 3051 acci-

204 3064 405 3131 piatur,
467 3078 580 3132 quo
625 3063 786 3119 modo
833 3079 963 3118 sane
1008 3074 1220 3121 constat
1264 3066 1331 3120 de
1373 3065 1540 3120 verbo
1585 3065 1793 3124 decedo.

202 3132 484 3206 Caussa.
514 3164 585 3175 —
609 3133 754 3206 Nihil
787 3146 878 3206 est
918 3134 1064 3205 quod
1099 3134 1168 3191 de
1207 3145 1382 3192 morte
1419 3136 1657 3206 cogitare
1700 3153 1799 3194 nos

189 3204 412 3274 iubeat,
442 3206 586 3274 quod
617 3205 744 3260 facit
768 3204 1097 3272 GronOvitts,
1132 3208 1202 3262 ob
1241 3207 1414 3263 levem
1445 3204 1799 3265 imitationem

190 3274 522 3351 Ciceronis,
552 3275 648 3351 qui
678 3277 1023 3351 in‘principio
1051 3277 1302 3351 Brutiait
1331 3296 1344 3332 :
1382 3277 1533 3343 Quod
1554 3280 1629 3333 uir
1658 3296 1803 3351 egre-

187 3348 313 3419 gius
334 3347 652 3402 alienissimo
673 3348 803 3418 reip.
834 3357 1059 3415 tempore
1085 3350 1383 3416 exstinctus,
1414 3360 1467 3403 et
1482 3347 1802 3408 auctoritatis

188 3427 243 3472 et
272 3418 569 3489 prudentiae
591 3434 698 3489 sua:
719 3420 860 3472 triste
878 3418 1023 3473 nobis
1039 3419 1344 3474 desiderium
1364 3422 1642 3487 reliquerit.
1667 3423 1800 3479 Nam

182 3490 254 3562 if’
274 3488 597 3562 Scripsisse
612 3488 730 3544 haec
759 3489 1022 3545 Minucius
1049 3506 1204 3560 aequo
1231 3499 1445 3562 poterat
1484 3502 1605 3556 post
1641 3494 1802 3550 Oeta-

184 3561 266 3616 vii
294 3576 328 3616 e
363 3560 539 3614 Roma
568 3560 900 3629 discessum,
928 3577 1089 3632 quant
1135 3560 1387 3618 mortem.
1438 3562 1499 3616 2°
1545 3562 1800 3620 Memoria

184 3648 306 3688 non
337 3633 527 3687 minus
557 3640 640 3704 est
667 3634 991 3699 absentium,
1023 3648 1183 3704 quam
1216 3643 1569 3688 mortuorum.
1604 3637 1662 3691 5°
1695 3636 1800 3691 De-

179 3703 468 3759 siderium
512 3703 670 3756 amici
700 3705 941 3758 absentis
970 3712 1056 3759 est
1084 3706 1446 3771 immensum;
1480 3707 1675 3761 mortui
1707 3707 1801 3762 tri-

185 3783 316 3839 ste,
376 3788 481 3828 nec
524 3774 676 3829 facile
717 3772 1020 3829 ferendum.
1063 3775 1122 3831 4°
1160 3774 1414 3831 Octavius
1461 3784 1585 3831 tunc
1627 3776 1801 3833 adhuc

178 3854 316 3900 erat
341 3845 555 3914 junior,
582 3844 653 3899 ob
679 3844 877 3899 liberos
902 3844 1157 3902 infantes.
1202 3846 1259 3902 5°
1295 3846 1487 3901 Dubito
1532 3861 1599 3901 an
1631 3848 1799 3904 disce-

177 3916 318 3969 dere
348 3914 675 3982 simpliciter
699 3915 909 3970 dicatur
939 3931 1036 3985 pro
1065 3919 1213 3971 mori.
1252 3917 1515 3974 Lmnusn.

280 3985 382 4040 Vir
419 3985 638 4040 eximius
665 3996 713 4040 et
752 3996 977 4042 sanctus.
1006 3988 1194 4044 Virum
1220 3998 1449 4043 sanctum
1474 3997 1529 4045 et
1568 3998 1801 4045 sanctam

179 4058 466 4113 feminam
506 4056 668 4112 etiam
708 4056 911 4113 ethnici
961 4058 1212 4116 dicebant
1241 4060 1484 4116 moribus
1520 4069 1576 4116 et
1602 4063 1801 4117 virtute

179 4136 581 4199 praestat-ten
623 4127 777 4199 Apud
818 4128 1187 4197 Christianus,
1229 4133 1320 4200 qui
1365 4130 1544 4186 datam
1586 4130 1801 4188 Christo

178 4200 370 4255 ﬁdem
412 4202 704 4261 servabat,
749 4201 839 4269 qui
882 4200 1151 4270 Baptisma
1193 4216 1349 4257 suum
1390 4202 1620 4257 habebat
1660 4203 1799 4259 inte-

180 4285 360 4342 grum
385 4308 404 4335 ,
451 4278 658 4342 sanctus
686 4270 1079 4339 appellabatur.
1113 4272 1180 4327 Et
1208 4273 1325 4327 haec
1351 4273 1642 4342 appellatio
1673 4275 1800 4329 reli—

187 4340 437 4423 gionem.
452 4340 709 4423 designat
734 4349 790 4397 et
828 4356 1030 4423 mores.
1061 4342 1297 4423 ‘Quodsi
1326 4340 1518 4411 aliquis
1558 4344 1799 4423 muribus

194 4412 471 4484 improbis
508 4420 820 4484 notaretur,
891 4412 1007 4484 jam
1044 4413 1325 4470 desinebat
1363 4428 1485 4469 esse
1520 4423 1575 4471 et
1611 4415 1797 4472 haberi

198 4482 561 4539 Chrisﬁanus.
597 4482 822 4540 RIGAL‘I‘.

284 4550 364 4606 Et
389 4553 439 4606 in
466 4554 674 4608 ludicris
704 4565 748 4609 et
778 4555 944 4611 seriis.
974 4554 1059 4610 Cl.
1090 4555 1457 4621 Heumannus,
1485 4565 1533 4611 et
1552 4558 1605 4612 in
1624 4558 1792 4615 seriis.

188 4623 317 4681 Sed
334 4623 486 4698 nulla
514 4639 655 4698 opus
670 4626 994 4698 mutatione.
1029 4630 1225 4682 Amant
1251 4639 1396 4683 certe
1421 4629 1685 4698 ejusmodi
1710 4630 1796 4685 di-

188 4695 368 4752 cendi
399 4696 715 4766 compendia
759 4705 970 4753 veteres
1001 4698 1077 4752 illi
1105 4699 1287 4753 saeculi
1319 4695 1541 4754 secundi
1570 4710 1626 4755 et
1655 4702 1798 4756 tertii

191 4775 484 4829 auctores.
522 4767 598 4822 illi
625 4767 894 4837 inprimis,
924 4769 1015 4839 qui
1045 4784 1298 4825 sermone
1326 4771 1471 4825 brevi
1499 4779 1554 4825 et
1579 4773 1798 4827 conciso

194 4846 457 4899 utuntur.
508 4848 782 4911 et_re1um
824 4841 996 4910 magis
1047 4856 1208 4911 quam
1247 4840 1533 4896 verborum
1589 4842 1796 4911 copiam

191 4917 510 4964 sectantur.
544 4908 623 4964 Ex
649 4908 855 4976 Tacito,
890 4908 1083 4977 Plinio,
1112 4912 1370 4967 Suetonio
1393 4921 1447 4965 et
1474 4911 1615 4965 illius
1659 4908 1796 4966 teta-

194 4981 272 5035 tis
319 4980 481 5052 aliis,
531 4994 639 5035 non
675 4980 976 5036 dubitarem
1022 4983 1266 5052 exempla
1308 4982 1417 5052 peti
1457 4982 1592 5052 satis
1631 4981 1797 5036 multa

193 5065 394 5121 posse.
424 5050 710 5107 Mesenen.
740 5052 919 5108 —Sic
940 5053 1154 5118 Livius,
1185 5050 1291 5118 754,
1311 5050 1378 5117 '7,
1409 5053 1473 5108 14
1503 5071 1516 5106 :
1547 5051 1613 5106 Et
1640 5069 1726 5106 vos
1748 5059 1799 5107 in

191 5138 367 5176 manu
394 5131 443 5176 et
463 5124 660 5177 tuteta..
761 5123 950 5180 debetis
970 5125 1154 5180 habere
1174 5140 1282 5180 eas.
1306 5123 1540 5185 Tacitus,
1575 5122 1796 5191 Histor.,

191 5193 234 5264 ᾇ
253 5235 273 5258 .
308 5192 385 5264 36
413 5211 427 5243 :
461 5192 529 5264 In
550 5194 726 5248 luxum
755 5193 906 5263 elfusi
944 5205 993 5250 et
1024 5196 1202 5264 epulas
1230 5206 1279 5250 et
1316 5204 1588 5248 nocturnos
1623 5204 1796 5249 caelus.

190 5262 440 5324 Plinius.
473 5263 760 5336 Panegyr.,
789 5262 884 5330 ει,
914 5268 980 5323 5:
1006 5262 1076 5321 In
1103 5266 1288 5322 animis
1312 5265 1498 5319 nostris
1525 5274 1570 5318 et
1585 5266 1802 5334 judiciis

192 5350 329 5405 eras
353 5345 496 5404 pater
526 5339 727 5405 patrita.
760 5336 1019 5397 lunam.

277 5404 484 5459 Eadem
509 5404 655 5459 uellet
676 5409 750 5461 vel
775 5409 949 5464 nollet.
1001 5409 1090 5465 Sic
1114 5409 1283 5464 edidit
1309 5405 1589 5473 Heraldus,
1622 5416 1806 5464 aucto-

193 5475 394 5551 ritate,
425 5475 481 5551 ni
509 5474 687 5551 fallor,
718 5491 816 5532 ms.
837 5480 1261 5551 regii.Rigaltius
1278 5494 1411 5551 vero
1430 5487 1486 5533 et
1507 5479 1617 5549 Sig.
1643 5478 1806 5536 Gele-

198 5546 340 5620 nius
365 5545 567 5601 habent
591 5546 767 5620 eadem
793 5545 923 5604 velte
944 5553 1020 5605 uel
1059 5545 1195 5606 nolle
1215 5591 1230 5616 ,
1274 5550 1418 5620 quod
1459 5545 1692 5620 explicat
1727 5552 1803 5609 cl.

198 5614 495 5671 Grunerus
540 5631 638 5685 per
677 5618 878 5673 inlinita
922 5631 1164 5678 naturam
1211 5614 1489 5677 hominum
1532 5614 1805 5677 habentia.

196 5685 564 5764 prkenius
588 5688 722 5764 ,_cui
758 5690 986 5764 glossam
1026 5707 1221 5764 sapere
1253 5703 1503 5764 quatuor
1525 5692 1608 5747 lue
1647 5707 1807 5751 voces

194 5755 499 5835 Videntur,
544 5755 694 5835 nulla
732 5755 887 5817 modo
928 5775 1008 5819 est
1054 5755 1371 5819 audiendus.
1403 5762 1510 5818 Sed
1549 5765 1662 5835 ipse
1686 5804 1703 5831 ,
1752 5774 1810 5821 ut

192 5827 559 5902 conjectura:
588 5823 716 5878 huic
738 5844 840 5884 sua:
875 5850 1056 5899 parum
1083 5836 1345 5903 conlisus,
1377 5823 1809 5909 statim'subjun-

549 5916 827 5984 Panos.
852 5921 952 5988 ill.

1913 1774 2342 1859 tuis,_eaztinctis;
2380 1774 2470 1859 5?,
2503 1781 2617 1859 uri,_
2648 1774 2866 1859 cremari
2890 1804 2908 1848 ;
2937 1787 3007 1840 24
3029 1829 3043 1854 ,
3074 1774 3513 1859 scinde—nciam.

1912 1844 1992 1925 Cl.
2040 1844 2499 1925 Heumat‘tnusuita
2529 1852 2642 1925 vult
2692 1852 2793 1922 legi
2828 1869 2853 1925 :7
2874 1844 3157 1913 concineret
3183 1904 3198 1925 ,
3228 1844 3513 1923 eteadem

1912 1916 1990 1969 vel
2018 1916 2161 1994 uellet
2190 1918 2268 1971 vel
2305 1919 2484 1975 nollet.
2525 1920 2631 1976 Sed
2663 1916 2794 1977 usus
2831 1916 3268 1994 frequentissime
3296 1916 3513 1993 hoc—di:

1911 1986 2065 2069 cendi
2094 2003 2293 2069 genere
2321 1998 2535 2069 veteres
2574 2004 2843 2069 auctores.
2895 1986 3159 2069 esemplis
3192 1986 3276 2058 sat
3298 1986 3513 2067 ’ἧιύἧίε

1912 2057 2287 2147 probat
2318 2060 2688 2147 Menck‘enius‘.
2719 2067 2916 2147 quibus
2946 2057 3089 2147 atlth
3119 2057 3284 2147 Plin.,
3317 2057 3508 2147 libis:

1908 2127 2010 2198 Ep.
2042 2129 2148 2202 ξος
2184 2130 2429 2200 Superest
2453 2142 2509 2186 ut
2534 2143 2587 2187 tu
2618 2127 2911 2191 libratorem
2935 2140 3012 2193 vel
3032 2127 3511 2202 architectum

1908 2208 2006 2253 tas.
2054 2200 2263 2256 Plorusi
2285 2243 2300 2267 ,
2331 2202 2502 2275 9,10
2528 2222 2542 2259 :
2572 2204 2655 2258 Ne
2684 2217 2906 2275 potestas
2944 2211 3220 2269 solitudine
3245 2217 3323 2270 vel
3364 2200 3510 2275 mora

1906 2282 2337 2358 cprrumperetur.
2363 2273 2625 2358 Minucius
2640 2273 2854 2358 master,
2876 2280 2947 2336 20
2966 2299 2976 2332 ε
2997 2285 3287 2358 Antiquitas
3308 2273 3512 2358 fabellis

1906 2342 2272 2425 delectatayel
2297 2353 2469 2425 capta.
2498 2344 2601 2425 ld_.,
2639 2347 2744 2425 $5:
2777 2342 3145 2425 Quorunicibo'
3175 2357 3253 2411 vel
3276 2342 3508 2425 fastidio:

1908 2411 2118 2500 Itaque,
2141 2414 2313 2500 simul
2356 2411 2526 2500 vulgn_
2559 2417 2753 2498 legitur
2777 2411 3227 2500 dieere_Feliceit_t_
3250 2411 3508 2500 potuisse,

1904 2498 2016 2558 non
2040 2492 2125 2539 est
2149 2483 2410 2551 dubium;
2441 2483 2678 2542 voluisse
2707 2501 2888 2546 autem
2912 2533 2927 2558 ,
2960 2493 3060 2547 hoc
3089 2483 3297 2552 facilius
3326 2483 3509 2557 credi:

1904 2553 2097 2637 derim,
2143 2571 2250 2625 quo
2282 2558 2459 2637 magis
2480 2558 2594 2628 ipse
2619 2553 2924 2637 cavendum.
2950 2563 3283 2637 intelligebat
3317 2553 3507 2628 ne'd—e—

1904 2624 2094 2699 licatas
2122 2624 2283 2699 aures
2310 2624 2562 2699 illaduas
2587 2628 2830 2697 ejusdem
2864 2631 3049 2691 formae
3075 2624 3151 2691 at?
3164 2640 3283 2694 soni
3340 2624 3510 2699 vocu-

1905 2697 1983 2751 las
2011 2696 2289 2765 repetendi
2320 2698 2458 2753 ratio
2487 2696 2807 2757 oi'fenderet.
2846 2702 3112 2762 Lmnusn.

1975 2766 2217 2842 Crederes
2252 2786 2411 2842 unum
2451 2779 2761 2842 mentem...
2804 2773 3040 2833 divisam.
3082 2777 3225 2834 Nihil
3267 2782 3320 2837 in
3362 2783 3511 2842 hisee

1904 2839 2088 2927 geritis
2116 2840 2256 2923 inest
2296 2840 2429 2894 vitii.
2464 2840 2774 2927 Lactantius
2920 2846 3083 2927 Μονιέ
3108 2848 3341 2927 _P_e_rsec_.,
3381 2839 3503 2927 cap:

1902 2908 2127 2992 8.:.Nec
2170 2911 2307 2993 enim
2354 2921 2558 2980 possent
2586 2913 2638 2966 in
2664 2913 2891 2995 amicitia
2914 2924 3028 2995 tam
3045 2919 3186 2995 ﬁdeli
3213 2908 3474 2981 cohaerere

1903 2980 2002 3062 nisi
2030 2991 2156 3062 esset
2176 2982 2235 3062 in
2264 2992 2475 3062 utroque
2500 3000 2641 3062 mens
2669 3000 2790 3038 una.
2826 2985 2965 3042 Vide
2992 2980 3240 3062 Persium
3265 3035 3281 3060 ,
3306 2996 3420 3049 Sat.
3452 2980 3507 3062 v:

1901 3049 2011 3135 2Ξῇἶ
2037 3052 2190 3135 etnibi
2218 3049 2467 3135 scholia;
2496 3064 2551 3111 et
2578 3054 2964 3127 Hieronymum
2988 3099 3004 3127 ,
3050 3059 3229 3130 Epist.
3268 3049 3291 3119 ἶ
3335 3076 3389 3122 et
3416 3049 3507 3135 xv;

1905 3121 2039 3177 edit.
2077 3122 2184 3177 BB.
2216 3124 2402 3179 DAVIS.

1980 3192 2069 3248 Sic
2091 3194 2235 3276 solus
2255 3195 2844 3277 inanioriltusconscius
2858 3200 2976 3277 ipse
2995 3203 3181 3277 socius.
3210 3203 3338 3261 Haec
3358 3210 3510 3277 equi-

1905 3263 2029 3340 dem
2060 3264 2137 3340 sic
2163 3264 2402 3340 intelligo
2420 3284 2442 3340 _:
2476 3266 2567 3322 Sic
2586 3268 2635 3340 is
2661 3270 2749 3340 qui
2775 3263 2901 3325 mihi
2926 3273 3066 3327 solus
3092 3285 3199 3329 erat
3227 3278 3280 3330 in
3310 3263 3507 3333 amori-

1907 3335 2016 3410 ltus,
2041 3336 2191 3410 cujus
2220 3338 2293 3410 rei
2316 3335 2456 3410 testis
2476 3335 2685 3410 estgipsé
2712 3340 3139 3410 locupletissimus
3161 3348 3509 3408 socius.etiam

1906 3406 2007 3488 fuit
2107 3408 2493 3488 εισι-ονὶριιι-Ιξη
2524 3406 2756 3488 sititilem
2786 3406 2960 3488 locum
2992 3416 3132 3488 apud
3162 3406 3504 3488 Ciceronem,

1905 3477 1994 3558 qui
2026 3478 2120 3533 lib.
2137 3494 2235 3558 vn,
2268 3478 2367 3558 EAp.
2395 3478 2581 3558 5?,_de
2610 3481 2843 3558 Curione
2869 3486 2991 3558 ita»:
3023 3477 3118 3540 Est
3141 3488 3285 3553 milii,
3311 3499 3364 3543 ut
3385 3477 3503 3558 scis,

1904 3549 1959 3617 in
1983 3548 2263 3604 amoribus.
2293 3549 2446 3617 Quod
2470 3549 2667 3605 Minue.
2698 3550 2926 3609 fortasse
2951 3556 3020 3610 ita
3048 3568 3190 3613 esset
3217 3548 3464 3617 elocutus
3487 3548 3503 3615 Ξ

1910 3616 2006 3674 Est
2035 3619 2161 3673 mihi
2188 3616 2432 3691 conscius
2470 3621 2599 3691 ipse,
2632 3623 2682 3676 in
2710 3626 2989 3681 amoribus.
3032 3627 3343 3685 Scheﬂ'erus
3372 3616 3507 3688 illud

1905 3692 2140 3763 conscius
2168 3690 2315 3763 delet
2349 3699 2405 3747 et
2435 3692 2506 3763 ita
2535 3692 2816 3763 legendum
2855 3707 3043 3752 censet
3074 3716 3088 3753 :
3130 3699 3222 3755 Sic
3249 3703 3420 3757 socius
3450 3705 3506 3757 in

1904 3762 2161 3816 amoribus
2188 3762 2319 3829 ipse,
2348 3762 2516 3817 socius
2540 3762 2605 3816 ἱιί
2621 3766 2895 3820 erroribus.
2926 3765 3232 3826 Gronovius
3257 3772 3329 3827 ita
3362 3792 3375 3826 :
3412 3774 3507 3828 Sic

1904 3831 2127 3911 solusjn
2160 3833 2419 3911 amoribus
2448 3836 2701 3911 conscius,
2737 3837 2846 3908 ipse
2860 3840 3037 3911 socius
3062 3840 3115 3893 in
3141 3843 3416 3911 erroribus,
3449 3855 3506 3900 et

1904 3903 2019 3956 vult
2044 3902 2325 3959 Octavium
2356 3904 2442 3983 his
2467 3907 2644 3960 verbis
2667 3908 2735 3962 de
2759 3902 2829 3963 'se
2858 3908 3030 3983 ipsum
3066 3911 3331 3976 contiteri,
3358 3902 3507 3983 quod

1907 3989 2156 4047 venerem
2198 3976 2503 4047 promiscue
2540 3976 2887 4047 spargerent,
2924 3980 3052 4034 dum
3099 3997 3249 4038 more
3286 3976 3502 4040 illorum

1904 4044 2321 4101 adolescentiam
2355 4046 2425 4101 ab
2455 4062 2517 4102 se
2541 4044 2715 4103 actam
2746 4048 2964 4105 fatetur.
3002 4051 3351 4108 Heumannus
3378 4056 3449 4109 ita
3484 4074 3500 4109 :

1906 4115 1998 4171 Sic
2028 4117 2168 4172 solus
2205 4118 2258 4170 in
2297 4118 2558 4171 amoribus
2595 4119 2729 4186 ipsi,
2776 4120 2940 4173 socius
2982 4122 3035 4175 in
3063 4123 3351 4185 erroribus,
3385 4141 3501 4178 cum

1904 4186 2149 4263 discussa
2184 4188 2471 4263 caligine...
2512 4205 2832 4263 emergerem.
2870 4189 3056 4242 Causae
3120 4204 3217 4244 cur
3254 4195 3502 4263 acquies-

1903 4260 2104 4331 cere_in
2137 4260 2238 4313 hac
2262 4259 2638 4331 emendatione
2681 4270 2938 4331 nequeam
2961 4298 2975 4321 ,
3017 4268 3149 4331 sunt
3182 4279 3197 4314 :
3225 4259 3456 4330 primum
3479 4309 3496 4331 ,

1903 4328 2043 4399 quod
2075 4343 2235 4406 voces
2260 4329 2464 4396 aliquot
2491 4327 2767 4406 ejiciendus
2804 4334 2967 4406 sunt,
3011 4329 3186 4395 quod,
3225 4327 3499 4406 quomodo

1903 4394 2365 4475 excusariqueat.
2386 4412 2502 4475 non
2521 4394 2928 4475 videuideiude
2957 4394 3079 4475 pars
3102 4394 3364 4475 orationis
3396 4424 3497 4475 up-

1822 4479 1879 4541 ])
1905 4469 2033 4525 lima
2060 4464 2283 4541 excidit.
2308 4468 2432 4541 Tria
2471 4468 2613 4541 enim
2654 4464 2847 4541 Minue.
2877 4464 3195 4541 de‘Detavio
3224 4489 3322 4527 suo
3348 4464 3498 4532 al‘fi'r-

1903 4549 2031 4607 mat,
2061 4540 2116 4596 1°
2146 4539 2288 4611 quod
2313 4540 2516 4611 amicus
2545 4533 2741 4611 fuerit;
2767 4535 2832 4611 2°_
2854 4538 2997 4608 quod
3017 4554 3083 4595 ex
3108 4540 3190 4595 sui
3217 4558 3402 4600 amore
3418 4548 3496 4603 si-

1900 4613 2012 4668 mul
2044 4607 2215 4668 errori
2246 4607 2565 4673 adhaeserit;
2603 4608 2660 4662 3°
2691 4607 2834 4677 quod
2867 4607 2934 4665 ex
2966 4625 3150 4667 errore
3179 4614 3334 4669 simul
3371 4633 3495 4674 cum

1900 4699 1966 4740 eo
1999 4683 2053 4738 in
2084 4684 2259 4738 lucem
2290 4678 2533 4734 veritatis
2563 4680 2803 4735 redierit.
2840 4680 2938 4735 Hic
2968 4696 3118 4748 vero,
3149 4699 3215 4738 ex
3243 4689 3496 4744 emenda-

1900 4754 2049 4809 tione
2077 4750 2485 4806 Heumanniana
2516 4750 2817 4806 membrum
2859 4752 3154 4808 secundum
3183 4755 3355 4810 abest.
3386 4757 3497 4816 Ob-

1898 4832 2079 4879 servet
2113 4824 2334 4891 insuper
2372 4822 2544 4894 lector
2586 4823 2901 4894 elegantem,
2946 4826 3345 4894 paronontasin,
3370 4846 3499 4885 con.

1903 4895 2037 4949 scius
2062 4902 2117 4949 et
2140 4890 2330 4959 socius,
2352 4890 2611 4948 amoribus
2642 4890 2699 4949 et
2723 4890 2995 4948 erroribus.
3023 4893 3278 4951 LINDNER.

1974 4965 2259 5042 Sapientia:
2300 4972 2348 5042 et
2392 4964 2653 5042 ueritatis.
2711 4963 2823 5042 iloc
2862 4973 2984 5042 est,_
3009 4981 3151 5042 vera:
3195 4968 3494 5042 sapientize,

1903 5051 2096 5105 nempe
2124 5034 2459 5091 christiauaz.
2504 5034 2595 5090 Sic
2625 5036 2843 5105 feminas
2870 5035 3175 5102 sapientiam
3203 5034 3499 5099 consecutus

1903 5106 2038 5182 dixit
2060 5105 2443 5182 Tertullianus.
2470 5105 2831 5182 Christianas;
2857 5116 2911 5162 et
2937 5106 3199 5182 Sgcratem
3222 5126 3403 5182 sapere
3428 5115 3498 5169 ad

1903 5178 2161 5253 ueritatem
2181 5219 2196 5243 ,
2225 5192 2349 5231 cum
2374 5175 2443 5231 ad
2468 5176 2898 5233 Christianorum
2922 5177 3057 5235 scita
3093 5175 3312 5253 propius
3336 5199 3496 5242 acce-

1903 5247 2087 5305 debat.
2117 5248 2430 5306 ΒιοΑιτιυε.

1981 5340 2345 5395 Prwcucurrit.
2372 5338 2463 5394 Sic
2498 5339 2552 5394 in
2588 5354 2689 5395 ms.
2720 5348 2825 5406 est;
2854 5348 2911 5396 at
2951 5343 3005 5398 in
3040 5343 3274 5402 editione
3301 5347 3501 5405 Roma-

1907 5427 1996 5479 na,
2031 5427 2151 5481 quae
2171 5412 2411 5466 omnium
2438 5418 2523 5465 est
2550 5411 2741 5479 prima,
2771 5415 3060 5481 prwcurrit.
3086 5415 3192 5471 Sed
3221 5418 3353 5474 nihil
3382 5437 3500 5477 tnu-

1907 5483 2130 5541 tandum
2171 5491 2358 5538 contra
2399 5495 2503 5535 ms.
2548 5483 2945 5537 auctoritatem.
2992 5484 3160 5539 liabet
3207 5490 3343 5545 hanc
3387 5492 3502 5548 for-

1909 5570 2049 5611 mam
2078 5553 2319 5617 Plautus,
2359 5552 2687 5619 Mentec/tm.,
2717 5553 2773 5620 5,
2801 5551 2866 5616 8,
2898 5552 2954 5608 8.
3004 5554 3160 5610 Conf.
3194 5557 3262 5612 de
3291 5576 3505 5616 concur-

1910 5642 2041 5702 rere,
2071 5624 2360 5702 decurrere,
2390 5639 2707 5693 procurrere,
2743 5622 2930 5679 eadem
2961 5626 3126 5702 forma
3158 5626 3500 5702 Freinshem,

1910 5698 1964 5751 in
1994 5694 2174 5749 Indice
2199 5694 2267 5748 ad
2290 5692 2529 5758 Florum,
2552 5710 2607 5749 v.
2640 5710 2953 5750 concurrere.
2987 5695 3248 5752 Lmnunn.

1986 5766 2160 5821 Etiam
2185 5781 2318 5819 nunc
2342 5764 2693 5836 inlta'rentem.
2722 5765 2810 5822 Sic
2847 5766 3085 5836 loquitur
3112 5767 3372 5827 Minucius
3417 5789 3506 5829 re-

1913 5838 2151 5915 spiciens
2178 5838 2248 5894 att
2276 5833 2411 5894 illud
2438 5838 2700 5913 temporis
2738 5836 2854 5895 sive
2883 5833 3081 5910 negotii
3109 5840 3252 5912 quod
3273 5839 3395 5903 beie
3413 5845 3515 5906 de-

2927 5930 2990 5998 8.
