3802 6276
390 371 503 433 ess

394 689 538 735 sunt.
584 678 674 733 Sic
728 674 872 732 Allia
920 691 1120 732 nomen
1168 674 1490 740 infaustum,
1547 675 1628 731 sic
1674 672 1879 730 Claudii
1934 683 1992 732 et

391 772 573 838 Junii,
609 786 716 825 non
749 768 994 841 praelium
1042 770 1095 825 in
1140 769 1372 834 Pteuos,
1419 768 1511 825 sed
1558 767 1726 826 ferale
1773 767 1989 824 naufra-

391 864 537 936 gium
569 873 671 918 cst.
699 863 800 930 Et,
849 872 909 919 ut
933 862 1285 919 Trasimenus
1311 862 1684 920 Romanorum
1729 865 1992 935 sanguine

392 965 448 1013 et
497 956 668 1025 major
696 966 841 1012 esset
881 964 933 1011 et
965 954 1207 1023 decolor,
1261 957 1467 1026 sprevit
1518 956 1739 1028 auguria
1787 956 1990 1025 Elami-

391 1048 552 1104 nius:
582 1057 666 1114 et,
726 1061 784 1104 ut
832 1048 1064 1105 Parthos
1112 1049 1262 1120 signa
1306 1064 1687 1121 reposcamus,
1740 1051 1990 1105 Dirarum

392 1143 811 1214 imprecationes
851 1141 1079 1198 Crassus
1117 1153 1171 1198 et
1217 1144 1415 1198 meruit
1459 1151 1514 1197 ct
1558 1142 1745 1197 irrisit.
1791 1140 1995 1198 Omitto

391 1246 610 1307 vetera,
661 1253 781 1309 quae
812 1238 979 1292 multa
1011 1247 1169 1304 sunt,
1216 1246 1271 1293 et
1314 1236 1383 1292 de
1432 1236 1656 1292 deorum
1688 1238 1990 1307 natalibus,

393 1329 549 1386 donis
574 1372 590 1396 ,
623 1330 936 1386 muneribus
955 1374 971 1400 ,
1004 1332 1220 1403 negligo
1250 1330 1488 1387 carmina
1518 1339 1828 1401 poetarum;
1859 1345 1996 1400 pra:-

394 1424 535 1480 dicta
568 1425 730 1481 etiam
760 1425 830 1480 de
851 1426 1084 1482 oraculis
1106 1425 1210 1480 fata
1231 1425 1581 1490 tranSilio,ne
1595 1422 1748 1478 vobis
1761 1423 1994 1493 antiqui-

395 1525 477 1572 tas
502 1517 728 1572 nimium
758 1517 1001 1573 fabulosa
1031 1518 1297 1573 videatur.
1330 1517 1553 1573 Intende
1581 1517 1793 1587 templis
1822 1530 1884 1570 ac
1899 1515 1996 1572 de-

394 1607 563 1664 lubris
589 1608 811 1664 deorum
836 1610 1027 1681 quibus
1044 1609 1286 1664 Romana
1303 1610 1491 1664 civitas
1506 1618 1563 1664 et
1578 1607 1873 1680 protegitur
1886 1609 1929 1639 ¹⁰
1943 1617 1997 1663 et

394 1711 632 1756 armatur
647 1718 660 1755 :
678 1702 847 1773 magis
862 1712 987 1757 sunt
999 1713 1218 1773 augusta
1234 1702 1541 1758 numinibus
1557 1702 1744 1758 incolis
1762 1716 1997 1772 praesen-

396 1791 557 1858 tibus,
578 1792 871 1863 iuquilinis,
906 1810 1066 1865 quam
1090 1796 1266 1851 cultus
1291 1796 1589 1867 insignibus
1609 1804 1664 1852 et
1685 1797 1997 1853 muneribus

1571 366 1781 424 MARCI
1825 366 2082 427 MINUCII
2122 366 2389 427 FELICIS

394 493 709 566 coaequavit.
759 487 1120 561 Frequentius
1170 488 1334 546 etiam
1398 504 1559 561 quam
1629 489 1980 557 volebamus,
2010 486 2513 554 Aealamitatibus,
2568 483 2842 542 laboribus
2904 484 3271 541 levamentum
3323 498 3338 536 :
3387 484 3543 540 etiam
3579 483 3769 569 pet-3th

394 554 619 644 deorum
679 582 1019 655 prtesentiam
1070 591 1380 652 contempta
1424 581 1660 653 auspicia
1687 591 1987 637 contestata
2091 583 2326 654 quietem
2355 582 2486 636 deos
2513 580 2795 651 videmus,
2823 577 3073 634 audimus
3096 618 3112 645 ,
3142 575 3484 650 agnoscimus
3505 621 3520 648 ,
3550 597 3653 654 quos
3679 554 3689 677 ξ
3746 554 3765 677 Ι

3573 371 3658 435 156

3387 484 3543 540 etlam
3579 504 3653 559 per

2091 677 2255 748 impie
2286 690 2383 747 per
2408 674 2551 732 diem
2582 688 2873 747 negamus,
2904 673 3188 740 nolumus,
3221 673 3545 744 pejeramus.

2680 767 2915 828 CAPUT
2950 768 3080 825 VIII.

2093 862 2486 921 ABGUIEN'I‘UII.
2513 891 2588 903 ——
2611 861 2824 917 Mimine
2857 862 3072 935 ferenda
3109 860 3405 928 Theodori,
3454 861 3656 937 Diagora

2164 974 2225 1011 ac
2249 956 2553 1029 Protagora:
2574 958 2736 1029 impia
2766 957 3041 1017 temeritas.
3059 957 3146 1027 qui
3162 955 3376 1010 deorum
3401 956 3657 1029 religionem

2166 1054 2247 1108 vel
2283 1056 2482 1125 penitus
2509 1053 2687 1108 tollere
2707 1094 2722 1118 ,
2765 1052 2844 1107 vel
2867 1051 3048 1106 saltem
3072 1051 3338 1120 inﬁmare
3367 1052 3597 1118 coluere;
3618 1067 3656 1112 at

2142 1136 2326 1199 'multo
2390 1144 2558 1199 minus
2621 1144 2745 1216 ferri
2798 1144 2944 1199 debet
2999 1142 3249 1198 latebrosa
3303 1152 3355 1197 et
3434 1143 3661 1217 lucifuga:

2167 1238 2575 1294 Christianon
2616 1238 2777 1301 natio,
2827 1236 2915 1307 qui
2961 1234 3084 1291 deos
3130 1239 3428 1305 despuunt,
3474 1245 3517 1289 et
3558 1244 3657 1293 (tum

2166 1331 2297 1384 mori
2320 1338 2433 1401 post
2457 1337 2668 1384 mortem
2698 1330 2912 1394 timent,
2943 1327 3149 1382 interim
3175 1327 3309 1383 mori
3335 1343 3442 1382 non
3465 1326 3635 1385 timent.

2170 1421 2372 1493 Itaque,
2395 1436 2517 1477 cum
2540 1421 2780 1475 omnium
2802 1420 3040 1490 gentium
3064 1418 3134 1475 de
3150 1417 3253 1475 diis
3280 1418 3658 1490 immortalibus,

3671 482 3720 553 ii
3747 482 3769 553 lt

3674 678 3694 721 1‘.

2098 1515 2340 1587 quamvis
2370 1514 2573 1570 incerta
2603 1514 2673 1568 sit
2694 1512 2780 1569 vel
2808 1511 2948 1568 ratio
2965 1512 3049 1566 vel
3073 1511 3249 1582 origo,
3277 1518 3502 1567 maneat
3523 1520 3688 1571 tamea‘

2100 1609 2254 1663 tirma
2288 1608 2607 1672 consensio;
2641 1606 2912 1662 neminem
2941 1605 3056 1661 fero
3098 1613 3244 1660 tanta
3275 1603 3538 1674 audacia,
3562 1615 3661 1663 tam-

2100 1700 2522 1773 queirreligiosa
2560 1699 2744 1755 nescio
2790 1714 2896 1771 qua
2937 1697 3215 1768 prudentia
3279 1708 3659 1770 tumescentem,

2100 1797 2191 1868 qui
2218 1795 2357 1851 hanc
2381 1795 2695 1869 religionem
2717 1802 2825 1850 tam
2861 1800 3146 1857 vetustam.
3190 1798 3300 1847 tam
3329 1791 3521 1847 utilem
3549 1834 3562 1859 ,
3586 1800 3662 1848 tam

392 1883 669 1957 opulenta.
731 1883 858 1941 Inde
900 1888 1036 1942 adeo
1067 1888 1207 1959 pleni
1234 1898 1289 1945 ct
1314 1889 1463 1944 mixti
1499 1890 1607 1946 Deo
1636 1899 1787 1946 vates
1815 1889 1989 1946 futura
2019 1892 2067 1953 B
2095 1889 2363 1945 salubrem
2408 1887 2708 1944 dissolvere
2750 1895 2841 1942 aut
2869 1885 3145 1941 infirmare
3174 1885 3399 1941 nitatur.
3460 1881 3541 1938 Sit
3574 1884 3664 1942 licet

399 1986 780 2049 pratcerpunt,
812 1978 943 2034 dant
988 1981 1251 2036 cautelam
1300 1981 1584 2053 periculis,
1632 1982 1835 2038 morbis
1879 1997 1995 2038 me-

395 2067 608 2139 delam,
661 2085 815 2142 spem
896 2070 1147 2141 afﬂictis,
1218 2088 1376 2145 opem
1422 2074 1666 2142 miseris,
1740 2074 1989 2130 solatium

2100 1984 2190 2041 ille
2219 1983 2537 2040 Theodorus
2603 1981 2925 2055 Cyrenaeus,
2984 1980 3103 2048 vel,
3174 1980 3266 2052 qui
3341 1978 3520 2051 prior.
3572 1978 3664 2033 Dia-

2094 2093 2253 2151 goras
2335 2077 2563 2144 Melius,
2635 2076 2721 2132 cui
2786 2073 2997 2131 Atheon
3064 2087 3367 2149 cognomen
3459 2073 3664 2143 apposuit

1727 2195 2089 2254 VABIORUM
2125 2196 2358 2254 NOTAE.

394 2282 568 2342 lorum
602 2288 963 2359 accingamur.
996 2284 1195 2358 Equiti:
1219 2287 1301 2342 sui
1329 2293 1411 2342 est
1439 2285 1704 2359 appositio
1722 2301 1821 2358 pro
1847 2287 1988 2359 mole

393 2375 489 2413 sua
527 2358 611 2430 qui
636 2375 800 2430 eques
845 2368 972 2413 erat.
1020 2359 1185 2430 Moles
1208 2359 1428 2430 idicitur
1453 2358 1521 2413 de
1552 2372 1742 2430 pompa
1764 2398 1779 2423 ,
1823 2358 1988 2430 maje-

399 2428 567 2500 s_tate',
599 2429 647 2484 vi
674 2445 736 2485 ac
765 2431 1022 2500 potentia.
1042 2429 1164 2484 Vid.
1193 2429 1433 2485 Gronov.
1487 2431 1539 2484 in
1574 2428 1782 2485 Observ.
1816 2446 1854 2495 ι,
1890 2428 1980 2484 90.

394 2498 476 2554 Εη
502 2517 644 2553 arma
665 2543 679 2567 ,
711 2498 986 2572 inquibus
1017 2501 1095 2555 vis
1119 2500 1294 2555 oumis
1320 2501 1665 2572 consistebat.
1701 2500 1881 2554 Honor
1904 2511 1986 2555 est

392 2572 672 2642 prmitiium
705 2571 946 2639 virtutis,
973 2572 1175 2637 judicio
1214 2571 1497 2642 studioque
1521 2572 1713 2626 civium
1745 2572 1980 2627 delatum

393 2641 460 2696 ad
488 2642 751 2713 aliquem,
786 2645 895 2697 Cic.
916 2686 930 2710 ,
963 2643 1031 2698 de
1061 2642 1200 2697 Clar.
1229 2642 1375 2699 Orat.
1402 2641 1529 2707 280,
1557 2658 1606 2697 c.
1631 2642 1722 2699 8|.
1754 2644 1829 2698 En
1869 2642 1985 2697 Vir-

395 2723 550 2769 tutem
574 2756 589 2779 ,
640 2730 760 2784 quae
790 2714 897 2768 duo
918 2715 1347 2783 requirebantur,
1375 2730 1440 2770 ex
1463 2717 1702 2779 oraculo,
1733 2716 1777 2769 si
1810 2730 1980 2785 remp.

393 2786 594 2841 Salvam
625 2801 745 2841 esse
772 2787 990 2841 vellent.
1025 2786 1183 2840 Errat
1210 2801 1340 2856 ergo
1387 2785 1588 2844 Cellar.
1622 2790 1711 2855 qui
1742 2786 1983 2840 Curtium

396 2856 646 2928 intelligit
671 2858 739 2911 de
768 2858 886 2912 lacu
910 2900 924 2921 ,
967 2866 1023 2914 et
1051 2858 1285 2928 equitem
1316 2856 1385 2928 de
1407 2872 1567 2926 equo.
1586 2857 1778 2911 Heutn.
1805 2872 1985 2912 veram

392 2927 714 2998 scripturam
747 2931 882 2984 hanc
907 2930 1067 2983 fuisse
1092 2927 1531 2997 pntatzﬂurtius.
1581 2928 1667 2997 qui
1713 2944 1860 2998 eques
1908 2934 1985 2981 sui

2092 2288 2232 2344 tituli
2258 2296 2383 2345 sunt
2419 2295 2659 2360 augustae
2706 2286 2814 2343 illa:
2842 2284 3220 2354 inscriptiones
3245 2298 3260 2338 :

2537 2378 2933 2437 NVMINIBVS.
2973 2374 3263 2433 INCOLIS.

2407 2470 2793 2528 NVMINIBVS.
2837 2465 3377 2527 PRAESENTIBVS.

2482 2566 2876 2625 NVMINIBVS.
2915 2562 3301 2634 INQVILINIS.

2088 2659 2158 2715 At.
2179 2660 2421 2729 opulenta
2433 2660 2602 2714 cultus
2628 2659 2850 2729 insignia
2869 2666 2994 2712 sunt
3027 2671 3197 2710 aurete
3219 2661 3409 2729 stature
3429 2694 3447 2717 ,
3480 2652 3663 2729 theme,

2089 2724 2297 2796 acerraa,
2319 2731 2645 2796 lectisternia,
2660 2724 2967 2792 solisternia,
2987 2736 3245 2792 currus,et
3267 2725 3369 2778 alia
3392 2724 3665 2796 huiusmodi

2091 2795 2346 2872 pretiosa.
2391 2801 2512 2858 Rue.
2547 2832 2614 2842 —
2646 2802 2719 2856 Ita
2763 2799 3196 2872 distinguendum
3253 2795 3535 2872 cxistignat
3572 2795 3664 2848 ller.

2090 2865 2239 2944 quam
2263 2874 2425 2938 cultu,
2444 2874 2745 2944 insignibus,
2772 2883 2815 2926 et
2833 2865 3123 2944 muneribus
3145 2867 3414 2944 opulenta.
3444 2865 3664 2920 Ltsnxea.

2164 2944 2299 2998 Inde
2322 2948 2469 2998 adeo.
2503 2939 2612 3010 Ne,
2644 2957 2848 3014 quaeso,
2883 2942 3067 3014 dubita
3100 2939 3547 3014 mecum__leger_e
3586 2953 3664 2989 Leo

395 3000 517 3054 olim
534 2999 794 3089 gleba-tione
806 3000 1020 3082 hiatum,
1043 3008 1231 3089 etc.'et
1249 2999 1426 3089 equitis
1445 3010 1702 3089 ortlumes
1724 3015 1872 3089 eques
1887 3000 1987 3089 sui;
2013 3026 2059 3089 ρ
2094 3015 2233 3086 plem-
2251 3058 2265 3080 ν
2315 3017 2484 3085 inquit
2517 2999 2707 3069 Hahn}.
2728 3056 2744 3083 ,
2768 2999 2862 3070 sed
2886 3011 3071 3069 nescio
3091 3026 3159 3065 an
3186 2999 3448 3064 οιιηιίιιυξ
3481 3010 3547 3063 sit
3572 3023 3666 3079 ρετ.

393 3085 493 3141 pro
523 3070 784 3125 devotione
812 3070 1091 3141 scripsisse
1113 3069 1396 3141 olevelone,
1426 3070 1567 3124 unde
1598 3077 1780 3141 natum
1807 3071 1886 3123 ole
1907 3070 1986 3124 vel

396 3139 624 3207 honore;
653 3144 772 3196 olim
804 3139 1035 3212 denique
1081 3156 1142 3195 ex
1190 3140 1344 3195 velut
1397 3151 1600 3196 natum.
1652 3139 1848 3195 Credat
1892 3144 1982 3209 qtti

394 3214 559 3268 volet.
584 3212 842 3269 LINDNER.
882 3211 959 3254 -έ
990 3211 1080 3266 Vel
1110 3212 1318 3265 honore.
1354 3212 1695 3267 Rescribebat
1729 3212 1988 3267 lleraldus

394 3285 473 3338 vel
497 3301 669 3339 onere.
705 3286 878 3338 Minus
916 3293 1064 3338 recte
1087 3325 1102 3348 ,
1138 3292 1195 3337 ut
1220 3284 1448 3339 videtur.
1493 3283 1622 3349 Quis
1650 3282 1793 3338 enim
1841 3285 1987 3338 exis-

399 3355 551 3409 timet
580 3355 860 3424 scripsisse
889 3353 1176 3408 Minucium
1204 3354 1279 3408 vel
1301 3354 1462 3420 mole,
1515 3354 1594 3408 vel
1635 3371 1787 3408 onere
1808 3356 1834 3408 ?
1862 3354 1991 3409 Vul-

395 3434 571 3496 gatam
602 3426 881 3480 lectionem
910 3427 1193 3479 conﬁrmat
1229 3426 1487 3497 Rigaltius
1516 3442 1579 3479 ex
1612 3425 1826 3481 Valerio
1848 3426 1984 3480 Max.

398 3497 487 3551 lib.
515 3512 566 3561 v,
595 3511 715 3564 cap.
742 3497 791 3561 6,
818 3497 886 3550 ita
913 3497 963 3549 in
985 3498 1121 3551 hanc
1145 3496 1461 3552 sententiain
1489 3498 1755 3552 scribente
1780 3514 1794 3551 :
1821 3496 1990 3567 Super

396 3584 544 3637 quem
574 3569 795 3639 universi
810 3568 941 3621 cives
965 3568 1171 3621 honoris
1197 3569 1379 3638 gratia;-
1400 3569 1627 3622 certatim
1655 3568 1826 3639 fruges
1854 3569 1987 3639 inje-

397 3648 590 3709 cerunt.
614 3638 749 3693 Vide
772 3655 982 3709 quoque
1005 3639 1208 3693 Livium
1238 3639 1331 3694 lib.
1354 3656 1446 3703 vn,
1485 3654 1603 3708 cap.
1628 3640 1679 3694 6.
1714 3638 1987 3694 GALLaa‘n.

470 3708 656 3763 Ferale
688 3708 1028 3781 naufragium
1076 3721 1169 3765 est.
1219 3710 1390 3780 Leges
1414 3712 1776 3781 grammaticae
1801 3722 1988 3780 postu-

401 3778 514 3834 lant
564 3789 620 3834 ut
668 3778 908 3835 delt-titur
937 3798 1038 3838 vox
1066 3782 1273 3837 ultima.
1301 3778 1580 3836 Minucius
1620 3782 1762 3836 enim
1791 3778 1893 3834 non
1924 3782 1991 3837 de

374 3861 643 3923 _tempore
673 3860 799 3906 tunc
825 3861 1094 3924 prmscute
1115 3895 1129 3919 ,
1170 3852 1266 3908 sed
1293 3852 1387 3908 diu
1430 3854 1702 3977 prieteritp
1732 3852 1988 3922 loquitur.

1691 3934 1845 3977 'A'l'IS.

1691 3934 1845 3978 lavts.

477 3992 545 4047 Ut
602 3993 823 4050 Parthos
858 3996 1020 4067 signa
1060 4005 1370 4066 repetamus.
1419 3993 1768 4067 Reposramus
1794 3995 1993 4067 rescri-

399 4063 529 4137 bere
559 4066 736 4121 nullus
783 4063 1040 4137 dubitavit
1064 4108 1077 4130 ,
1110 4063 1179 4120 ob
1205 4067 1393 4122 oculos
1437 4063 1580 4121 enim
1606 4066 1793 4121 habuit
1820 4065 1993 4137 Virgi-

401 4134 526 4190 lium
550 4153 726 4203 suum,
759 4136 974 4191 (Eueni.
1005 4153 1100 4200 vn.
1131 4138 1235 4193 606
1261 4155 1276 4195 :

884 4208 1193 4270 Parthosque
1216 4220 1484 4271 reposcere
1499 4210 1657 4271 signa.

399 4268 567 4337 Quem
602 4269 775 4324 locum
800 4271 843 4325 si
875 4273 926 4324 in
957 4268 1203 4340 promptu
1230 4268 1522 4335 habuisset,
1550 4268 1634 4324 Vol
1673 4271 1989 4338 llenm.vcl,

400 4356 557 4410 quem
584 4342 918 4397 inventorem
945 4343 1336 4396 emendationis
1360 4343 1554 4411 laudat,
1578 4341 1859 4410 Hensittg.,
1887 4358 1991 4396 non

402 4411 580 4482 utique
609 4414 1010 4483 rescripsissem
1038 4429 1069 4465 a
1098 4411 1323 4468 Parthis.
1629 4414 1884 4469 Lmnusu.

473 4505 658 4589 Et,.de
692 4507 900 4592 deorum
927 4506 1320 4592 natalibus‘ctc.
1340 4507 1520 4592 Pecus
1547 4523 1578 4561 a
1603 4509 1794 4592 vitiosa
1821 4509 1987 4563 inter—
2017 4533 2067 4592 υ

404 4579 694 4647 punctione
738 4579 974 4632 laborat:
1008 4579 1083 4631 sic
1118 4587 1294 4633 autem
1323 4579 1729 4643 distinguendus
1757 4588 1839 4632 est
1868 4595 1881 4631 :
1907 4588 1985 4645 et,

403 4649 467 4701 de
493 4648 700 4701 deorum
730 4648 985 4702 natalibus
1006 4690 1021 4712 ,
1054 4650 1201 4703 (Ionis
1226 4693 1240 4713 ,
1273 4650 1565 4705 muneribus
1584 4690 1597 4711 ,
1647 4649 1847 4719 neglige
1875 4665 1990 4702 car-

407 4720 546 4790 mina
576 4729 870 4787 poetarum;
899 4736 1055 4773 nemo
1104 4722 1244 4775 cnim
1288 4724 1459 4776 nescit
1496 4735 1654 4790 quam
1685 4721 1990 4788 frequentes

402 4789 511 4862 sint
538 4791 587 4844 in
621 4790 703 4843 his
739 4790 994 4846 canendis
1025 4802 1217 4862 poetic.
1264 4794 1521 4846 DAVIS.—-
1544 4790 1850 4862 Heumanus
1875 4790 1946 4862 ita
1975 4808 1989 4845 :

408 4858 600 4933 Omitto
642 4869 807 4915 vetera
826 4904 840 4921 .
863 4878 977 4933 qua:
1009 4858 1167 4917 multa
1186 4873 1303 4918 sunt
1323 4904 1338 4927 ,
1372 4863 1435 4915 de
1462 4863 1672 4916 deat-mn
1701 4860 1954 4933 natalibus
1973 4902 1988 4926 ,

405 4931 585 4996 donis,
618 4931 925 4998 muneribus,
956 4936 1185 4987 carmina
1210 4942 1490 4999 poetarum.
1525 4936 1593 4985 At
1620 4947 1724 4986 non
1757 4932 1988 4986 dicitur:

404 5002 622 5056 ntultum
651 5020 754 5057 esse
776 5004 843 5059 de
867 5021 955 5069 re,
988 5006 1107 5067 sed,
1138 5005 1189 5057 in
1217 5020 1287 5055 re.
1334 5004 1591 5057 LINDNER.

478 5073 760 5141 Antiquitas
804 5078 1016 5129 nimium
1060 5074 1314 5145 fabulosa.
1352 5073 1507 5145 Nam,
1533 5081 1680 5129 certe
1722 5073 1995 5136 sciverunt

405 5159 525 5216 eam
570 5161 808 5216 omnem.
836 5144 1132 5201 fabulosam
1162 5158 1340 5216 esse,
1382 5154 1436 5198 et
1487 5144 1665 5199 forsan
1720 5147 1823 5200 hoc
1874 5147 1994 5216 ipso

406 5214 617 5286 Minucii
651 5210 895 5286 tempore
937 5232 1054 5269 eam
1105 5214 1264 5269 talem
1287 5216 1502 5276 scripsit
1529 5216 1772 5274 Justinus
1804 5233 1878 5285 XI,
1898 5210 1942 5273 ’6
1974 5234 1987 5271 :

411 5285 477 5340 Ut
506 5289 667 5341 omnis
691 5285 964 5357 antiquitas
993 5285 1227 5353 fabulosa
1251 5296 1345 5341 est.
1375 5286 1614 5342 GBONov.

483 5359 650 5426 Quam
702 5356 870 5411 cultus
914 5356 1226 5427 insignibus.
1275 5358 1364 5413 Sic
1408 5360 1534 5412 olim
1589 5359 1771 5415 habuit
1823 5358 1992 5416 codex

406 5425 523 5501 reg.
574 5428 743 5484 Hodie
789 5425 1052 5502 praefert}
1096 5429 1234 5481 cultu
1282 5429 1579 5502 insignibus.
1631 5430 1784 5486 Unde
1822 5432 1992 5486 critici

407 5498 749 5556 occasionem
779 5498 1053 5573 arripuere
1081 5498 1428 5573 corrigendi:
1463 5500 1606 5555 cultu
1636 5502 1993 5573 insignia.Sed

407 5582 666 5644 apparent
716 5569 935 5644 vestigia
989 5568 1192 5644 derasa:
1234 5568 1424 5627 litterae
1463 5588 1489 5627 s
1544 5590 1703 5644 quam
1737 5568 1848 5628 'nos
1897 5574 1996 5629 hac

406 5641 643 5698 editione
695 5641 999 5697 reducimus
1052 5642 1105 5696 in
1162 5642 1366 5709 lucem,
1433 5652 1486 5698 ut
1554 5641 1737 5699 redeat
1783 5645 1996 5699 Minucii

407 5726 599 5784 sensus
640 5711 739 5767 iste
783 5713 1092 5784 genuinus:
1128 5715 1323 5782 templa
1372 5730 1435 5769 ac
1484 5713 1705 5771 delubra
1754 5714 1994 5770 Romana

407 5781 576 5858 magis
600 5797 719 5858 esse
743 5781 938 5857 divina:
972 5781 1338 5858 beneficentiae
1367 5785 1536 5858 titulis
1566 5794 1810 5858 augusta,
1834 5802 1996 5858 (lnam

407 5802 576 5850 magis
600 5802 719 5839 esse
743 5802 938 5857 αινιιιω
972 5802 1338 5853 nenettcettttte
1367 5802 1536 5849 llllllls
1566 5802 1630 5855 an
1672 5802 1810 5849 usta,
1834 5802 1996 5858 quam

406 5852 583 5909 cultus
604 5854 899 5927 insignibus
924 5868 977 5914 et
1004 5857 1314 5913 muneribus
1343 5856 1617 5927 0pulcnta.
1634 5802 1996 5927 gBene/iceutiw

2092 3102 2372 3142 suasurus.
2397 3089 2653 3142 LINDNEB.

2168 3157 2433 3228 Negamus
2455 3198 2468 3218 ,
2500 3160 2758 3224 nolumus,
2802 3156 3109 3228 pejeramus:
3126 3152 3253 3228 Haec
3292 3160 3377 3208 est
3405 3151 3567 3228 lectio
3589 3164 3665 3205 ms.

2093 3243 2205 3298 reg.
2252 3222 2435 3283 Editio
2464 3230 2703 3284 Romana
2730 3222 2751 3293 ,⁷
2775 3222 3043 3290 volumus;
3070 3224 3325 3298 Gelenius
3338 3264 3370 3298 _,
3404 3222 3666 3298 uiolamus,

2094 3294 2281 3371 (c'onf.
2307 3315 2427 3369 cap.
2453 3300 2622 3369 XXIX)
2655 3318 2667 3354 :
2697 3314 2829 3371 quae,
2857 3298 3159 3371 lectio_non
3213 3294 3530 3371 displiceret
3550 3294 3603 3371 si
3624 3296 3670 3347 li-

2093 3364 2312 3425 broruin
2344 3364 2613 3426 niteretur
2630 3364 2969 3426 auctoritate.
2997 3365 3451 3423 ΗιςιιΑιι).-Μί1ιί
3477 3364 3667 3419 dubium

2095 3457 2199 3495 non
2232 3442 2444 3497 videtur
2494 3444 2622 3512 quin
2655 3442 2735 3496 vir
2771 3455 3013 3495 summus
3041 3438 3089 3494 J.
3112 3437 3173 3491 F.
3201 3436 3539 3512 Gronovius,
3590 3434 3670 3487 0b-

2092 3529 2222 3567 εει-ιν.
2254 3512 2398 3568 Eccl.
2440 3509 2559 3583 cap.
2587 3528 2702 3577 vn,
2755 3522 2901 3567 recte
2957 3509 3258 3566 correxerit
3308 3523 3553 3583 negamus
3593 3521 3667 3583 nos

2094 3583 2311 3649 videre,
2359 3578 2593 3638 nolumus
2624 3583 2840 3648 audire,
2871 3584 3160 3654 ejeramus,
3192 3580 3336 3650 quod
3378 3578 3527 3654 idem
3554 3578 3669 3654 valet

2093 3670 2156 3709 ac
2168 3672 2267 3709 non
2281 3657 2621 3727 agnoscimus.
2632 3649 3228 3727 Davis—lletincndum
3247 3650 3471 3727 omnino
3485 3649 3615 3718 quod
3628 3651 3667 3700 in

2093 3741 2194 3781 ms.
2241 3723 2474 3795 ituinque
2513 3727 2563 3780 in
2607 3726 2845 3781 editione
2887 3725 3309 3795 Romatta__est,
3363 3723 3669 3795 peieramus:

2092 3798 2295 3853 scilicet
2323 3792 2550 3867 peierare
2578 3796 2699 3851 deos
2728 3797 2918 3867 eodem
2963 3795 3086 3863 jure
3115 3792 3533 3867 Minue._di_!ilt_
3574 3806 3670 3859 (Ιηο

2094 3867 2199 3941 dici
2232 3861 2588 3941 solet'jurare
2612 3868 2754 3941 deos.
2782 3861 3133 3941 Notissimutn
3175 3872 3261 3920 est
3299 3861 3456 3918 illud:
3497 3862 3669 3914 Jovem

2094 3939 2317 4010 lapidem
2353 3937 2563 4009 jurare,
2614 3939 2665 3993 id
2705 3951 2788 3994 est
2835 3954 2929 4007 per
2970 3937 3157 3993 Jovem
3192 3953 3205 3990 :

2188 4033 2335 4095 Cujus
2350 4035 2522 4096 jurare
2547 4030 3217 4096 timentetfallere‘numen.
3244 4023 3530 4093 (Virgilxt,
3550 4024 3669 4089 524.)

2189 4090 2533 4162 Mariaaspera
2550 4095 2681 4157 juro.
2707 4091 2866 4162 (Ibid.
2891 4092 3046 4162 ιι.)εῇ
3060 4090 3098 4153 .)

2188 4157 2383 4223 Stygias
2399 4149 2869 4223 iuravimustindas.
2898 4149 3334 4223 (quidp'nllletmnq
3354 4165 3408 4213 ιι,
3426 4149 3512 4201 101
3526 4149 3558 4215 .)

2455 4221 2512 4269 iis
2519 4218 2729 4282 jurando
2753 4215 2920 4280 palus.
2943 4217 3027 4279 ιν.
3048 4215 3152 4279 ιϐ.)

2098 4303 2303 4359 Dicitur
2331 4320 2460 4358 vero
2483 4313 2537 4360 et
2565 4304 2858 4373 periurare,
2897 4301 3011 4373 sive
3066 4301 3333 4373 peig'are,
3372 4296 3539 4373 deos,
3587 4296 3668 4350 hoc

2097 4385 2180 4430 cst
2213 4376 2541 4430 mendaciter
2565 4368 2761 4445 'jurare
2803 4388 2898 4443 per
2950 4368 3102 4429 deos.
3156 4370 3238 4426 En
3287 4368 3467 4426 Ovidii
3518 4368 3667 4423 locum

2098 4447 2342 4502 Amorum
2370 4464 2442 4512 ιιι,
2480 4446 2566 4510 11),
2595 4446 2667 4500 22
2701 4461 2714 4499 :

2280 4516 2343 4579 Et
2367 4511 2641 4579 periuratos
2663 4517 2711 4565 in
2733 4526 2847 4564 mea
2868 4514 3090 4564 dammna
3112 4511 3508 4579 deos._qunm.

2164 4579 2290 4633 Car.
2302 4578 2343 4633 ν
2353 4580 2361 4629 l
2371 4575 2391 4632 Ι
2401 4580 2411 4632 Ι
2423 4575 2641 4633 ,έ-Ταιιι
2660 4588 2924 4639 vetustam,
2940 4588 3042 4630 tant
3054 4575 3309 4631 utilent.ln
3324 4578 3508 4645 aliquo
3522 4587 3667 4630 exem-

2099 4651 2230 4720 plari
2263 4652 2519 4719 scriptum
2553 4654 2719 4705 fuerat
2742 4647 3044 4718 antiquatio
3068 4661 3253 4712 more,
3276 4656 3390 4720 tam
3419 4656 3558 4720 vetus
3584 4655 3666 4720 tam

2093 4716 2287 4786 utilem,
2316 4716 2456 4791 quod
2480 4730 2591 4787 e~t,
2619 4731 2723 4774 tam
2752 4716 3035 4785 vetustam,
3071 4728 3178 4791 tatu
3213 4716 3669 4791 tttilettt_._Syllahas

2096 4788 2348 4861 proxime
2384 4793 2636 4861 repetitas
2679 4791 2848 4845 semel
2891 4790 3230 4861 scribebant,
3274 4788 3599 4861 tt‘tvidemus
3627 4788 3668 4839 in

2093 4858 2328 4917 editione
2349 4858 2728 4917 Pandectarum
2745 4862 2883 4930 juris
2903 4862 2969 4915 ad
2995 4858 3663 4930 exemplar‘Florentinuiu.

2094 4932 2165 4988 Et
2191 4933 2306 4989 ha:c
2336 4935 2599 5001 scriptura
2629 4929 2956 5003 compluries
2983 4932 3035 4987 in
3057 4931 3362 4986 Minuciano
3391 4929 3667 5000 exemplari

2094 5007 2377 5074 reperitur.
2423 5005 2652 5060 RIGAL’I‘.

2169 5075 2259 5131 Sic
2302 5077 2440 5131 licet.
2486 5077 2698 5142 Sci-ibo,
2726 5074 2808 5131 Sit
2837 5075 2973 5129 licet.
3002 5072 3209 5130 Menas.
3234 5073 3388 5129 —Et
3418 5073 3498 5129 sic
3527 5083 3602 5128 est
3626 5071 3669 5125 ia

2094 5160 2200 5202 ms.
2232 5162 2343 5217 reg.
3110 5215 3131 5217 _
3211 5145 3469 5217 Ltsnnsu.

2167 5214 2422 5287 Diagoras
2461 5217 2670 5273 Melius.
2727 5217 2785 5272 In
2812 5231 2913 5272 ms.
2967 5223 3053 5273 est
3096 5215 3355 5287 Diagoras
3413 5214 3669 5274 Milesius;

2094 5303 2158 5344 ac
2187 5290 2254 5343 ita
2284 5286 2426 5344 sane
2472 5305 2593 5344 cum
2640 5297 2905 5344 vocarunt
2949 5304 3055 5344 non
3104 5286 3265 5342 modo
3312 5286 3581 5342 Eusebius
3624 5293 3669 5337 et

2095 5360 2506 5423 Theodoretus,
2553 5369 2611 5414 ut
2649 5361 2853 5414 notavit
2896 5361 2976 5414 vir
3026 5358 3372 5414 doctissimus
3404 5358 3517 5412 llic.
3550 5356 3669 5411 Ben-

2098 5432 2259 5487 tletus
2287 5432 2352 5485 ad
2385 5430 2602 5502 Fragm.
2625 5430 2929 5485 Callimachi
2950 5430 3039 5494 86,
3071 5429 3170 5484 sed
3195 5442 3248 5484 et
3270 5427 3667 5502 Chrysostomns

2098 5502 2254 5558 llum.
2290 5518 2361 5569 tv,
2396 5505 2448 5557 in
2479 5496 2694 5572 l'Epist.
2742 5504 2810 5555 ad
2836 5501 3093 5565 Corinth,
3121 5516 3265 5572 μειερ.
3320 5517 3358 5563 ι,
3384 5496 3470 5572 ’λιιι
3508 5496 3666 5572 animi

2097 5573 2199 5630 sim
2258 5573 2485 5636 dubius,
2532 5570 2808 5628 auctorine
2843 5588 2910 5627 au
2952 5570 3163 5626 sibariis
3212 5570 3354 5626 hanc
3398 5570 3665 5625 lectionem

2097 5644 2408 5700 debeamus.
2435 5643 2735 5714 Utcumque
2770 5644 2876 5710 sit,
2917 5642 3111 5714 atheus
3139 5642 3314 5714 istein
3352 5637 3665 5714 Melojrsula

2098 5715 2197 5769 fuit
2253 5726 2429 5770 natus.
2482 5714 2613 5771 Vide
2651 5711 2974 5781 ’IElianum,
3026 5713 3150 5769 Var.
3213 5712 3354 5769 llist.
3403 5728 3455 5778 tt,
3487 5711 3585 5776 25,
3622 5718 3666 5767 cl

2099 5785 2336 5861 Suidam.
2384 5787 2563 5861 Diuus.
2672 5784 2786 5861 '_
2900 5786 2913 5793 ’
3030 5855 3046 5861 _
3119 5786 3142 5861 ς
3315 5855 3330 5861 _
3618 5848 3631 5861 .

2172 5857 2370 5912 Atheon
2399 5855 2697 5929 cognomen.
2740 5856 2932 5915 Reum.
2980 5855 3047 5912 ad
3119 5856 3263 5917 hunc
3315 5855 3484 5913 locum
3523 5861 3574 5910 ct
3617 5855 3664 5904 in
