3818 6278
105 317 188 373 ἓῦὶ
537 379 546 385 _
1519 321 1690 378 OCTA

1851 323 1878 378 ἱ.
2656 320 2678 339 ⁸
3255 324 3364 390 262

106 445 240 490 scunt.
263 435 497 493 Eruenda
533 452 757 508 prorsus
782 435 914 501 haec,
934 446 986 492 et
1003 438 1324 492 exsecranda
1347 442 1648 494 consensio.
1677 443 1731 500 Α
1756 439 1996 508 apposita
2025 441 2258 510 suspicio
2290 459 2302 495 :
2337 451 2390 497 et
2420 445 2505 512 qui
2539 443 2827 510 hominem,
2857 463 3066 503 summo
3088 451 3354 520 supplicio

106 527 293 584 Occultis
308 546 356 586 se
377 532 526 585 notis
556 540 614 585 et
642 531 936 601 insignibus
957 540 1216 591 noscunt,
1240 539 1294 586 et
1317 540 1502 588 amant
1530 549 1648 587 mu.
1754 547 1852 601 pro
1885 532 2117 589 facinore
2149 537 2410 603 punitmn,
2456 547 2506 590 et
2545 540 2718 594 crucis
2748 540 2884 610 ligna
2909 542 3086 596 feralia
3115 585 3129 604 ,
3161 559 3351 598 eorum

111 634 187 674 tuo
206 639 315 692 pene
339 634 623 692 antequam
655 624 905 677 noverint
935 640 947 676 :
984 622 1178 691 passim
1202 621 1362 676 etiam
1396 625 1532 680 inter
1557 639 1652 680 eos
1754 626 2089 680 caerimonias
2107 625 2793 700 fabulantur,congruentia
2812 633 3030 700 perditis
3044 635 3357 690 sceleratis-

55 732 67 746 ν
108 715 231 768 velut
251 715 470 785 quaedam
495 714 775 769 libidintnn
817 713 998 784 religio
1024 715 1311 781 miscetur;
1347 731 1409 770 ac
1435 731 1493 771 se
1526 732 1651 785 pro-
1754 731 1858 786 que
1882 718 2062 772 tribuit
2087 720 2294 782 altaria,
2315 729 2370 774 ut
2398 721 2447 774 id
2471 722 2804 792 colautqnod
2823 725 3216 799 merentur.(vr)
3237 727 3357 782 Jam

111 809 251 863 misce
272 810 516 880 appellant
541 810 729 863 fratres
755 817 810 861 et
837 823 1068 873 sorores,
1100 810 1343 863 utetiam
1368 826 1471 864 non
1503 811 1650 866 inso-
1757 809 1824 864 de
1856 812 2125 866 initiandis
2173 813 2454 869 tirunculis
2489 815 2663 869 fabula
2696 825 2800 870 tam
2845 817 3159 874 detestanda
3199 836 3359 890 quam

109 899 213 955 lens
229 911 466 970 stuprum,
509 899 892 953 intercessione
927 900 1066 954 sacri
1095 902 1348 966 nominis,
1385 902 1474 955 fiat
1505 904 1652 958 ince-
1757 912 1882 956 nota
1909 912 1993 959 est
2021 921 2033 957 :
2067 903 2242 958 infans
2263 904 2404 962 farre
2425 917 2724 972 contectus,
2750 917 2807 962 ut
2829 909 3059 980 decipiat
3081 911 3322 966 incautos
3343 954 3359 980 ,

107 1003 232 1048 stum
260 1011 272 1046 :
301 995 360 1048 ita
386 1008 565 1048 eorum
593 1008 726 1046 vana
761 1003 814 1047 et
841 993 1065 1049 demens
1096 996 1403 1063 superstitio
1431 996 1649 1051 sceleri-
1755 997 2040 1067 appooitur
2063 997 2112 1051 ei
2151 999 2240 1068 qui
2280 1001 2451 1055 sacris
2492 1002 2782 1057 imbuatur.
2815 1004 2863 1057 ls
2906 1004 3081 1060 infans
3118 1021 3147 1060 a
3191 1009 3361 1061 tirun-
3386 981 3429 1004 ⁵

102 1084 192 1140 bus
212 1088 455 1157 gloriatur.
503 1084 612 1141 Nec
647 1087 715 1142 de
746 1086 905 1156 ipsis,
943 1088 1047 1142 nisi
1075 1088 1392 1144 subsisteret
1417 1091 1649 1157 veritas,
1756 1092 1900 1155 culo,
1930 1093 2085 1145 farris
2111 1093 2400 1162 superficie
2430 1135 2445 1159 ,
2478 1096 2629 1164 quasi
2675 1096 2741 1150 ad
2784 1097 3031 1152 innoxios
3076 1099 3210 1153 ictus
3244 1115 3366 1169 pro-

97 1181 296 1234 maxima
323 1191 369 1234 et
397 1181 543 1235 varia
577 1183 806 1263 maxime
826 1181 1026 1235 nefaria
1044 1193 1095 1236 et
1127 1182 1330 1237 honore
1361 1181 1652 1252 praefanda,
1760 1194 1968 1251 vocato,
1998 1188 2160 1241 ccecis
2185 1187 2516 1258 occultisque
2538 1190 2846 1245 vulneribus
2864 1191 3123 1246 occiditur
3149 1211 3162 1247 :
3186 1193 3361 1263 huius,

1362 1239 1374 1252 .
1638 1239 1651 1250 .
1839 1239 1849 1240 κ
1954 1239 1968 1251 .
2145 1239 2151 1240 γ
2551 1239 3113 1246 τ---υι---η
3150 1239 3361 1263 ww".

96 1287 232 1344 sagax
252 1273 374 1326 fama
401 1239 929 1342 loquerettir.\Audio
969 1289 1064 1328 eos
1087 1275 1408 1342 turpissimae
1437 1276 1654 1344 pecudis
1759 1280 1891 1350 proh
1917 1281 2066 1336 nefas
2097 1282 2111 1335 l
2142 1281 2388 1336 sitienter
2416 1285 2730 1355 sanguinem
2760 1285 3036 1351 lambunt,
3067 1286 3226 1356 hujus
3251 1304 3370 1343 cer-

54 1380 74 1394 "
101 1375 228 1433 caput
250 1366 370 1418 asini
398 1375 810 1431 consecratum,
842 1365 1022 1435 inepta
1073 1368 1254 1421 nescio
1303 1383 1405 1437 qua
1434 1383 1653 1436 persua-
1759 1372 1909 1426 tatim
1958 1374 2196 1428 membra
2234 1375 2561 1444 dispertiunt
2597 1393 2610 1429 :
2658 1379 2756 1432 hac
2795 1376 3129 1434 fmderantnr
3159 1381 3365 1447 hostia;
3419 1357 3576 1413 “0‘5”

101 1457 243 1521 sione,
269 1457 501 1512 venerari
529 1476 541 1510 :
566 1456 721 1526 digna
749 1465 802 1512 et
829 1466 948 1511 nata
977 1458 1161 1527 religio
1180 1459 1372 1512 talibus
1396 1461 1652 1516 moribus.
1761 1463 1861 1520 hac
1887 1466 2210 1520 conscientia
2243 1468 2462 1522 sceleris
2489 1469 2554 1522 ad
2583 1469 2852 1524 silentium
2886 1480 3131 1524 mutuum
3173 1472 3365 1542 pigne-

101 1551 182 1607 Alii
220 1567 306 1609 eos
334 1552 508 1607 ferunt
550 1553 717 1621 ipsius
752 1551 1004 1606 antistitis
1050 1567 1112 1606 ac
1157 1553 1450 1608 sacerdotis
1476 1556 1656 1611 colere
1761 1571 1984 1613 rantur:
2011 1560 2124 1613 haec
2141 1574 2290 1614 sacra
2313 1559 2606 1631 sacrilegiis
2628 1563 2875 1616 omnibus
2896 1563 3134 1617 tetriora.
3165 1563 3283 1635 (vn)
3305 1565 3373 1619 Et

101 1645 338 1714 genitalia,
383 1656 436 1700 et
482 1645 632 1716 quasi
685 1645 919 1712 parentis
971 1644 1051 1698 sui
1106 1644 1332 1701 adorare
1387 1657 1652 1702 naturam.
1687 1718 1728 1725 __
1765 1652 1833 1706 de
1860 1652 2107 1706 convivio
2136 1661 2317 1706 nutum
2347 1663 2461 1718 est,
2501 1655 2694 1722 passim
2731 1669 2919 1709 omnes
2962 1655 3273 1725 loquuntur,
3316 1655 3369 1709 id

101 1735 274 1792 Nescio
300 1751 362 1791 an
401 1738 522 1792 falsa
537 1738 602 1802 ¹²,
627 1745 776 1792 certe
814 1735 1038 1791 occultis
1072 1750 1136 1792 ac
1164 1740 1439 1793 nocturnis
1488 1741 1655 1796 sacris
1686 1718 1734 1776 Β
1761 1745 1920 1800 etiam
1949 1744 2209 1800 Cirtensis
2250 1745 2419 1800 nosrri
2451 1753 2674 1800 testatur
2704 1749 2878 1802 oratio
2908 1763 2922 1802 :
2956 1746 3023 1802 ad
3065 1748 3248 1818 epulas
3275 1763 3367 1804 δυο

1401 1915 1487 1970 VA
1498 1918 1757 1977 RlORUM
1795 1921 2028 1978 ΝΟΤΕ.

117 2056 294 2112 Christi
321 2053 622 2114 Erclesiam,
654 2053 815 2106 etiam
847 2061 970 2106 ante
998 2051 1292 2120 principum
1325 2051 1660 2112 Christiano-

115 2147 220 2184 rum
242 2139 472 2194 tempora,
506 2141 598 2191 per
624 2124 807 2194 orbem
840 2122 1278 2178 disseminataml
1402 2125 1658 2181 LINDNER.

182 2193 393 2252 Eruenda
415 2213 630 2264 prorsus.
664 2193 853 2247 lleum.
891 2196 1146 2262 scriptum
1175 2194 1334 2248 fuisse
1365 2200 1664 2264 suspicatur

126 2270 354 2342 ejiciendo,
381 2279 430 2321 et
472 2265 749 2342 lilium-ium
799 2265 868 2316 oh
897 2265 1083 2342 oculos
1135 2267 1381 2320 habui~se
1403 2265 1573 2342 Cicer.
1604 2269 1667 2342 tle

131 2337 310 2411 ῡθῖω.
338 2341 391 2392 Η
433 2357 445 2392 :
476 2337 776 2408 Cynicorum
811 2351 927 2411 vero
964 2338 1102 2389 natio
1138 2346 1250 2411 tota
1284 2349 1364 2411 est
1396 2339 1664 2408 ejiciendo.

125 2407 211 2468 δέει
231 2411 395 2481 quidni
423 2407 592 2463 eruere
630 2407 1018 2481 consensionem
1036 2410 1148 2475 pari
1171 2407 1292 2476 jure
1318 2407 1424 2463 dici
1457 2422 1629 2478 potest
1650 2452 1664 2474 ,

125 2501 178 2537 ac
203 2477 404 2536 dicimus
429 2495 442 2532 :
476 2495 661 2534 eruere
694 2477 886 2533 herbas
907 2520 920 2542 ,
945 2477 1214 2543 arborem,
1244 2477 1675 2544 oculos,’civita-

128 2556 249 2610 tetu?
275 2555 514 2608 LISDNER.

191 2626 386 2678 Occultis
404 2643 452 2678 se
478 2624 610 2676 notis
625 2631 671 2676 et
692 2620 972 2692 insignibus
989 2630 1216 2692 noscunt.
1249 2620 1304 2675 In
1335 2620 1477 2678 hunc
1503 2623 1678 2677 locum

129 2697 400 2751 Dodwellus
430 2695 636 2764 Dissert.
669 2691 1000 2764 Cyprianan,
1039 2691 1065 2764 §
1097 2709 1154 2754 tt,
1191 2709 1306 2762 pag.
1340 2693 1425 2748 19.

189 2771 254 2820 Ac
269 2785 314 2820 se
333 2767 587 2835 promisce.
617 2763 690 2818 Ita
714 2763 855 2817 edidi
879 2807 891 2826 ,
917 2763 1139 2832 jubente
1169 2780 1272 2818 ms.
1311 2764 1366 2817 In
1406 2767 1678 2834 impressis

129 2839 345 2892 omnibus
371 2847 442 2891 est
471 2836 774 2905 promiscue,
797 2836 946 2902 quasi
970 2835 1132 2889 altera
1164 2849 1264 2889 vox
1295 2851 1397 2890 non
1429 2846 1571 2890 t‘SSt-l.
1597 2837 1674 2890 la—

131 2911 249 2963 tina.
273 2909 458 2975 Gellius,
495 2909 544 2960 iit
577 2905 724 2974 prarl'.
753 2905 918 2978 ,Noet.
980 2909 1133 2960 Attic.
1169 2924 1182 2959 :
1208 2905 1510 2962 Indistincta
1534 2918 1684 2978 atque

137 2983 356 3049 promisce
396 2978 723 3034 annotabam:
751 2977 874 3030 hinc
898 2981 1200 3045 promiscam
1222 2980 1577 3048 cogitationem
1600 2977 1684 3032 di-

143 3053 212 3104 xit
240 3051 357 3104 idem
382 3055 596 3120 scriptor
627 3049 715 3103 lib.
748 3064 825 3120 xit,
859 3064 976 3116 cap.
1018 3049 1099 3112 16,
1130 3058 1183 3120 et
1224 3053 1504 3119 promiscas
1544 3065 1682 3119 qua:—

131 3126 310 3182 stiones.
333 3123 415 3176 lib.
455 3119 566 3182 itu,
610 3137 658 3174 c.
691 3121 740 3174 9.
778 3119 961 3173 DAVIS.
1005 3150 1074 3158 —
1105 3119 1382 3187 Promisce,
1418 3139 1518 3174 ms.
1546 3120 1687 3189 quod

123 3194 412 3248 auctoritate
443 3192 597 3247 Gellii
630 3191 818 3259 prohat
850 3191 1107 3244 Davisius.
1142 3191 1340 3246 Verum
1372 3194 1526 3246 aliter
1565 3191 1689 3246 Gel-

119 3263 234 3317 lium
289 3265 421 3332 loqui
467 3274 644 3317 mouet
688 3262 902 3324 Heum.,
948 3263 1105 3316 aliter
1160 3261 1479 3328 Minui-ium;
1549 3263 1688 3319 illius

1768 2058 1973 2113 honore
1999 2067 2052 2112 et
2073 2057 2263 2112 officiis
2293 2059 2652 2128 prosequitur,
2685 2073 2712 2112 a
2753 2075 2859 2130 quo
2889 2062 3098 2130 vapulat
3140 2071 3190 2117 et
3233 2080 3368 2119 con-

1772 2131 1992 2198 temptui
2051 2132 2308 2190 habetur;
2364 2131 2505 2183 unde
2554 2133 2894 2193 proverbium
2949 2133 3365 2189 Bahbinortnn:

1766 2206 2209 2280 iw;m_wtp1p
2252 2207 2594 2280 κπιὲςινρπ.
2647 2201 2777 2280 Vide
2835 2204 3097 2280 Buxtortii
3153 2206 3377 2280 Lernan

1772 2272 1958 2324 Chald.
1989 2272 2228 2324 Talinud.
2256 2289 2309 2342 p.
2337 2274 2458 2327 783.
2486 2272 2674 2326 No'latn
2698 2274 2936 2342 dignum,
2961 2277 3182 2342 qttudttb
3206 2277 3370 2334 Hebr.

1769 2348 1886 2404 ηδε,
1917 2344 2111 2407 asinus,
2134 2344 2423 2398 descendat
2446 2349 2566 2398 Ἕκ)
2594 2354 2760 2413 turpe.
2795 2345 3055 2402 Ltuossn.

1854 2413 2133 2467 Naturam.
2184 2414 2541 2485 Hieronymus
2594 2418 2751 2482 epist.
2802 2432 2886 2470 LXI
2929 2435 2941 2468 :
2978 2418 3109 2471 Pars
3151 2420 3380 2487 corporis

1782 2487 1939 2538 nostri
1992 2486 2230 2538 secretior
2253 2504 2285 2538 a
2311 2487 2452 2539 nobis
2491 2497 2696 2549 natura,
2726 2494 2875 2557 φῦπις,
2920 2487 3127 2542 dicitur.
3156 2486 3382 2545 WOWB-

1785 2571 1922 2610 RIUS.

1857 2627 1957 2690 Qui
1986 2627 2258 2680 hominem.
2303 2626 2380 2678 En
2415 2635 2657 2680 naturam
2691 2627 2969 2681 calumnia:
2998 2640 3051 2684 et
3080 2631 3338 2687 mendacii
3365 2635 3378 2688 !

1783 2702 2025 2766 quaedam
2056 2699 2352 2751 necessaria
2383 2699 2665 2752 omittunt:
2689 2699 2787 2751 alia
2811 2715 2877 2753 ex
2907 2701 3118 2768 ingenio
3143 2704 3378 2757 addunt:

1785 2770 2039 2822 hominem
2078 2769 2567 2843 (lic_t_mt,_omittnnt
2596 2768 2788 2834 Deum,
2823 2772 2934 2824 sive
2962 2766 3270 2843 ὀεάειτρωιπον.
3312 2776 3386 2829 De

1783 2857 1982 2893 summa
2012 2840 2263 2906 supplicio
2293 2840 2600 2907 loquuntur,
2635 2850 2901 2908 tamquam
2950 2840 3129 2896 infami
3172 2856 3225 2898 et
3263 2860 3382 2898 ser—

1785 2912 1894 2966 vili.
1947 2928 2052 2965 non
2085 2920 2141 2962 ιιι
2169 2930 2195 2962 a
2243 2911 2450 2963 vatibus
2489 2909 2743 2978 praedicto
2793 2921 2844 2964 et
2891 2915 3215 2967 necessario.
3277 2914 3384 2968 Pro

1787 2984 2011 3053 facinore
2037 2983 2185 3034 aiunt
2215 2982 2467 3048 punitum,
2498 2981 2748 3053 omiﬂunt
2778 2983 2927 3050 cujus
2949 3025 2962 3047 ,
2995 2995 3050 3036 ιιι
3081 2986 3386 3053 intelligan-

1713 3087 1758 3147 Ε
1791 3052 2136 3147 tttI'Dl'ucittora
2164 3053 2398 3133 propria,
2423 3067 2543 3147 cun:
2572 3052 3080 3147 debebanéalienal.
3123 3052 3384 3138 Ltunusu.

1865 3123 2062 3177 Eorum
2104 3123 2418 3176 ca’riinonius
2460 3121 2773 3192 (abutantur.
2817 3124 2902 3178 Sic
2938 3127 3151 3194 quidem
3201 3137 3280 3180 est
3333 3131 3388 3182 in

1795 3211 1889 3247 ms.
1931 3197 2106 3263 regio;
2154 3195 2245 3247 sed
2298 3195 2578 3262 legendum
2635 3195 2955 3248 acrimonias
3011 3197 3288 3262 fabulatur,
3330 3208 3387 3252 ut

1792 3266 2009 3320 edidere
2039 3266 2149 3332 Sig.
2193 3265 2467 3337 Gelenius,
2523 3266 2643 3318 Des.
2691 3266 2950 3319 lleraltlns
2994 3268 3229 3337 aliique;
3264 3283 3386 3323 nam

115 3344 282 3389 notam
309 3351 422 3390 esse
443 3334 755 3389 cacozeliatn
781 3335 1158 3400 antiquariam,
1181 3334 1321 3389 hunc
1345 3352 1467 3389 vero
1481 3333 1688 3405 fugien-

114 3415 209 3460 tem
238 3409 407 3460 omnis
443 3406 756 3459 affectionis.
789 3405 1046 3457 Lmnusn.

178 3477 398 3532 Maxime
421 3480 626 3548 nefaria.
668 3478 756 3530 Sic
782 3490 928 3531 ret-te
956 3477 1228 3544 rescripsit
1257 3474 1406 3529 Fulv.
1439 3475 1686 3541 Ursinus,

113 3564 223 3601 cum
247 3553 297 3603 in
326 3566 420 3603 ms.
455 3547 522 3603 sit
547 3549 767 3602 maxima
785 3558 828 3599 et
853 3547 1013 3608 varia,
1045 3549 1144 3601 hoc
1173 3558 1254 3600 est
1284 3548 1446 3600 multa
1480 3559 1530 3602 et
1559 3549 1689 3601 mul-

115 3629 279 3674 torum
305 3637 573 3692 generum.
604 3619 860 3674 LtNDNt-zu.
880 3648 951 3657 —-
978 3620 1075 3685 Qui
1099 3635 1251 3673 error
1265 3620 1455 3672 scriba:
1476 3635 1594 3672 cum
1623 3620 1692 3672 sit

119 3691 422 3749 luculentus.
456 3694 616 3745 miror
663 3695 794 3744 hanc
847 3691 1162 3758 scripturam
1207 3698 1470 3744 retentam
1502 3706 1620 3743 esse
1659 3705 1689 3743 a

120 3762 341 3818 Davisio.
370 3763 647 3816 Burmanni
679 3778 805 3817 vero
835 3765 1243 3826 Cf)l‘|‘t_'Clltiltt_‘lll,
1278 3765 1500 3814 maxima
1529 3771 1573 3814 et
1600 3778 1689 3813 va-

123 3833 238 3895 lida,
270 3837 325 3887 lt.
356 3851 400 3889 e.
427 3847 572 3889 certo
598 3849 719 3888 veru
744 3875 756 3894 ,
791 3833 948 3886 seribi
974 3833 1209 3898 jubentis
1241 3836 1290 3886 in
1327 3843 1435 3885 not.
1465 3834 1533 3884 ad
1562 3833 1694 3886 Sue-

126 3914 243 3971 ton.,
274 3907 456 3961 merito
480 3906 648 3973 rejieit
688 3903 907 3971 Woizk.,
940 3903 1095 3956 simul
1144 3903 1477 3958 Ursinianatn
1505 3919 1690 3956 cmen-

128 3975 378 4029 dationem
405 3977 772 4045 eumprohaus.
808 3975 984 4029 l-leuu.

194 4047 351 4114 Caput
389 4044 532 4100 asini.
570 4046 821 4102 Ordinem
871 4047 1151 4100 verborum
1207 4046 1430 4100 suadere
1479 4044 1695 4115 putabat

1793 3339 1909 3391 sine
1935 3353 2156 3391 numero
2189 3336 2444 3404 singulari
2491 3352 2594 3388 non
2635 3347 2846 3390 constat
2888 3336 3124 3403 σύνταξις,
3169 3338 3391 3394 Frustra

1791 3417 1968 3481 autem
1999 3419 2082 3481 est
2107 3407 2155 3481 J_.
2189 3407 2465 3481 Meursius,
2519 3409 2606 3476 qui
2639 3409 2848 3481 remittit
2878 3425 2890 3461 :
2935 3412 3227 3463 caerimonia
3255 3411 3390 3481 fabu-

1793 3479 1984 3532 lantur.
2019 3479 2352 3532 Czerimoniae
2378 3481 2518 3532 enim
2551 3479 2687 3544 apud
2723 3478 2941 3532 Latinos
2969 3482 3216 3534 dicuntur
3243 3478 3392 3534 sacra

1794 3552 1984 3614 omnia,
2020 3559 2076 3602 ut
2122 3551 2195 3602 ait
2243 3549 2477 3602 Isidorus
2525 3549 2722 3614 Uriqin.
2751 3567 2822 3613 vr,
2858 3551 2956 3614 l9,
3008 3561 3061 3605 et
3104 3563 3226 3605 ante
3270 3566 3394 3606 eum

1791 3621 2010 3675 Servius
2040 3621 2104 3674 ad
2143 3619 2322 3688 Virgil.
2350 3619 2479 3691 ,κΕιιΪ
2514 3635 2583 3684 tv,
2625 3620 2748 3674 502.
2780 3621 3100 3676 Christianis
3131 3624 3289 3691 igitur
3316 3624 3400 3677 vi-

1794 3692 1868 3744 tio
1895 3693 2052 3744 vertit
2071 3692 2320 3744 Corellius
2341 3689 2482 3758 quod
2505 3699 2557 3743 et
2585 3691 2849 3745 Christum
2878 3705 2930 3745 et
2953 3689 3170 3748 erucem
3186 3695 3389 3751 colant.

1799 3762 1977 3816 [λαις.
2008 3792 2073 3801 -
2106 3762 2246 3818 Sane
2273 3762 2505 3830 aliquem
2534 3764 2842 3817 nominatim
2881 3764 3146 3832 designari
3180 3765 3390 3819 videtur

1795 3834 2097 3902 significare
2125 3832 2374 3887 Oetasius
2400 3833 2512 3901 ipse
2547 3831 2680 3886 infra
2707 3851 2859 3901 capp.
2897 3836 2985 3897 28,
3009 3831 3104 3890 50.
3142 3835 3389 3890 Herum.

1866 3905 2153 3958 lmbuatur.
2180 3905 2266 3957 Sic
2296 3921 2360 3958 ex
2390 3921 2487 3956 uis.
2518 3920 2628 3972 reg.
2658 3905 2870 3959 llerald.
2899 3905 3151 3959 [inbuitur
3179 3908 3398 3968 alii.-in-

1798 3984 1878 4030 ter
1905 3993 2036 4043 quos
2078 3976 2416 4038 Lindnerius,
2452 3974 2665 4029 l‘leraldi
2704 3975 2931 4030 lectione
2973 3979 3212 4044 allegata,
3245 3997 3262 4026 ι
3293 3977 3399 4033 Ne-

1795 4049 1929 4112 scio,
1963 4048 2152 4116 inquit,
2187 4056 2362 4100 utrutn
2389 4061 2454 4100 ex
2485 4061 2584 4098 ms.
2626 4062 2693 4100 an
2725 4063 2905 4101 errore.
2935 4050 3390 4116 typothetarunm

134 4114 445 4173 doctissimus
483 4118 744 4179 Davisius,
799 4129 883 4179 ιιι,
930 4133 1050 4170 cum
1081 4117 1323 4184 Cupero,
1349 4114 1693 4186 deleatnrlad

138 4190 343 4243 Caesaris
366 4192 444 4245 lib.
472 4207 547 4254 ιιι,
577 4191 636 4243 Β.
669 4189 813 4260 Gre.
847 4187 916 4260 Ι),
949 4196 1214 4256 tamquam
1244 4188 1438 4256 glossa,
1473 4204 1574 4242 vox
1601 4188 1697 4260 ast}

145 4260 370 4315 ui.Delet
409 4264 555 4317 etiam
612 4260 681 4314 cl.
739 4257 1100 4321 llemiiannus,
1146 4267 1413 4323 tamquam
1472 4257 1695 4328 margini

147 4330 323 4396 aliquis
348 4335 433 4386 hoc
454 4333 666 4387 verbum
697 4331 1037 4400 adscripserit
1063 4347 1090 4383 e
1123 4345 1239 4399 cap,
1265 4330 1336 4384 ‘28
1363 4374 1374 4392 ,
1406 4331 1457 4384 8.
1500 4331 1695 4384 lnnne-
1874 4331 2064 4384 Notum
2089 4339 2159 4382 est
2179 4372 2191 4393 ,
2226 4328 2413 4395 possim
2442 4343 2612 4400 omnes
2650 4328 2941 4400 loquuntur,
2974 4329 3030 4380 id
3043 4330 3260 4382 etiam...
3286 4347 3404 4384 ora-

153 4401 269 4472 rito,
299 4411 349 4455 ut
373 4406 576 4457 vidimus
634 4404 849 4457 lection.
877 4398 1139 4454 i'l‘ullian.
1169 4398 1222 4456 ιι.
1253 4404 1306 4460 6.
1327 4400 1538 4472 Prorlig.
1571 4418 1689 4470 cap.
1800 4405 1889 4457 tio.
1910 4402 2024 4456 Non
2044 4400 2340 4472 audiendus
2356 4406 2438 4452 est
2455 4399 2524 4472 el.
2555 4398 2741 4451 lleuin.
2766 4400 2854 4472 qui
2878 4399 3156 4472 legendum
3176 4401 3406 4454 arbitra-

162 4469 278 4531 1‘28,
307 4485 403 4527 ante
437 4475 693 4542 Pontiﬁcis
738 4472 816 4527 Μ.
864 4474 1070 4526 domum
1120 4473 1326 4541 Lt'pitli.
1378 4472 1465 4528 Sic
1492 4469 1700 4542 'polliCe
1728 4478 1779 4538 Ι)
1810 4486 1892 4528 tur
1924 4491 1936 4525 :
1963 4488 2147 4536 nonne,
2176 4470 2310 4538 quod
2335 4469 2525 4542 possint
2553 4485 2727 4522 omnes
2756 4470 3028 4542 loquuntur
3050 4513 3062 4533 ,
3098 4470 3152 4522 id
3180 4473 3401 4526 etiam...

159 4552 366 4612 utroque
387 4540 620 4600 laudanda
651 4547 858 4598 videtur
886 4547 981 4598 ista
1017 4559 1147 4596 mss.
1170 4540 1532 4599 lectio.Valer.
1560 4560 1701 4596 max.
1809 4544 2009 4599 oratio?
2040 4545 2335 4610 interrupta
2363 4540 2506 4593 enim
2549 4556 2640 4594 ora
2672 4542 2791 4594 ioue
2835 4541 3058 4595 affectus
3085 4542 3406 4609 indignatio-

151 4625 225 4678 ιιι,
253 4613 302 4679 2,
332 4618 374 4679 5,
395 4620 604 4686 fusisque
643 4616 886 4680 hostibus,
921 4615 1091 4684 Opima
1124 4614 1229 4686 Qeo
1252 4616 1417 4682 spolia
1446 4615 1562 4668 Jovi
1605 4614 1707 4686 Εε-
1810 4618 1893 4671 nis
1940 4615 2184 4686 apprime
2231 4613 2570 4686 exprimitur.
2614 4613 2846 4686 Sic_cap.
2880 4629 2930 4667 x1
2965 4630 2977 4665 :
3008 4613 3179 4667 Multa
3209 4614 3274 4666 ad
3297 4614 3405 4668 haec

151 4687 288 4756 [tirio
326 4683 528 4756 retulit;
554 4688 643 4742 ubi
684 4687 860 4756 vulgo.
900 4683 962 4739 de
1001 4701 1080 4738 eo.
1127 4685 1235 4738 Nec
1275 4686 1560 4752 rejicienda
1607 4685 1706 4739 ista
1809 4683 2106 4756 suppeiunt,
2138 4701 2199 4738 ne
2248 4685 2446 4756 festinet
2474 4685 2657 4738 oratio.
2699 4683 2931 4754 lnjustos
2961 4686 3100 4756 ipsos
3125 4686 3286 4756 magis
3316 4701 3407 4740 nec

151 4750 280 4827 [lori
307 4773 373 4824 tv,
404 4774 418 4811 ι
447 4750 604 4812 εΤιιιη
627 4750 824 4823 consul,
851 4757 1020 4809 ltabito
1043 4767 1237 4818 senatu,
1265 4750 1704 4827 iit—prwsentem...
1811 4750 2004 4818 laboro,
2022 4761 2136 4826 jam
2161 4750 2329 4808 docui.
2367 4754 2628 4827 LlNDNER.

152 4822 310 4898 Cicero
336 4822 565 4897 peroravit
600 4848 613 4882 :
648 4831 745 4886 Ubi
772 4838 829 4884 τὸ
871 4829 1044 4882 Cicero
1084 4827 1294 4882 Grmvio
1325 4822 1601 4882 videbatur
1642 4844 1707 4882 ex
1884 4822 2122 4882 Cirtensis
2176 4829 2355 4880 nostri.
2410 4826 2616 4882 Nemini
2667 4826 2884 4881 dubium
2936 4827 3062 4897 quin
3096 4827 3182 4883 ltic
3205 4826 3406 4898 Noster

146 4895 308 4964 glossa
336 4895 619 4971 irrepsisse,
656 4912 746 4954 aut
775 4902 962 4954 saltem
993 4899 1166 4953 alieno
1196 4901 1310 4956 loco
1341 4901 1484 4967 poni.
1517 4898 1709 4971 Confe-
1812 4899 2170 4965 indigitaverit
2196 4898 2265 4952 Μ.
2293 4900 2599 4971 Cornelium
2640 4895 2966 4971 FronIOneni
2988 4941 3000 4964 ,
3034 4899 3176 4954 Cirte
3219 4895 3276 4971 in
3301 4899 3410 4971 Nue

145 4979 286 5022 ratur
311 4971 395 5024 lih.
429 4969 483 5035 it,
513 4975 564 5028 ‘2.
599 4974 746 5026 Alter
769 4971 1045 5024 llonsulum
1075 4971 1382 5039 interceptus
1404 4970 1564 5023 Asina
1586 4969 1712 5024 Cor-
1813 4971 1972 5025 tnidia
2008 4981 2186 5022 natum
2209 5011 2222 5035 ,
2254 4977 2520 5024 oratorem
2550 4970 2688 5024 inter
2715 4969 2934 5023 Latinos
2966 4971 3115 5023 istius
3137 4971 3235 5024 :evi
3268 4970 3410 5024 haud

1797 4119 1963 4172 Porro
1993 4121 2259 4187 geminam
2281 4117 2482 4170 codicis
2511 4117 2792 4170 lectionem
2817 4117 3152 4172 exhibemus.
3185 4121 3322 4173 Enn.

1869 4190 1925 4243 ls
1952 4192 2140 4259 iiqaus.
2179 4189 2253 4243 De
2277 4188 2377 4242 hac
2404 4189 2714 4258 epanalepsi
2745 4188 2888 4242 conf.
2932 4204 3053 4258 cap.
3086 4205 3196 4243 vui.
3240 4191 3401 4244 LIND-

1797 4276 1921 4314 NER.

144 5041 314 5096 nelias.
344 5042 522 5099 Worx.
547 5073 618 5084 ——
643 5045 731 5098 Sic
759 5041 954 5096 Noster
982 5057 1098 5108 cap.
1133 5041 1204 5094 26
1228 5083 1241 5106 ,
1276 5041 1498 5095 Tiresias
1525 5056 1711 5103 cwcus,‘

145 5110 305 5182 19,72,
338 5133 508 5182 parens
548 5118 772 5169 ontnium
806 5113 970 5174 Deus;
1002 5113 1092 5174 28,
1119 5116 1170 5179 9,
1208 5113 1356 5181 Apim
1393 5113 1585 5174 bovem;
1619 5113 1705 5174 51,

145 5180 194 5255 9,
227 5180 379 5255 Unius
408 5186 492 5240 Dei
513 5187 766 5255 parentis;
795 5185 884 5248 54,
913 5185 966 5249 5,
1000 5185 1106 5255 ipsi
1123 5180 1328 5251 artiﬁci.
1357 5184 1460 5238 Deo
1477 5183 1705 5250 soli;35,

144 5251 193 5316 5,
218 5254 349 5316 ignes
376 5251 544 5312 zEtna:
564 5267 607 5310 et
641 5256 835 5309 Vesuvii
855 5258 1055 5308 montis.
1088 5252 1349 5309 LINDNER.

262 5327 370 5396 igua
397 5341 438 5382 et
458 5339 573 5382 nata
615 5328 790 5397 religio
839 5325 1021 5378 talibus
1049 5327 1290 5379 moribus.
1321 5327 1507 5380 lleutn.
1540 5325 1713 5378 Militi—

144 5394 567 5470 cium'scripsissc
601 5394 750 5467 putat
781 5415 792 5448 :
827 5397 992 5467 Digna
1020 5415 1138 5450 sane
1174 5398 1289 5451 talis
1321 5397 1497 5470 religio
1533 5397 1716 5470 talibus

149 5467 446 5526 animalibus.
477 5473 576 5525 Sed
606 5487 735 5523 cave
764 5483 1045 5537 quietuam
1075 5479 1245 5522 mutes
1273 5471 1321 5522 iit
1353 5468 1472 5521 loco
1500 5467 1717 5521 sanissi—

153 5551 256 5588 mo.
277 5539 588 5596 Christianos
612 5554 876 5608 tamquam
903 5539 1210 5593 lihitlinos‘os
1226 5548 1547 5594 scurtatorcs
1565 5551 1614 5592 et
1639 5541 1718 5592 in-

150 5615 318 5684 cestos
334 5611 938 5684 sugillaverattla-citius.
964 5611 1050 5684 llis
1070 5611 1246 5679 itaque
1265 5612 1502 5684 moribus
1520 5613 1720 5684 optime

145 5679 215 5731 ait
258 5679 530 5739 cnnvenire
599 5683 798 5736 cultum
866 5681 1031 5741 asini,
1087 5682 1327 5734 :mimalis
1379 5683 1713 5735 salacissitni.

145 5748 409 5818 l’hu'drus,
439 5758 530 5809 lib.
566 5771 604 5818 ι,
653 5751 780 5805 Fab.
814 5750 903 5804 29.
942 5753 1137 5805 Deinde
1185 5754 1371 5806 alludit
1417 5753 1481 5806 ad
1517 5755 1719 5822 patien-

147 5825 266 5882 tium
302 5823 723 5882 Christianorum
771 5823 1052 5879 asininam.
1109 5829 1314 5896 Quqipe
1363 5826 1547 5878 asinus
1597 5839 1718 5879 eum

1814 5043 2218 5110 deSpieahilcm,
2255 5041 2460 5095 hostem
2495 5040 2812 5094 Christianis
2852 5041 3270 5095 infensissimum
3295 5083 3308 5107 ,
3339 5042 3411 5095 de

1815 5130 1918 5182 qtto
1952 5115 2141 5167 iterum
2174 5123 2361 5166 auctor
2387 5129 2506 5180 cap.
2544 5127 2666 5164 tum
2698 5114 2974 5173 metninit;
3009 5113 3131 5165 hinc
3159 5123 3212 5166 et
3241 5114 3412 5165 aliun-

1816 5185 1884 5238 de
1913 5194 2121 5238 constat
2150 5199 2270 5237 eum
2299 5183 2553 5236 adversus
2591 5183 3011 5236 Christianorum
3045 5192 3243 5237 sectam
3285 5197 3413 5235 ora-

1819 5258 2014 5310 tionem
2039 5255 2340 5323 scripsisse.
2367 5252 2483 5307 Jam
2517 5269 2583 5307 ne
2628 5269 2749 5308 emo
2779 5265 2979 5309 temere
3024 5257 3180 5308 velim
3213 5253 3413 5308 habeas

1818 5343 1937 5381 esse
1965 5333 2189 5379 alterum
2221 5325 2545 5378 Frontonem
2579 5340 2736 5392 quem
2771 5327 2984 5379 laudant
3011 5326 3203 5380 .luven.
3230 5326 3411 5394 Satyr.

1819 5397 1986 5463 1,12;
2042 5397 2178 5450 Plin.
2229 5395 2352 5450 Jun.
2407 5394 2575 5459 Epist.
2618 5410 2695 5457 x1,
2726 5395 2796 5459 2;
2838 5395 3065 5450 Martial.
3117 5395 3269 5464 Epig.
3295 5395 3416 5464 Ipse

1821 5461 1947 5522 vero
1974 5468 2254 5526 Cirtensis.
2281 5476 2415 5521 teste
2447 5467 2701 5532 Eutrotiio
2729 5481 2841 5525 vui,
2871 5466 2938 5525 6.
2974 5466 3131 5519 Marci
3160 5461 3416 5519 Antonini

1823 5540 1950 5608 imp.
1976 5551 2030 5593 et
2055 5540 2197 5592 Lucii
2236 5537 2354 5590 Veri
2377 5539 2548 5590 latinis
2573 5537 2764 5590 litteris
2789 5547 3084 5604 praeceptor
3104 5536 3194 5608 fuit
3217 5553 3230 5597 ;
3254 5551 3416 5604 quem

1824 5607 2114 5663 Eumenius
2160 5612 2362 5677 magnis
2390 5610 2584 5676 excipit
2625 5607 2864 5661 laudibus
2903 5624 2961 5659 ac
2993 5608 3130 5660 velut
3168 5607 3419 5660 Romana:

1822 5683 2120 5749 eloquentia:
2143 5697 2241 5732 non
2264 5681 2571 5743 secundum,
2602 5680 2689 5733 sed
2717 5680 2932 5731 alterum
2958 5680 3108 5730 dorus
3149 5679 3415 5746 pra'tlicat.

1823 5751 1876 5806 Si
1911 5765 2011 5820 qua
2042 5749 2232 5804 Joanni
2275 5750 2654 5806 Salisheriens.
2682 5750 2832 5812 fides,
2877 5751 3134 5819 l’olycrat.
3178 5765 3292 5812 vm,
3326 5749 3417 5815 i9,

1822 5823 1890 5878 ab
1930 5819 2133 5876 exiuiio
2169 5819 2503 5877 Cberonensi
2530 5821 2819 5880 Plutarcho
2863 5839 2924 5879 ex
2978 5829 3136 5894 gente
3178 5830 3421 5884 materna
