3784 6272
311 363 416 419 507

1589 363 1800 421 t'llAl‘tCl
1841 364 2097 421 MlNUCll
2136 365 2398 423 FELICIS

3494 384 3583 439 508

307 480 599 548 plurimum
625 487 876 549 quantum
903 479 1108 532 veritati
1137 481 1235 548 ipsi
1259 494 1352 534 sua
1375 482 1690 537 auctoritate
1710 497 1908 536 nocue-
1933 482 1987 542 Α
2014 483 2123 537 veri
2153 483 2392 538 fulminis
2432 500 2529 540 nec
2557 487 2788 558 Cyclops
2827 493 3059 558 potuerit
3079 492 3314 559 .imitari,
3345 509 3443 549 nec
3481 497 3580 566 ipse

306 574 442 629 re.“
467 575 532 629 Et
557 575 705 628 Plato
737 575 854 626 ideo
885 574 1139 641 praeclare
1157 573 1446 629 llomerum
1465 577 1610 629 illum
1630 577 1908 646 inclytum,

310 667 587 722 laudatum
619 676 672 720 et
695 677 1029 732 coronatum,
1061 667 1126 721 dc
1153 668 1367 723 civitate
1394 685 1552 738 quant
1584 670 1633 723 in
1662 685 1913 725 sermone

309 760 643 821 instituebat,
676 761 853 826 eiecit.
899 759 994 813 llic
1022 761 1162 814 enim
1202 764 1496 831 pra-cipuus
1535 763 1676 817 bello
1721 763 1913 819 Troico

312 852 445 907 deos
475 862 702 912 vestros,
728 852 826 905 etsi
859 852 1011 905 ludos
1041 851 1161 906 facit
1183 894 1198 917 ,
1227 863 1401 907 tamen
1431 855 1482 908 in
1517 856 1790 908 hominum
1829 871 1914 910 rc-

310 947 414 1001 bus
446 955 498 998 et
529 945 737 999 acubus
780 946 990 999 miscuit.
1024 964 1035 999 :
1085 947 1170 1000 hic
1195 962 1380 1000 eorum
1412 949 1554 1015 paria
1591 951 1912 1014 composuit,

311 1038 564 1091 sauciarit
593 1037 877 1103 Vcnerem,
900 1038 1116 1092 Martem
1133 1040 1320 1105 vinxit,
1345 1041 1666 1107 vulneravit,
1691 1044 1909 1112 fugavit.

309 1130 495 1186 Jovem
529 1141 709 1185 narrat
737 1147 766 1184 a
792 1131 1007 1184 Briareo
1037 1132 1344 1198 lillcrnllltll,
1392 1151 1457 1188 ne
1497 1151 1525 1186 a
1557 1134 1659 1187 diis
1705 1137 1915 1190 ett-teris

308 1223 595 1286 ligaretur;
627 1234 679 1277 et
709 1223 1071 1291 Sarpedonem
1115 1224 1301 1289 lilittm,
1335 1227 1586 1295 quoniam
1623 1228 1779 1281 morti
1810 1245 1912 1281 nott

309 1328 516 1386 pmerat
564 1318 796 1386 eripere,
839 1317 1076 1370 cruentis
1107 1318 1365 1372 imbribus
1412 1320 1734 1386 llevisse;ct
1761 1321 1915 1375 thoro

315 1406 641 1479 [impr.loro]
669 1407 893 1462 Vt'ttet‘is
911 1408 1167 1472 illi-ctum,
1186 1409 1493 1478 ﬂagrantius
1516 1428 1671 1481 (piam
1693 1414 1742 1465 in
1767 1412 1915 1466 adul-

312 1511 460 1554 teras
478 1501 667 1560 Soleat,
685 1515 803 1554 Cum
821 1500 1030 1554 Juuone
1050 1517 1214 1555 uxore
1231 1503 1610 1559 concmnbere.
1629 1505 1765 1558 Alibi
1784 1506 1915 1560 ller-

310 1594 467 1648 cules
490 1604 726 1647 stercora
755 1600 944 1662 egerit,
970 1604 1022 1648 et
1044 1595 1232 1663 Apollo
1257 1595 1508 1650 Admetto
1529 1613 1690 1666 pecus
1715 1600 1911 1665 pascit;

311 1684 668 1740 Laomedonti
697 1700 820 1738 vero
854 1700 1035 1739 muros
1062 1685 1340 1754 Neptunus
1368 1688 1615 1751 instituit,
1649 1705 1746 1744 nec
1769 1705 1913 1744 mer-

308 1778 497 1832 cedem
550 1777 727 1846 operis
779 1777 966 1832 intelix
1019 1789 1250 1834 structor
1293 1782 1487 1848 accipit
1540 1798 1552 1832 :
1609 1783 1718 1837 illic
1769 1783 1915 1838 Jovis

2017 576 2228 646 Jupiter
2287 595 2394 632 non
2433 582 2626 634 vereri.
2657 582 2793 650 Quid
2838 584 3025 653 loquar
3069 585 3250 640 Martis
3292 598 3344 640 et
3383 588 3587 646 Veneris

2017 672 2182 726 adult.
2206 674 2344 728 rium
2384 675 2812 743 deprehensum?
2856 689 2910 734 et
2952 679 3002 732 in
3053 679 3419 752 Ganymedem
3462 683 3588 739 .loris

2018 774 2260 834 stuprum
2290 767 2429 822 ctelo
2455 771 2865 824 consecratum?
2894 787 3012 840 qua:
3049 773 3227 825 omnia
3264 773 3316 826 in
3353 773 3451 826 bbe
3476 791 3582 843 pro-

2018 854 2125 910 dita
2146 898 2159 919 ,
2202 868 2259 910 ut
2301 857 2440 910 vitiis
2483 858 2760 914 hominum
2790 862 3034 929 attacdam
3067 866 3362 918 auctoritas
3392 881 3590 934 parare-
3615 883 3643 906 ί

2023 956 2126 1003 tur.
2158 948 2249 1001 llis
2279 959 2439 1019 atque
2470 949 2774 1019 hojusmodi
2807 952 3073 1021 figmentis
3099 965 3152 1007 et
3176 956 3468 1011 mendaciis
3488 951 3624 1021 dul-i

2018 1040 2252 1094 cieribus
2282 1054 2697 1112 eorrmnpuntur
2727 1045 2937 1114 ingenia
2964 1061 3275 1114 puerormn,
3309 1058 3382 1113 et,
3410 1049 3590 1106 hisdem

2021 1130 2215 1184 fabulis
2258 1134 2664 1193 inharrentibus.
2704 1137 2769 1189 ad
2804 1152 2971 1204 usque
2999 1153 3226 1191 sunttunc
3254 1141 3428 1194 :elatis
3454 1142 3595 1196 robur

2020 1226 2369 1291 adolescmtt,
2412 1231 2548 1283 etin
2594 1231 2780 1283 iisdem
2824 1231 3168 1300 opinionibth
3197 1233 3382 1287 miseri
3428 1250 3570 1291 eouse

2020 1333 2266 1389 nescunt,
2297 1339 2458 1392 quum
2485 1326 2555 1378 sit
2595 1325 2792 1402 vgilas
2817 1327 3589 1405 obvia_,§3d_rcquirentibus.
3621 1325 3654 1390 lt

2021 1416 2309 1471 Saturnum
2325 1419 2467 1472 enim
2493 1418 2534 1449 ³³
2553 1419 2846 1489 principem
2863 1421 3023 1488 hujus
3036 1423 3276 1490 generis,
3295 1432 3348 1477 et
3362 1424 3596 1480 examinis

2020 1523 2211 1564 omnes
2240 1512 2534 1577 scriptores
2578 1514 2875 1573 vetustatis,
2909 1512 3080 1568 Cra-ci
3126 1514 3482 1584 Romanique,
3519 1517 3598 1570 1ιο-

2022 1601 2220 1655 minem
2267 1602 2635 1670 prodiderunt.
2679 1604 2792 1657 Scit
2841 1603 2942 1657 hoc
2984 1604 3160 1672 Nepos
3205 1614 3265 1660 et
3312 1605 3519 1661 Cassius
3556 1610 3595 1661 in

2023 1693 2245 1748 historia
2267 1735 2281 1756 ,
2325 1703 2379 1748 et
2406 1693 2632 1748 Thallus
2680 1711 2743 1749 ac
2774 1694 3040 1749 Diodorus
3071 1697 3171 1750 boc
3218 1697 3522 1768 loquuntur.
3561 1700 3599 1753 ls

2022 1787 2203 1856 itaque
2232 1787 2518 1853 Saturnus,
2550 1786 2708 1842 Creta
2752 1787 3026 1856 profugus,
3059 1788 3296 1856 Italiam,
3345 1800 3483 1844 metu
3524 1791 3600 1845 ﬁlii

308 1872 516 1928 fulmen
583 1888 705 1927 cunt
763 1872 952 1927 ᾹΞιιιξεε
1015 1873 1180 1926 armis
1239 1874 1290 1927 in
1351 1874 1543 1929 incude
1596 1875 1907 1944 fabricatur,
1941 1895 1988 1953 Β
2017 1883 2324 1946 srevientis,
2357 1891 2692 1944 accesserat,
2734 1891 2817 1944 et,
2865 1880 2984 1935 Jani
3029 1887 3317 1951 suchptns
3351 1883 3594 1952 ho~pitio,

311 1982 476 2036 quum
510 1968 704 2022 cmlum
737 1976 790 2018 et
833 1966 1051 2019 fulmina
1094 1973 1147 2018 et
1186 1965 1396 2036 fulgura
1442 1967 1597 2037 longe
1639 1979 1764 2022 ante
1800 1969 1920 2024 fue-

313 2060 425 2117 rint
479 2076 638 2133 quam
679 2060 887 2131 Jupiter
916 2063 970 2115 in
1012 2057 1168 2115 Creta
1208 2071 1553 2127 nasceretur,
1587 2071 1642 2117 et
1671 2061 1916 2118 flatnmas

2023 1973 2184 2026 rudes
2228 1973 2350 2026 illos
2392 1972 2637 2027 homines
2682 1981 2734 2027 et
2778 1986 3018 2044 agrestes
3065 1973 3233 2028 multa
3289 1974 3504 2039 docuit,
3558 1985 3604 2026 ut

2025 2065 2288 2136 grex-culus
2315 2076 2370 2122 et
2395 2065 2594 2136 politus
2618 2109 2632 2134 ,
2663 2066 2868 2122 litteras
2896 2067 3205 2137 imprimere
3228 2111 3240 2134 ,
3277 2083 3518 2123 nummos
3544 2068 3603 2122 si-

1637 2199 1996 2258 VARIORUM
2035 2200 2266 2257 NUTIE.

312 2359 440 2399 ccro
486 2344 537 2396 in
596 2343 742 2396 Orat.
774 2341 843 2397 84
877 2358 890 2395 :
925 2339 1202 2394 Elaborata
1219 2339 1550 2394 concinnitas.
1573 2339 1921 2398 Heumanuus

314 2417 446 2485 legit
472 2414 877 2468 corroboramus.
927 2413 1183 2466 LINDNER.

390 2487 676 2539 Plurimum
700 2494 962 2553 quantum.
983 2485 1074 2536 Ccl
1088 2489 1126 2535 ia
1139 2485 1246 2536 rius
1268 2491 1320 2536 et
1338 2483 1511 2550 plores
1527 2483 1616 2536 alii
1635 2483 1854 2537 edidere
1866 2495 1922 2538 nl.

315 2559 592 2626 permirum
630 2566 874 2624 quantum
906 2573 924 2608 :
953 2555 1093 2622 qttod
1137 2555 1300 2607 etiam
1333 2566 1408 2604 est
1443 2553 1494 2605 itt
1546 2555 1780 2607 editiOue
1814 2555 1920 2608 lio-

314 2644 470 2682 tnana
526 2628 628 2681 Sed
660 2629 710 2679 in
744 2644 843 2679 ms.
881 2637 960 2679 cst
999 2627 1270 2693 plurimum
1303 2626 1746 2694 quantum:quod
1777 2636 1920 2680 recte

315 2699 554 2753 defendit
577 2698 826 2751 Citl‘l'ioill
850 2698 1007 2749 modo
1031 2697 1241 2748 laudato
1263 2697 1451 2763 Capite.
1485 2697 1646 2760 lnlra,
1679 2713 1799 2763 eap.
1825 2701 1915 2763 fit),

316 2771 508 2822 itcrutn
557 2772 792 2822 occurrit
832 2769 1109 2838 plurimum
1168 2777 1415 2836 quantum
1439 2783 1458 2819 .°
1485 2767 1628 2837 quod
1657 2778 1710 2821 et
1760 2770 1922 2824 habet.

314 2841 554 2895 Romana
589 2841 669 2892 illa
697 2841 880 2893 editio.
919 2840 1092 2892 “EUM.

389 2911 502 2978 Ipsi
543 2929 636 2966 sua
686 2914 1006 2964 auctoritate.
1051 2909 1240 2964 Cicero
1271 2911 1338 2963 de
1376 2907 1504 2961 Nat.
1546 2907 1702 2961 Deor.
1734 2925 1769 2972 t,
1803 2911 1870 2963 16
1905 2927 1918 2963 :

317 2983 427 3037 Nec
452 2985 582 3036 enim
619 2986 776 3036 multo
809 2982 1112 3035 absurdiora
1137 2991 1252 3033 sunt
1274 2999 1332 3034 ea
1354 2997 1466 3050 qua:
1490 2993 1753 3049 poetarum
1789 2982 1924 3033 voci-

316 3057 406 3107 bus
437 3058 572 3123 fusa,
608 3055 717 3122 ipsa
751 3057 1001 3106 suavitate
1037 3063 1334 3104 nocuerunt.
1389 3053 1461 3123 ιςι
1504 3051 1713 3112 NoSter,
1746 3053 1875 3104 intra
1907 3070 1919 3103 :

317 3124 417 3178 llis
439 3122 606 3195 atque
634 3126 929 3194 hajusmodi
958 3125 1209 3192 ﬁgmentis
1240 3133 1288 3174 cl
1312 3122 1588 3176 mendaciis
1615 3123 1924 3177 dulcioribus

316 3207 716 3266 corrtonpuutio'
749 3198 952 3266 ingenia
1016 3211 1307 3266 pum-orum.
1355 3195 1483 3248 Vide
1521 3208 1699 3246 annon
1746 3195 1927 3263 legen-

316 3268 443 3320 tlttttt
473 3264 536 3320 sii
575 3289 586 3322 :
615 3271 726 3333 ipsa
756 3264 849 3319 sua
877 3268 1144 3319 suavitate.
1179 3264 1435 3318 LINDNER.

391 3338 679 3390 Laittlatunt
711 3350 754 3389 et
779 3348 1093 3390 coronatum.
1132 3335 1392 3389 Minucius
1426 3336 1570 3390 brevi
1603 3335 1926 3402 compendio

319 3411 498 3463 retulit
528 3426 645 3477 qua!
681 3409 902 3473 longiori
935 3409 1034 3459 hoc
1063 3422 1312 3460 Sermone
1357 3409 1489 3459 dixit
1521 3406 1670 3459 Plato
1713 3408 1800 3461 lib.
1845 3424 1921 3474 ιιι,

317 3482 384 3532 de
414 3480 547 3546 Rep.
582 3499 591 3530 ε
621 3479 681 3531 Si
707 3483 816 3547 quis
859 3481 910 3530 in
940 3479 1058 3530 urbe
1103 3488 1273 3531 nostra
1306 3479 1518 3531 voluerit
1560 3488 1793 3545 poemata
1832 3497 1924 3532 sua

318 3562 588 3614 ostentare,
619 3552 966 3601 venerabimur
989 3551 1188 3617 quidem
1217 3552 1383 3616 ipsum
1420 3562 1474 3601 ut
1509 3566 1732 3611 sacrum,
1761 3551 1926 3602 admi-

316 3623 530 3674 rubi/cm
561 3633 605 3672 et
635 3622 963 3689 jucundum;
1001 3622 1224 3672 dicemus
1254 3632 1421 3672 autem
1454 3637 1555 3672 non
1593 3637 1699 3673 esse
1741 3622 1821 3690 fas
1871 3631 1925 3674 ul

319 3693 570 3756 ejusmodi
614 3694 763 3744 homo
791 3693 851 3743 sit
902 3709 952 3742 in
996 3708 1103 3756 rep.
1155 3703 1359 3752 nostra;
1400 3693 1776 3755 (mutamusque
1813 3709 1926 3744 eum

317 3752 473 3816 alium
495 3764 544 3816 in
577 3763 766 3825 urbem,
787 3762 948 3828 effuso
976 3765 1025 3814 in
1050 3752 1199 3827 caput
1229 3763 1385 3829 ipsius
1417 3752 1925 3831 unguento,‘imposi-

322 3844 469 3901 taque
498 3853 684 3887 corona
714 3837 880 3886 lanea.
916 3835 988 3886 Itin
1010 3833 1275 3886 laudatum
1303 3833 1445 3896 prius
1481 3843 1712 3897 poetam,
1733 3831 1925 3888 deinde

320 3919 639 3969 coronatur»,
676 3917 782 3958 tum
811 3922 835 3955 (ε
860 3906 1059 3956 civitate
1099 3904 1310 3971 ejectum
1339 3903 1360 3954 .'
1392 3903 1566 3955 licvit.

394 3978 661 4030 Sermone.
698 3979 980 4040 Eleganter
1007 3992 1286 4026 sermonem
1319 3990 1413 4037 pro
1447 3975 1612 4036 libro,
1660 3981 1885 4027 tractatu
1908 4017 1922 4038 ,

323 4047 555 4115 dialogo,
589 4066 682 4100 seu
715 4050 932 4099 historia
964 4047 1067 4100 dici
1103 4045 1282 4107 prohat
1316 4043 1378 4098 Β.
1415 4042 1683 4115 Bentleius
1724 4043 1787 4094 ad
1823 4044 1929 4098 HO-

321 4128 420 4171 rat.
451 4114 526 4172 ιιι.
560 4118 672 4172 Ode
701 4119 756 4184 8,
784 4135 832 4170 ν.
863 4120 916 4181 5,
951 4135 1000 4185 p.
1035 4115 1159 4171 110.
1209 4116 1335 4169 Item
1365 4115 1558 4170 Cicero
1600 4114 1690 4166 lib.
1723 4130 1800 4185 ιιξ.
1842 4132 1923 4185 ep.

321 4191 356 4243 8
391 4208 401 4241 :
440 4189 559 4244 Feci
582 4182 1078 4259 igituriscrniouem,
1107 4190 1238 4239 inter
1260 4204 1350 4240 110s
1382 4189 1610 4239 habitum
1650 4185 1702 4238 in
1737 4182 1926 4241 Cuma-

322 4278 408 4324 no,
444 4279 557 4313 cum
581 4273 706 4316 esset
734 4279 832 4313 una
869 4259 1204 4326 Pomponius.
1234 4259 1493 4313 LINDNER.

393 4331 528 4385 Loro
565 4333 787 4387 Veneris.
820 4332 908 4387 Sic
952 4341 1034 4386 est
1067 4333 1115 4384 in
1156 4346 1254 4384 ms.
1311 4329 1523 4383 Minucii
1555 4327 1740 4382 codice
1765 4369 1777 4390 ,
1813 4347 1917 4386 non

321 4416 456 4457 cesto
487 4403 690 4459 Veneris
726 4424 737 4458 :
771 4420 865 4471 pro
914 4421 1021 4469 quo
1056 4404 1105 4455 itt
1147 4402 1386 4455 editione
1443 4399 1681 4454 ntttlltttta
1740 4403 1929 4457 vitiose

321 4480 578 4544 scriptum
608 4485 689 4529 est
719 4487 828 4528 toro
857 4493 874 4528 :
898 4474 1038 4541 quod
1062 4483 1123 4544 et
1178 4472 1342 4526 edidit
1389 4471 1712 4544 Gronovius.
1748 4473 1922 4528 “EUM.

320 4542 450 4599 -—-lti
480 4548 601 4600 eod.
633 4565 722 4612 res:
774 4545 936 4597 nitide
967 4543 1225 4610 scriptum
1258 4551 1377 4616 est:
1411 4542 1576 4616 thoro.
1606 4542 1739 4616 ljlno.
1871 4606 1882 4616 .

399 4617 646 4670 Instituit.
683 4610 1060 4680 llettsingcrus,
1106 4624 1241 4666 teste
1279 4612 1491 4674 llemn.,
1532 4610 1653 4679 legit
1699 4610 1922 4680 instruit.

322 4689 462 4742 Nihil
489 4698 654 4748 muto,
690 4697 744 4739 et
789 4679 1074 4738 Burmanni
1119 4681 1246 4736 illttd
1293 4699 1512 4749 usurpo,
1560 4683 1672 4749 qui,
1704 4695 1838 4749 enitr
1874 4679 1924 4729 in

323 4759 542 4826 Quintil.
580 4757 751 4811 Instit.
788 4758 822 4809 l.
859 4773 895 4819 ι,
930 4773 979 4808 c.
1013 4758 1062 4819 l,
1097 4769 1147 4822 p.
1179 4754 1264 4819 l7,
1297 4747 1484 4826 variari
1519 4747 1681 4806 inibis
1706 4747 1925 4804 Vocibus

323 4824 549 4890 videret;
587 4846 767 4899 parum
791 4828 995 4896 referre.
1029 4827 1235 4899 inquit,
1270 4824 1509 4899 arbitror,
1534 4841 1688 4899 quum
1716 4834 1926 4886 utraque

325 4902 471 4953 lectio
496 4895 645 4966 facile
667 4895 872 4970 probari
903 4898 1076 4967 possit.
1098 4898 1349 4970 Alterum
1385 4896 1609 4948 fortasse
1637 4895 1755 4947 ideo
1786 4909 1922 4959 prre-

325 4971 625 5033 l'erendum,
660 4969 782 5040 auia
822 4981 1062 5040 seqmtur
1088 4969 1270 5038 infelix
1291 4978 1529 5032 structor,
1564 4982 1669 5019 non
1706 4974 1925 5035 putave-

323 5043 445 5096 rint.
481 5045 738 5097 LINDNEB.

396 5133 518 5188 Illic
549 5132 881 5206 [Vulcanus].
915 5132 1056 5206 l')el_e_
1079 5130 1344 5206 posterius
1370 5129 1614 5206 verbum,
1643 5127 1841 5206 quippe
1870 5128 1924 5182 in

324 5220 427 5260 ms.
461 5199 567 5259 noti
598 5199 888 5273 repertum,
923 5203 1014 5256 sed
1047 5203 1096 5256 in
1136 5203 1371 5256 editione
1409 5201 1622 5273 demum
1662 5199 1920 5273 Bottiaea.

324 5277 634 5330 Omiserunt
660 5270 816 5344 igitur
843 5279 960 5343 jure
989 5276 1036 5327 id
1071 5275 1214 5328 verbi
1247 5274 1357 5326 suis
1386 5273 1440 5326 in
1479 5271 1803 5326 editionibus
1833 5270 1924 5322 ιιι-

323 5349 536 5417 galtius,
574 5351 832 5408 tlavtsins,
864 5347 1186 5400 Gronovius.
1216 5344 1391 5398 llsun.

397 5420 589 5474 Cazlum
618 5432 660 5472 et
686 5421 924 5489 (alanna.
959 5417 1271 5484 Adiecitnus
1295 5415 1652 5486 cepulativam
1685 5411 1922 5481 particu-

324 5489 431 5543 lam
457 5507 520 5542 ex
547 5509 646 5543 ms.
678 5507 790 5555 reg.
823 5493 1060 5544 “suam.

399 5561 463 5643 In
493 5553 857 5630 Ganymedem.
889 5562 1177 5643 .Usitatius,‘
1200 5559 1252 5611 in
1282 5557 1597 5643 Ganymede,
1626 5555 1714 5643 .vel
1742 5553 1924 5643 delea-

327 5641 411 5685 tur
439 5635 512 5692 in,
552 5625 826 5686 nt'scnsus
859 5633 920 5686 sit
960 5647 978 5684 .'
1007 5633 1128 5700 quid
1160 5632 1340 5700 loquar
1373 5625 1737 5699 Ganymedem,
1776 5625 1923 5680 Jovis

325 5714 577 5768 stuprum,
610 5715 714 5757 etc.
750 5704 1008 5756 Ltsnvsn.

401 5773 468 5828 Ut
505 5777 635 5825 vitiis
669 5778 948 5826 hominum.
986 5774 1057 5826 Ita
1087 5773 1251 5831 edidit.
1275 5772 1534 5826 lleraldos
1557 5812 1572 5831 ,
1607 5769 1735 5823 nihil
1768 5769 1922 5838 quid-

325 5861 482 5914 quam
525 5861 749 5897 nionens
783 5848 848 5898 de
878 5845 1089 5898 diversa
1133 5847 1416 5910 scriptura.
1457 5843 1720 5910 Rigaltius
1754 5856 1917 5914 vero,

322 5912 377 5970 ut
405 5916 621 5986 judiciis
661 5916 982 5983 scripturam
1021 5914 1390 5983 esseantiqui
1421 5914 1748 5984 exemplaris
1787 5912 1922 5967 satis

2023 2353 2261 2411 apertam
2293 2345 2544 2399 afﬁrmat.
2593 2345 2805 2399 Retinui
2840 2346 3118 2399 lectionem
3161 2329 3414 2412 lleraldi,
3453 2362 3593 2416 quam

2026 2417 2188 2470 etiam
2225 2416 2386 2469 habet
2414 2417 2653 2480 Sabzeus;
2681 2419 2909 2484 scilicet,

2212 2527 2348 2587 Quod
2372 2528 2538 2578 decuit
2555 2530 2707 2589 divos,
2733 2543 2818 2579 cur
2835 2531 2950 2579 mihi
2976 2539 3119 2593 turpe
3140 2532 3349 2594 putem?

2027 2635 2195 2701 inquit
2225 2637 2418 2704 aliquis
2447 2637 2624 2691 verbis
2645 2637 2839 2697 Ovidii,
2860 2638 3106 2704 Amano,
3133 2639 3399 2692 8.——-ll.cc
3427 2656 3470 2691 at
3497 2639 3608 2703 tiqui

2025 2708 2349 2775 exemplaris
2389 2708 2649 2773 Scriptura
2682 2717 2938 2777 probatur
2981 2711 3228 2778 Rigaltio.
3271 2711 3509 2774 Etenim,
3540 2713 3608 2762 io-

2024 2778 2160 2847 qttil,
2207 2779 2499 2842 depravata
2533 2781 2767 2846 judicio,
2813 2781 3119 2832 ltotninilnts
3164 2783 3302 2834 tll:tlt'
3331 2781 3607 2849 jttt‘licanli-

2027 2849 2146 2913 ltus,
2181 2864 2300 2916 qua}
2334 2852 2581 2919 leguntur
2610 2868 2635 2897 a
2675 2850 2776 2903 diis
2820 2851 2939 2902 vitia
2973 2861 3294 2920 perpetrata,
3335 2869 3433 2917 pro
3463 2854 3611 2905 virtu-

2030 2920 2169 2972 tibus
2201 2922 2481 2974 habentur.
2527 2924 2595 2972 At
2627 2921 2882 2975 Gelenius
2909 2930 2957 2973 et
2992 2924 3254 2974 tletlarius
3282 2924 3540 2986 edidere,
3569 2931 3612 2974 ul

2027 2991 2158 3042 vitiis
2185 2994 2464 3042 hominum.
2500 2991 2662 3043 Paulo
2695 2996 2906 3059 propius
2933 2992 3192 3044 accedens
3223 2993 3289 3045 ad
3323 3009 3428 3046 tos.
3463 2994 3610 3047 vesti-

2028 3062 2111 3128 gia
2162 3062 2440 3126 Davisius,
2489 3063 2770 3127 legendum
2817 3071 2968 3126 putat.
3014 3063 3086 3113 uti
3127 3064 3264 3114 vitiis
3313 3065 3454 3117 hom.
3488 3064 3611 3119 Satis

2033 3134 2185 3185 bene.
2221 3132 2394 3184 Minus
2426 3133 2566 3184 cuitu
2610 3133 2782 3200 placet
2821 3134 2989 3184 altera
3034 3133 3128 3184 viri
3169 3133 3366 3184 eruditi
3412 3136 3610 3202 conjec-

2036 3213 2182 3267 tura,
2223 3204 2446 3271 legentis
2477 3205 2528 3256 itt
2557 3204 2787 3257 Secunda
2819 3203 3051 3254 editione
3077 3244 3089 3258 ,
3125 3213 3178 3254 ut
3208 3205 3429 3270 ﬂagitiis
3461 3207 3611 3260 homi-

2033 3290 2149 3326 num
2178 3275 2411 3339 qnwdant
2439 3276 2710 3326 auctoritas
2741 3284 3027 3339 pararetur.
3058 3275 3336 3328 GALLAND.

2103 3343 2529 3412 Cm'rumpuntur.
2586 3346 2830 3417 SySIetna
2880 3346 3191 3417 gentilismi
3224 3361 3483 3416 perquam
3533 3363 3609 3401 ac-

2030 3417 2426 3469 commodatum
2454 3434 2572 3470 esse
2600 3415 3009 3480 corrumpendis
3041 3415 3299 3475 lllttl'llltlS,
3329 3422 3486 3471 docet
3512 3419 3607 3471 Ba:-

2031 3487 2133 3540 lius
2172 3487 2389 3540 Diction.
2424 3491 2523 3542 sub
2557 3504 2688 3541 voce
2718 3487 2964 3550 JUPITEB,
2999 3486 3078 3540 lit.
3115 3489 3173 3539 ll.
3206 3486 3465 3543 LINDNER.

2108 3557 2335 3612 Hisdem.
2373 3560 2427 3613 In
2460 3575 2556 3614 ms.
2593 3573 2668 3612 ρει
2705 3560 2932 3616 hisdem;
2963 3557 3089 3610 illud
3133 3568 3309 3611 tamen
3347 3563 3502 3622 valet,
3533 3560 3607 3611 iis-

2031 3629 2173 3681 dem.
2213 3629 2467 3684 Videntur
2509 3631 2730 3685 Bunetn.
2763 3631 2828 3682 ad
2857 3629 3098 3681 Lactant.
3130 3628 3192 3681 de
3224 3629 3385 3686 Mart.
3422 3631 3605 3684 Persei‘.

2034 3715 2190 3754 xxttt.
2226 3699 2484 3755 LINDNIZR.

2107 3770 2499 3826 lii/umentibus.
2529 3773 2618 3828 Sc.
2648 3773 2699 3824 in
2723 3773 2912 3824 animo.
2944 3770 3126 3838 Neaue
3161 3773 3300 3827 male
3328 3773 3604 3842 legeremus

2031 3842 2354 3895 inhaerentes.
2405 3847 2573 3909 Supra
2608 3859 2726 3912 cap.
2761 3845 2813 3900 l,
2855 3859 2950 3911 quo
2979 3842 3238 3897 Cu'cilinnt
3269 3842 3605 3910 superstitiosis

2032 3916 2338 3964 vanitatibus
2370 3917 2516 3966 etiam
2549 3932 2681 3968 nunc
2712 3916 3057 3967 inha’rentcm.
3096 3913 3417 3975 Lactantius,
3451 3929 3495 3975 t,
3529 3912 3546 3961 Ι
3579 3929 3590 3960 ε

2034 3981 2190 4056 Multi
2231 3987 2361 4036 imim
2391 3984 2832 4056 superstitioutbus
2859 3985 2998 4038 vanis
3024 3986 3347 4055 pertinaciter
3370 3987 3599 4038 inhtercn-

2035 4063 2126 4105 tes.
2154 4053 2411 4110 LINDNER.

2109 4124 2388 4182 lt‘xioniuis.
2437 4128 2684 4191 Emme»,
2725 4143 2820 4196 pro
2852 4126 3210 4190 multitudine,
3251 4142 3430 4198 grege,
3461 4125 3605 4198 Paca-

2034 4207 2140 4262 tus,
2181 4199 2384 4253 Plinius
2417 4201 2616 4262 alii-ine
2646 4200 2915 4253 dixerunt.
2951 4199 3039 4251 Sit:
3067 4201 3226 4251 etiam
3264 4197 3315 4253 ιιι
3348 4202 3459 4252 loco
3491 4197 3598 4246 huic

2033 4284 2274 4337 Cougrtto
2315 4271 2710 4336 'l'erlttlliattrts,
2771 4269 2987 4339 Apolog.
3028 4286 3144 4336 cap.
3182 4269 3247 4324 lO
3294 4289 3306 4323 :
3343 4269 3477 4326 Satis
3507 4269 3605 4337 junt

2034 4340 2096 4391 de
2124 4341 2373 4406 Saturno,
2405 4345 2516 4395 licet
2545 4343 2740 4407 paucis.
2773 4341 2940 4392 ltitiam
2967 4339 3144 4392 Jovem
3179 4344 3491 4395 ostendemus
3517 4350 3603 4387 tam

2035 4414 2286 4465 hominem
2327 4431 2477 4482 quam
2516 4430 2577 4468 ea:
2612 4415 2849 4474 homine,
2881 4424 2926 4463 et
2959 4411 3194 4480 deinceps
3236 4424 3392 4465 totum
3431 4407 3604 4482 generis

2034 4483 2195 4555 ipsius
2225 4476 2434 4539 examen
2471 4496 2572 4536 tam
2607 4484 2820 4536 mortale
2848 4499 3000 4555 quam
3031 4476 3232 4538 seminis
3262 4485 3340 4536 sui
3368 4476 3520 4555 paler.
3549 4476 3604 4530 Ει

1951 4581 2006 4640 D
2037 4552 2176 4609 hunc
2220 4557 2396 4609 locum
2439 4555 2702 4609 Minucius
2744 4555 2814 4607 ob
2859 4553 3044 4640 oculo'.‘
3093 4552 3594 4609 imbuisse'videtur.

3010 4625 3264 4679 LINDNEB.

2102 4696 2171 4750 Et
2191 4741 2203 4764 ,
2233 4698 2378 4751 .Iani.
2415 4697 2538 4754 llazc
2564 4705 2646 4750 est
2673 4695 2951 4751 verissima
2983 4698 3139 4750 lectio
3166 4713 3196 4750 e
3227 4711 3327 4750 tus.
3368 4711 3474 4764 reg.
3509 4693 3599 4746 Alt-

2032 4777 2136 4829 tea,
2167 4770 2320 4822 etiam
2344 4783 2604 4835 susceptus
2636 4767 2877 4837 hospitio.
2907 4766 3146 4821 "EIlALD.

2099 4839 2318 4894 Lit-teras
2348 4842 2658 4904 imprimere.
2689 4839 2773 4893 Cf.
2807 4840 3060 4909 Cypriau.
3092 4842 3153 4891 (le
3192 4839 3330 4899 i'Jol.
3369 4837 3597 4893 Vanitale.

2028 4925 2145 4978 cap.
2194 4912 2247 4964 '2.
2284 4913 2346 4965 Et.
2377 4911 2498 4965 ltine
2528 4911 2782 4964 ariolatus
2823 4920 2903 4962 est
2936 4911 3257 4978 Pomponius
3285 4910 3414 4965 L.t~t.
3447 4917 3598 4960 natant

2029 4996 2149 5036 esse
2183 4985 2230 5034 in
2264 4982 2409 5036 Italia
2453 4999 2566 5034 :evo
2607 4981 2898 5045 Saturnio,
2946 4983 3385 5052 typographtcant
3413 4989 3594 5052 artcnt,

2005 5050 2112 5106 ὀιιὶ
2134 5056 2329 5106 acriter
2349 5063 2676 5122 oppugnant
2701 5048 2983 5120 l’cntiuger
3003 5048 3339 5108 Serui-conv.
3365 5053 3426 5106 de
3448 5048 3594 5122 (ierim

2031 5124 2252 5198 mirand.
2283 5118 2727 5198 Vidcstsﬂinterea
2763 5118 2991 5177 Tullium
3011 5125 3137 5198 huic
3173 5125 3268 5181 lib.
3299 5141 3333 5178 ιι
3362 5167 3371 5182 ,
3399 5123 3456 5174 tle
3487 5118 3592 5198 1‘ij-

2030 5192 2278 5260 Deorum,
2311 5196 2400 5260 57,
2437 5197 2599 5249 Balbo
2627 5196 2956 5262 disputante,
2990 5196 3478 5250 disserentem:....
3509 5189 3595 5241 Cur

2028 5282 2130 5340 non
2153 5267 2283 5319 idem
2315 5280 2470 5334 putet,
2503 5269 2546 5320 si
2573 5267 2962 5340 imtumcrabiles
2990 5269 3141 5320 unius
3163 5278 3209 5319 et
3242 5270 3412 5338 viginti
3441 5268 3595 5340 [οινιειυ

2029 5338 2312 5390 litterarum
2351 5341 2425 5391 vel
2451 5354 2620 5392 aureae
2650 5338 2724 5391 vel
2755 5339 2928 5404 quales
2957 5339 3094 5403 libet,
3136 5340 3308 5407 aliqua
3337 5338 3590 5409 conjuth

2029 5419 2131 5473 tur,
2172 5425 2316 5476 posse
2347 5427 2409 5463 ea:
2441 5411 2518 5462 his
2552 5413 2600 5462 in
2637 5420 2824 5462 ttu'ram
2850 5411 3074 5461 excussis
3113 5405 3325 5461 annales
3356 5405 3513 5464 Ennii,
3549 5405 3592 5477 tt!

2028 5481 2260 5549 deinceps
2285 5482 2380 5550 legi
2405 5481 2592 5548 possint
2615 5479 2736 5549 eﬂici
2762 5481 2933 5547 :quod
2956 5481 3124 5533 nescio
3148 5497 3279 5533 anne
3317 5481 3366 5532 in
3389 5490 3480 5530 uno
3498 5484 3592 5537 (lm‘

2028 5552 2140 5603 (lem
2159 5569 2301 5605 versu
2321 5563 2480 5620 posset
2499 5560 2692 5605 tantum
2710 5553 2874 5603 valete
2890 5550 3295 5619 fortunaJtntno
3316 5553 3587 5620 antetcvutll

2029 5621 2334 5678 Saturnium
2362 5665 2376 5682 .
2403 5625 2446 5677 si
2488 5623 2620 5676 lidcs
2647 5621 2868 5676 doctiss.
2904 5623 3017 5675 viro
3063 5623 3384 5686 Grotesend,
3414 5620 3525 5686 jam
3548 5624 3589 5660 ιη

2027 5694 2282 5757 Oriente,
2341 5694 2676 5764 Babylonieis
2727 5693 2916 5760 tegulis
2967 5694 3326 5757 testantibus,
3373 5684 3588 5764 castella}

2026 5781 2152 5818 vera
2193 5747 2282 5818 ars
2315 5747 2620 5819 car-acteres
2652 5781 2715 5816 cx
2762 5747 2899 5834 tsipis
2924 5766 3089 5818 terreis
3119 5747 3469 5834 ttnprinicudi.
3516 5747 3584 5805 (ll.

2025 5836 2328 5902 Latnbittet,
2363 5837 2508 5906 Orig.
2544 5836 2606 5888 tle
2634 5832 2861 5903 l’lmpi‘...
2897 5845 3027 5889 tom.
3078 5852 3116 5895 ι,
3149 5851 3202 5901 ιι.
3228 5837 3354 5891 559.
3376 5832 3587 5906 Prosper

2024 5908 2314 5965 MilI‘Cllalld
2340 5949 2354 5974 ,
2401 5904 2538 5962 llist.
2573 5908 2635 5960 tle
2665 5906 2896 5976 l’lmpr.,
2933 5921 3050 5978 pag.
3083 5908 3203 5963 5-5.
3246 5904 3582 5964 Porthmatttt,
