  <div class='ocr_page' id='page_1' title='image "/cluster/home/n/w/nwhite01/storage/ocr_20150623/3/uva.x000669812/206.png"; bbox 0 0 3802 6276; ppageno 0'>
   <div class='ocr_carea' id='block_1_1' title="bbox 115 381 300 446">
    <p class='ocr_par' dir='ltr' id='par_1_1' title="bbox 115 381 300 446">
     <span class='ocr_line' id='line_1_1' title="bbox 115 381 300 446; baseline 0 -10"><span class='ocrx_word' id='word_1_1' title='bbox 115 381 300 446; x_wconf 69' lang='grc'><strong>2509</strong></span> 
     </span>
    </p>
   </div>
   <div class='ocr_carea' id='block_1_2' title="bbox 1621 375 1987 436">
    <p class='ocr_par' dir='ltr' id='par_1_2' title="bbox 1621 375 1987 436">
     <span class='ocr_line' id='line_1_2' title="bbox 1621 375 1987 436; baseline 0.005 -4"><span class='ocrx_word' id='word_1_2' title='bbox 1621 375 1987 436; x_wconf 76' lang='lat' dir='ltr'><strong>OCTAVIUS.</strong></span> 
     </span>
    </p>
   </div>
   <div class='ocr_carea' id='block_1_3' title="bbox 3353 384 3461 446">
    <p class='ocr_par' dir='ltr' id='par_1_3' title="bbox 3353 384 3461 446">
     <span class='ocr_line' id='line_1_3' title="bbox 3353 384 3461 446; baseline -0.019 0"><span class='ocrx_word' id='word_1_3' title='bbox 3353 384 3461 446; x_wconf 74' lang='lat'><strong>310</strong></span> 
     </span>
    </p>
   </div>
   <div class='ocr_carea' id='block_1_4' title="bbox 111 485 3463 579">
    <p class='ocr_par' dir='ltr' id='par_1_4' title="bbox 111 485 3463 579">
     <span class='ocr_line' id='line_1_4' title="bbox 111 485 3463 579; baseline 0.004 -29"><span class='ocrx_word' id='word_1_4' title='bbox 111 507 368 579; x_wconf 57' lang='lat' dir='ltr'><strong>auare,</strong></span> <span class='ocrx_word' id='word_1_5' title='bbox 397 491 731 546; x_wconf 86' lang='lat' dir='ltr'><strong>instrumenta</strong></span> <span class='ocrx_word' id='word_1_6' title='bbox 753 485 1044 579; x_wconf 82' lang='lat' dir='ltr'><strong>conﬁcere.</strong></span> <span class='ocrx_word' id='word_1_7' title='bbox 1073 486 1260 579; x_wconf 74' lang='lat' dir='ltr'><strong>itaque</strong></span> <span class='ocrx_word' id='word_1_8' title='bbox 1284 487 1544 546; x_wconf 84' lang='lat' dir='ltr'><strong>latebram</strong></span> <span class='ocrx_word' id='word_1_9' title='bbox 1568 505 1743 558; x_wconf 86' lang='lat' dir='ltr'><strong>suam,</strong></span> <span class='ocrx_word' id='word_1_10' title='bbox 1772 495 1996 554; x_wconf 83' lang='lat' dir='ltr'><strong>Aneris</strong></span> <span class='ocrx_word' id='word_1_11' title='bbox 2039 495 2190 552; x_wconf 77' lang='lat' dir='ltr'><strong>istius</strong></span> <span class='ocrx_word' id='word_1_12' title='bbox 2236 495 2528 564; x_wconf 83' lang='lat' dir='ltr'><strong>explicare,</strong></span> <span class='ocrx_word' id='word_1_13' title='bbox 2582 511 2744 568; x_wconf 88' lang='lat' dir='ltr'><strong>quum</strong></span> <span class='ocrx_word' id='word_1_14' title='bbox 2800 497 2854 554; x_wconf 87' lang='lat' dir='ltr'><strong>in</strong></span> <span class='ocrx_word' id='word_1_15' title='bbox 2907 499 3120 568; x_wconf 84' lang='lat' dir='ltr'><strong>primis</strong></span> <span class='ocrx_word' id='word_1_16' title='bbox 3149 502 3463 570; x_wconf 87' lang='lat' dir='ltr'><strong>parentibus</strong></span> 
     </span>
    </p>
   </div>
   <div class='ocr_carea' id='block_1_5' title="bbox 132 577 1754 659">
    <p class='ocr_par' dir='ltr' id='par_1_5' title="bbox 132 577 1754 659">
     <span class='ocr_line' id='line_1_5' title="bbox 132 577 1754 659; baseline -0.003 -15"><span class='ocrx_word' id='word_1_17' title='bbox 132 577 336 659; x_wconf 51' lang='lat' dir='ltr'><strong>quod</strong></span> <span class='ocrx_word' id='word_1_18' title='bbox 361 591 462 640; x_wconf 91' lang='lat' dir='ltr'><strong>tuto</strong></span> <span class='ocrx_word' id='word_1_19' title='bbox 487 581 740 643; x_wconf 85' lang='lat' dir='ltr'><strong>latuisset,</strong></span> <span class='ocrx_word' id='word_1_20' title='bbox 771 577 954 634; x_wconf 86' lang='lat' dir='ltr'><strong>vocari</strong></span> <span class='ocrx_word' id='word_1_21' title='bbox 987 577 1172 634; x_wconf 88' lang='lat' dir='ltr'><strong>maluit</strong></span> <span class='ocrx_word' id='word_1_22' title='bbox 1201 577 1444 646; x_wconf 88' lang='lat' dir='ltr'><strong>Latium,</strong></span> <span class='ocrx_word' id='word_1_23' title='bbox 1475 589 1531 637; x_wconf 89' lang='lat' dir='ltr'><strong>et</strong></span> <span class='ocrx_word' id='word_1_24' title='bbox 1565 583 1754 639; x_wconf 83' lang='lat' dir='ltr'><strong>urbem</strong></span> 
     </span>
    </p>
   </div>
   <div class='ocr_carea' id='block_1_6' title="bbox 205 671 1756 737">
    <p class='ocr_par' dir='ltr' id='par_1_6' title="bbox 205 671 1756 737">
     <span class='ocr_line' id='line_1_6' title="bbox 205 671 1756 737; baseline -0.001 -1"><span class='ocrx_word' id='word_1_25' title='bbox 205 678 484 737; x_wconf 71' lang='lat' dir='ltr'><strong>Saturniam</strong></span> <span class='ocrx_word' id='word_1_26' title='bbox 518 673 650 730; x_wconf 89' lang='lat' dir='ltr'><strong>dedit</strong></span> <span class='ocrx_word' id='word_1_27' title='bbox 678 672 746 728; x_wconf 87' lang='lat' dir='ltr'><strong>de</strong></span> <span class='ocrx_word' id='word_1_28' title='bbox 773 686 877 726; x_wconf 89' lang='lat' dir='ltr'><strong>suo</strong></span> <span class='ocrx_word' id='word_1_29' title='bbox 906 673 1144 733; x_wconf 88' lang='lat' dir='ltr'><strong>nomine.</strong></span> <span class='ocrx_word' id='word_1_30' title='bbox 1176 683 1230 728; x_wconf 89' lang='lat' dir='ltr'><strong>et</strong></span> <span class='ocrx_word' id='word_1_31' title='bbox 1255 671 1558 730; x_wconf 86' lang='lat' dir='ltr'><strong>Janiculum</strong></span> <span class='ocrx_word' id='word_1_32' title='bbox 1587 675 1756 736; x_wconf 88' lang='lat' dir='ltr'><strong>Janus</strong></span> 
     </span>
    </p>
   </div>
   <div class='ocr_carea' id='block_1_7' title="bbox 217 765 1755 836">
    <p class='ocr_par' dir='ltr' id='par_1_7' title="bbox 217 765 1755 836">
     <span class='ocr_line' id='line_1_7' title="bbox 217 765 1755 836; baseline -0.004 -6"><span class='ocrx_word' id='word_1_33' title='bbox 217 773 281 830; x_wconf 86' lang='lat' dir='ltr'><strong>ad</strong></span> <span class='ocrx_word' id='word_1_34' title='bbox 305 771 574 827; x_wconf 84' lang='lat' dir='ltr'><strong>memoriam</strong></span> <span class='ocrx_word' id='word_1_35' title='bbox 597 779 815 835; x_wconf 88' lang='lat' dir='ltr'><strong>uterque</strong></span> <span class='ocrx_word' id='word_1_36' title='bbox 835 765 1164 836; x_wconf 74' lang='lat' dir='ltr'><strong>posteritatis</strong></span> <span class='ocrx_word' id='word_1_37' title='bbox 1199 765 1554 836; x_wconf 87' lang='lat' dir='ltr'><strong>reliquerunt.</strong></span> <span class='ocrx_word' id='word_1_38' title='bbox 1582 769 1755 828; x_wconf 84' lang='lat' dir='ltr'><strong>Homo</strong></span> 
     </span>
    </p>
   </div>
   <div class='ocr_carea' id='block_1_8' title="bbox 219 857 1756 938">
    <p class='ocr_par' dir='ltr' id='par_1_8' title="bbox 219 857 1756 938">
     <span class='ocr_line' id='line_1_8' title="bbox 219 857 1756 938; baseline -0.003 -14"><span class='ocrx_word' id='word_1_39' title='bbox 219 866 368 938; x_wconf 88' lang='lat' dir='ltr'><strong>igitur</strong></span> <span class='ocrx_word' id='word_1_40' title='bbox 383 865 540 933; x_wconf 85' lang='lat' dir='ltr'><strong>utique</strong></span> <span class='ocrx_word' id='word_1_41' title='bbox 559 859 637 928; x_wconf 90' lang='lat' dir='ltr'><strong>qui</strong></span> <span class='ocrx_word' id='word_1_42' title='bbox 663 858 818 927; x_wconf 78' lang='lat' dir='ltr'><strong>fugit,</strong></span> <span class='ocrx_word' id='word_1_43' title='bbox 836 858 1000 912; x_wconf 90' lang='lat' dir='ltr'><strong>homo</strong></span> <span class='ocrx_word' id='word_1_44' title='bbox 1017 857 1199 927; x_wconf 83' lang='lat' dir='ltr'><strong>utique</strong></span> <span class='ocrx_word' id='word_1_45' title='bbox 1223 857 1315 928; x_wconf 88' lang='lat' dir='ltr'><strong>qui</strong></span> <span class='ocrx_word' id='word_1_46' title='bbox 1334 859 1508 923; x_wconf 86' lang='lat' dir='ltr'><strong>latuit,</strong></span> <span class='ocrx_word' id='word_1_47' title='bbox 1527 870 1581 915; x_wconf 91' lang='lat' dir='ltr'><strong>et</strong></span> <span class='ocrx_word' id='word_1_48' title='bbox 1606 874 1756 930; x_wconf 87' lang='lat' dir='ltr'><strong>pater</strong></span> 
     </span>
    </p>
   </div>
   <div class='ocr_carea' id='block_1_9' title="bbox 222 952 1752 1030">
    <p class='ocr_par' dir='ltr' id='par_1_9' title="bbox 222 952 1752 1030">
     <span class='ocr_line' id='line_1_9' title="bbox 222 952 1752 1030; baseline -0.005 -12"><span class='ocrx_word' id='word_1_49' title='bbox 222 961 448 1018; x_wconf 83' lang='lat' dir='ltr'><strong>hominis.</strong></span> <span class='ocrx_word' id='word_1_50' title='bbox 460 966 507 1013; x_wconf 89' lang='lat' dir='ltr'><strong>et</strong></span> <span class='ocrx_word' id='word_1_51' title='bbox 523 966 659 1010; x_wconf 86' lang='lat' dir='ltr'><strong>natus</strong></span> <span class='ocrx_word' id='word_1_52' title='bbox 673 969 742 1010; x_wconf 78' lang='lat' dir='ltr'><strong>ex</strong></span> <span class='ocrx_word' id='word_1_53' title='bbox 761 952 984 1008; x_wconf 70' lang='lat' dir='ltr'><strong>[uimine</strong></span> <span class='ocrx_word' id='word_1_54' title='bbox 1003 969 1018 1006; x_wconf 86' lang='lat'><strong>:</strong></span> <span class='ocrx_word' id='word_1_55' title='bbox 1043 963 1201 1008; x_wconf 68' lang='lat' dir='ltr'><strong>terrae</strong></span> <span class='ocrx_word' id='word_1_56' title='bbox 1217 956 1362 1009; x_wconf 91' lang='lat' dir='ltr'><strong>enim</strong></span> <span class='ocrx_word' id='word_1_57' title='bbox 1380 956 1463 1009; x_wconf 85' lang='lat' dir='ltr'><strong>vel</strong></span> <span class='ocrx_word' id='word_1_58' title='bbox 1479 954 1654 1028; x_wconf 86' lang='lat' dir='ltr'><strong>[impr.</strong></span> <span class='ocrx_word' id='word_1_59' title='bbox 1676 957 1752 1030; x_wconf 88' lang='lat' dir='ltr'><strong>et]</strong></span> 
     </span>
    </p>
   </div>
   <div class='ocr_carea' id='block_1_10' title="bbox 223 1045 1750 1119">
    <p class='ocr_par' dir='ltr' id='par_1_10' title="bbox 223 1045 1750 1119">
     <span class='ocr_line' id='line_1_10' title="bbox 223 1045 1750 1119; baseline -0.001 -13"><span class='ocrx_word' id='word_1_60' title='bbox 223 1053 333 1110; x_wconf 68' lang='lat' dir='ltr'><strong>caeli</strong></span> <span class='ocrx_word' id='word_1_61' title='bbox 364 1051 494 1113; x_wconf 88' lang='lat' dir='ltr'><strong>lilius,</strong></span> <span class='ocrx_word' id='word_1_62' title='bbox 513 1046 640 1118; x_wconf 89' lang='lat' dir='ltr'><strong>quod</strong></span> <span class='ocrx_word' id='word_1_63' title='bbox 669 1045 809 1117; x_wconf 90' lang='lat' dir='ltr'><strong>apud</strong></span> <span class='ocrx_word' id='word_1_64' title='bbox 841 1047 1000 1100; x_wconf 84' lang='lat' dir='ltr'><strong>Italos</strong></span> <span class='ocrx_word' id='word_1_65' title='bbox 1027 1057 1168 1102; x_wconf 79' lang='lat' dir='ltr'><strong>eSset</strong></span> <span class='ocrx_word' id='word_1_66' title='bbox 1199 1047 1393 1116; x_wconf 84' lang='lat' dir='ltr'><strong>ignOIis</strong></span> <span class='ocrx_word' id='word_1_67' title='bbox 1419 1052 1750 1119; x_wconf 85' lang='lat' dir='ltr'><strong>parentibus,</strong></span> 
     </span>
    </p>
   </div>
   <div class='ocr_carea' id='block_1_11' title="bbox 222 1137 1756 1217">
    <p class='ocr_par' dir='ltr' id='par_1_11' title="bbox 222 1137 1756 1217">
     <span class='ocr_line' id='line_1_11' title="bbox 222 1137 1756 1217; baseline -0.001 -18"><span class='ocrx_word' id='word_1_68' title='bbox 222 1143 450 1217; x_wconf 85' lang='lat' dir='ltr'><strong>proditus;</strong></span> <span class='ocrx_word' id='word_1_69' title='bbox 477 1141 598 1192; x_wconf 91' lang='lat' dir='ltr'><strong>utin</strong></span> <span class='ocrx_word' id='word_1_70' title='bbox 629 1137 947 1192; x_wconf 84' lang='lat' dir='ltr'><strong>hodiernum</strong></span> <span class='ocrx_word' id='word_1_71' title='bbox 980 1139 1254 1207; x_wconf 87' lang='lat' dir='ltr'><strong>inopinato</strong></span> <span class='ocrx_word' id='word_1_72' title='bbox 1271 1142 1432 1204; x_wconf 85' lang='lat' dir='ltr'><strong>visos,</strong></span> <span class='ocrx_word' id='word_1_73' title='bbox 1456 1145 1594 1197; x_wconf 64' lang='lat' dir='ltr'><strong>caalo</strong></span> <span class='ocrx_word' id='word_1_74' title='bbox 1627 1144 1756 1199; x_wconf 89' lang='lat' dir='ltr'><strong>mis-</strong></span> 
     </span>
    </p>
   </div>
   <div class='ocr_carea' id='block_1_12' title="bbox 127 1230 1754 1312">
    <p class='ocr_par' dir='ltr' id='par_1_12' title="bbox 127 1230 1754 1312">
     <span class='ocr_line' id='line_1_12' title="bbox 127 1230 1754 1312; baseline 0.007 -31"><span class='ocrx_word' id='word_1_75' title='bbox 127 1231 158 1251; x_wconf 72' lang='grc' dir='ltr'><em>ν</em></span> <span class='ocrx_word' id='word_1_76' title='bbox 211 1251 314 1294; x_wconf 74' lang='lat' dir='ltr'><strong>sos;</strong></span> <span class='ocrx_word' id='word_1_77' title='bbox 342 1231 568 1304; x_wconf 76' lang='lat' dir='ltr'><strong>ignobiles</strong></span> <span class='ocrx_word' id='word_1_78' title='bbox 587 1239 639 1284; x_wconf 86' lang='lat' dir='ltr'><strong>et</strong></span> <span class='ocrx_word' id='word_1_79' title='bbox 653 1230 884 1300; x_wconf 79' lang='lat' dir='ltr'><strong>ignotos,</strong></span> <span class='ocrx_word' id='word_1_80' title='bbox 902 1240 1059 1312; x_wconf 62' lang='lat' dir='ltr'><strong>terra:</strong></span> <span class='ocrx_word' id='word_1_81' title='bbox 1082 1230 1594 1290; x_wconf 83' lang='lat' dir='ltr'><strong>ﬁliosnominamus.</strong></span> <span class='ocrx_word' id='word_1_82' title='bbox 1622 1235 1754 1305; x_wconf 88' lang='lat' dir='ltr'><strong>Ejus</strong></span> 
     </span>
    </p>
   </div>
   <div class='ocr_carea' id='block_1_13' title="bbox 201 1322 1754 1406">
    <p class='ocr_par' dir='ltr' id='par_1_13' title="bbox 201 1322 1754 1406">
     <span class='ocr_line' id='line_1_13' title="bbox 201 1322 1754 1406; baseline -0.001 -21"><span class='ocrx_word' id='word_1_83' title='bbox 201 1328 340 1385; x_wconf 74' lang='lat' dir='ltr'><strong>ﬁlius</strong></span> <span class='ocrx_word' id='word_1_84' title='bbox 363 1325 542 1382; x_wconf 65' lang='lat' dir='ltr'><strong>Jutiter</strong></span> <span class='ocrx_word' id='word_1_85' title='bbox 567 1322 755 1388; x_wconf 62' lang='lat' dir='ltr'><strong>Creta),</strong></span> <span class='ocrx_word' id='word_1_86' title='bbox 783 1323 1005 1378; x_wconf 74' lang='lat' dir='ltr'><strong>exclusti</strong></span> <span class='ocrx_word' id='word_1_87' title='bbox 1037 1335 1279 1406; x_wconf 61' lang='lat' dir='ltr'><strong>parente,</strong></span> <span class='ocrx_word' id='word_1_88' title='bbox 1334 1329 1612 1397; x_wconf 74' lang='lat' dir='ltr'><strong>regnavit,</strong></span> <span class='ocrx_word' id='word_1_89' title='bbox 1645 1329 1754 1385; x_wconf 90' lang='lat' dir='ltr'><strong>illic</strong></span> 
     </span>
    </p>
   </div>
   <div class='ocr_carea' id='block_1_14' title="bbox 205 1415 1748 1490">
    <p class='ocr_par' dir='ltr' id='par_1_14' title="bbox 205 1415 1748 1490">
     <span class='ocr_line' id='line_1_14' title="bbox 205 1415 1748 1490; baseline 0.001 -14"><span class='ocrx_word' id='word_1_90' title='bbox 205 1419 363 1484; x_wconf 89' lang='lat' dir='ltr'><strong>obiit,</strong></span> <span class='ocrx_word' id='word_1_91' title='bbox 391 1418 484 1472; x_wconf 86' lang='lat' dir='ltr'><strong>illic</strong></span> <span class='ocrx_word' id='word_1_92' title='bbox 511 1416 636 1472; x_wconf 91' lang='lat' dir='ltr'><strong>lilios</strong></span> <span class='ocrx_word' id='word_1_93' title='bbox 666 1416 886 1480; x_wconf 88' lang='lat' dir='ltr'><strong>habuit;</strong></span> <span class='ocrx_word' id='word_1_94' title='bbox 916 1415 1093 1472; x_wconf 89' lang='lat' dir='ltr'><strong>adhuc</strong></span> <span class='ocrx_word' id='word_1_95' title='bbox 1121 1427 1335 1473; x_wconf 83' lang='lat' dir='ltr'><strong>antrum</strong></span> <span class='ocrx_word' id='word_1_96' title='bbox 1361 1419 1510 1476; x_wconf 90' lang='lat' dir='ltr'><strong>Jovis</strong></span> <span class='ocrx_word' id='word_1_97' title='bbox 1538 1423 1748 1490; x_wconf 80' lang='lat' dir='ltr'><strong>visitur,</strong></span> 
     </span>
    </p>
   </div>
   <div class='ocr_carea' id='block_1_15' title="bbox 113 1507 1754 1582">
    <p class='ocr_par' dir='ltr' id='par_1_15' title="bbox 113 1507 1754 1582">
     <span class='ocr_line' id='line_1_15' title="bbox 113 1507 1754 1582; baseline 0.007 -23"><span class='ocrx_word' id='word_1_98' title='bbox 113 1528 170 1570; x_wconf 65' lang='grc' dir='ltr'><strong>,ς</strong></span> <span class='ocrx_word' id='word_1_99' title='bbox 209 1523 263 1568; x_wconf 80' lang='lat' dir='ltr'><strong>et</strong></span> <span class='ocrx_word' id='word_1_100' title='bbox 281 1509 578 1582; x_wconf 72' lang='lat' dir='ltr'><strong>sepulchrum</strong></span> <span class='ocrx_word' id='word_1_101' title='bbox 602 1507 714 1578; x_wconf 83' lang='lat' dir='ltr'><strong>ejus</strong></span> <span class='ocrx_word' id='word_1_102' title='bbox 741 1509 1069 1580; x_wconf 86' lang='lat' dir='ltr'><strong>ostenditur,</strong></span> <span class='ocrx_word' id='word_1_103' title='bbox 1092 1521 1147 1566; x_wconf 89' lang='lat' dir='ltr'><strong>et</strong></span> <span class='ocrx_word' id='word_1_104' title='bbox 1171 1510 1302 1582; x_wconf 86' lang='lat' dir='ltr'><strong>ipsis</strong></span> <span class='ocrx_word' id='word_1_105' title='bbox 1322 1511 1492 1568; x_wconf 88' lang='lat' dir='ltr'><strong>sacris</strong></span> <span class='ocrx_word' id='word_1_106' title='bbox 1515 1515 1629 1571; x_wconf 86' lang='lat' dir='ltr'><strong>suis</strong></span> <span class='ocrx_word' id='word_1_107' title='bbox 1651 1515 1754 1572; x_wconf 89' lang='lat' dir='ltr'><strong>hu-</strong></span> 
     </span>
    </p>
   </div>
   <div class='ocr_carea' id='block_1_16' title="bbox 213 1601 713 1672">
    <p class='ocr_par' dir='ltr' id='par_1_16' title="bbox 213 1601 713 1672">
     <span class='ocr_line' id='line_1_16' title="bbox 213 1601 713 1672; baseline -0.004 -13"><span class='ocrx_word' id='word_1_108' title='bbox 213 1603 448 1660; x_wconf 84' lang='lat' dir='ltr'><strong>manitatis</strong></span> <span class='ocrx_word' id='word_1_109' title='bbox 466 1601 713 1672; x_wconf 72' lang='lat' dir='ltr'><strong>arguitur.</strong></span> 
     </span>
    </p>
   </div>
   <div class='ocr_carea' id='block_1_17' title="bbox 725 1734 1180 1794">
    <p class='ocr_par' dir='ltr' id='par_1_17' title="bbox 725 1734 1180 1794">
     <span class='ocr_line' id='line_1_17' title="bbox 725 1734 1180 1794; baseline 0.002 -1"><span class='ocrx_word' id='word_1_110' title='bbox 725 1736 958 1794; x_wconf 83' lang='lat' dir='ltr'><strong>CAPUT</strong></span> <span class='ocrx_word' id='word_1_111' title='bbox 987 1734 1180 1794; x_wconf 79' lang='lat' dir='ltr'><strong>XXI&quot;.</strong></span> 
     </span>
    </p>
   </div>
   <div class='ocr_carea' id='block_1_18' title="bbox 1858 587 3462 660">
    <p class='ocr_par' dir='ltr' id='par_1_18' title="bbox 1858 587 3462 660">
     <span class='ocr_line' id='line_1_18' title="bbox 1858 587 3462 660; baseline 0.006 -20"><span class='ocrx_word' id='word_1_112' title='bbox 1858 587 2086 658; x_wconf 88' lang='lat' dir='ltr'><strong>probata</strong></span> <span class='ocrx_word' id='word_1_113' title='bbox 2118 589 2414 645; x_wconf 87' lang='lat' dir='ltr'><strong>mortalitas</strong></span> <span class='ocrx_word' id='word_1_114' title='bbox 2457 592 2510 645; x_wconf 92' lang='lat' dir='ltr'><strong>in</strong></span> <span class='ocrx_word' id='word_1_115' title='bbox 2540 599 2766 646; x_wconf 71' lang='lat' dir='ltr'><strong>cmteros</strong></span> <span class='ocrx_word' id='word_1_116' title='bbox 2799 591 2916 660; x_wconf 91' lang='lat' dir='ltr'><strong>ipso</strong></span> <span class='ocrx_word' id='word_1_117' title='bbox 2940 593 3129 648; x_wconf 86' lang='lat' dir='ltr'><strong>ordine</strong></span> <span class='ocrx_word' id='word_1_118' title='bbox 3159 595 3462 652; x_wconf 88' lang='lat' dir='ltr'><strong>successio-</strong></span> 
     </span>
    </p>
   </div>
   <div class='ocr_carea' id='block_1_19' title="bbox 1861 679 3462 758">
    <p class='ocr_par' dir='ltr' id='par_1_19' title="bbox 1861 679 3462 758">
     <span class='ocr_line' id='line_1_19' title="bbox 1861 679 3462 758; baseline 0.007 -25"><span class='ocrx_word' id='word_1_119' title='bbox 1861 679 1944 734; x_wconf 91' lang='lat' dir='ltr'><strong>nis</strong></span> <span class='ocrx_word' id='word_1_120' title='bbox 1977 681 2248 738; x_wconf 83' lang='lat' dir='ltr'><strong>inﬂuxerit</strong></span> <span class='ocrx_word' id='word_1_121' title='bbox 2282 699 2295 735; x_wconf 90' lang='lat'><strong>:</strong></span> <span class='ocrx_word' id='word_1_122' title='bbox 2340 682 2438 736; x_wconf 85' lang='lat' dir='ltr'><strong>nisi</strong></span> <span class='ocrx_word' id='word_1_123' title='bbox 2484 681 2620 738; x_wconf 83' lang='lat' dir='ltr'><strong>forte</strong></span> <span class='ocrx_word' id='word_1_124' title='bbox 2661 692 2779 754; x_wconf 90' lang='lat' dir='ltr'><strong>post</strong></span> <span class='ocrx_word' id='word_1_125' title='bbox 2809 693 3036 741; x_wconf 90' lang='lat' dir='ltr'><strong>mortem</strong></span> <span class='ocrx_word' id='word_1_126' title='bbox 3065 684 3200 741; x_wconf 85' lang='lat' dir='ltr'><strong>deos</strong></span> <span class='ocrx_word' id='word_1_127' title='bbox 3230 685 3462 758; x_wconf 79' lang='lat' dir='ltr'><strong>ﬁngitis,</strong></span> 
     </span>
    </p>
   </div>
   <div class='ocr_carea' id='block_1_20' title="bbox 1858 771 3462 844">
    <p class='ocr_par' dir='ltr' id='par_1_20' title="bbox 1858 771 3462 844">
     <span class='ocr_line' id='line_1_20' title="bbox 1858 771 3462 844; baseline 0.005 -18"><span class='ocrx_word' id='word_1_128' title='bbox 1858 781 1934 837; x_wconf 91' lang='lat' dir='ltr'><strong>et,</strong></span> <span class='ocrx_word' id='word_1_129' title='bbox 1966 771 2241 840; x_wconf 75' lang='lat' dir='ltr'><strong>peierante</strong></span> <span class='ocrx_word' id='word_1_130' title='bbox 2273 773 2526 841; x_wconf 90' lang='lat' dir='ltr'><strong>Proculo,</strong></span> <span class='ocrx_word' id='word_1_131' title='bbox 2561 773 2694 829; x_wconf 86' lang='lat' dir='ltr'><strong>deus</strong></span> <span class='ocrx_word' id='word_1_132' title='bbox 2723 771 3004 840; x_wconf 79' lang='lat' dir='ltr'><strong>Romulus,</strong></span> <span class='ocrx_word' id='word_1_133' title='bbox 3039 787 3092 830; x_wconf 90' lang='lat' dir='ltr'><strong>et</strong></span> <span class='ocrx_word' id='word_1_134' title='bbox 3118 775 3278 844; x_wconf 83' lang='lat' dir='ltr'><strong>Juba,</strong></span> <span class='ocrx_word' id='word_1_135' title='bbox 3313 777 3462 834; x_wconf 84' lang='lat' dir='ltr'><strong>Mau-</strong></span> 
     </span>
    </p>
   </div>
   <div class='ocr_carea' id='block_1_21' title="bbox 1859 864 3460 942">
    <p class='ocr_par' dir='ltr' id='par_1_21' title="bbox 1859 864 3460 942">
     <span class='ocr_line' id='line_1_21' title="bbox 1859 864 3460 942; baseline 0.006 -23"><span class='ocrx_word' id='word_1_136' title='bbox 1859 864 1934 920; x_wconf 86' lang='lat' dir='ltr'><strong>ris</strong></span> <span class='ocrx_word' id='word_1_137' title='bbox 1977 865 2306 934; x_wconf 90' lang='lat' dir='ltr'><strong>volentibns,</strong></span> <span class='ocrx_word' id='word_1_138' title='bbox 2351 867 2484 922; x_wconf 72' lang='lat' dir='ltr'><strong>deus</strong></span> <span class='ocrx_word' id='word_1_139' title='bbox 2525 876 2627 935; x_wconf 89' lang='lat' dir='ltr'><strong>est,</strong></span> <span class='ocrx_word' id='word_1_140' title='bbox 2657 878 2712 923; x_wconf 90' lang='lat' dir='ltr'><strong>et</strong></span> <span class='ocrx_word' id='word_1_141' title='bbox 2749 867 2856 922; x_wconf 90' lang='lat' dir='ltr'><strong>divi</strong></span> <span class='ocrx_word' id='word_1_142' title='bbox 2893 871 3076 925; x_wconf 75' lang='lat' dir='ltr'><strong>caeteri</strong></span> <span class='ocrx_word' id='word_1_143' title='bbox 3128 885 3319 942; x_wconf 82' lang='lat' dir='ltr'><strong>reges,</strong></span> <span class='ocrx_word' id='word_1_144' title='bbox 3368 873 3460 942; x_wconf 87' lang='lat' dir='ltr'><strong>qui</strong></span> 
     </span>
    </p>
   </div>
   <div class='ocr_carea' id='block_1_22' title="bbox 1857 959 3460 1022">
    <p class='ocr_par' dir='ltr' id='par_1_22' title="bbox 1857 959 3460 1022">
     <span class='ocr_line' id='line_1_22' title="bbox 1857 959 3460 1022; baseline 0.004 -10"><span class='ocrx_word' id='word_1_145' title='bbox 1857 969 2264 1020; x_wconf 70' lang='lat' dir='ltr'><strong>consecrantur,</strong></span> <span class='ocrx_word' id='word_1_146' title='bbox 2282 974 2387 1014; x_wconf 91' lang='lat' dir='ltr'><strong>non</strong></span> <span class='ocrx_word' id='word_1_147' title='bbox 2415 959 2480 1014; x_wconf 90' lang='lat' dir='ltr'><strong>ad</strong></span> <span class='ocrx_word' id='word_1_148' title='bbox 2513 960 2670 1013; x_wconf 85' lang='lat' dir='ltr'><strong>iidem</strong></span> <span class='ocrx_word' id='word_1_149' title='bbox 2699 960 2953 1022; x_wconf 88' lang='lat' dir='ltr'><strong>numinis,</strong></span> <span class='ocrx_word' id='word_1_150' title='bbox 2984 961 3078 1015; x_wconf 87' lang='lat' dir='ltr'><strong>sed</strong></span> <span class='ocrx_word' id='word_1_151' title='bbox 3105 961 3170 1016; x_wconf 89' lang='lat' dir='ltr'><strong>ad</strong></span> <span class='ocrx_word' id='word_1_152' title='bbox 3203 964 3460 1019; x_wconf 90' lang='lat' dir='ltr'><strong>honorem</strong></span> 
     </span>
    </p>
   </div>
   <div class='ocr_carea' id='block_1_23' title="bbox 1856 1051 3464 1122">
    <p class='ocr_par' dir='ltr' id='par_1_23' title="bbox 1856 1051 3464 1122">
     <span class='ocr_line' id='line_1_23' title="bbox 1856 1051 3464 1122; baseline 0.004 -18"><span class='ocrx_word' id='word_1_153' title='bbox 1856 1051 2094 1104; x_wconf 66' lang='lat' dir='ltr'><strong>emerita:</strong></span> <span class='ocrx_word' id='word_1_154' title='bbox 2115 1051 2412 1119; x_wconf 84' lang='lat' dir='ltr'><strong>potestatis.</strong></span> <span class='ocrx_word' id='word_1_155' title='bbox 2437 1051 2618 1106; x_wconf 89' lang='lat' dir='ltr'><strong>Invitis</strong></span> <span class='ocrx_word' id='word_1_156' title='bbox 2632 1051 2678 1084; x_wconf 77' lang='grc'><strong>³³</strong></span> <span class='ocrx_word' id='word_1_157' title='bbox 2695 1053 2776 1105; x_wconf 89' lang='lat' dir='ltr'><strong>bis</strong></span> <span class='ocrx_word' id='word_1_158' title='bbox 2789 1051 3021 1122; x_wconf 85' lang='lat' dir='ltr'><strong>denique</strong></span> <span class='ocrx_word' id='word_1_159' title='bbox 3037 1053 3139 1108; x_wconf 86' lang='lat' dir='ltr'><strong>hoc</strong></span> <span class='ocrx_word' id='word_1_160' title='bbox 3162 1070 3356 1111; x_wconf 86' lang='lat' dir='ltr'><strong>nomen</strong></span> <span class='ocrx_word' id='word_1_161' title='bbox 3374 1057 3464 1112; x_wconf 87' lang='lat' dir='ltr'><strong>ad-</strong></span> 
     </span>
    </p>
   </div>
   <div class='ocr_carea' id='block_1_24' title="bbox 1856 1145 3463 1216">
    <p class='ocr_par' dir='ltr' id='par_1_24' title="bbox 1856 1145 3463 1216">
     <span class='ocr_line' id='line_1_24' title="bbox 1856 1145 3463 1216; baseline 0.006 -17"><span class='ocrx_word' id='word_1_162' title='bbox 1856 1145 2140 1200; x_wconf 88' lang='lat' dir='ltr'><strong>scribitur:</strong></span> <span class='ocrx_word' id='word_1_163' title='bbox 2163 1155 2350 1216; x_wconf 89' lang='lat' dir='ltr'><strong>optant</strong></span> <span class='ocrx_word' id='word_1_164' title='bbox 2373 1149 2423 1200; x_wconf 92' lang='lat' dir='ltr'><strong>in</strong></span> <span class='ocrx_word' id='word_1_165' title='bbox 2456 1147 2672 1201; x_wconf 86' lang='lat' dir='ltr'><strong>homine</strong></span> <span class='ocrx_word' id='word_1_166' title='bbox 2703 1163 3088 1216; x_wconf 87' lang='lat' dir='ltr'><strong>perseverare;</strong></span> <span class='ocrx_word' id='word_1_167' title='bbox 3113 1150 3224 1204; x_wconf 82' lang='lat' dir='ltr'><strong>ﬁeri</strong></span> <span class='ocrx_word' id='word_1_168' title='bbox 3255 1165 3314 1205; x_wconf 90' lang='lat' dir='ltr'><strong>se</strong></span> <span class='ocrx_word' id='word_1_169' title='bbox 3329 1151 3463 1208; x_wconf 89' lang='lat' dir='ltr'><strong>deos</strong></span> 
     </span>
    </p>
   </div>
   <div class='ocr_carea' id='block_1_25' title="bbox 1856 1237 3462 1308">
    <p class='ocr_par' dir='ltr' id='par_1_25' title="bbox 1856 1237 3462 1308">
     <span class='ocr_line' id='line_1_25' title="bbox 1856 1237 3462 1308; baseline 0.006 -18"><span class='ocrx_word' id='word_1_170' title='bbox 1856 1246 2121 1304; x_wconf 87' lang='lat' dir='ltr'><strong>metuunt,</strong></span> <span class='ocrx_word' id='word_1_171' title='bbox 2154 1237 2255 1292; x_wconf 91' lang='lat' dir='ltr'><strong>etsi</strong></span> <span class='ocrx_word' id='word_1_172' title='bbox 2276 1237 2386 1306; x_wconf 85' lang='lat' dir='ltr'><strong>jam</strong></span> <span class='ocrx_word' id='word_1_173' title='bbox 2415 1253 2593 1304; x_wconf 84' lang='lat' dir='ltr'><strong>senes,</strong></span> <span class='ocrx_word' id='word_1_174' title='bbox 2616 1239 2824 1294; x_wconf 88' lang='lat' dir='ltr'><strong>nolunt.</strong></span> <span class='ocrx_word' id='word_1_175' title='bbox 2846 1237 2988 1308; x_wconf 73' lang='lat' dir='ltr'><strong>Ergo</strong></span> <span class='ocrx_word' id='word_1_176' title='bbox 3013 1255 3110 1294; x_wconf 90' lang='lat' dir='ltr'><strong>nec</strong></span> <span class='ocrx_word' id='word_1_177' title='bbox 3140 1241 3206 1296; x_wconf 83' lang='lat' dir='ltr'><strong>de</strong></span> <span class='ocrx_word' id='word_1_178' title='bbox 3235 1245 3462 1298; x_wconf 81' lang='lat' dir='ltr'><strong>mortuis</strong></span> 
     </span>
    </p>
   </div>
   <div class='ocr_carea' id='block_1_26' title="bbox 1856 1327 3458 1406">
    <p class='ocr_par' dir='ltr' id='par_1_26' title="bbox 1856 1327 3458 1406">
     <span class='ocr_line' id='line_1_26' title="bbox 1856 1327 3458 1406; baseline 0.004 -24"><span class='ocrx_word' id='word_1_179' title='bbox 1856 1327 1926 1382; x_wconf 89' lang='lat' dir='ltr'><strong>dii</strong></span> <span class='ocrx_word' id='word_1_180' title='bbox 1949 1335 2096 1394; x_wconf 89' lang='lat' dir='ltr'><strong>sunt,</strong></span> <span class='ocrx_word' id='word_1_181' title='bbox 2111 1331 2363 1398; x_wconf 90' lang='lat' dir='ltr'><strong>quoniam</strong></span> <span class='ocrx_word' id='word_1_182' title='bbox 2387 1330 2523 1386; x_wconf 88' lang='lat' dir='ltr'><strong>Deus</strong></span> <span class='ocrx_word' id='word_1_183' title='bbox 2546 1332 2678 1385; x_wconf 89' lang='lat' dir='ltr'><strong>mori</strong></span> <span class='ocrx_word' id='word_1_184' title='bbox 2703 1345 2806 1384; x_wconf 91' lang='lat' dir='ltr'><strong>non</strong></span> <span class='ocrx_word' id='word_1_185' title='bbox 2827 1344 3000 1400; x_wconf 85' lang='lat' dir='ltr'><strong>posset</strong></span> <span class='ocrx_word' id='word_1_186' title='bbox 3025 1333 3197 1402; x_wconf 88' lang='lat' dir='ltr'><strong>[impr.</strong></span> <span class='ocrx_word' id='word_1_187' title='bbox 3219 1332 3414 1406; x_wconf 83' lang='lat' dir='ltr'><strong>poteSt]</strong></span> <span class='ocrx_word' id='word_1_188' title='bbox 3441 1351 3458 1401; x_wconf 89' lang='lat'><strong>;</strong></span> 
     </span>
    </p>
   </div>
   <div class='ocr_carea' id='block_1_27' title="bbox 1856 1421 3458 1495">
    <p class='ocr_par' dir='ltr' id='par_1_27' title="bbox 1856 1421 3458 1495">
     <span class='ocr_line' id='line_1_27' title="bbox 1856 1421 3458 1495; baseline 0.004 -22"><span class='ocrx_word' id='word_1_189' title='bbox 1856 1435 1956 1475; x_wconf 78' lang='lat' dir='ltr'><strong>nec</strong></span> <span class='ocrx_word' id='word_1_190' title='bbox 1977 1421 2044 1475; x_wconf 91' lang='lat' dir='ltr'><strong>de</strong></span> <span class='ocrx_word' id='word_1_191' title='bbox 2075 1421 2211 1476; x_wconf 86' lang='lat' dir='ltr'><strong>natis</strong></span> <span class='ocrx_word' id='word_1_192' title='bbox 2235 1463 2249 1489; x_wconf 95' lang='lat'><strong>,</strong></span> <span class='ocrx_word' id='word_1_193' title='bbox 2293 1422 2544 1492; x_wconf 87' lang='lat' dir='ltr'><strong>quoniam</strong></span> <span class='ocrx_word' id='word_1_194' title='bbox 2577 1423 2804 1477; x_wconf 89' lang='lat' dir='ltr'><strong>moritur</strong></span> <span class='ocrx_word' id='word_1_195' title='bbox 2835 1437 2998 1478; x_wconf 89' lang='lat' dir='ltr'><strong>omne</strong></span> <span class='ocrx_word' id='word_1_196' title='bbox 3027 1425 3168 1495; x_wconf 87' lang='lat' dir='ltr'><strong>qttod</strong></span> <span class='ocrx_word' id='word_1_197' title='bbox 3202 1428 3458 1494; x_wconf 87' lang='lat' dir='ltr'><strong>nascitur,</strong></span> 
     </span>
    </p>
   </div>
   <div class='ocr_carea' id='block_1_28' title="bbox 1855 1511 3464 1586">
    <p class='ocr_par' dir='ltr' id='par_1_28' title="bbox 1855 1511 3464 1586">
     <span class='ocr_line' id='line_1_28' title="bbox 1855 1511 3464 1586; baseline 0.003 -17"><span class='ocrx_word' id='word_1_198' title='bbox 1855 1511 2094 1569; x_wconf 86' lang='lat' dir='ltr'><strong>divinum</strong></span> <span class='ocrx_word' id='word_1_199' title='bbox 2125 1525 2302 1569; x_wconf 89' lang='lat' dir='ltr'><strong>autem</strong></span> <span class='ocrx_word' id='word_1_200' title='bbox 2331 1515 2384 1570; x_wconf 91' lang='lat' dir='ltr'><strong>id</strong></span> <span class='ocrx_word' id='word_1_201' title='bbox 2399 1517 2636 1586; x_wconf 73' lang='lat' dir='ltr'><strong>estquod</strong></span> <span class='ocrx_word' id='word_1_202' title='bbox 2665 1531 2764 1570; x_wconf 87' lang='lat' dir='ltr'><strong>nec</strong></span> <span class='ocrx_word' id='word_1_203' title='bbox 2793 1525 2970 1571; x_wconf 87' lang='lat' dir='ltr'><strong>ortum</strong></span> <span class='ocrx_word' id='word_1_204' title='bbox 3001 1517 3160 1574; x_wconf 77' lang='lat' dir='ltr'><strong>habet</strong></span> <span class='ocrx_word' id='word_1_205' title='bbox 3179 1533 3278 1572; x_wconf 90' lang='lat' dir='ltr'><strong>nec</strong></span> <span class='ocrx_word' id='word_1_206' title='bbox 3304 1532 3464 1574; x_wconf 86' lang='lat' dir='ltr'><strong>occa-</strong></span> 
     </span>
    </p>
   </div>
   <div class='ocr_carea' id='block_1_29' title="bbox 1855 1607 3460 1681">
    <p class='ocr_par' dir='ltr' id='par_1_29' title="bbox 1855 1607 3460 1681">
     <span class='ocr_line' id='line_1_29' title="bbox 1855 1607 3460 1681; baseline 0.002 -19"><span class='ocrx_word' id='word_1_207' title='bbox 1855 1621 1992 1662; x_wconf 91' lang='lat' dir='ltr'><strong>sum.</strong></span> <span class='ocrx_word' id='word_1_208' title='bbox 2017 1607 2126 1662; x_wconf 87' lang='lat' dir='ltr'><strong>Cnr</strong></span> <span class='ocrx_word' id='word_1_209' title='bbox 2145 1611 2315 1676; x_wconf 88' lang='lat' dir='ltr'><strong>enim,</strong></span> <span class='ocrx_word' id='word_1_210' title='bbox 2341 1609 2385 1664; x_wconf 91' lang='lat' dir='ltr'><strong>si</strong></span> <span class='ocrx_word' id='word_1_211' title='bbox 2413 1610 2519 1664; x_wconf 91' lang='lat' dir='ltr'><strong>nati</strong></span> <span class='ocrx_word' id='word_1_212' title='bbox 2541 1617 2688 1673; x_wconf 90' lang='lat' dir='ltr'><strong>sunt,</strong></span> <span class='ocrx_word' id='word_1_213' title='bbox 2719 1625 2822 1664; x_wconf 90' lang='lat' dir='ltr'><strong>non</strong></span> <span class='ocrx_word' id='word_1_214' title='bbox 2848 1609 3114 1681; x_wconf 64' lang='lat' dir='ltr'><strong>hodie-que</strong></span> <span class='ocrx_word' id='word_1_215' title='bbox 3140 1612 3460 1667; x_wconf 86' lang='lat' dir='ltr'><strong>nascuntur?</strong></span> 
     </span>
    </p>
   </div>
   <div class='ocr_carea' id='block_1_30' title="bbox 1855 1697 3456 1770">
    <p class='ocr_par' dir='ltr' id='par_1_30' title="bbox 1855 1697 3456 1770">
     <span class='ocr_line' id='line_1_30' title="bbox 1855 1697 3456 1770; baseline 0.004 -18"><span class='ocrx_word' id='word_1_216' title='bbox 1855 1697 1958 1752; x_wconf 89' lang='lat' dir='ltr'><strong>nisi</strong></span> <span class='ocrx_word' id='word_1_217' title='bbox 2002 1697 2141 1754; x_wconf 82' lang='lat' dir='ltr'><strong>forte</strong></span> <span class='ocrx_word' id='word_1_218' title='bbox 2182 1699 2290 1766; x_wconf 83' lang='lat' dir='ltr'><strong>jam</strong></span> <span class='ocrx_word' id='word_1_219' title='bbox 2337 1697 2548 1770; x_wconf 82' lang='lat' dir='ltr'><strong>Jupiter</strong></span> <span class='ocrx_word' id='word_1_220' title='bbox 2591 1701 2770 1754; x_wconf 88' lang='lat' dir='ltr'><strong>senuit</strong></span> <span class='ocrx_word' id='word_1_221' title='bbox 2822 1707 2878 1756; x_wconf 90' lang='lat' dir='ltr'><strong>et</strong></span> <span class='ocrx_word' id='word_1_222' title='bbox 2922 1710 3106 1770; x_wconf 89' lang='lat' dir='ltr'><strong>partus</strong></span> <span class='ocrx_word' id='word_1_223' title='bbox 3143 1701 3196 1756; x_wconf 91' lang='lat' dir='ltr'><strong>in</strong></span> <span class='ocrx_word' id='word_1_224' title='bbox 3241 1701 3456 1758; x_wconf 88' lang='lat' dir='ltr'><strong>Junone</strong></span> 
     </span>
    </p>
   </div>
   <div class='ocr_carea' id='block_1_31' title="bbox 1856 1791 3452 1862">
    <p class='ocr_par' dir='ltr' id='par_1_31' title="bbox 1856 1791 3452 1862">
     <span class='ocr_line' id='line_1_31' title="bbox 1856 1791 3452 1862; baseline 0.001 -16"><span class='ocrx_word' id='word_1_225' title='bbox 1856 1791 2072 1856; x_wconf 80' lang='lat' dir='ltr'><strong>defecit,</strong></span> <span class='ocrx_word' id='word_1_226' title='bbox 2102 1803 2154 1846; x_wconf 90' lang='lat' dir='ltr'><strong>et</strong></span> <span class='ocrx_word' id='word_1_227' title='bbox 2183 1791 2418 1847; x_wconf 81' lang='lat' dir='ltr'><strong>Minerva</strong></span> <span class='ocrx_word' id='word_1_228' title='bbox 2443 1793 2624 1846; x_wconf 85' lang='lat' dir='ltr'><strong>canuit</strong></span> <span class='ocrx_word' id='word_1_229' title='bbox 2644 1801 2931 1862; x_wconf 85' lang='lat' dir='ltr'><strong>antequam</strong></span> <span class='ocrx_word' id='word_1_230' title='bbox 2957 1792 3184 1860; x_wconf 86' lang='lat' dir='ltr'><strong>peperit.</strong></span> <span class='ocrx_word' id='word_1_231' title='bbox 3214 1794 3296 1847; x_wconf 81' lang='lat' dir='ltr'><strong>An</strong></span> <span class='ocrx_word' id='word_1_232' title='bbox 3327 1793 3452 1848; x_wconf 90' lang='lat' dir='ltr'><strong>ideo</strong></span> 
     </span>
    </p>
   </div>
   <div class='ocr_carea' id='block_1_32' title="bbox 232 1853 1744 1952">
    <p class='ocr_par' dir='ltr' id='par_1_32' title="bbox 232 1853 1744 1926">
     <span class='ocr_line' id='line_1_32' title="bbox 232 1853 1744 1926; baseline -0.001 -11"><span class='ocrx_word' id='word_1_233' title='bbox 232 1859 630 1916; x_wconf 61' lang='lat' dir='ltr'><strong>Aucuussrum—</strong></span> <span class='ocrx_word' id='word_1_234' title='bbox 661 1853 908 1922; x_wconf 80' lang='lat' dir='ltr'><strong>Quamuis</strong></span> <span class='ocrx_word' id='word_1_235' title='bbox 955 1854 1144 1908; x_wconf 88' lang='lat' dir='ltr'><strong>ethnici</strong></span> <span class='ocrx_word' id='word_1_236' title='bbox 1172 1869 1315 1926; x_wconf 84' lang='lat' dir='ltr'><strong>reges</strong></span> <span class='ocrx_word' id='word_1_237' title='bbox 1349 1871 1468 1909; x_wconf 86' lang='lat' dir='ltr'><strong>suos</strong></span> <span class='ocrx_word' id='word_1_238' title='bbox 1509 1859 1744 1914; x_wconf 80' lang='lat' dir='ltr'><strong>mortales</strong></span> 
     </span>
    </p>
   </div>
   <div class='ocr_carea' id='block_1_33' title="bbox 1921 1853 3458 1952">
    <p class='ocr_par' dir='ltr' id='par_1_33' title="bbox 1921 1853 3458 1952">
     <span class='ocr_line' id='line_1_33' title="bbox 1921 1853 3458 1952; baseline 0.002 -18"><span class='ocrx_word' id='word_1_239' title='bbox 1921 1853 2088 1934; x_wconf 82' lang='lat' dir='ltr'><strong>ssavit</strong></span> <span class='ocrx_word' id='word_1_240' title='bbox 2117 1881 2214 1936; x_wconf 86' lang='lat' dir='ltr'><strong>ista</strong></span> <span class='ocrx_word' id='word_1_241' title='bbox 2245 1883 2548 1952; x_wconf 78' lang='lat' dir='ltr'><strong>generatio,</strong></span> <span class='ocrx_word' id='word_1_242' title='bbox 2581 1853 2834 1952; x_wconf 79' lang='lat' dir='ltr'><strong>quoniam</strong></span> <span class='ocrx_word' id='word_1_243' title='bbox 2868 1853 3010 1936; x_wconf 87' lang='lat' dir='ltr'><strong>nulla</strong></span> <span class='ocrx_word' id='word_1_244' title='bbox 3029 1853 3348 1950; x_wconf 63' lang='grc' dir='ltr'><strong>Ἰιιῇιιειιιυάι</strong></span> <span class='ocrx_word' id='word_1_245' title='bbox 3375 1881 3458 1937; x_wconf 82' lang='lat' dir='ltr'><strong>fa-</strong></span> 
     </span>
    </p>
   </div>
   <div class='ocr_carea' id='block_1_34' title="bbox 293 1944 1750 2020">
    <p class='ocr_par' dir='ltr' id='par_1_34' title="bbox 293 1944 1750 2020">
     <span class='ocr_line' id='line_1_34' title="bbox 293 1944 1750 2020; baseline 0.001 -18"><span class='ocrx_word' id='word_1_246' title='bbox 293 1955 531 2020; x_wconf 72' lang='lat' dir='ltr'><strong>agnoscant,</strong></span> <span class='ocrx_word' id='word_1_247' title='bbox 555 1945 670 2000; x_wconf 85' lang='lat' dir='ltr'><strong>illos</strong></span> <span class='ocrx_word' id='word_1_248' title='bbox 695 1957 864 1999; x_wconf 85' lang='lat' dir='ltr'><strong>tamen</strong></span> <span class='ocrx_word' id='word_1_249' title='bbox 895 1944 1018 1999; x_wconf 88' lang='lat' dir='ltr'><strong>deos</strong></span> <span class='ocrx_word' id='word_1_250' title='bbox 1047 1946 1268 2014; x_wconf 81' lang='lat' dir='ltr'><strong>ﬁngunt,</strong></span> <span class='ocrx_word' id='word_1_251' title='bbox 1300 1948 1374 2000; x_wconf 81' lang='lat' dir='ltr'><strong>uel</strong></span> <span class='ocrx_word' id='word_1_252' title='bbox 1401 1947 1527 2016; x_wconf 91' lang='lat' dir='ltr'><strong>ipsis</strong></span> <span class='ocrx_word' id='word_1_253' title='bbox 1554 1949 1750 2018; x_wconf 83' lang='lat' dir='ltr'><strong>invitis;</strong></span> 
     </span>
    </p>
   </div>
   <div class='ocr_carea' id='block_1_35' title="bbox 289 2037 1750 2112">
    <p class='ocr_par' dir='ltr' id='par_1_35' title="bbox 289 2037 1750 2112">
     <span class='ocr_line' id='line_1_35' title="bbox 289 2037 1750 2112; baseline 0.003 -20"><span class='ocrx_word' id='word_1_254' title='bbox 289 2056 374 2093; x_wconf 73' lang='lat' dir='ltr'><strong>non</strong></span> <span class='ocrx_word' id='word_1_255' title='bbox 391 2039 448 2091; x_wconf 87' lang='lat' dir='ltr'><strong>ad</strong></span> <span class='ocrx_word' id='word_1_256' title='bbox 471 2038 609 2106; x_wconf 76' lang='lat' dir='ltr'><strong>ﬁdem</strong></span> <span class='ocrx_word' id='word_1_257' title='bbox 635 2038 880 2102; x_wconf 78' lang='lat' dir='ltr'><strong>numinis,</strong></span> <span class='ocrx_word' id='word_1_258' title='bbox 913 2037 1004 2092; x_wconf 86' lang='lat' dir='ltr'><strong>sed</strong></span> <span class='ocrx_word' id='word_1_259' title='bbox 1027 2039 1097 2091; x_wconf 90' lang='lat' dir='ltr'><strong>ad</strong></span> <span class='ocrx_word' id='word_1_260' title='bbox 1123 2037 1366 2092; x_wconf 84' lang='lat' dir='ltr'><strong>honorem</strong></span> <span class='ocrx_word' id='word_1_261' title='bbox 1389 2042 1610 2096; x_wconf 77' lang='lat' dir='ltr'><strong>emeritw</strong></span> <span class='ocrx_word' id='word_1_262' title='bbox 1633 2059 1750 2112; x_wconf 88' lang='lat' dir='ltr'><strong>pos-</strong></span> 
     </span>
    </p>
   </div>
   <div class='ocr_carea' id='block_1_36' title="bbox 273 2129 1752 2206">
    <p class='ocr_par' dir='ltr' id='par_1_36' title="bbox 273 2129 1752 2206">
     <span class='ocr_line' id='line_1_36' title="bbox 273 2129 1752 2206; baseline 0.002 -19"><span class='ocrx_word' id='word_1_263' title='bbox 273 2133 472 2187; x_wconf 85' lang='lat' dir='ltr'><strong>teritatis.</strong></span> <span class='ocrx_word' id='word_1_264' title='bbox 504 2131 645 2201; x_wconf 80' lang='lat' dir='ltr'><strong>Atqui</strong></span> <span class='ocrx_word' id='word_1_265' title='bbox 672 2147 818 2185; x_wconf 82' lang='lat' dir='ltr'><strong>veras</strong></span> <span class='ocrx_word' id='word_1_266' title='bbox 849 2129 986 2184; x_wconf 80' lang='lat' dir='ltr'><strong>Deus</strong></span> <span class='ocrx_word' id='word_1_267' title='bbox 1020 2147 1177 2201; x_wconf 86' lang='lat' dir='ltr'><strong>neque</strong></span> <span class='ocrx_word' id='word_1_268' title='bbox 1215 2142 1380 2186; x_wconf 87' lang='lat' dir='ltr'><strong>ortum</strong></span> <span class='ocrx_word' id='word_1_269' title='bbox 1411 2133 1558 2187; x_wconf 81' lang='lat' dir='ltr'><strong>habet</strong></span> <span class='ocrx_word' id='word_1_270' title='bbox 1589 2152 1752 2206; x_wconf 82' lang='lat' dir='ltr'><strong>neque</strong></span> 
     </span>
    </p>
   </div>
   <div class='ocr_carea' id='block_1_37' title="bbox 268 2221 1751 2294">
    <p class='ocr_par' dir='ltr' id='par_1_37' title="bbox 268 2221 1751 2294">
     <span class='ocr_line' id='line_1_37' title="bbox 268 2221 1751 2294; baseline 0.003 -16"><span class='ocrx_word' id='word_1_271' title='bbox 268 2239 493 2278; x_wconf 82' lang='lat' dir='ltr'><strong>occasum.</strong></span> <span class='ocrx_word' id='word_1_272' title='bbox 520 2223 738 2277; x_wconf 82' lang='lat' dir='ltr'><strong>Deorum</strong></span> <span class='ocrx_word' id='word_1_273' title='bbox 767 2221 952 2278; x_wconf 87' lang='lat' dir='ltr'><strong>deinde</strong></span> <span class='ocrx_word' id='word_1_274' title='bbox 980 2223 1226 2294; x_wconf 85' lang='lat' dir='ltr'><strong>imagines</strong></span> <span class='ocrx_word' id='word_1_275' title='bbox 1259 2233 1306 2278; x_wconf 90' lang='lat' dir='ltr'><strong>et</strong></span> <span class='ocrx_word' id='word_1_276' title='bbox 1337 2225 1618 2282; x_wconf 81' lang='lat' dir='ltr'><strong>simulacra</strong></span> <span class='ocrx_word' id='word_1_277' title='bbox 1649 2227 1751 2282; x_wconf 83' lang='lat' dir='ltr'><strong>Oc-</strong></span> 
     </span>
    </p>
   </div>
   <div class='ocr_carea' id='block_1_38' title="bbox 259 2318 660 2388">
    <p class='ocr_par' dir='ltr' id='par_1_38' title="bbox 259 2318 660 2388">
     <span class='ocr_line' id='line_1_38' title="bbox 259 2318 660 2388; baseline 0.007 -18"><span class='ocrx_word' id='word_1_278' title='bbox 259 2318 410 2371; x_wconf 70' lang='lat' dir='ltr'><strong>tavius</strong></span> <span class='ocrx_word' id='word_1_279' title='bbox 433 2319 660 2388; x_wconf 68' lang='lat' dir='ltr'><strong>exagitat.</strong></span> 
     </span>
    </p>
   </div>
   <div class='ocr_carea' id='block_1_39' title="bbox 255 2431 1748 2510">
    <p class='ocr_par' dir='ltr' id='par_1_39' title="bbox 255 2431 1748 2510">
     <span class='ocr_line' id='line_1_39' title="bbox 255 2431 1748 2510; baseline 0.004 -22"><span class='ocrx_word' id='word_1_280' title='bbox 255 2431 473 2488; x_wconf 85' lang='lat' dir='ltr'><strong>Otiosum</strong></span> <span class='ocrx_word' id='word_1_281' title='bbox 507 2441 583 2488; x_wconf 90' lang='lat' dir='ltr'><strong>est</strong></span> <span class='ocrx_word' id='word_1_282' title='bbox 617 2432 695 2488; x_wconf 89' lang='lat' dir='ltr'><strong>ire</strong></span> <span class='ocrx_word' id='word_1_283' title='bbox 726 2447 822 2504; x_wconf 88' lang='lat' dir='ltr'><strong>per</strong></span> <span class='ocrx_word' id='word_1_284' title='bbox 861 2433 1100 2504; x_wconf 85' lang='lat' dir='ltr'><strong>singulos</strong></span> <span class='ocrx_word' id='word_1_285' title='bbox 1127 2441 1182 2490; x_wconf 90' lang='lat' dir='ltr'><strong>et</strong></span> <span class='ocrx_word' id='word_1_286' title='bbox 1217 2441 1384 2491; x_wconf 84' lang='lat' dir='ltr'><strong>totam</strong></span> <span class='ocrx_word' id='word_1_287' title='bbox 1427 2437 1623 2493; x_wconf 89' lang='lat' dir='ltr'><strong>seriem</strong></span> <span class='ocrx_word' id='word_1_288' title='bbox 1653 2454 1748 2510; x_wconf 87' lang='lat' dir='ltr'><strong>ge-</strong></span> 
     </span>
    </p>
   </div>
   <div class='ocr_carea' id='block_1_40' title="bbox 1853 1973 3457 2042">
    <p class='ocr_par' dir='ltr' id='par_1_40' title="bbox 1853 1973 3457 2042">
     <span class='ocr_line' id='line_1_40' title="bbox 1853 1973 3457 2042; baseline 0.002 -14"><span class='ocrx_word' id='word_1_289' title='bbox 1853 1973 1994 2028; x_wconf 90' lang='lat' dir='ltr'><strong>bulis</strong></span> <span class='ocrx_word' id='word_1_290' title='bbox 2046 1974 2313 2042; x_wconf 84' lang='lat' dir='ltr'><strong>praebetur</strong></span> <span class='ocrx_word' id='word_1_291' title='bbox 2357 1974 2652 2029; x_wconf 84' lang='lat' dir='ltr'><strong>adsensio?</strong></span> <span class='ocrx_word' id='word_1_292' title='bbox 2695 1973 3003 2040; x_wconf 68' lang='lat' dir='ltr'><strong>Cancrum,</strong></span> <span class='ocrx_word' id='word_1_293' title='bbox 3051 1975 3095 2028; x_wconf 88' lang='lat' dir='ltr'><strong>si</strong></span> <span class='ocrx_word' id='word_1_294' title='bbox 3147 1973 3220 2028; x_wconf 89' lang='lat' dir='ltr'><strong>dii</strong></span> <span class='ocrx_word' id='word_1_295' title='bbox 3266 1989 3457 2032; x_wconf 81' lang='lat' dir='ltr'><strong>creare</strong></span> 
     </span>
    </p>
   </div>
   <div class='ocr_carea' id='block_1_41' title="bbox 1854 2063 3460 2140">
    <p class='ocr_par' dir='ltr' id='par_1_41' title="bbox 1854 2063 3460 2140">
     <span class='ocr_line' id='line_1_41' title="bbox 1854 2063 3460 2140; baseline 0.002 -21"><span class='ocrx_word' id='word_1_296' title='bbox 1854 2074 2094 2134; x_wconf 90' lang='lat' dir='ltr'><strong>possent,</strong></span> <span class='ocrx_word' id='word_1_297' title='bbox 2115 2066 2334 2120; x_wconf 89' lang='lat' dir='ltr'><strong>interire</strong></span> <span class='ocrx_word' id='word_1_298' title='bbox 2356 2081 2464 2120; x_wconf 90' lang='lat' dir='ltr'><strong>non</strong></span> <span class='ocrx_word' id='word_1_299' title='bbox 2481 2075 2730 2137; x_wconf 87' lang='lat' dir='ltr'><strong>possent;</strong></span> <span class='ocrx_word' id='word_1_300' title='bbox 2749 2065 2936 2137; x_wconf 81' lang='lat' dir='ltr'><strong>plures</strong></span> <span class='ocrx_word' id='word_1_301' title='bbox 2954 2065 3080 2120; x_wconf 90' lang='lat' dir='ltr'><strong>totis</strong></span> <span class='ocrx_word' id='word_1_302' title='bbox 3095 2063 3273 2138; x_wconf 85' lang='lat' dir='ltr'><strong>[impr.</strong></span> <span class='ocrx_word' id='word_1_303' title='bbox 3294 2067 3460 2140; x_wconf 83' lang='lat' dir='ltr'><strong>natis]</strong></span> 
     </span>
    </p>
   </div>
   <div class='ocr_carea' id='block_1_42' title="bbox 1854 2159 3464 2229">
    <p class='ocr_par' dir='ltr' id='par_1_42' title="bbox 1854 2159 3464 2229">
     <span class='ocr_line' id='line_1_42' title="bbox 1854 2159 3464 2229; baseline 0.001 -15"><span class='ocrx_word' id='word_1_304' title='bbox 1854 2159 2164 2216; x_wconf 88' lang='lat' dir='ltr'><strong>hominibus</strong></span> <span class='ocrx_word' id='word_1_305' title='bbox 2194 2162 2325 2216; x_wconf 90' lang='lat' dir='ltr'><strong>deos</strong></span> <span class='ocrx_word' id='word_1_306' title='bbox 2350 2161 2706 2228; x_wconf 88' lang='lat' dir='ltr'><strong>haberemus,</strong></span> <span class='ocrx_word' id='word_1_307' title='bbox 2749 2169 2809 2215; x_wconf 89' lang='lat' dir='ltr'><strong>ut</strong></span> <span class='ocrx_word' id='word_1_308' title='bbox 2849 2159 2961 2229; x_wconf 88' lang='lat' dir='ltr'><strong>jam</strong></span> <span class='ocrx_word' id='word_1_309' title='bbox 2993 2173 3087 2216; x_wconf 87' lang='lat' dir='ltr'><strong>eos</strong></span> <span class='ocrx_word' id='word_1_310' title='bbox 3125 2174 3226 2216; x_wconf 90' lang='lat' dir='ltr'><strong>nec</strong></span> <span class='ocrx_word' id='word_1_311' title='bbox 3263 2160 3464 2216; x_wconf 75' lang='lat' dir='ltr'><strong>ctelum</strong></span> 
     </span>
    </p>
   </div>
   <div class='ocr_carea' id='block_1_43' title="bbox 1853 2255 3460 2326">
    <p class='ocr_par' dir='ltr' id='par_1_43' title="bbox 1853 2255 3460 2326">
     <span class='ocr_line' id='line_1_43' title="bbox 1853 2255 3460 2326; baseline 0.001 -17"><span class='ocrx_word' id='word_1_312' title='bbox 1853 2255 2193 2322; x_wconf 89' lang='lat' dir='ltr'><strong>contineret,</strong></span> <span class='ocrx_word' id='word_1_313' title='bbox 2243 2271 2342 2311; x_wconf 90' lang='lat' dir='ltr'><strong>nec</strong></span> <span class='ocrx_word' id='word_1_314' title='bbox 2387 2270 2482 2310; x_wconf 88' lang='lat' dir='ltr'><strong>aer</strong></span> <span class='ocrx_word' id='word_1_315' title='bbox 2521 2264 2782 2324; x_wconf 88' lang='lat' dir='ltr'><strong>caperet,</strong></span> <span class='ocrx_word' id='word_1_316' title='bbox 2831 2268 2932 2309; x_wconf 91' lang='lat' dir='ltr'><strong>nec</strong></span> <span class='ocrx_word' id='word_1_317' title='bbox 2975 2261 3114 2308; x_wconf 89' lang='lat' dir='ltr'><strong>terra</strong></span> <span class='ocrx_word' id='word_1_318' title='bbox 3163 2262 3401 2326; x_wconf 77' lang='lat' dir='ltr'><strong>gestaret</strong></span> <span class='ocrx_word' id='word_1_319' title='bbox 3445 2271 3460 2310; x_wconf 90' lang='lat'><strong>:</strong></span> 
     </span>
    </p>
   </div>
   <div class='ocr_carea' id='block_1_44' title="bbox 1853 2347 3462 2416">
    <p class='ocr_par' dir='ltr' id='par_1_44' title="bbox 1853 2347 3462 2416">
     <span class='ocr_line' id='line_1_44' title="bbox 1853 2347 3462 2416; baseline -0.001 -12"><span class='ocrx_word' id='word_1_320' title='bbox 1853 2348 1996 2404; x_wconf 87' lang='lat' dir='ltr'><strong>unde</strong></span> <span class='ocrx_word' id='word_1_321' title='bbox 2022 2349 2364 2405; x_wconf 80' lang='lat' dir='ltr'><strong>manifestum</strong></span> <span class='ocrx_word' id='word_1_322' title='bbox 2378 2360 2460 2405; x_wconf 91' lang='lat' dir='ltr'><strong>est</strong></span> <span class='ocrx_word' id='word_1_323' title='bbox 2473 2349 2720 2404; x_wconf 86' lang='lat' dir='ltr'><strong>homines</strong></span> <span class='ocrx_word' id='word_1_324' title='bbox 2741 2348 2864 2402; x_wconf 89' lang='lat' dir='ltr'><strong>illos</strong></span> <span class='ocrx_word' id='word_1_325' title='bbox 2889 2347 3048 2402; x_wconf 82' lang='lat' dir='ltr'><strong>ruisse</strong></span> <span class='ocrx_word' id='word_1_326' title='bbox 3067 2362 3202 2416; x_wconf 89' lang='lat' dir='ltr'><strong>quos</strong></span> <span class='ocrx_word' id='word_1_327' title='bbox 3230 2358 3285 2404; x_wconf 88' lang='lat' dir='ltr'><strong>et</strong></span> <span class='ocrx_word' id='word_1_328' title='bbox 3307 2355 3462 2402; x_wconf 89' lang='lat' dir='ltr'><strong>natos</strong></span> 
     </span>
    </p>
   </div>
   <div class='ocr_carea' id='block_1_45' title="bbox 1854 2439 3453 2511">
    <p class='ocr_par' dir='ltr' id='par_1_45' title="bbox 1854 2439 3453 2511">
     <span class='ocr_line' id='line_1_45' title="bbox 1854 2439 3453 2511; baseline 0.001 -16"><span class='ocrx_word' id='word_1_329' title='bbox 1854 2439 2084 2511; x_wconf 83' lang='lat' dir='ltr'><strong>legimus</strong></span> <span class='ocrx_word' id='word_1_330' title='bbox 2113 2453 2168 2498; x_wconf 90' lang='lat' dir='ltr'><strong>et</strong></span> <span class='ocrx_word' id='word_1_331' title='bbox 2189 2452 2430 2498; x_wconf 86' lang='lat' dir='ltr'><strong>mortuos</strong></span> <span class='ocrx_word' id='word_1_332' title='bbox 2451 2442 2674 2500; x_wconf 88' lang='lat' dir='ltr'><strong>scimus.</strong></span> <span class='ocrx_word' id='word_1_333' title='bbox 2705 2440 2838 2509; x_wconf 85' lang='lat' dir='ltr'><strong>Quis</strong></span> <span class='ocrx_word' id='word_1_334' title='bbox 2867 2454 2998 2511; x_wconf 87' lang='lat' dir='ltr'><strong>ergo</strong></span> <span class='ocrx_word' id='word_1_335' title='bbox 3019 2439 3230 2497; x_wconf 86' lang='lat' dir='ltr'><strong>dubitat</strong></span> <span class='ocrx_word' id='word_1_336' title='bbox 3257 2441 3453 2498; x_wconf 88' lang='lat' dir='ltr'><strong>borum</strong></span> 
     </span>
    </p>
   </div>
   <div class='ocr_carea' id='block_1_46' title="bbox 1473 2568 2092 2628">
    <p class='ocr_par' dir='ltr' id='par_1_46' title="bbox 1473 2568 2092 2628">
     <span class='ocr_line' id='line_1_46' title="bbox 1473 2568 2092 2628; baseline 0.006 -4"><span class='ocrx_word' id='word_1_337' title='bbox 1473 2568 1834 2628; x_wconf 78' lang='lat' dir='ltr'><strong>VARIORUM</strong></span> <span class='ocrx_word' id='word_1_338' title='bbox 1863 2571 2092 2628; x_wconf 73' lang='lat' dir='ltr'><strong>NOTAE.</strong></span> 
     </span>
    </p>
   </div>
   <div class='ocr_carea' id='block_1_47' title="bbox 190 2702 1740 2830">
    <p class='ocr_par' dir='ltr' id='par_1_47' title="bbox 190 2702 1740 2830">
     <span class='ocr_line' id='line_1_47' title="bbox 190 2702 1740 2830; baseline -0.001 -67"><span class='ocrx_word' id='word_1_339' title='bbox 190 2707 326 2763; x_wconf 79' lang='lat' dir='ltr'><strong>Emi</strong></span> <span class='ocrx_word' id='word_1_340' title='bbox 347 2725 427 2764; x_wconf 84' lang='lat' dir='ltr'><strong>sur</strong></span> <span class='ocrx_word' id='word_1_341' title='bbox 448 2705 665 2775; x_wconf 66' lang='lat' dir='ltr'><strong>Unum,</strong></span> <span class='ocrx_word' id='word_1_342' title='bbox 693 2703 896 2772; x_wconf 89' lang='lat' dir='ltr'><strong>Cicer.,</strong></span> <span class='ocrx_word' id='word_1_343' title='bbox 915 2702 1000 2760; x_wconf 89' lang='lat' dir='ltr'><strong>ed.</strong></span> <span class='ocrx_word' id='word_1_344' title='bbox 1030 2702 1340 2830; x_wconf 34' lang='lat' dir='ltr'><strong>Leelercizt.</strong></span> <span class='ocrx_word' id='word_1_345' title='bbox 1370 2719 1500 2771; x_wconf 79' lang='lat' dir='ltr'><strong>xxv,</strong></span> <span class='ocrx_word' id='word_1_346' title='bbox 1532 2719 1582 2774; x_wconf 86' lang='lat' dir='ltr'><strong>p.</strong></span> <span class='ocrx_word' id='word_1_347' title='bbox 1613 2704 1740 2761; x_wconf 71' lang='lat'><strong>528.</strong></span> 
     </span>
     <span class='ocr_line' id='line_1_48' title="bbox 1277 2791 1386 2830; baseline 0 -2"><span class='ocrx_word' id='word_1_348' title='bbox 1277 2791 1386 2830; x_wconf 74' lang='lat' dir='ltr'><strong>.nn.</strong></span> 
     </span>
    </p>
   </div>
   <div class='ocr_carea' id='block_1_48' title="bbox 1277 2791 1386 2830">
    <p class='ocr_par' dir='ltr' id='par_1_48' title="bbox 1277 2791 1386 2830">
     <span class='ocr_line' id='line_1_49' title="bbox 1277 2791 1386 2830; baseline 0 -2"><span class='ocrx_word' id='word_1_349' title='bbox 1277 2791 1386 2830; x_wconf 52' lang='grc' dir='ltr'><strong>δυο.</strong></span> 
     </span>
    </p>
   </div>
   <div class='ocr_carea' id='block_1_49' title="bbox 257 2847 1745 2906">
    <p class='ocr_par' dir='ltr' id='par_1_49' title="bbox 257 2847 1745 2906">
     <span class='ocr_line' id='line_1_50' title="bbox 257 2847 1745 2906; baseline -0.004 -2"><span class='ocrx_word' id='word_1_350' title='bbox 257 2849 314 2904; x_wconf 85' lang='lat' dir='ltr'><strong>Et</strong></span> <span class='ocrx_word' id='word_1_351' title='bbox 349 2851 506 2905; x_wconf 83' lang='lat' dir='ltr'><strong>urbem</strong></span> <span class='ocrx_word' id='word_1_352' title='bbox 539 2848 841 2906; x_wconf 83' lang='lat' dir='ltr'><strong>Saturniam</strong></span> <span class='ocrx_word' id='word_1_353' title='bbox 876 2847 1014 2902; x_wconf 82' lang='lat' dir='ltr'><strong>dedit</strong></span> <span class='ocrx_word' id='word_1_354' title='bbox 1045 2847 1108 2902; x_wconf 89' lang='lat' dir='ltr'><strong>de</strong></span> <span class='ocrx_word' id='word_1_355' title='bbox 1141 2865 1256 2900; x_wconf 83' lang='lat' dir='ltr'><strong>suo.</strong></span> <span class='ocrx_word' id='word_1_356' title='bbox 1297 2847 1384 2903; x_wconf 90' lang='lat' dir='ltr'><strong>Sic</strong></span> <span class='ocrx_word' id='word_1_357' title='bbox 1421 2854 1506 2900; x_wconf 89' lang='lat' dir='ltr'><strong>est</strong></span> <span class='ocrx_word' id='word_1_358' title='bbox 1545 2847 1595 2898; x_wconf 91' lang='lat' dir='ltr'><strong>in</strong></span> <span class='ocrx_word' id='word_1_359' title='bbox 1641 2861 1745 2900; x_wconf 91' lang='lat' dir='ltr'><strong>ms.</strong></span> 
     </span>
    </p>
   </div>
   <div class='ocr_carea' id='block_1_50' title="bbox 192 2917 1745 2986">
    <p class='ocr_par' dir='ltr' id='par_1_50' title="bbox 192 2917 1745 2986">
     <span class='ocr_line' id='line_1_51' title="bbox 192 2917 1745 2986; baseline -0.004 -10"><span class='ocrx_word' id='word_1_360' title='bbox 192 2923 332 2976; x_wconf 76' lang='lat' dir='ltr'><strong>Fulv.</strong></span> <span class='ocrx_word' id='word_1_361' title='bbox 365 2921 573 2978; x_wconf 80' lang='lat' dir='ltr'><strong>Ursinus</strong></span> <span class='ocrx_word' id='word_1_362' title='bbox 621 2919 826 2986; x_wconf 89' lang='lat' dir='ltr'><strong>primus</strong></span> <span class='ocrx_word' id='word_1_363' title='bbox 864 2919 1031 2974; x_wconf 86' lang='lat' dir='ltr'><strong>edidit</strong></span> <span class='ocrx_word' id='word_1_364' title='bbox 1072 2938 1084 2973; x_wconf 91' lang='lat'><strong>:</strong></span> <span class='ocrx_word' id='word_1_365' title='bbox 1129 2919 1300 2972; x_wconf 81' lang='lat' dir='ltr'><strong>urbem</strong></span> <span class='ocrx_word' id='word_1_366' title='bbox 1341 2917 1642 2973; x_wconf 87' lang='lat' dir='ltr'><strong>Saturniam</strong></span> <span class='ocrx_word' id='word_1_367' title='bbox 1681 2917 1745 2970; x_wconf 88' lang='lat' dir='ltr'><strong>de</strong></span> 
     </span>
    </p>
   </div>
   <div class='ocr_carea' id='block_1_51' title="bbox 199 2987 1748 3058">
    <p class='ocr_par' dir='ltr' id='par_1_51' title="bbox 199 2987 1748 3058">
     <span class='ocr_line' id='line_1_52' title="bbox 199 2987 1748 3058; baseline -0.003 -13"><span class='ocrx_word' id='word_1_368' title='bbox 199 3010 284 3046; x_wconf 84' lang='lat' dir='ltr'><strong>suo</strong></span> <span class='ocrx_word' id='word_1_369' title='bbox 309 2994 513 3054; x_wconf 75' lang='lat' dir='ltr'><strong>notitiae,</strong></span> <span class='ocrx_word' id='word_1_370' title='bbox 556 2995 753 3045; x_wconf 87' lang='lat' dir='ltr'><strong>omissa</strong></span> <span class='ocrx_word' id='word_1_371' title='bbox 783 3005 914 3046; x_wconf 88' lang='lat' dir='ltr'><strong>voce</strong></span> <span class='ocrx_word' id='word_1_372' title='bbox 961 2989 1118 3046; x_wconf 70' lang='lat' dir='ltr'><strong>dedit.</strong></span> <span class='ocrx_word' id='word_1_373' title='bbox 1169 2987 1226 3044; x_wconf 86' lang='lat' dir='ltr'><strong>In</strong></span> <span class='ocrx_word' id='word_1_374' title='bbox 1273 2988 1590 3058; x_wconf 84' lang='lat' dir='ltr'><strong>quibusdam</strong></span> <span class='ocrx_word' id='word_1_375' title='bbox 1640 2988 1748 3041; x_wconf 81' lang='lat' dir='ltr'><strong>edi-</strong></span> 
     </span>
    </p>
   </div>
   <div class='ocr_carea' id='block_1_52' title="bbox 200 3061 1744 3122">
    <p class='ocr_par' dir='ltr' id='par_1_52' title="bbox 200 3061 1744 3122">
     <span class='ocr_line' id='line_1_53' title="bbox 200 3061 1744 3122; baseline -0.003 -6"><span class='ocrx_word' id='word_1_376' title='bbox 200 3073 292 3117; x_wconf 86' lang='lat' dir='ltr'><strong>tum</strong></span> <span class='ocrx_word' id='word_1_377' title='bbox 318 3075 388 3118; x_wconf 85' lang='lat' dir='ltr'><strong>est</strong></span> <span class='ocrx_word' id='word_1_378' title='bbox 414 3083 425 3117; x_wconf 77' lang='grc' dir='ltr'><strong>τ</strong></span> <span class='ocrx_word' id='word_1_379' title='bbox 453 3065 621 3117; x_wconf 87' lang='lat' dir='ltr'><strong>urbem</strong></span> <span class='ocrx_word' id='word_1_380' title='bbox 653 3061 954 3116; x_wconf 85' lang='lat' dir='ltr'><strong>Saturniam</strong></span> <span class='ocrx_word' id='word_1_381' title='bbox 987 3061 1123 3114; x_wconf 86' lang='lat' dir='ltr'><strong>dedit</strong></span> <span class='ocrx_word' id='word_1_382' title='bbox 1149 3078 1241 3114; x_wconf 85' lang='lat' dir='ltr'><strong>suo</strong></span> <span class='ocrx_word' id='word_1_383' title='bbox 1269 3061 1471 3113; x_wconf 90' lang='lat' dir='ltr'><strong>nomine</strong></span> <span class='ocrx_word' id='word_1_384' title='bbox 1491 3101 1506 3122; x_wconf 92' lang='lat'><strong>,</strong></span> <span class='ocrx_word' id='word_1_385' title='bbox 1541 3061 1744 3115; x_wconf 86' lang='lat' dir='ltr'><strong>omisso</strong></span> 
     </span>
    </p>
   </div>
   <div class='ocr_carea' id='block_1_53' title="bbox 193 3130 1746 3198">
    <p class='ocr_par' dir='ltr' id='par_1_53' title="bbox 193 3130 1746 3198">
     <span class='ocr_line' id='line_1_54' title="bbox 193 3130 1746 3198; baseline -0.003 -10"><span class='ocrx_word' id='word_1_386' title='bbox 193 3134 264 3188; x_wconf 79' lang='lat' dir='ltr'><strong>de.</strong></span> <span class='ocrx_word' id='word_1_387' title='bbox 295 3135 586 3189; x_wconf 82' lang='lat' dir='ltr'><strong>Arntzenins</strong></span> <span class='ocrx_word' id='word_1_388' title='bbox 613 3135 678 3186; x_wconf 85' lang='lat' dir='ltr'><strong>ad</strong></span> <span class='ocrx_word' id='word_1_389' title='bbox 719 3133 881 3186; x_wconf 83' lang='lat' dir='ltr'><strong>Aurel</strong></span> <span class='ocrx_word' id='word_1_390' title='bbox 935 3131 1164 3198; x_wconf 60' lang='lat' dir='ltr'><strong>Victum,</strong></span> <span class='ocrx_word' id='word_1_391' title='bbox 1207 3148 1303 3197; x_wconf 83' lang='lat' dir='ltr'><strong>pro</strong></span> <span class='ocrx_word' id='word_1_392' title='bbox 1343 3130 1481 3183; x_wconf 80' lang='lat' dir='ltr'><strong>dedit</strong></span> <span class='ocrx_word' id='word_1_393' title='bbox 1506 3172 1519 3189; x_wconf 86' lang='lat'><strong>,</strong></span> <span class='ocrx_word' id='word_1_394' title='bbox 1565 3131 1746 3195; x_wconf 60' lang='lat' dir='ltr'><strong>legen-</strong></span> 
     </span>
    </p>
   </div>
   <div class='ocr_carea' id='block_1_54' title="bbox 188 3201 1736 3275">
    <p class='ocr_par' dir='ltr' id='par_1_54' title="bbox 188 3201 1736 3275">
     <span class='ocr_line' id='line_1_55' title="bbox 188 3201 1736 3275; baseline -0.002 -17"><span class='ocrx_word' id='word_1_395' title='bbox 188 3205 530 3275; x_wconf 79' lang='lat' dir='ltr'><strong>dumrondidit</strong></span> <span class='ocrx_word' id='word_1_396' title='bbox 571 3205 809 3275; x_wconf 79' lang='lat' dir='ltr'><strong>putabat.</strong></span> <span class='ocrx_word' id='word_1_397' title='bbox 852 3203 957 3260; x_wconf 87' lang='lat' dir='ltr'><strong>Sed</strong></span> <span class='ocrx_word' id='word_1_398' title='bbox 989 3201 1166 3256; x_wconf 83' lang='lat' dir='ltr'><strong>dot-uit</strong></span> <span class='ocrx_word' id='word_1_399' title='bbox 1209 3201 1460 3275; x_wconf 57' lang='lat' dir='ltr'><strong>Bir-hins</strong></span> <span class='ocrx_word' id='word_1_400' title='bbox 1499 3202 1563 3252; x_wconf 85' lang='lat' dir='ltr'><strong>ad</strong></span> <span class='ocrx_word' id='word_1_401' title='bbox 1604 3201 1736 3275; x_wconf 79' lang='lat' dir='ltr'><strong>Stat.</strong></span> 
     </span>
    </p>
   </div>
   <div class='ocr_carea' id='block_1_55' title="bbox 187 3273 1743 3345">
    <p class='ocr_par' dir='ltr' id='par_1_55' title="bbox 187 3273 1743 3345">
     <span class='ocr_line' id='line_1_56' title="bbox 187 3273 1743 3345; baseline -0.003 -16"><span class='ocrx_word' id='word_1_402' title='bbox 187 3291 262 3339; x_wconf 78' lang='grc' dir='ltr'><strong>ιιι,</strong></span> <span class='ocrx_word' id='word_1_403' title='bbox 299 3274 439 3330; x_wconf 76' lang='lat' dir='ltr'><strong>Theb.</strong></span> <span class='ocrx_word' id='word_1_404' title='bbox 471 3277 554 3343; x_wconf 82' lang='grc'><strong>16,</strong></span> <span class='ocrx_word' id='word_1_405' title='bbox 573 3273 709 3330; x_wconf 81' lang='lat' dir='ltr'><strong>dare</strong></span> <span class='ocrx_word' id='word_1_406' title='bbox 734 3291 830 3345; x_wconf 87' lang='lat' dir='ltr'><strong>pro</strong></span> <span class='ocrx_word' id='word_1_407' title='bbox 858 3275 1073 3328; x_wconf 82' lang='lat' dir='ltr'><strong>condere</strong></span> <span class='ocrx_word' id='word_1_408' title='bbox 1099 3275 1264 3345; x_wconf 80' lang='lat' dir='ltr'><strong>accipi</strong></span> <span class='ocrx_word' id='word_1_409' title='bbox 1295 3273 1491 3335; x_wconf 70' lang='lat' dir='ltr'><strong>soli-re,</strong></span> <span class='ocrx_word' id='word_1_410' title='bbox 1525 3281 1581 3326; x_wconf 93' lang='lat' dir='ltr'><strong>nt</strong></span> <span class='ocrx_word' id='word_1_411' title='bbox 1607 3273 1743 3345; x_wconf 78' lang='lat' dir='ltr'><strong>adeo</strong></span> 
     </span>
    </p>
   </div>
   <div class='ocr_carea' id='block_1_56' title="bbox 185 3343 1744 3415">
    <p class='ocr_par' dir='ltr' id='par_1_56' title="bbox 185 3343 1744 3415">
     <span class='ocr_line' id='line_1_57' title="bbox 185 3343 1744 3415; baseline -0.002 -16"><span class='ocrx_word' id='word_1_412' title='bbox 185 3351 452 3402; x_wconf 71' lang='lat' dir='ltr'><strong>nmtat&#39;Oue</strong></span> <span class='ocrx_word' id='word_1_413' title='bbox 477 3364 608 3415; x_wconf 89' lang='lat' dir='ltr'><strong>opus</strong></span> <span class='ocrx_word' id='word_1_414' title='bbox 640 3343 745 3399; x_wconf 84' lang='lat' dir='ltr'><strong>non</strong></span> <span class='ocrx_word' id='word_1_415' title='bbox 777 3347 866 3398; x_wconf 80' lang='lat' dir='ltr'><strong>sit.</strong></span> <span class='ocrx_word' id='word_1_416' title='bbox 901 3345 1105 3399; x_wconf 70' lang='lat' dir='ltr'><strong>Adsunt</strong></span> <span class='ocrx_word' id='word_1_417' title='bbox 1139 3344 1224 3398; x_wconf 89' lang='lat' dir='ltr'><strong>hic</strong></span> <span class='ocrx_word' id='word_1_418' title='bbox 1249 3345 1356 3397; x_wconf 90' lang='lat' dir='ltr'><strong>duo</strong></span> <span class='ocrx_word' id='word_1_419' title='bbox 1387 3345 1566 3406; x_wconf 83' lang='lat' dir='ltr'><strong>verba,</strong></span> <span class='ocrx_word' id='word_1_420' title='bbox 1605 3343 1744 3396; x_wconf 87' lang='lat' dir='ltr'><strong>dedit</strong></span> 
     </span>
    </p>
   </div>
   <div class='ocr_carea' id='block_1_57' title="bbox 183 3415 1742 3489">
    <p class='ocr_par' dir='ltr' id='par_1_57' title="bbox 183 3415 1742 3489">
     <span class='ocr_line' id='line_1_58' title="bbox 183 3415 1742 3489; baseline 0 -19"><span class='ocrx_word' id='word_1_421' title='bbox 183 3427 233 3472; x_wconf 82' lang='lat' dir='ltr'><strong>et</strong></span> <span class='ocrx_word' id='word_1_422' title='bbox 260 3419 540 3488; x_wconf 74' lang='lat' dir='ltr'><strong>reliquerunt</strong></span> <span class='ocrx_word' id='word_1_423' title='bbox 567 3461 583 3485; x_wconf 93' lang='lat'><strong>,</strong></span> <span class='ocrx_word' id='word_1_424' title='bbox 625 3434 690 3472; x_wconf 83' lang='lat' dir='ltr'><strong>ex</strong></span> <span class='ocrx_word' id='word_1_425' title='bbox 721 3418 916 3489; x_wconf 70' lang='lat' dir='ltr'><strong>quibus</strong></span> <span class='ocrx_word' id='word_1_426' title='bbox 943 3432 1108 3489; x_wconf 82' lang='lat' dir='ltr'><strong>unum</strong></span> <span class='ocrx_word' id='word_1_427' title='bbox 1137 3415 1276 3468; x_wconf 59' lang='lat' dir='ltr'><strong>absit</strong></span> <span class='ocrx_word' id='word_1_428' title='bbox 1309 3431 1528 3489; x_wconf 43' lang='lat' dir='ltr'><strong>“(KNS-:8</strong></span> <span class='ocrx_word' id='word_1_429' title='bbox 1556 3423 1656 3489; x_wconf 74' lang='lat' dir='ltr'><strong>est.</strong></span> <span class='ocrx_word' id='word_1_430' title='bbox 1685 3415 1742 3470; x_wconf 83' lang='lat' dir='ltr'><strong>Si</strong></span> 
     </span>
    </p>
   </div>
   <div class='ocr_carea' id='block_1_58' title="bbox 186 3485 1744 3554">
    <p class='ocr_par' dir='ltr' id='par_1_58' title="bbox 186 3485 1744 3554">
     <span class='ocr_line' id='line_1_59' title="bbox 186 3485 1744 3554; baseline -0.003 -12"><span class='ocrx_word' id='word_1_431' title='bbox 186 3485 433 3554; x_wconf 64' lang='lat' dir='ltr'><strong>posterius</strong></span> <span class='ocrx_word' id='word_1_432' title='bbox 459 3491 634 3545; x_wconf 66' lang='lat' dir='ltr'><strong>deleas</strong></span> <span class='ocrx_word' id='word_1_433' title='bbox 653 3530 669 3552; x_wconf 93' lang='lat'><strong>,</strong></span> <span class='ocrx_word' id='word_1_434' title='bbox 700 3485 861 3544; x_wconf 68' lang='lat' dir='ltr'><strong>verba</strong></span> <span class='ocrx_word' id='word_1_435' title='bbox 895 3490 974 3542; x_wconf 86' lang='lat' dir='ltr'><strong>sic</strong></span> <span class='ocrx_word' id='word_1_436' title='bbox 1002 3487 1171 3540; x_wconf 81' lang='grc' dir='ltr'><strong>ίιιιιιιιι</strong></span> <span class='ocrx_word' id='word_1_437' title='bbox 1198 3503 1216 3540; x_wconf 91' lang='lat'><strong><em>:</em></strong></span> <span class='ocrx_word' id='word_1_438' title='bbox 1243 3487 1414 3538; x_wconf 82' lang='lat' dir='ltr'><strong>urbem</strong></span> <span class='ocrx_word' id='word_1_439' title='bbox 1443 3485 1744 3538; x_wconf 74' lang='lat' dir='ltr'><strong>Saturniam</strong></span> 
     </span>
    </p>
   </div>
   <div class='ocr_carea' id='block_1_59' title="bbox 188 3555 1743 3624">
    <p class='ocr_par' dir='ltr' id='par_1_59' title="bbox 188 3555 1743 3624">
     <span class='ocr_line' id='line_1_60' title="bbox 188 3555 1743 3624; baseline -0.001 -13"><span class='ocrx_word' id='word_1_440' title='bbox 188 3559 314 3612; x_wconf 80' lang='lat' dir='ltr'><strong>dedit</strong></span> <span class='ocrx_word' id='word_1_441' title='bbox 342 3561 400 3614; x_wconf 80' lang='lat' dir='ltr'><strong>de</strong></span> <span class='ocrx_word' id='word_1_442' title='bbox 419 3579 502 3614; x_wconf 85' lang='lat' dir='ltr'><strong>suo</strong></span> <span class='ocrx_word' id='word_1_443' title='bbox 528 3563 760 3624; x_wconf 84' lang='lat' dir='ltr'><strong>nomine,</strong></span> <span class='ocrx_word' id='word_1_444' title='bbox 801 3569 856 3612; x_wconf 88' lang='lat' dir='ltr'><strong>ut</strong></span> <span class='ocrx_word' id='word_1_445' title='bbox 892 3558 1191 3611; x_wconf 68' lang='lat' dir='ltr'><strong>laniculum</strong></span> <span class='ocrx_word' id='word_1_446' title='bbox 1221 3555 1408 3610; x_wconf 76' lang='lat' dir='ltr'><strong>Ianus.</strong></span> <span class='ocrx_word' id='word_1_447' title='bbox 1442 3556 1520 3608; x_wconf 84' lang='lat' dir='ltr'><strong>Ad</strong></span> <span class='ocrx_word' id='word_1_448' title='bbox 1553 3573 1743 3610; x_wconf 86' lang='lat' dir='ltr'><strong>memo-</strong></span> 
     </span>
    </p>
   </div>
   <div class='ocr_carea' id='block_1_60' title="bbox 187 3628 1742 3704">
    <p class='ocr_par' dir='ltr' id='par_1_60' title="bbox 187 3628 1742 3704">
     <span class='ocr_line' id='line_1_61' title="bbox 187 3628 1742 3704; baseline 0.001 -24"><span class='ocrx_word' id='word_1_449' title='bbox 187 3630 303 3704; x_wconf 81' lang='lat' dir='ltr'><strong>riam</strong></span> <span class='ocrx_word' id='word_1_450' title='bbox 334 3643 520 3704; x_wconf 63' lang='lat' dir='ltr'><strong>uterque</strong></span> <span class='ocrx_word' id='word_1_451' title='bbox 543 3631 868 3704; x_wconf 72' lang='lat' dir='ltr'><strong>posteritatis.</strong></span> <span class='ocrx_word' id='word_1_452' title='bbox 907 3629 1182 3704; x_wconf 75' lang='lat' dir='ltr'><strong>Posterior</strong></span> <span class='ocrx_word' id='word_1_453' title='bbox 1223 3640 1397 3682; x_wconf 84' lang='lat' dir='ltr'><strong>tamen</strong></span> <span class='ocrx_word' id='word_1_454' title='bbox 1441 3628 1608 3704; x_wconf 64' lang='lat' dir='ltr'><strong>ratio.</strong></span> <span class='ocrx_word' id='word_1_455' title='bbox 1640 3643 1742 3695; x_wconf 81' lang='lat' dir='ltr'><strong>qua</strong></span> 
     </span>
    </p>
   </div>
   <div class='ocr_carea' id='block_1_61' title="bbox 193 3696 1738 3770">
    <p class='ocr_par' dir='ltr' id='par_1_61' title="bbox 193 3696 1738 3770">
     <span class='ocr_line' id='line_1_62' title="bbox 193 3696 1738 3770; baseline 0.006 -22"><span class='ocrx_word' id='word_1_456' title='bbox 193 3700 314 3754; x_wconf 80' lang='lat' dir='ltr'><strong>dedit</strong></span> <span class='ocrx_word' id='word_1_457' title='bbox 341 3696 477 3755; x_wconf 55' lang='lat' dir='ltr'><strong>abest</strong></span> <span class='ocrx_word' id='word_1_458' title='bbox 500 3745 516 3769; x_wconf 84' lang='lat'><strong>,</strong></span> <span class='ocrx_word' id='word_1_459' title='bbox 543 3696 726 3770; x_wconf 73' lang='lat' dir='ltr'><strong>plures</strong></span> <span class='ocrx_word' id='word_1_460' title='bbox 752 3699 1144 3769; x_wconf 69' lang='lat' dir='ltr'><strong>subscriptores</strong></span> <span class='ocrx_word' id='word_1_461' title='bbox 1174 3710 1320 3770; x_wconf 76' lang='lat' dir='ltr'><strong>nacta</strong></span> <span class='ocrx_word' id='word_1_462' title='bbox 1347 3709 1449 3753; x_wconf 61' lang='lat' dir='ltr'><strong>est.</strong></span> <span class='ocrx_word' id='word_1_463' title='bbox 1479 3696 1738 3770; x_wconf 47' lang='lat' dir='ltr'><strong>LINDlﬁER.</strong></span> 
     </span>
    </p>
   </div>
   <div class='ocr_carea' id='block_1_62' title="bbox 259 3768 1743 3842">
    <p class='ocr_par' dir='ltr' id='par_1_62' title="bbox 259 3768 1743 3842">
     <span class='ocr_line' id='line_1_63' title="bbox 259 3768 1743 3842; baseline -0.001 -16"><span class='ocrx_word' id='word_1_464' title='bbox 259 3771 394 3840; x_wconf 54' lang='lat' dir='ltr'><strong>Quod</strong></span> <span class='ocrx_word' id='word_1_465' title='bbox 416 3768 556 3842; x_wconf 81' lang='lat' dir='ltr'><strong>apud</strong></span> <span class='ocrx_word' id='word_1_466' title='bbox 585 3772 763 3827; x_wconf 80' lang='lat' dir='ltr'><strong>ludos.</strong></span> <span class='ocrx_word' id='word_1_467' title='bbox 797 3771 911 3825; x_wconf 85' lang='lat' dir='ltr'><strong>Non</strong></span> <span class='ocrx_word' id='word_1_468' title='bbox 943 3768 1066 3824; x_wconf 68' lang='lat' dir='ltr'><strong>item</strong></span> <span class='ocrx_word' id='word_1_469' title='bbox 1099 3769 1239 3838; x_wconf 80' lang='lat' dir='ltr'><strong>apud</strong></span> <span class='ocrx_word' id='word_1_470' title='bbox 1274 3769 1587 3842; x_wconf 55' lang='lat' dir='ltr'><strong>Cretenses.</strong></span> <span class='ocrx_word' id='word_1_471' title='bbox 1617 3768 1743 3824; x_wconf 72' lang='lat' dir='ltr'><strong>Esse</strong></span> 
     </span>
    </p>
   </div>
   <div class='ocr_carea' id='block_1_63' title="bbox 197 3839 1738 3914">
    <p class='ocr_par' dir='ltr' id='par_1_63' title="bbox 197 3839 1738 3914">
     <span class='ocr_line' id='line_1_64' title="bbox 197 3839 1738 3914; baseline -0.001 -20"><span class='ocrx_word' id='word_1_472' title='bbox 197 3841 357 3910; x_wconf 73' lang='lat' dir='ltr'><strong>ignotis</strong></span> <span class='ocrx_word' id='word_1_473' title='bbox 377 3839 670 3914; x_wconf 74' lang='lat' dir='ltr'><strong>parentibus,</strong></span> <span class='ocrx_word' id='word_1_474' title='bbox 704 3853 804 3906; x_wconf 85' lang='lat' dir='ltr'><strong>est,</strong></span> <span class='ocrx_word' id='word_1_475' title='bbox 831 3849 1027 3913; x_wconf 82' lang='lat' dir='ltr'><strong>ignotos</strong></span> <span class='ocrx_word' id='word_1_476' title='bbox 1058 3851 1290 3914; x_wconf 73' lang='lat' dir='ltr'><strong>patentes</strong></span> <span class='ocrx_word' id='word_1_477' title='bbox 1312 3842 1511 3894; x_wconf 85' lang='lat' dir='ltr'><strong>habere.</strong></span> <span class='ocrx_word' id='word_1_478' title='bbox 1549 3839 1738 3914; x_wconf 75' lang='lat' dir='ltr'><strong>Ilenm.</strong></span> 
     </span>
    </p>
   </div>
   <div class='ocr_carea' id='block_1_64' title="bbox 200 3911 1742 3981">
    <p class='ocr_par' dir='ltr' id='par_1_64' title="bbox 200 3911 1742 3981">
     <span class='ocr_line' id='line_1_65' title="bbox 200 3911 1742 3981; baseline 0 -17"><span class='ocrx_word' id='word_1_479' title='bbox 200 3928 290 3967; x_wconf 91' lang='lat' dir='ltr'><strong>non</strong></span> <span class='ocrx_word' id='word_1_480' title='bbox 317 3911 501 3969; x_wconf 83' lang='lat' dir='ltr'><strong>dubitat</strong></span> <span class='ocrx_word' id='word_1_481' title='bbox 527 3916 661 3970; x_wconf 84' lang='lat' dir='ltr'><strong>hanc</strong></span> <span class='ocrx_word' id='word_1_482' title='bbox 691 3929 810 3972; x_wconf 66' lang='lat' dir='ltr'><strong>e~se</strong></span> <span class='ocrx_word' id='word_1_483' title='bbox 839 3911 1016 3968; x_wconf 76' lang='lat' dir='ltr'><strong>verum</strong></span> <span class='ocrx_word' id='word_1_484' title='bbox 1045 3913 1363 3980; x_wconf 86' lang='lat' dir='ltr'><strong>scripturam</strong></span> <span class='ocrx_word' id='word_1_485' title='bbox 1394 3928 1408 3964; x_wconf 88' lang='lat'><strong>:</strong></span> <span class='ocrx_word' id='word_1_486' title='bbox 1438 3911 1574 3981; x_wconf 87' lang='lat' dir='ltr'><strong>quod</strong></span> <span class='ocrx_word' id='word_1_487' title='bbox 1599 3911 1742 3979; x_wconf 86' lang='lat' dir='ltr'><strong>apud</strong></span> 
     </span>
    </p>
   </div>
   <div class='ocr_carea' id='block_1_65' title="bbox 203 3981 1398 4054">
    <p class='ocr_par' dir='ltr' id='par_1_65' title="bbox 203 3981 1398 4054">
     <span class='ocr_line' id='line_1_66' title="bbox 203 3981 1398 4054; baseline -0.001 -18"><span class='ocrx_word' id='word_1_488' title='bbox 203 3981 342 4038; x_wconf 84' lang='lat' dir='ltr'><strong>Italos</strong></span> <span class='ocrx_word' id='word_1_489' title='bbox 362 3998 507 4040; x_wconf 74' lang='lat' dir='ltr'><strong>essent</strong></span> <span class='ocrx_word' id='word_1_490' title='bbox 531 3987 686 4054; x_wconf 76' lang='lat' dir='ltr'><strong>ignoti</strong></span> <span class='ocrx_word' id='word_1_491' title='bbox 717 3995 948 4054; x_wconf 82' lang='lat' dir='ltr'><strong>parentes</strong></span> <span class='ocrx_word' id='word_1_492' title='bbox 974 3986 1106 4052; x_wconf 83' lang='lat' dir='ltr'><strong>ejus.</strong></span> <span class='ocrx_word' id='word_1_493' title='bbox 1141 3983 1398 4054; x_wconf 50' lang='lat' dir='ltr'><strong>LINDNJ&#39;ZR.</strong></span> 
     </span>
    </p>
   </div>
   <div class='ocr_carea' id='block_1_66' title="bbox 264 4051 1735 4127">
    <p class='ocr_par' dir='ltr' id='par_1_66' title="bbox 264 4051 1735 4127">
     <span class='ocr_line' id='line_1_67' title="bbox 264 4051 1735 4127; baseline -0.001 -19"><span class='ocrx_word' id='word_1_494' title='bbox 264 4055 506 4127; x_wconf 75' lang='lat' dir='ltr'><strong>limpinato</strong></span> <span class='ocrx_word' id='word_1_495' title='bbox 529 4051 678 4112; x_wconf 77' lang='lat' dir='ltr'><strong>visos.</strong></span> <span class='ocrx_word' id='word_1_496' title='bbox 718 4051 972 4110; x_wconf 74' lang='lat' dir='ltr'><strong>Barthius</strong></span> <span class='ocrx_word' id='word_1_497' title='bbox 998 4051 1064 4106; x_wconf 81' lang='lat' dir='ltr'><strong>ad</strong></span> <span class='ocrx_word' id='word_1_498' title='bbox 1097 4054 1248 4110; x_wconf 82' lang='lat' dir='ltr'><strong>Statii</strong></span> <span class='ocrx_word' id='word_1_499' title='bbox 1280 4051 1440 4127; x_wconf 72' lang='lat' dir='ltr'><strong>Tlteb.</strong></span> <span class='ocrx_word' id='word_1_500' title='bbox 1487 4069 1520 4106; x_wconf 75' lang='grc' dir='ltr'><strong>ιι</strong></span> <span class='ocrx_word' id='word_1_501' title='bbox 1547 4093 1564 4127; x_wconf 80' lang='lat'><strong>,</strong></span> <span class='ocrx_word' id='word_1_502' title='bbox 1576 4053 1735 4127; x_wconf 50' lang='lat'><strong>152,</strong></span> 
     </span>
    </p>
   </div>
   <div class='ocr_carea' id='block_1_67' title="bbox 209 4123 1742 4198">
    <p class='ocr_par' dir='ltr' id='par_1_67' title="bbox 209 4123 1742 4198">
     <span class='ocr_line' id='line_1_68' title="bbox 209 4123 1742 4198; baseline 0 -20"><span class='ocrx_word' id='word_1_503' title='bbox 209 4127 308 4194; x_wconf 84' lang='lat' dir='ltr'><strong>quia</strong></span> <span class='ocrx_word' id='word_1_504' title='bbox 331 4123 566 4198; x_wconf 79' lang='lat' dir='ltr'><strong>inopinato</strong></span> <span class='ocrx_word' id='word_1_505' title='bbox 592 4129 685 4183; x_wconf 81' lang='lat' dir='ltr'><strong>visi</strong></span> <span class='ocrx_word' id='word_1_506' title='bbox 718 4127 879 4182; x_wconf 70' lang='lat' dir='ltr'><strong>etiam</strong></span> <span class='ocrx_word' id='word_1_507' title='bbox 912 4139 1067 4198; x_wconf 73' lang='lat' dir='ltr'><strong>terrae</strong></span> <span class='ocrx_word' id='word_1_508' title='bbox 1100 4127 1190 4178; x_wconf 87' lang='lat' dir='ltr'><strong>lilii</strong></span> <span class='ocrx_word' id='word_1_509' title='bbox 1221 4124 1304 4179; x_wconf 86' lang='lat' dir='ltr'><strong>vel</strong></span> <span class='ocrx_word' id='word_1_510' title='bbox 1335 4139 1471 4180; x_wconf 85' lang='lat' dir='ltr'><strong>terra</strong></span> <span class='ocrx_word' id='word_1_511' title='bbox 1504 4123 1630 4198; x_wconf 75' lang='lat' dir='ltr'><strong>editi</strong></span> <span class='ocrx_word' id='word_1_512' title='bbox 1661 4123 1742 4178; x_wconf 83' lang='lat' dir='ltr'><strong>tli-</strong></span> 
     </span>
    </p>
   </div>
   <div class='ocr_carea' id='block_1_68' title="bbox 214 4196 1733 4264">
    <p class='ocr_par' dir='ltr' id='par_1_68' title="bbox 214 4196 1733 4264">
     <span class='ocr_line' id='line_1_69' title="bbox 214 4196 1733 4264; baseline -0.001 -14"><span class='ocrx_word' id='word_1_513' title='bbox 214 4196 450 4264; x_wconf 71' lang='lat' dir='ltr'><strong>terentur,</strong></span> <span class='ocrx_word' id='word_1_514' title='bbox 493 4201 731 4254; x_wconf 85' lang='lat' dir='ltr'><strong>lacunam</strong></span> <span class='ocrx_word' id='word_1_515' title='bbox 773 4199 948 4251; x_wconf 74' lang='lat' dir='ltr'><strong>ines-e</strong></span> <span class='ocrx_word' id='word_1_516' title='bbox 997 4197 1078 4248; x_wconf 73' lang='lat' dir='ltr'><strong>liis</strong></span> <span class='ocrx_word' id='word_1_517' title='bbox 1122 4203 1309 4249; x_wconf 70' lang='lat' dir='ltr'><strong>statuit</strong></span> <span class='ocrx_word' id='word_1_518' title='bbox 1344 4196 1733 4260; x_wconf 82' lang='lat' dir='ltr'><strong>quorumdam,</strong></span> 
     </span>
    </p>
   </div>
   <div class='ocr_carea' id='block_1_69' title="bbox 218 4267 1739 4340">
    <p class='ocr_par' dir='ltr' id='par_1_69' title="bbox 218 4267 1739 4340">
     <span class='ocr_line' id='line_1_70' title="bbox 218 4267 1739 4340; baseline 0.001 -22"><span class='ocrx_word' id='word_1_519' title='bbox 218 4270 370 4340; x_wconf 81' lang='lat' dir='ltr'><strong>quibus</strong></span> <span class='ocrx_word' id='word_1_520' title='bbox 386 4275 634 4338; x_wconf 65' lang='lat' dir='ltr'><strong>expressis</strong></span> <span class='ocrx_word' id='word_1_521' title='bbox 655 4271 923 4340; x_wconf 81' lang='lat' dir='ltr'><strong>oppositto</strong></span> <span class='ocrx_word' id='word_1_522' title='bbox 945 4267 1121 4340; x_wconf 62' lang='lat' dir='ltr'><strong>aptior</strong></span> <span class='ocrx_word' id='word_1_523' title='bbox 1143 4267 1449 4340; x_wconf 79' lang='lat' dir='ltr'><strong>cssetinter</strong></span> <span class='ocrx_word' id='word_1_524' title='bbox 1468 4267 1739 4340; x_wconf 62' lang='grc' dir='ltr'><strong>Δἱιιοριηιιιο</strong></span> 
     </span>
    </p>
   </div>
   <div class='ocr_carea' id='block_1_70' title="bbox 224 4337 1707 4411">
    <p class='ocr_par' dir='ltr' id='par_1_70' title="bbox 224 4337 1707 4411">
     <span class='ocr_line' id='line_1_71' title="bbox 224 4337 1707 4411; baseline 0.001 -23"><span class='ocrx_word' id='word_1_525' title='bbox 224 4339 380 4411; x_wconf 74' lang='lat' dir='ltr'><strong>uisoset</strong></span> <span class='ocrx_word' id='word_1_526' title='bbox 405 4337 630 4411; x_wconf 65' lang='lat' dir='ltr'><strong>ignobiles</strong></span> <span class='ocrx_word' id='word_1_527' title='bbox 671 4337 984 4411; x_wconf 55' lang='lat' dir='ltr'><strong>ignotosque.</strong></span> <span class='ocrx_word' id='word_1_528' title='bbox 1018 4337 1122 4411; x_wconf 68' lang='lat' dir='ltr'><strong>Sed</strong></span> <span class='ocrx_word' id='word_1_529' title='bbox 1165 4339 1234 4411; x_wconf 79' lang='lat' dir='ltr'><strong>ita</strong></span> <span class='ocrx_word' id='word_1_530' title='bbox 1263 4337 1568 4411; x_wconf 60' lang='lat' dir='ltr'><strong>distinxisse</strong></span> <span class='ocrx_word' id='word_1_531' title='bbox 1609 4352 1707 4411; x_wconf 81' lang='lat' dir='ltr'><strong>nnc</strong></span> 
     </span>
    </p>
   </div>
   <div class='ocr_carea' id='block_1_71' title="bbox 232 4407 1740 4484">
    <p class='ocr_par' dir='ltr' id='par_1_71' title="bbox 232 4407 1740 4484">
     <span class='ocr_line' id='line_1_72' title="bbox 232 4407 1740 4484; baseline 0.001 -24"><span class='ocrx_word' id='word_1_532' title='bbox 232 4415 296 4484; x_wconf 73' lang='lat' dir='ltr'><strong>tor</strong></span> <span class='ocrx_word' id='word_1_533' title='bbox 315 4407 496 4484; x_wconf 57' lang='lat' dir='ltr'><strong>videtur,</strong></span> <span class='ocrx_word' id='word_1_534' title='bbox 527 4423 579 4466; x_wconf 89' lang='lat' dir='ltr'><strong>nt</strong></span> <span class='ocrx_word' id='word_1_535' title='bbox 611 4407 878 4484; x_wconf 72' lang='lat' dir='ltr'><strong>prioribus</strong></span> <span class='ocrx_word' id='word_1_536' title='bbox 907 4409 1180 4478; x_wconf 83' lang='lat' dir='ltr'><strong>speciatim</strong></span> <span class='ocrx_word' id='word_1_537' title='bbox 1213 4407 1471 4475; x_wconf 77' lang='lat' dir='ltr'><strong>intellith</strong></span> <span class='ocrx_word' id='word_1_538' title='bbox 1495 4409 1740 4484; x_wconf 80' lang='lat' dir='ltr'><strong>homines</strong></span> 
     </span>
    </p>
   </div>
   <div class='ocr_carea' id='block_1_72' title="bbox 238 4477 1740 4550">
    <p class='ocr_par' dir='ltr' id='par_1_72' title="bbox 238 4477 1740 4550">
     <span class='ocr_line' id='line_1_73' title="bbox 238 4477 1740 4550; baseline 0.001 -18"><span class='ocrx_word' id='word_1_539' title='bbox 238 4477 367 4550; x_wconf 66' lang='lat' dir='ltr'><strong>aliqua</strong></span> <span class='ocrx_word' id='word_1_540' title='bbox 390 4482 429 4536; x_wconf 90' lang='lat' dir='ltr'><strong>in</strong></span> <span class='ocrx_word' id='word_1_541' title='bbox 457 4477 808 4550; x_wconf 63' lang='lat' dir='ltr'><strong>parte&#39;t-luros</strong></span> <span class='ocrx_word' id='word_1_542' title='bbox 842 4477 951 4535; x_wconf 13' lang='lat' dir='ltr'><strong>aut,</strong></span> <span class='ocrx_word' id='word_1_543' title='bbox 975 4489 1308 4544; x_wconf 59' lang='lat' dir='ltr'><strong>praestante“,</strong></span> <span class='ocrx_word' id='word_1_544' title='bbox 1357 4479 1740 4548; x_wconf 66' lang='lat' dir='ltr'><strong>p0stnrioribus</strong></span> 
     </span>
    </p>
   </div>
   <div class='ocr_carea' id='block_1_73' title="bbox 239 4546 1742 4618">
    <p class='ocr_par' dir='ltr' id='par_1_73' title="bbox 239 4546 1742 4618">
     <span class='ocr_line' id='line_1_74' title="bbox 239 4546 1742 4618; baseline 0.003 -19"><span class='ocrx_word' id='word_1_545' title='bbox 239 4546 600 4618; x_wconf 71' lang='lat' dir='ltr'><strong>tales.qui,cnm</strong></span> <span class='ocrx_word' id='word_1_546' title='bbox 643 4555 876 4606; x_wconf 87' lang='lat' dir='ltr'><strong>obscuro</strong></span> <span class='ocrx_word' id='word_1_547' title='bbox 902 4561 1024 4605; x_wconf 90' lang='lat' dir='ltr'><strong>sunt</strong></span> <span class='ocrx_word' id='word_1_548' title='bbox 1063 4560 1204 4616; x_wconf 88' lang='lat' dir='ltr'><strong>ortu,</strong></span> <span class='ocrx_word' id='word_1_549' title='bbox 1249 4546 1368 4603; x_wconf 82' lang='lat' dir='ltr'><strong>tum</strong></span> <span class='ocrx_word' id='word_1_550' title='bbox 1400 4551 1548 4604; x_wconf 71' lang='lat' dir='ltr'><strong>iactis</strong></span> <span class='ocrx_word' id='word_1_551' title='bbox 1576 4552 1742 4604; x_wconf 88' lang='lat' dir='ltr'><strong>virtu-</strong></span> 
     </span>
    </p>
   </div>
   <div class='ocr_carea' id='block_1_74' title="bbox 237 4619 1746 4688">
    <p class='ocr_par' dir='ltr' id='par_1_74' title="bbox 237 4619 1746 4688">
     <span class='ocr_line' id='line_1_75' title="bbox 237 4619 1746 4688; baseline -0.002 -9"><span class='ocrx_word' id='word_1_552' title='bbox 237 4619 388 4674; x_wconf 71' lang='lat' dir='ltr'><strong>liltusre</strong></span> <span class='ocrx_word' id='word_1_553' title='bbox 425 4641 477 4679; x_wconf 87' lang='lat' dir='ltr'><strong>se</strong></span> <span class='ocrx_word' id='word_1_554' title='bbox 521 4643 624 4680; x_wconf 91' lang='lat' dir='ltr'><strong>non</strong></span> <span class='ocrx_word' id='word_1_555' title='bbox 665 4624 802 4678; x_wconf 86' lang='lat' dir='ltr'><strong>adeo</strong></span> <span class='ocrx_word' id='word_1_556' title='bbox 847 4623 1138 4678; x_wconf 66' lang='lat' dir='ltr'><strong>illustrant.</strong></span> <span class='ocrx_word' id='word_1_557' title='bbox 1183 4622 1271 4676; x_wconf 85' lang='lat' dir='ltr'><strong>Sic</strong></span> <span class='ocrx_word' id='word_1_558' title='bbox 1317 4633 1491 4674; x_wconf 68' lang='lat' dir='ltr'><strong>autem</strong></span> <span class='ocrx_word' id='word_1_559' title='bbox 1538 4621 1746 4688; x_wconf 73' lang='lat' dir='ltr'><strong>cepisse</strong></span> 
     </span>
    </p>
   </div>
   <div class='ocr_carea' id='block_1_75' title="bbox 232 4690 1747 4760">
    <p class='ocr_par' dir='ltr' id='par_1_75' title="bbox 232 4690 1747 4760">
     <span class='ocr_line' id='line_1_76' title="bbox 232 4690 1747 4760; baseline -0.002 -16"><span class='ocrx_word' id='word_1_560' title='bbox 232 4690 348 4745; x_wconf 78' lang='lat' dir='ltr'><strong>etiam</strong></span> <span class='ocrx_word' id='word_1_561' title='bbox 368 4693 654 4752; x_wconf 72' lang='lat' dir='ltr'><strong>Lact-mlius</strong></span> <span class='ocrx_word' id='word_1_562' title='bbox 679 4695 911 4757; x_wconf 82' lang='lat' dir='ltr'><strong>videtur,</strong></span> <span class='ocrx_word' id='word_1_563' title='bbox 943 4710 982 4756; x_wconf 89' lang='lat' dir='ltr'><strong>I,</strong></span> <span class='ocrx_word' id='word_1_564' title='bbox 1011 4693 1094 4746; x_wconf 74' lang='lat' dir='ltr'><strong>ll.</strong></span> <span class='ocrx_word' id='word_1_565' title='bbox 1133 4693 1197 4746; x_wconf 86' lang='lat' dir='ltr'><strong>Et</strong></span> <span class='ocrx_word' id='word_1_566' title='bbox 1227 4702 1373 4746; x_wconf 69' lang='lat' dir='ltr'><strong>terra:</strong></span> <span class='ocrx_word' id='word_1_567' title='bbox 1401 4693 1626 4759; x_wconf 81' lang='lat' dir='ltr'><strong>ﬁliorum</strong></span> <span class='ocrx_word' id='word_1_568' title='bbox 1656 4708 1747 4760; x_wconf 82' lang='lat' dir='ltr'><strong>np-</strong></span> 
     </span>
    </p>
   </div>
   <div class='ocr_carea' id='block_1_76' title="bbox 233 4762 1746 4838">
    <p class='ocr_par' dir='ltr' id='par_1_76' title="bbox 233 4762 1746 4838">
     <span class='ocr_line' id='line_1_77' title="bbox 233 4762 1746 4838; baseline 0.003 -26"><span class='ocrx_word' id='word_1_569' title='bbox 233 4762 734 4838; x_wconf 71' lang='lat' dir='ltr'><strong>pellatioplerumque</strong></span> <span class='ocrx_word' id='word_1_570' title='bbox 776 4764 1081 4818; x_wconf 86' lang='lat' dir='ltr'><strong>hominibus</strong></span> <span class='ocrx_word' id='word_1_571' title='bbox 1120 4763 1396 4819; x_wconf 88' lang='lat' dir='ltr'><strong>vilioribus</strong></span> <span class='ocrx_word' id='word_1_572' title='bbox 1438 4779 1746 4819; x_wconf 74' lang='lat' dir='ltr'><strong>acconuno-</strong></span> 
     </span>
    </p>
   </div>
   <div class='ocr_carea' id='block_1_77' title="bbox 231 4831 554 4895">
    <p class='ocr_par' dir='ltr' id='par_1_77' title="bbox 231 4831 554 4895">
     <span class='ocr_line' id='line_1_78' title="bbox 231 4831 554 4895; baseline 0.012 -11"><span class='ocrx_word' id='word_1_573' title='bbox 231 4831 356 4888; x_wconf 79' lang='lat' dir='ltr'><strong>tiatur.</strong></span> <span class='ocrx_word' id='word_1_574' title='bbox 379 4831 554 4895; x_wconf 71' lang='lat' dir='ltr'><strong>Wopx.</strong></span> 
     </span>
    </p>
   </div>
   <div class='ocr_carea' id='block_1_78' title="bbox 277 4904 1616 4978">
    <p class='ocr_par' dir='ltr' id='par_1_78' title="bbox 277 4904 1616 4978">
     <span class='ocr_line' id='line_1_79' title="bbox 277 4904 1616 4978; baseline 0 -20"><span class='ocrx_word' id='word_1_575' title='bbox 277 4905 419 4961; x_wconf 73' lang='lat' dir='ltr'><strong>Aditur</strong></span> <span class='ocrx_word' id='word_1_576' title='bbox 443 4921 660 4964; x_wconf 84' lang='lat' dir='ltr'><strong>antrum.</strong></span> <span class='ocrx_word' id='word_1_577' title='bbox 696 4907 836 4978; x_wconf 63' lang='lat' dir='ltr'><strong>Lego</strong></span> <span class='ocrx_word' id='word_1_578' title='bbox 860 4907 969 4962; x_wconf 83' lang='lat' dir='ltr'><strong>illic</strong></span> <span class='ocrx_word' id='word_1_579' title='bbox 995 4906 1162 4978; x_wconf 76' lang='lat' dir='ltr'><strong>adhuc</strong></span> <span class='ocrx_word' id='word_1_580' title='bbox 1183 4913 1408 4960; x_wconf 82' lang='lat' dir='ltr'><strong>antrum.</strong></span> <span class='ocrx_word' id='word_1_581' title='bbox 1441 4904 1616 4959; x_wconf 59' lang='lat' dir='ltr'><strong>linunt.</strong></span> 
     </span>
    </p>
   </div>
   <div class='ocr_carea' id='block_1_79' title="bbox 275 4975 1747 5051">
    <p class='ocr_par' dir='ltr' id='par_1_79' title="bbox 275 4975 1747 5051">
     <span class='ocr_line' id='line_1_80' title="bbox 275 4975 1747 5051; baseline 0.001 -23"><span class='ocrx_word' id='word_1_582' title='bbox 275 4977 376 5051; x_wconf 57' lang='grc' dir='ltr'><strong>μιν.</strong></span> <span class='ocrx_word' id='word_1_583' title='bbox 403 4979 555 5037; x_wconf 76' lang='lat' dir='ltr'>XXIII</span> <span class='ocrx_word' id='word_1_584' title='bbox 579 4975 1014 5051; x_wconf 76' lang='lat' dir='ltr'><strong>——Etpejerante.</strong></span> <span class='ocrx_word' id='word_1_585' title='bbox 1035 4975 1150 5031; x_wconf 84' lang='lat' dir='ltr'><strong>Non</strong></span> <span class='ocrx_word' id='word_1_586' title='bbox 1175 4977 1512 5051; x_wconf 83' lang='lat' dir='ltr'><strong>incommode</strong></span> <span class='ocrx_word' id='word_1_587' title='bbox 1529 4975 1747 5051; x_wconf 72' lang='lat' dir='ltr'><strong>rescribi</strong></span> 
     </span>
    </p>
   </div>
   <div class='ocr_carea' id='block_1_80' title="bbox 226 5045 1746 5120">
    <p class='ocr_par' dir='ltr' id='par_1_80' title="bbox 226 5045 1746 5120">
     <span class='ocr_line' id='line_1_81' title="bbox 226 5045 1746 5120; baseline -0.002 -21"><span class='ocrx_word' id='word_1_588' title='bbox 226 5045 388 5120; x_wconf 63' lang='lat' dir='ltr'><strong>volebat</strong></span> <span class='ocrx_word' id='word_1_589' title='bbox 430 5051 685 5106; x_wconf 62' lang='lat' dir='ltr'><strong>Meursius</strong></span> <span class='ocrx_word' id='word_1_590' title='bbox 715 5045 767 5102; x_wconf 75' lang='lat' dir='ltr'><strong>ut</strong></span> <span class='ocrx_word' id='word_1_591' title='bbox 792 5045 1094 5120; x_wconf 52' lang='lat' dir='ltr'><strong>peierante”</strong></span> <span class='ocrx_word' id='word_1_592' title='bbox 1129 5088 1168 5120; x_wconf 59' lang='grc' dir='ltr'><strong>,τ</strong></span> <span class='ocrx_word' id='word_1_593' title='bbox 1209 5050 1449 5120; x_wconf 74' lang='lat' dir='ltr'><strong>At,cun_i</strong></span> <span class='ocrx_word' id='word_1_594' title='bbox 1482 5049 1746 5120; x_wconf 68' lang='lat' dir='ltr'><strong>cotfrccliu</strong></span> 
     </span>
    </p>
   </div>
   <div class='ocr_carea' id='block_1_81' title="bbox 229 5117 1748 5180">
    <p class='ocr_par' dir='ltr' id='par_1_81' title="bbox 229 5117 1748 5180">
     <span class='ocr_line' id='line_1_82' title="bbox 229 5117 1748 5180; baseline 0.003 -15"><span class='ocrx_word' id='word_1_595' title='bbox 229 5117 917 5180; x_wconf 42' lang='lat' dir='ltr'><strong>lia-anonsitnecessariafei</strong></span> <span class='ocrx_word' id='word_1_596' title='bbox 953 5137 1056 5172; x_wconf 87' lang='lat' dir='ltr'><strong>non</strong></span> <span class='ocrx_word' id='word_1_597' title='bbox 1089 5119 1392 5173; x_wconf 70' lang='lat' dir='ltr'><strong>subscribit.</strong></span> <span class='ocrx_word' id='word_1_598' title='bbox 1425 5118 1478 5172; x_wconf 88' lang='lat' dir='ltr'><strong>In</strong></span> <span class='ocrx_word' id='word_1_599' title='bbox 1510 5119 1748 5172; x_wconf 84' lang='lat' dir='ltr'><strong>editione</strong></span> 
     </span>
    </p>
   </div>
   <div class='ocr_carea' id='block_1_82' title="bbox 229 5187 1748 5263">
    <p class='ocr_par' dir='ltr' id='par_1_82' title="bbox 229 5187 1748 5263">
     <span class='ocr_line' id='line_1_83' title="bbox 229 5187 1748 5263; baseline 0 -22"><span class='ocrx_word' id='word_1_600' title='bbox 229 5187 409 5244; x_wconf 78' lang='lat' dir='ltr'><strong>Rutuana</strong></span> <span class='ocrx_word' id='word_1_601' title='bbox 461 5205 536 5248; x_wconf 71' lang='lat' dir='ltr'><strong>est</strong></span> <span class='ocrx_word' id='word_1_602' title='bbox 567 5205 610 5247; x_wconf 81' lang='lat' dir='ltr'><strong>et</strong></span> <span class='ocrx_word' id='word_1_603' title='bbox 642 5193 900 5263; x_wconf 73' lang='lat' dir='ltr'><strong>pejerante</strong></span> <span class='ocrx_word' id='word_1_604' title='bbox 923 5209 941 5244; x_wconf 89' lang='lat'><strong><em>:</em></strong></span> <span class='ocrx_word' id='word_1_605' title='bbox 964 5191 1102 5263; x_wconf 74' lang='lat' dir='ltr'><strong>quod</strong></span> <span class='ocrx_word' id='word_1_606' title='bbox 1141 5191 1327 5263; x_wconf 77' lang='lat' dir='ltr'><strong>forsan</strong></span> <span class='ocrx_word' id='word_1_607' title='bbox 1364 5191 1618 5263; x_wconf 76' lang='lat' dir='ltr'><strong>scriptum</strong></span> <span class='ocrx_word' id='word_1_608' title='bbox 1652 5205 1748 5263; x_wconf 63' lang='lat' dir='ltr'><strong>pro</strong></span> 
     </span>
    </p>
   </div>
   <div class='ocr_carea' id='block_1_83' title="bbox 231 5253 1744 5335">
    <p class='ocr_par' dir='ltr' id='par_1_83' title="bbox 231 5253 1744 5335">
     <span class='ocr_line' id='line_1_84' title="bbox 231 5253 1744 5335; baseline 0.003 -25"><span class='ocrx_word' id='word_1_609' title='bbox 231 5270 264 5310; x_wconf 84' lang='lat' dir='ltr'><strong>et</strong></span> <span class='ocrx_word' id='word_1_610' title='bbox 280 5265 548 5335; x_wconf 76' lang='lat' dir='ltr'><strong>perjttmnte.</strong></span> <span class='ocrx_word' id='word_1_611' title='bbox 579 5253 892 5335; x_wconf 27' lang='lat' dir='ltr'><strong>Vi&#39;déAqnod</strong></span> <span class='ocrx_word' id='word_1_612' title='bbox 919 5253 993 5314; x_wconf 47' lang='lat' dir='ltr'><strong>ad&#39;</strong></span> <span class='ocrx_word' id='word_1_613' title='bbox 1008 5261 1274 5335; x_wconf 69' lang='lat' dir='ltr'><strong>Lactantii</strong></span> <span class='ocrx_word' id='word_1_614' title='bbox 1295 5261 1356 5335; x_wconf 84' lang='lat' dir='ltr'><strong>de</strong></span> <span class='ocrx_word' id='word_1_615' title='bbox 1376 5253 1487 5320; x_wconf 69' lang='lat' dir='ltr'><strong>Ira,</strong></span> <span class='ocrx_word' id='word_1_616' title='bbox 1510 5277 1630 5335; x_wconf 76' lang='lat' dir='ltr'><strong>cap.</strong></span> <span class='ocrx_word' id='word_1_617' title='bbox 1652 5253 1744 5323; x_wconf 50' lang='grc' dir='ltr'><strong>ῖ16,</strong></span> 
     </span>
    </p>
   </div>
   <div class='ocr_carea' id='block_1_84' title="bbox 231 5331 1744 5405">
    <p class='ocr_par' dir='ltr' id='par_1_84' title="bbox 231 5331 1744 5405">
     <span class='ocr_line' id='line_1_85' title="bbox 231 5331 1744 5405; baseline 0.001 -21"><span class='ocrx_word' id='word_1_618' title='bbox 231 5331 386 5404; x_wconf 77' lang='lat' dir='ltr'><strong>scripsi.</strong></span> <span class='ocrx_word' id='word_1_619' title='bbox 413 5337 580 5392; x_wconf 66' lang='lat' dir='ltr'><strong>ileon.</strong></span> <span class='ocrx_word' id='word_1_620' title='bbox 610 5366 682 5376; x_wconf 95' lang='lat'><strong>—</strong></span> <span class='ocrx_word' id='word_1_621' title='bbox 709 5331 1032 5405; x_wconf 52' lang='lat' dir='ltr'><strong>Cfprianus,</strong></span> <span class='ocrx_word' id='word_1_622' title='bbox 1073 5333 1128 5400; x_wconf 74' lang='lat'><strong>2,</strong></span> <span class='ocrx_word' id='word_1_623' title='bbox 1157 5331 1210 5398; x_wconf 82' lang='lat'><strong>5,</strong></span> <span class='ocrx_word' id='word_1_624' title='bbox 1265 5332 1427 5405; x_wconf 70' lang='lat' dir='ltr'><strong>habet</strong></span> <span class='ocrx_word' id='word_1_625' title='bbox 1469 5333 1744 5396; x_wconf 70' lang='lat' dir='ltr'><strong>peierante.</strong></span> 
     </span>
    </p>
   </div>
   <div class='ocr_carea' id='block_1_85' title="bbox 871 5403 1635 5474">
    <p class='ocr_par' dir='ltr' id='par_1_85' title="bbox 871 5403 1635 5474">
     <span class='ocr_line' id='line_1_86' title="bbox 871 5403 1635 5474; baseline -0.005 -17"><span class='ocrx_word' id='word_1_626' title='bbox 871 5471 875 5474; x_wconf 21' lang='lat'><strong>,</strong></span> <span class='ocrx_word' id='word_1_627' title='bbox 1376 5403 1635 5474; x_wconf 65' lang='lat' dir='ltr'><strong>Ltunuen.</strong></span> 
     </span>
    </p>
   </div>
   <div class='ocr_carea' id='block_1_86' title="bbox 287 5461 1748 5546">
    <p class='ocr_par' dir='ltr' id='par_1_86' title="bbox 287 5461 1748 5546">
     <span class='ocr_line' id='line_1_87' title="bbox 287 5461 1748 5546; baseline 0 -20"><span class='ocrx_word' id='word_1_628' title='bbox 287 5461 333 5526; x_wconf 76' lang='lat' dir='ltr'><strong>Et</strong></span> <span class='ocrx_word' id='word_1_629' title='bbox 353 5475 488 5530; x_wconf 87' lang='lat' dir='ltr'><strong>Juba.</strong></span> <span class='ocrx_word' id='word_1_630' title='bbox 519 5477 782 5546; x_wconf 65' lang='lat' dir='ltr'><strong>Numidia:</strong></span> <span class='ocrx_word' id='word_1_631' title='bbox 821 5471 886 5530; x_wconf 87' lang='lat' dir='ltr'><strong>an</strong></span> <span class='ocrx_word' id='word_1_632' title='bbox 917 5475 1245 5531; x_wconf 70' lang='lat' dir='ltr'><strong>Mauritania:</strong></span> <span class='ocrx_word' id='word_1_633' title='bbox 1281 5491 1372 5530; x_wconf 67' lang='lat' dir='ltr'><strong>rex</strong></span> <span class='ocrx_word' id='word_1_634' title='bbox 1419 5473 1612 5546; x_wconf 80' lang='lat' dir='ltr'><strong>fuerit,</strong></span> <span class='ocrx_word' id='word_1_635' title='bbox 1651 5471 1748 5526; x_wconf 85' lang='lat' dir='ltr'><strong>dti-</strong></span> 
     </span>
    </p>
   </div>
   <div class='ocr_carea' id='block_1_87' title="bbox 241 5539 1748 5616">
    <p class='ocr_par' dir='ltr' id='par_1_87' title="bbox 241 5539 1748 5616">
     <span class='ocr_line' id='line_1_88' title="bbox 241 5539 1748 5616; baseline -0.003 -16"><span class='ocrx_word' id='word_1_636' title='bbox 241 5539 370 5616; x_wconf 62' lang='lat' dir='ltr'><strong>itilaut.</strong></span> <span class='ocrx_word' id='word_1_637' title='bbox 406 5547 658 5606; x_wconf 86' lang='lat' dir='ltr'><strong>Cellarins</strong></span> <span class='ocrx_word' id='word_1_638' title='bbox 701 5544 965 5602; x_wconf 69' lang='lat' dir='ltr'><strong>Numidia:</strong></span> <span class='ocrx_word' id='word_1_639' title='bbox 1012 5563 1191 5616; x_wconf 82' lang='lat' dir='ltr'><strong>regem</strong></span> <span class='ocrx_word' id='word_1_640' title='bbox 1238 5545 1400 5600; x_wconf 82' lang='lat' dir='ltr'><strong>fuisse</strong></span> <span class='ocrx_word' id='word_1_641' title='bbox 1453 5543 1649 5616; x_wconf 83' lang='lat' dir='ltr'><strong>probat</strong></span> <span class='ocrx_word' id='word_1_642' title='bbox 1681 5559 1748 5616; x_wconf 70' lang='lat' dir='ltr'><strong>ex</strong></span> 
     </span>
    </p>
   </div>
   <div class='ocr_carea' id='block_1_88' title="bbox 241 5611 1746 5690">
    <p class='ocr_par' dir='ltr' id='par_1_88' title="bbox 241 5611 1746 5690">
     <span class='ocr_line' id='line_1_89' title="bbox 241 5611 1746 5690; baseline -0.002 -18"><span class='ocrx_word' id='word_1_643' title='bbox 241 5611 373 5690; x_wconf 59' lang='lat' dir='ltr'><strong>Digitis,</strong></span> <span class='ocrx_word' id='word_1_644' title='bbox 399 5624 481 5690; x_wconf 90' lang='lat' dir='ltr'><strong>qui</strong></span> <span class='ocrx_word' id='word_1_645' title='bbox 511 5619 670 5688; x_wconf 82' lang='lat' dir='ltr'><strong>simul</strong></span> <span class='ocrx_word' id='word_1_646' title='bbox 701 5629 926 5672; x_wconf 59' lang='lat' dir='ltr'><strong>testatur</strong></span> <span class='ocrx_word' id='word_1_647' title='bbox 965 5611 1223 5690; x_wconf 61' lang='lat' dir='ltr'><strong>tempore</strong></span> <span class='ocrx_word' id='word_1_648' title='bbox 1241 5619 1412 5671; x_wconf 85' lang='lat' dir='ltr'><strong>civilis</strong></span> <span class='ocrx_word' id='word_1_649' title='bbox 1441 5615 1746 5690; x_wconf 58' lang='grc' dir='ltr'><strong>ξοιιηιείηιιί</strong></span> 
     </span>
    </p>
   </div>
   <div class='ocr_carea' id='block_1_89' title="bbox 239 5683 1745 5757">
    <p class='ocr_par' dir='ltr' id='par_1_89' title="bbox 239 5683 1745 5757">
     <span class='ocr_line' id='line_1_90' title="bbox 239 5683 1745 5757; baseline -0.003 -13"><span class='ocrx_word' id='word_1_650' title='bbox 239 5683 548 5747; x_wconf 69' lang='lat' dir='ltr'><strong>bllidivisnm</strong></span> <span class='ocrx_word' id='word_1_651' title='bbox 582 5683 912 5745; x_wconf 67' lang='lat' dir='ltr'><strong>Mauritaniae</strong></span> <span class='ocrx_word' id='word_1_652' title='bbox 953 5683 1172 5757; x_wconf 68' lang='lat' dir='ltr'><strong>regniim</strong></span> <span class='ocrx_word' id='word_1_653' title='bbox 1201 5686 1404 5757; x_wconf 72' lang='lat' dir='ltr'><strong>fuisse,</strong></span> <span class='ocrx_word' id='word_1_654' title='bbox 1441 5687 1650 5757; x_wconf 80' lang='lat' dir='ltr'><strong>Boccho</strong></span> <span class='ocrx_word' id='word_1_655' title='bbox 1693 5685 1745 5739; x_wconf 85' lang='lat' dir='ltr'><strong>in</strong></span> 
     </span>
    </p>
   </div>
   <div class='ocr_carea' id='block_1_90' title="bbox 234 5755 1746 5832">
    <p class='ocr_par' dir='ltr' id='par_1_90' title="bbox 234 5755 1746 5832">
     <span class='ocr_line' id='line_1_91' title="bbox 234 5755 1746 5832; baseline -0.002 -22"><span class='ocrx_word' id='word_1_656' title='bbox 234 5757 448 5829; x_wconf 83' lang='lat' dir='ltr'><strong>citeriore,</strong></span> <span class='ocrx_word' id='word_1_657' title='bbox 481 5760 695 5832; x_wconf 77' lang='lat' dir='ltr'><strong>Bogude</strong></span> <span class='ocrx_word' id='word_1_658' title='bbox 720 5762 772 5814; x_wconf 90' lang='lat' dir='ltr'><strong>in</strong></span> <span class='ocrx_word' id='word_1_659' title='bbox 802 5755 1054 5815; x_wconf 68' lang='lat' dir='ltr'><strong>ulteriore</strong></span> <span class='ocrx_word' id='word_1_660' title='bbox 1087 5771 1339 5832; x_wconf 67' lang='lat' dir='ltr'><strong>regnante</strong></span> <span class='ocrx_word' id='word_1_661' title='bbox 1387 5755 1604 5812; x_wconf 87' lang='lat' dir='ltr'><strong>Interim</strong></span> <span class='ocrx_word' id='word_1_662' title='bbox 1639 5756 1746 5810; x_wconf 82' lang='lat' dir='ltr'><strong>Lu-</strong></span> 
     </span>
    </p>
   </div>
   <div class='ocr_carea' id='block_1_91' title="bbox 234 5831 1748 5902">
    <p class='ocr_par' dir='ltr' id='par_1_91' title="bbox 234 5831 1748 5902">
     <span class='ocr_line' id='line_1_92' title="bbox 234 5831 1748 5902; baseline 0 -21"><span class='ocrx_word' id='word_1_663' title='bbox 234 5841 363 5899; x_wconf 78' lang='lat' dir='ltr'><strong>canus,</strong></span> <span class='ocrx_word' id='word_1_664' title='bbox 387 5850 457 5902; x_wconf 85' lang='lat' dir='ltr'><strong>tv,</strong></span> <span class='ocrx_word' id='word_1_665' title='bbox 486 5834 622 5896; x_wconf 71' lang='lat'><strong>672,</strong></span> <span class='ocrx_word' id='word_1_666' title='bbox 651 5834 767 5901; x_wconf 78' lang='lat' dir='ltr'><strong>ejus</strong></span> <span class='ocrx_word' id='word_1_667' title='bbox 793 5847 1014 5902; x_wconf 74' lang='lat' dir='ltr'><strong>regnum</strong></span> <span class='ocrx_word' id='word_1_668' title='bbox 1043 5831 1106 5884; x_wconf 86' lang='lat' dir='ltr'><strong>ad</strong></span> <span class='ocrx_word' id='word_1_669' title='bbox 1139 5831 1454 5885; x_wconf 88' lang='lat' dir='ltr'><strong>Gaditanum</strong></span> <span class='ocrx_word' id='word_1_670' title='bbox 1488 5843 1634 5882; x_wconf 83' lang='lat' dir='ltr'><strong>mare</strong></span> <span class='ocrx_word' id='word_1_671' title='bbox 1662 5843 1748 5881; x_wconf 77' lang='lat' dir='ltr'><strong>cx-</strong></span> 
     </span>
    </p>
   </div>
   <div class='ocr_carea' id='block_1_92' title="bbox 235 5901 1748 5971">
    <p class='ocr_par' dir='ltr' id='par_1_92' title="bbox 235 5901 1748 5971">
     <span class='ocr_line' id='line_1_93' title="bbox 235 5901 1748 5971; baseline -0.001 -17"><span class='ocrx_word' id='word_1_672' title='bbox 235 5903 364 5958; x_wconf 82' lang='lat' dir='ltr'><strong>tendit.</strong></span> <span class='ocrx_word' id='word_1_673' title='bbox 395 5901 500 5962; x_wconf 72' lang='lat' dir='ltr'><strong>sed</strong></span> <span class='ocrx_word' id='word_1_674' title='bbox 525 5905 679 5962; x_wconf 84' lang='lat' dir='ltr'><strong>detur</strong></span> <span class='ocrx_word' id='word_1_675' title='bbox 704 5905 804 5959; x_wconf 90' lang='lat' dir='ltr'><strong>hoc</strong></span> <span class='ocrx_word' id='word_1_676' title='bbox 827 5901 992 5959; x_wconf 79' lang='lat' dir='ltr'><strong>fuisse</strong></span> <span class='ocrx_word' id='word_1_677' title='bbox 1022 5902 1249 5957; x_wconf 79' lang='lat' dir='ltr'><strong>licentia:</strong></span> <span class='ocrx_word' id='word_1_678' title='bbox 1277 5903 1514 5971; x_wconf 66' lang='lat' dir='ltr'><strong>poeticae;</strong></span> <span class='ocrx_word' id='word_1_679' title='bbox 1543 5908 1596 5954; x_wconf 84' lang='lat' dir='ltr'><strong>at</strong></span> <span class='ocrx_word' id='word_1_680' title='bbox 1621 5913 1748 5952; x_wconf 86' lang='lat' dir='ltr'><strong>vero</strong></span> 
     </span>
    </p>
   </div>
   <div class='ocr_carea' id='block_1_93' title="bbox 1771 3133 2393 3216">
    <p class='ocr_par' dir='ltr' id='par_1_93' title="bbox 1771 3133 2393 3216">
     <span class='ocr_line' id='line_1_94' title="bbox 1771 3133 2393 3216; baseline 0.002 -31"><span class='ocrx_word' id='word_1_681' title='bbox 1771 3153 1816 3216; x_wconf 67' lang='grc' dir='ltr'><strong>ρ</strong></span> <span class='ocrx_word' id='word_1_682' title='bbox 1852 3145 2000 3187; x_wconf 88' lang='lat' dir='ltr'><strong>rator</strong></span> <span class='ocrx_word' id='word_1_683' title='bbox 2045 3133 2393 3216; x_wconf 66' lang='lat' dir='ltr'><strong>Mauritaniae.</strong></span> 
     </span>
    </p>
   </div>
   <div class='ocr_carea' id='block_1_94' title="bbox 1851 2705 3453 2778">
    <p class='ocr_par' dir='ltr' id='par_1_94' title="bbox 1851 2705 3453 2778">
     <span class='ocr_line' id='line_1_95' title="bbox 1851 2705 3453 2778; baseline 0.001 -18"><span class='ocrx_word' id='word_1_684' title='bbox 1851 2707 2127 2778; x_wconf 72' lang='lat' dir='ltr'><strong>eXpressis</strong></span> <span class='ocrx_word' id='word_1_685' title='bbox 2154 2707 2333 2762; x_wconf 90' lang='lat' dir='ltr'><strong>verbis</strong></span> <span class='ocrx_word' id='word_1_686' title='bbox 2380 2705 2708 2778; x_wconf 76' lang='lat' dir='ltr'><strong>Mauritania:</strong></span> <span class='ocrx_word' id='word_1_687' title='bbox 2735 2722 2826 2761; x_wconf 72' lang='lat' dir='ltr'><strong>rex</strong></span> <span class='ocrx_word' id='word_1_688' title='bbox 2848 2717 3070 2778; x_wconf 86' lang='lat' dir='ltr'><strong>vocatur</strong></span> <span class='ocrx_word' id='word_1_689' title='bbox 3099 2721 3128 2761; x_wconf 89' lang='lat' dir='ltr'><strong>a</strong></span> <span class='ocrx_word' id='word_1_690' title='bbox 3163 2706 3345 2775; x_wconf 87' lang='lat' dir='ltr'><strong>Floro,</strong></span> <span class='ocrx_word' id='word_1_691' title='bbox 3379 2724 3453 2776; x_wconf 84' lang='lat' dir='ltr'><strong>tv,</strong></span> 
     </span>
    </p>
   </div>
   <div class='ocr_carea' id='block_1_95' title="bbox 1848 2776 3452 2849">
    <p class='ocr_par' dir='ltr' id='par_1_95' title="bbox 1848 2776 3452 2849">
     <span class='ocr_line' id='line_1_96' title="bbox 1848 2776 3452 2849; baseline 0.002 -20"><span class='ocrx_word' id='word_1_692' title='bbox 1848 2776 1904 2840; x_wconf 75' lang='lat'><strong>2;</strong></span> <span class='ocrx_word' id='word_1_693' title='bbox 1938 2785 1992 2832; x_wconf 90' lang='lat' dir='ltr'><strong>et</strong></span> <span class='ocrx_word' id='word_1_694' title='bbox 2028 2776 2320 2849; x_wconf 82' lang='lat' dir='ltr'><strong>Eutropio,</strong></span> <span class='ocrx_word' id='word_1_695' title='bbox 2355 2795 2442 2836; x_wconf 88' lang='lat' dir='ltr'><strong>v1.</strong></span> <span class='ocrx_word' id='word_1_696' title='bbox 2486 2777 2568 2833; x_wconf 87' lang='lat' dir='ltr'><strong>I8.</strong></span> <span class='ocrx_word' id='word_1_697' title='bbox 2623 2777 2844 2832; x_wconf 86' lang='lat' dir='ltr'><strong>Tacitus</strong></span> <span class='ocrx_word' id='word_1_698' title='bbox 2870 2777 2995 2830; x_wconf 68' lang='lat' dir='ltr'><strong>item</strong></span> <span class='ocrx_word' id='word_1_699' title='bbox 3037 2777 3230 2849; x_wconf 70' lang='lat' dir='ltr'><strong>Annal.</strong></span> <span class='ocrx_word' id='word_1_700' title='bbox 3259 2779 3350 2833; x_wconf 80' lang='lat' dir='ltr'><strong>lib.</strong></span> <span class='ocrx_word' id='word_1_701' title='bbox 3377 2795 3452 2849; x_wconf 85' lang='lat' dir='ltr'><strong>iv,</strong></span> 
     </span>
    </p>
   </div>
   <div class='ocr_carea' id='block_1_96' title="bbox 1849 2847 3455 2918">
    <p class='ocr_par' dir='ltr' id='par_1_96' title="bbox 1849 2847 3455 2918">
     <span class='ocr_line' id='line_1_97' title="bbox 1849 2847 3455 2918; baseline 0 -16"><span class='ocrx_word' id='word_1_702' title='bbox 1849 2862 1969 2918; x_wconf 84' lang='lat' dir='ltr'><strong>Cap.</strong></span> <span class='ocrx_word' id='word_1_703' title='bbox 2000 2851 2032 2903; x_wconf 77' lang='grc' dir='ltr'><strong>ὕ</strong></span> <span class='ocrx_word' id='word_1_704' title='bbox 2073 2871 2084 2906; x_wconf 91' lang='lat'><strong>:</strong></span> <span class='ocrx_word' id='word_1_705' title='bbox 2113 2848 2302 2902; x_wconf 86' lang='lat' dir='ltr'><strong>Jubam</strong></span> <span class='ocrx_word' id='word_1_706' title='bbox 2325 2893 2338 2913; x_wconf 90' lang='lat'><strong>,</strong></span> <span class='ocrx_word' id='word_1_707' title='bbox 2375 2851 2577 2918; x_wconf 86' lang='lat' dir='ltr'><strong>inquit,</strong></span> <span class='ocrx_word' id='word_1_708' title='bbox 2617 2849 2825 2902; x_wconf 75' lang='lat' dir='ltr'><strong>Mauros</strong></span> <span class='ocrx_word' id='word_1_709' title='bbox 2853 2863 2916 2902; x_wconf 74' lang='lat' dir='ltr'><strong>ex</strong></span> <span class='ocrx_word' id='word_1_710' title='bbox 2947 2849 3080 2900; x_wconf 89' lang='lat' dir='ltr'><strong>dono</strong></span> <span class='ocrx_word' id='word_1_711' title='bbox 3110 2847 3172 2900; x_wconf 86' lang='grc' dir='ltr'><strong>Ρ.</strong></span> <span class='ocrx_word' id='word_1_712' title='bbox 3213 2847 3275 2902; x_wconf 77' lang='lat' dir='ltr'><strong>li.</strong></span> <span class='ocrx_word' id='word_1_713' title='bbox 3308 2847 3455 2902; x_wconf 57' lang='lat' dir='ltr'><strong>(tceo?-</strong></span> 
     </span>
    </p>
   </div>
   <div class='ocr_carea' id='block_1_97' title="bbox 1851 2918 3456 2988">
    <p class='ocr_par' dir='ltr' id='par_1_97' title="bbox 1851 2918 3456 2988">
     <span class='ocr_line' id='line_1_98' title="bbox 1851 2918 3456 2988; baseline 0.002 -18"><span class='ocrx_word' id='word_1_714' title='bbox 1851 2921 2000 2988; x_wconf 82' lang='lat' dir='ltr'><strong>pisse.</strong></span> <span class='ocrx_word' id='word_1_715' title='bbox 2032 2920 2176 2975; x_wconf 84' lang='lat' dir='ltr'><strong>idem</strong></span> <span class='ocrx_word' id='word_1_716' title='bbox 2213 2918 2434 2984; x_wconf 78' lang='lat' dir='ltr'><strong>Ilistor.,</strong></span> <span class='ocrx_word' id='word_1_717' title='bbox 2466 2920 2557 2974; x_wconf 92' lang='lat' dir='ltr'><strong>lib.</strong></span> <span class='ocrx_word' id='word_1_718' title='bbox 2591 2937 2650 2984; x_wconf 91' lang='lat' dir='ltr'><strong>ll,</strong></span> <span class='ocrx_word' id='word_1_719' title='bbox 2680 2919 2772 2982; x_wconf 84' lang='lat'><strong>58,</strong></span> <span class='ocrx_word' id='word_1_720' title='bbox 2803 2919 2997 2984; x_wconf 78' lang='lat' dir='ltr'><strong>{autem</strong></span> <span class='ocrx_word' id='word_1_721' title='bbox 3028 2922 3102 2972; x_wconf 90' lang='lat' dir='ltr'><strong>ait</strong></span> <span class='ocrx_word' id='word_1_722' title='bbox 3148 2919 3307 2987; x_wconf 80' lang='lat' dir='ltr'><strong>fuisse</strong></span> <span class='ocrx_word' id='word_1_723' title='bbox 3361 2920 3456 2974; x_wconf 82' lang='lat' dir='ltr'><strong>Al-</strong></span> 
     </span>
    </p>
   </div>
   <div class='ocr_carea' id='block_1_98' title="bbox 1850 2989 3456 3062">
    <p class='ocr_par' dir='ltr' id='par_1_98' title="bbox 1850 2989 3456 3062">
     <span class='ocr_line' id='line_1_99' title="bbox 1850 2989 3456 3062; baseline 0.002 -21"><span class='ocrx_word' id='word_1_724' title='bbox 1850 2990 2021 3062; x_wconf 77' lang='lat' dir='ltr'><strong>binum</strong></span> <span class='ocrx_word' id='word_1_725' title='bbox 2045 3034 2058 3056; x_wconf 94' lang='lat'><strong>,</strong></span> <span class='ocrx_word' id='word_1_726' title='bbox 2102 3003 2271 3060; x_wconf 85' lang='lat' dir='ltr'><strong>spreto</strong></span> <span class='ocrx_word' id='word_1_727' title='bbox 2301 2991 2660 3062; x_wconf 60' lang='lat' dir='ltr'><strong>procuratoris</strong></span> <span class='ocrx_word' id='word_1_728' title='bbox 2681 2989 2922 3043; x_wconf 76' lang='lat' dir='ltr'><strong>vocabulo</strong></span> <span class='ocrx_word' id='word_1_729' title='bbox 2947 3031 2962 3056; x_wconf 95' lang='lat'><strong>,</strong></span> <span class='ocrx_word' id='word_1_730' title='bbox 3003 2989 3200 3062; x_wconf 75' lang='lat' dir='ltr'><strong>insigne</strong></span> <span class='ocrx_word' id='word_1_731' title='bbox 3235 2995 3366 3062; x_wconf 80' lang='lat' dir='ltr'><strong>regis</strong></span> <span class='ocrx_word' id='word_1_732' title='bbox 3405 2999 3456 3045; x_wconf 86' lang='lat' dir='ltr'><strong>et</strong></span> 
     </span>
    </p>
   </div>
   <div class='ocr_carea' id='block_1_99' title="bbox 1848 3059 3456 3132">
    <p class='ocr_par' dir='ltr' id='par_1_99' title="bbox 1848 3059 3456 3132">
     <span class='ocr_line' id='line_1_100' title="bbox 1848 3059 3456 3132; baseline 0.001 -18"><span class='ocrx_word' id='word_1_733' title='bbox 1848 3059 2001 3115; x_wconf 77' lang='lat' dir='ltr'><strong>Juba:</strong></span> <span class='ocrx_word' id='word_1_734' title='bbox 2036 3079 2241 3126; x_wconf 84' lang='lat' dir='ltr'><strong>nomen,</strong></span> <span class='ocrx_word' id='word_1_735' title='bbox 2285 3059 2578 3132; x_wconf 77' lang='lat' dir='ltr'><strong>usurpasse.</strong></span> <span class='ocrx_word' id='word_1_736' title='bbox 2624 3061 2752 3116; x_wconf 83' lang='lat' dir='ltr'><strong>Erat</strong></span> <span class='ocrx_word' id='word_1_737' title='bbox 2797 3060 3230 3132; x_wconf 69' lang='lat' dir='ltr'><strong>autemAlbinus</strong></span> <span class='ocrx_word' id='word_1_738' title='bbox 3263 3059 3456 3130; x_wconf 74' lang='lat' dir='ltr'><strong>procu-</strong></span> 
     </span>
    </p>
   </div>
   <div class='ocr_carea' id='block_1_100' title="bbox 2439 3129 3454 3200">
    <p class='ocr_par' dir='ltr' id='par_1_100' title="bbox 2439 3129 3454 3200">
     <span class='ocr_line' id='line_1_101' title="bbox 2439 3129 3454 3200; baseline 0.002 -15"><span class='ocrx_word' id='word_1_739' title='bbox 2439 3133 2590 3200; x_wconf 74' lang='lat' dir='ltr'><strong>Quod</strong></span> <span class='ocrx_word' id='word_1_740' title='bbox 2630 3149 2760 3186; x_wconf 76' lang='lat' dir='ltr'><strong>vero</strong></span> <span class='ocrx_word' id='word_1_741' title='bbox 2798 3129 3060 3186; x_wconf 80' lang='lat' dir='ltr'><strong>Cellarius</strong></span> <span class='ocrx_word' id='word_1_742' title='bbox 3100 3129 3281 3196; x_wconf 84' lang='lat' dir='ltr'><strong>addit,</strong></span> <span class='ocrx_word' id='word_1_743' title='bbox 3323 3147 3454 3187; x_wconf 87' lang='lat' dir='ltr'><strong>vero</strong></span> 
     </span>
    </p>
   </div>
   <div class='ocr_carea' id='block_1_101' title="bbox 1853 3200 3454 3270">
    <p class='ocr_par' dir='ltr' id='par_1_101' title="bbox 1853 3200 3454 3270">
     <span class='ocr_line' id='line_1_102' title="bbox 1853 3200 3454 3270; baseline 0 -14"><span class='ocrx_word' id='word_1_744' title='bbox 1853 3220 1959 3259; x_wconf 89' lang='lat' dir='ltr'><strong>non</strong></span> <span class='ocrx_word' id='word_1_745' title='bbox 1992 3220 2113 3260; x_wconf 84' lang='lat' dir='ltr'><strong>esse</strong></span> <span class='ocrx_word' id='word_1_746' title='bbox 2165 3206 2338 3258; x_wconf 71' lang='lat' dir='ltr'><strong>simile</strong></span> <span class='ocrx_word' id='word_1_747' title='bbox 2377 3203 2595 3266; x_wconf 87' lang='lat' dir='ltr'><strong>anam,</strong></span> <span class='ocrx_word' id='word_1_748' title='bbox 2627 3203 2691 3258; x_wconf 85' lang='lat' dir='ltr'><strong>ad</strong></span> <span class='ocrx_word' id='word_1_749' title='bbox 2736 3203 3005 3270; x_wconf 81' lang='lat' dir='ltr'><strong>Thapsum</strong></span> <span class='ocrx_word' id='word_1_750' title='bbox 3039 3218 3065 3254; x_wconf 88' lang='lat' dir='ltr'><strong>a</strong></span> <span class='ocrx_word' id='word_1_751' title='bbox 3095 3200 3309 3258; x_wconf 73' lang='lat' dir='ltr'><strong>Czesare</strong></span> <span class='ocrx_word' id='word_1_752' title='bbox 3345 3205 3454 3256; x_wconf 86' lang='lat' dir='ltr'><strong>vic—</strong></span> 
     </span>
    </p>
   </div>
   <div class='ocr_carea' id='block_1_102' title="bbox 1852 3273 3453 3342">
    <p class='ocr_par' dir='ltr' id='par_1_102' title="bbox 1852 3273 3453 3342">
     <span class='ocr_line' id='line_1_103' title="bbox 1852 3273 3453 3342; baseline 0 -14"><span class='ocrx_word' id='word_1_753' title='bbox 1852 3285 1960 3328; x_wconf 87' lang='lat' dir='ltr'><strong>tum</strong></span> <span class='ocrx_word' id='word_1_754' title='bbox 2005 3286 2089 3340; x_wconf 79' lang='lat' dir='ltr'><strong>et,</strong></span> <span class='ocrx_word' id='word_1_755' title='bbox 2122 3276 2425 3342; x_wconf 67' lang='lat' dir='ltr'><strong>desiieratis</strong></span> <span class='ocrx_word' id='word_1_756' title='bbox 2454 3277 2646 3341; x_wconf 87' lang='lat' dir='ltr'><strong>rebus,</strong></span> <span class='ocrx_word' id='word_1_757' title='bbox 2690 3273 2790 3330; x_wconf 90' lang='lat' dir='ltr'><strong>sibi</strong></span> <span class='ocrx_word' id='word_1_758' title='bbox 2821 3288 3011 3326; x_wconf 75' lang='lat' dir='ltr'><strong>manus</strong></span> <span class='ocrx_word' id='word_1_759' title='bbox 3040 3274 3354 3328; x_wconf 80' lang='lat' dir='ltr'><strong>intercutem</strong></span> <span class='ocrx_word' id='word_1_760' title='bbox 3375 3314 3391 3336; x_wconf 88' lang='lat'><strong>,</strong></span> <span class='ocrx_word' id='word_1_761' title='bbox 3419 3289 3453 3328; x_wconf 77' lang='grc' dir='ltr'><strong>ιι</strong></span> 
     </span>
    </p>
   </div>
   <div class='ocr_carea' id='block_1_103' title="bbox 1849 3343 3452 3416">
    <p class='ocr_par' dir='ltr' id='par_1_103' title="bbox 1849 3343 3452 3416">
     <span class='ocr_line' id='line_1_104' title="bbox 1849 3343 3452 3416; baseline -0.001 -17"><span class='ocrx_word' id='word_1_762' title='bbox 1849 3348 1962 3399; x_wconf 89' lang='lat' dir='ltr'><strong>suis</strong></span> <span class='ocrx_word' id='word_1_763' title='bbox 1993 3347 2150 3401; x_wconf 73' lang='lat' dir='ltr'><strong>fat-ile</strong></span> <span class='ocrx_word' id='word_1_764' title='bbox 2177 3355 2554 3416; x_wconf 58' lang='lat' dir='ltr'><strong>consecratum</strong></span> <span class='ocrx_word' id='word_1_765' title='bbox 2587 3346 2774 3406; x_wconf 75' lang='lat' dir='ltr'><strong>fuisse.</strong></span> <span class='ocrx_word' id='word_1_766' title='bbox 2806 3345 2856 3398; x_wconf 89' lang='lat' dir='ltr'><strong>id</strong></span> <span class='ocrx_word' id='word_1_767' title='bbox 2886 3343 3038 3406; x_wconf 87' lang='lat' dir='ltr'><strong>nihil,</strong></span> <span class='ocrx_word' id='word_1_768' title='bbox 3068 3355 3322 3411; x_wconf 84' lang='lat' dir='ltr'><strong>quantum</strong></span> <span class='ocrx_word' id='word_1_769' title='bbox 3349 3358 3452 3416; x_wconf 79' lang='lat' dir='ltr'><strong>ego</strong></span> 
     </span>
    </p>
   </div>
   <div class='ocr_carea' id='block_1_104' title="bbox 1851 3414 3452 3484">
    <p class='ocr_par' dir='ltr' id='par_1_104' title="bbox 1851 3414 3452 3484">
     <span class='ocr_line' id='line_1_105' title="bbox 1851 3414 3452 3484; baseline 0.001 -16"><span class='ocrx_word' id='word_1_770' title='bbox 1851 3417 2027 3476; x_wconf 75' lang='lat' dir='ltr'><strong>video,</strong></span> <span class='ocrx_word' id='word_1_771' title='bbox 2057 3417 2386 3471; x_wconf 69' lang='lat' dir='ltr'><strong>diiticultatis</strong></span> <span class='ocrx_word' id='word_1_772' title='bbox 2413 3414 2594 3480; x_wconf 79' lang='lat' dir='ltr'><strong>habet,</strong></span> <span class='ocrx_word' id='word_1_773' title='bbox 2628 3420 2745 3484; x_wconf 80' lang='lat' dir='ltr'><strong>quia</strong></span> <span class='ocrx_word' id='word_1_774' title='bbox 2777 3415 2943 3471; x_wconf 84' lang='lat' dir='ltr'><strong>Mauri</strong></span> <span class='ocrx_word' id='word_1_775' title='bbox 2969 3431 3156 3469; x_wconf 86' lang='lat' dir='ltr'><strong>omnes</strong></span> <span class='ocrx_word' id='word_1_776' title='bbox 3179 3429 3306 3468; x_wconf 89' lang='lat' dir='ltr'><strong>suos</strong></span> <span class='ocrx_word' id='word_1_777' title='bbox 3333 3414 3452 3470; x_wconf 83' lang='lat' dir='ltr'><strong>sine</strong></span> 
     </span>
    </p>
   </div>
   <div class='ocr_carea' id='block_1_105' title="bbox 1849 3487 3451 3558">
    <p class='ocr_par' dir='ltr' id='par_1_105' title="bbox 1849 3487 3451 3558">
     <span class='ocr_line' id='line_1_106' title="bbox 1849 3487 3451 3558; baseline -0.001 -17"><span class='ocrx_word' id='word_1_778' title='bbox 1849 3487 2161 3542; x_wconf 60' lang='lat' dir='ltr'><strong>discrimine</strong></span> <span class='ocrx_word' id='word_1_779' title='bbox 2189 3503 2344 3558; x_wconf 74' lang='lat' dir='ltr'><strong>reges</strong></span> <span class='ocrx_word' id='word_1_780' title='bbox 2374 3503 2468 3554; x_wconf 85' lang='lat' dir='ltr'><strong>pro</strong></span> <span class='ocrx_word' id='word_1_781' title='bbox 2491 3488 2595 3558; x_wconf 87' lang='lat' dir='ltr'><strong>diis</strong></span> <span class='ocrx_word' id='word_1_782' title='bbox 2617 3487 2911 3558; x_wconf 82' lang='lat' dir='ltr'><strong>habebant,</strong></span> <span class='ocrx_word' id='word_1_783' title='bbox 2933 3501 3272 3554; x_wconf 85' lang='lat' dir='ltr'><strong>quocumque</strong></span> <span class='ocrx_word' id='word_1_784' title='bbox 3301 3503 3451 3558; x_wconf 86' lang='lat' dir='ltr'><strong>mor-</strong></span> 
     </span>
    </p>
   </div>
   <div class='ocr_carea' id='block_1_106' title="bbox 1850 3557 3453 3628">
    <p class='ocr_par' dir='ltr' id='par_1_106' title="bbox 1850 3557 3453 3628">
     <span class='ocr_line' id='line_1_107' title="bbox 1850 3557 3453 3628; baseline 0.001 -17"><span class='ocrx_word' id='word_1_785' title='bbox 1850 3559 1916 3612; x_wconf 89' lang='lat' dir='ltr'><strong>tis</strong></span> <span class='ocrx_word' id='word_1_786' title='bbox 1951 3575 2147 3628; x_wconf 72' lang='lat' dir='ltr'><strong>genere.</strong></span> <span class='ocrx_word' id='word_1_787' title='bbox 2193 3557 2484 3628; x_wconf 86' lang='lat' dir='ltr'><strong>perierunt.</strong></span> <span class='ocrx_word' id='word_1_788' title='bbox 2522 3557 2588 3612; x_wconf 88' lang='lat' dir='ltr'><strong>Et</strong></span> <span class='ocrx_word' id='word_1_789' title='bbox 2635 3558 2859 3613; x_wconf 67' lang='lat' dir='ltr'><strong>[ortas~e</strong></span> <span class='ocrx_word' id='word_1_790' title='bbox 2903 3557 3043 3610; x_wconf 89' lang='lat' dir='ltr'><strong>hunc</strong></span> <span class='ocrx_word' id='word_1_791' title='bbox 3089 3573 3198 3625; x_wconf 69' lang='lat' dir='ltr'><strong>prie</strong></span> <span class='ocrx_word' id='word_1_792' title='bbox 3242 3557 3453 3612; x_wconf 67' lang='lat' dir='ltr'><strong>caeteris</strong></span> 
     </span>
    </p>
   </div>
   <div class='ocr_carea' id='block_1_107' title="bbox 1849 3628 3451 3700">
    <p class='ocr_par' dir='ltr' id='par_1_107' title="bbox 1849 3628 3451 3700">
     <span class='ocr_line' id='line_1_108' title="bbox 1849 3628 3451 3700; baseline 0 -18"><span class='ocrx_word' id='word_1_793' title='bbox 1849 3629 2040 3698; x_wconf 78' lang='lat' dir='ltr'><strong>elegit,</strong></span> <span class='ocrx_word' id='word_1_794' title='bbox 2079 3647 2185 3693; x_wconf 86' lang='lat' dir='ltr'><strong>quo</strong></span> <span class='ocrx_word' id='word_1_795' title='bbox 2224 3629 2529 3684; x_wconf 83' lang='lat' dir='ltr'><strong>absurditas</strong></span> <span class='ocrx_word' id='word_1_796' title='bbox 2557 3631 2674 3699; x_wconf 84' lang='lat' dir='ltr'><strong>ejus</strong></span> <span class='ocrx_word' id='word_1_797' title='bbox 2703 3628 3125 3686; x_wconf 85' lang='lat' dir='ltr'><strong>consecrationis</strong></span> <span class='ocrx_word' id='word_1_798' title='bbox 3154 3628 3324 3700; x_wconf 76' lang='lat' dir='ltr'><strong>magis</strong></span> <span class='ocrx_word' id='word_1_799' title='bbox 3351 3643 3451 3698; x_wconf 70' lang='lat' dir='ltr'><strong>pa~</strong></span> 
     </span>
    </p>
   </div>
   <div class='ocr_carea' id='block_1_108' title="bbox 1851 3701 2304 3758">
    <p class='ocr_par' dir='ltr' id='par_1_108' title="bbox 1851 3701 2304 3758">
     <span class='ocr_line' id='line_1_109' title="bbox 1851 3701 2304 3758; baseline 0 -5"><span class='ocrx_word' id='word_1_800' title='bbox 1851 3709 2004 3756; x_wconf 87' lang='lat' dir='ltr'><strong>teret.</strong></span> <span class='ocrx_word' id='word_1_801' title='bbox 2049 3701 2304 3758; x_wconf 66' lang='lat' dir='ltr'><strong>Lmossn.</strong></span> 
     </span>
    </p>
   </div>
   <div class='ocr_carea' id='block_1_109' title="bbox 1923 3769 3449 3843">
    <p class='ocr_par' dir='ltr' id='par_1_109' title="bbox 1923 3769 3449 3843">
     <span class='ocr_line' id='line_1_110' title="bbox 1923 3769 3449 3843; baseline -0.001 -18"><span class='ocrx_word' id='word_1_802' title='bbox 1923 3770 2116 3843; x_wconf 85' lang='lat' dir='ltr'><strong>Optant</strong></span> <span class='ocrx_word' id='word_1_803' title='bbox 2140 3776 2193 3826; x_wconf 86' lang='lat' dir='ltr'><strong>in</strong></span> <span class='ocrx_word' id='word_1_804' title='bbox 2217 3773 2420 3826; x_wconf 84' lang='lat' dir='ltr'><strong>homine</strong></span> <span class='ocrx_word' id='word_1_805' title='bbox 2439 3787 2778 3842; x_wconf 84' lang='lat' dir='ltr'><strong>perseverare.</strong></span> <span class='ocrx_word' id='word_1_806' title='bbox 2805 3769 3158 3843; x_wconf 84' lang='lat' dir='ltr'><strong>Heumanmts</strong></span> <span class='ocrx_word' id='word_1_807' title='bbox 3177 3769 3449 3843; x_wconf 76' lang='lat' dir='ltr'><strong>rescribit,</strong></span> 
     </span>
    </p>
   </div>
   <div class='ocr_carea' id='block_1_110' title="bbox 1846 3841 3452 3912">
    <p class='ocr_par' dir='ltr' id='par_1_110' title="bbox 1846 3841 3452 3912">
     <span class='ocr_line' id='line_1_111' title="bbox 1846 3841 3452 3912; baseline 0.001 -17"><span class='ocrx_word' id='word_1_808' title='bbox 1846 3841 2024 3910; x_wconf 84' lang='lat' dir='ltr'><strong>optant</strong></span> <span class='ocrx_word' id='word_1_809' title='bbox 2052 3845 2281 3898; x_wconf 84' lang='lat' dir='ltr'><strong>homines</strong></span> <span class='ocrx_word' id='word_1_810' title='bbox 2310 3841 2608 3911; x_wconf 71' lang='lat' dir='ltr'><strong>persia-vari.</strong></span> <span class='ocrx_word' id='word_1_811' title='bbox 2644 3843 2755 3912; x_wconf 84' lang='lat' dir='ltr'><strong>Ego</strong></span> <span class='ocrx_word' id='word_1_812' title='bbox 2787 3843 2914 3896; x_wconf 89' lang='lat' dir='ltr'><strong>nihil</strong></span> <span class='ocrx_word' id='word_1_813' title='bbox 2949 3851 3116 3897; x_wconf 89' lang='lat' dir='ltr'><strong>muto.</strong></span> <span class='ocrx_word' id='word_1_814' title='bbox 3147 3841 3301 3896; x_wconf 76' lang='lat' dir='ltr'><strong>Nota:</strong></span> <span class='ocrx_word' id='word_1_815' title='bbox 3322 3851 3452 3898; x_wconf 87' lang='lat' dir='ltr'><strong>sunt</strong></span> 
     </span>
    </p>
   </div>
   <div class='ocr_carea' id='block_1_111' title="bbox 1847 3913 3445 3978">
    <p class='ocr_par' dir='ltr' id='par_1_111' title="bbox 1847 3913 3445 3978">
     <span class='ocr_line' id='line_1_112' title="bbox 1847 3913 3445 3978; baseline 0.002 -13"><span class='ocrx_word' id='word_1_816' title='bbox 1847 3913 2144 3969; x_wconf 82' lang='lat' dir='ltr'><strong>locutiones</strong></span> <span class='ocrx_word' id='word_1_817' title='bbox 2171 3915 2426 3970; x_wconf 88' lang='lat' dir='ltr'><strong>hominem</strong></span> <span class='ocrx_word' id='word_1_818' title='bbox 2450 3917 2662 3968; x_wconf 85' lang='lat' dir='ltr'><strong>induere</strong></span> <span class='ocrx_word' id='word_1_819' title='bbox 2689 3924 2734 3967; x_wconf 81' lang='lat' dir='ltr'><strong>et</strong></span> <span class='ocrx_word' id='word_1_820' title='bbox 2763 3930 2968 3978; x_wconf 74' lang='lat' dir='ltr'><strong>exuere,</strong></span> <span class='ocrx_word' id='word_1_821' title='bbox 3003 3915 3039 3966; x_wconf 92' lang='lat' dir='ltr'><strong>i.</strong></span> <span class='ocrx_word' id='word_1_822' title='bbox 3072 3928 3123 3968; x_wconf 90' lang='lat' dir='ltr'><strong>e.</strong></span> <span class='ocrx_word' id='word_1_823' title='bbox 3156 3913 3445 3968; x_wconf 85' lang='lat' dir='ltr'><strong>humanam</strong></span> 
     </span>
    </p>
   </div>
   <div class='ocr_carea' id='block_1_112' title="bbox 1847 3983 3441 4056">
    <p class='ocr_par' dir='ltr' id='par_1_112' title="bbox 1847 3983 3441 4056">
     <span class='ocr_line' id='line_1_113' title="bbox 1847 3983 3441 4056; baseline 0.001 -19"><span class='ocrx_word' id='word_1_824' title='bbox 1847 3997 2127 4056; x_wconf 63' lang='lat' dir='ltr'><strong>naturam:</strong></span> <span class='ocrx_word' id='word_1_825' title='bbox 2159 3987 2226 4045; x_wconf 77' lang='lat' dir='ltr'><strong>de</strong></span> <span class='ocrx_word' id='word_1_826' title='bbox 2256 3987 2448 4056; x_wconf 70' lang='lat' dir='ltr'><strong>quibus</strong></span> <span class='ocrx_word' id='word_1_827' title='bbox 2472 3985 2576 4038; x_wconf 88' lang='lat' dir='ltr'><strong>vid.</strong></span> <span class='ocrx_word' id='word_1_828' title='bbox 2611 3985 2836 4040; x_wconf 86' lang='lat' dir='ltr'><strong>Bunem.</strong></span> <span class='ocrx_word' id='word_1_829' title='bbox 2869 3983 2931 4036; x_wconf 87' lang='lat' dir='ltr'><strong>ad</strong></span> <span class='ocrx_word' id='word_1_830' title='bbox 2964 3983 3207 4038; x_wconf 70' lang='lat' dir='ltr'><strong>L--ctant.</strong></span> <span class='ocrx_word' id='word_1_831' title='bbox 3239 3998 3318 4047; x_wconf 83' lang='lat' dir='ltr'><strong>tv,</strong></span> <span class='ocrx_word' id='word_1_832' title='bbox 3354 3984 3441 4039; x_wconf 79' lang='grc'><strong>10.</strong></span> 
     </span>
    </p>
   </div>
   <div class='ocr_carea' id='block_1_113' title="bbox 1845 4055 3446 4125">
    <p class='ocr_par' dir='ltr' id='par_1_113' title="bbox 1845 4055 3446 4125">
     <span class='ocr_line' id='line_1_114' title="bbox 1845 4055 3446 4125; baseline -0.001 -15"><span class='ocrx_word' id='word_1_833' title='bbox 1845 4055 1912 4110; x_wconf 78' lang='grc' dir='ltr'><strong>ΕΙ,</strong></span> <span class='ocrx_word' id='word_1_834' title='bbox 1940 4058 2052 4125; x_wconf 88' lang='lat' dir='ltr'><strong>ipse</strong></span> <span class='ocrx_word' id='word_1_835' title='bbox 2093 4055 2309 4119; x_wconf 72' lang='lat' dir='ltr'><strong>Paulus,</strong></span> <span class='ocrx_word' id='word_1_836' title='bbox 2335 4055 2356 4109; x_wconf 81' lang='grc' dir='ltr'>Ι</span> <span class='ocrx_word' id='word_1_837' title='bbox 2389 4056 2644 4116; x_wconf 52' lang='lat' dir='ltr'><strong>Corinth,</strong></span> <span class='ocrx_word' id='word_1_838' title='bbox 2676 4071 2772 4112; x_wconf 80' lang='lat' dir='ltr'><strong>xv.</strong></span> <span class='ocrx_word' id='word_1_839' title='bbox 2803 4057 2873 4109; x_wconf 52' lang='lat'><strong>:35</strong></span> <span class='ocrx_word' id='word_1_840' title='bbox 2903 4072 2916 4108; x_wconf 83' lang='lat'><strong>:</strong></span> <span class='ocrx_word' id='word_1_841' title='bbox 2945 4059 3022 4108; x_wconf 72' lang='grc' dir='ltr'><strong>Δεῖ</strong></span> <span class='ocrx_word' id='word_1_842' title='bbox 3045 4063 3136 4125; x_wconf 72' lang='grc' dir='ltr'><strong>γὰρ</strong></span> <span class='ocrx_word' id='word_1_843' title='bbox 3161 4065 3220 4110; x_wconf 72' lang='grc' dir='ltr'><strong><em>τό</em></strong></span> <span class='ocrx_word' id='word_1_844' title='bbox 3240 4062 3446 4125; x_wconf 67' lang='grc' dir='ltr'><strong>φθαρτόν</strong></span> 
     </span>
    </p>
   </div>
   <div class='ocr_carea' id='block_1_114' title="bbox 1842 4129 3448 4197">
    <p class='ocr_par' dir='ltr' id='par_1_114' title="bbox 1842 4129 3448 4197">
     <span class='ocr_line' id='line_1_115' title="bbox 1842 4129 3448 4197; baseline -0.003 -15"><span class='ocrx_word' id='word_1_845' title='bbox 1842 4134 1980 4184; x_wconf 74' lang='grc' dir='ltr'><strong>τοῦτο</strong></span> <span class='ocrx_word' id='word_1_846' title='bbox 2011 4133 2286 4183; x_wconf 70' lang='grc' dir='ltr'><strong>ἐνόὑσσισΰαι</strong></span> <span class='ocrx_word' id='word_1_847' title='bbox 2322 4129 2606 4197; x_wconf 62' lang='grc' dir='ltr'><strong>ἀφθαρσίαν.</strong></span> <span class='ocrx_word' id='word_1_848' title='bbox 2632 4131 2794 4197; x_wconf 39' lang='grc' dir='ltr'><strong>κοιξῄτὸ</strong></span> <span class='ocrx_word' id='word_1_849' title='bbox 2824 4134 2983 4186; x_wconf 52' lang='lat' dir='ltr'><strong>(ivi-tot</strong></span> <span class='ocrx_word' id='word_1_850' title='bbox 3005 4133 3147 4182; x_wconf 73' lang='grc' dir='ltr'><strong>τοῦτο</strong></span> <span class='ocrx_word' id='word_1_851' title='bbox 3170 4130 3448 4197; x_wconf 56' lang='lat' dir='ltr'><strong>bibo-achate</strong></span> 
     </span>
    </p>
   </div>
   <div class='ocr_carea' id='block_1_115' title="bbox 1845 4195 3448 4264">
    <p class='ocr_par' dir='ltr' id='par_1_115' title="bbox 1845 4195 3448 4264">
     <span class='ocr_line' id='line_1_116' title="bbox 1845 4195 3448 4264; baseline -0.002 -12"><span class='ocrx_word' id='word_1_852' title='bbox 1845 4203 2130 4254; x_wconf 65' lang='grc' dir='ltr'><strong>ἀθανασίαν.</strong></span> <span class='ocrx_word' id='word_1_853' title='bbox 2166 4195 2406 4252; x_wconf 79' lang='lat' dir='ltr'><strong>Lactant.</strong></span> <span class='ocrx_word' id='word_1_854' title='bbox 2437 4195 2514 4264; x_wconf 74' lang='lat' dir='ltr'><strong>tv,</strong></span> <span class='ocrx_word' id='word_1_855' title='bbox 2542 4197 2615 4252; x_wconf 67' lang='lat'><strong>25</strong></span> <span class='ocrx_word' id='word_1_856' title='bbox 2649 4215 2660 4248; x_wconf 92' lang='lat'>:</span> <span class='ocrx_word' id='word_1_857' title='bbox 2697 4195 2766 4251; x_wconf 91' lang='lat' dir='ltr'><strong>Ut</strong></span> <span class='ocrx_word' id='word_1_858' title='bbox 2791 4207 3060 4264; x_wconf 87' lang='lat' dir='ltr'><strong>appareret</strong></span> <span class='ocrx_word' id='word_1_859' title='bbox 3087 4198 3236 4249; x_wconf 84' lang='lat' dir='ltr'><strong>etiam</strong></span> <span class='ocrx_word' id='word_1_860' title='bbox 3265 4197 3316 4250; x_wconf 88' lang='lat' dir='ltr'><strong>in</strong></span> <span class='ocrx_word' id='word_1_861' title='bbox 3351 4196 3448 4248; x_wconf 86' lang='lat' dir='ltr'><strong>Ito-</strong></span> 
     </span>
    </p>
   </div>
   <div class='ocr_carea' id='block_1_116' title="bbox 1844 4267 3447 4337">
    <p class='ocr_par' dir='ltr' id='par_1_116' title="bbox 1844 4267 3447 4337">
     <span class='ocr_line' id='line_1_117' title="bbox 1844 4267 3447 4337; baseline 0 -17"><span class='ocrx_word' id='word_1_862' title='bbox 1844 4271 1977 4322; x_wconf 82' lang='lat' dir='ltr'><strong>mine</strong></span> <span class='ocrx_word' id='word_1_863' title='bbox 2003 4273 2147 4323; x_wconf 81' lang='lat' dir='ltr'><strong>illum</strong></span> <span class='ocrx_word' id='word_1_864' title='bbox 2174 4287 2280 4324; x_wconf 82' lang='lat' dir='ltr'><strong>esse</strong></span> <span class='ocrx_word' id='word_1_865' title='bbox 2310 4270 2576 4322; x_wconf 76' lang='lat' dir='ltr'><strong>caeteuem.</strong></span> <span class='ocrx_word' id='word_1_866' title='bbox 2610 4267 2770 4337; x_wconf 81' lang='lat' dir='ltr'><strong>Ergo,</strong></span> <span class='ocrx_word' id='word_1_867' title='bbox 2801 4275 2976 4337; x_wconf 85' lang='lat' dir='ltr'><strong>optant</strong></span> <span class='ocrx_word' id='word_1_868' title='bbox 3013 4267 3065 4319; x_wconf 88' lang='lat' dir='ltr'><strong>in</strong></span> <span class='ocrx_word' id='word_1_869' title='bbox 3091 4267 3294 4321; x_wconf 84' lang='lat' dir='ltr'><strong>homine</strong></span> <span class='ocrx_word' id='word_1_870' title='bbox 3328 4283 3447 4329; x_wconf 81' lang='lat' dir='ltr'><strong>per-</strong></span> 
     </span>
    </p>
   </div>
   <div class='ocr_carea' id='block_1_117' title="bbox 1842 4335 3439 4407">
    <p class='ocr_par' dir='ltr' id='par_1_117' title="bbox 1842 4335 3439 4407">
     <span class='ocr_line' id='line_1_118' title="bbox 1842 4335 3439 4407; baseline -0.001 -15"><span class='ocrx_word' id='word_1_871' title='bbox 1842 4356 2090 4403; x_wconf 70' lang='lat' dir='ltr'><strong>severare,</strong></span> <span class='ocrx_word' id='word_1_872' title='bbox 2120 4351 2223 4402; x_wconf 87' lang='lat' dir='ltr'><strong>est.</strong></span> <span class='ocrx_word' id='word_1_873' title='bbox 2257 4347 2445 4407; x_wconf 84' lang='lat' dir='ltr'><strong>optant</strong></span> <span class='ocrx_word' id='word_1_874' title='bbox 2472 4335 2926 4407; x_wconf 45' lang='lat' dir='ltr'><strong>diutius&#39;n‘mnerc</strong></span> <span class='ocrx_word' id='word_1_875' title='bbox 2953 4335 3216 4390; x_wconf 70' lang='lat' dir='ltr'><strong>homines.</strong></span> <span class='ocrx_word' id='word_1_876' title='bbox 3253 4338 3439 4392; x_wconf 80' lang='lat' dir='ltr'><strong>LINDN.</strong></span> 
     </span>
    </p>
   </div>
   <div class='ocr_carea' id='block_1_118' title="bbox 1915 4405 3442 4478">
    <p class='ocr_par' dir='ltr' id='par_1_118' title="bbox 1915 4405 3442 4478">
     <span class='ocr_line' id='line_1_119' title="bbox 1915 4405 3442 4478; baseline 0.001 -16"><span class='ocrx_word' id='word_1_877' title='bbox 1915 4408 2020 4473; x_wconf 83' lang='lat' dir='ltr'><strong>Et,</strong></span> <span class='ocrx_word' id='word_1_878' title='bbox 2063 4412 2108 4462; x_wconf 80' lang='lat' dir='ltr'><strong>si</strong></span> <span class='ocrx_word' id='word_1_879' title='bbox 2126 4412 2242 4478; x_wconf 87' lang='lat' dir='ltr'><strong>jam</strong></span> <span class='ocrx_word' id='word_1_880' title='bbox 2271 4405 2434 4462; x_wconf 62' lang='lat' dir='ltr'><strong>senes.</strong></span> <span class='ocrx_word' id='word_1_881' title='bbox 2471 4405 2520 4462; x_wconf 89' lang='lat' dir='ltr'><strong>J.</strong></span> <span class='ocrx_word' id='word_1_882' title='bbox 2555 4405 2819 4462; x_wconf 85' lang='lat' dir='ltr'><strong>Meursius</strong></span> <span class='ocrx_word' id='word_1_883' title='bbox 2846 4410 3080 4478; x_wconf 73' lang='lat' dir='ltr'><strong>etirrexit</strong></span> <span class='ocrx_word' id='word_1_884' title='bbox 3106 4409 3198 4462; x_wconf 86' lang='lat' dir='ltr'><strong>etsi</strong></span> <span class='ocrx_word' id='word_1_885' title='bbox 3216 4409 3331 4478; x_wconf 91' lang='lat' dir='ltr'><strong>jam</strong></span> <span class='ocrx_word' id='word_1_886' title='bbox 3358 4426 3442 4463; x_wconf 84' lang='lat' dir='ltr'><strong>se-</strong></span> 
     </span>
    </p>
   </div>
   <div class='ocr_carea' id='block_1_119' title="bbox 1845 4477 3445 4550">
    <p class='ocr_par' dir='ltr' id='par_1_119' title="bbox 1845 4477 3445 4550">
     <span class='ocr_line' id='line_1_120' title="bbox 1845 4477 3445 4550; baseline 0 -16"><span class='ocrx_word' id='word_1_887' title='bbox 1845 4497 1950 4535; x_wconf 81' lang='lat' dir='ltr'><strong>nes.</strong></span> <span class='ocrx_word' id='word_1_888' title='bbox 1991 4477 2264 4535; x_wconf 22' lang='lat' dir='ltr'><strong>Non’sunt</strong></span> <span class='ocrx_word' id='word_1_889' title='bbox 2293 4495 2412 4548; x_wconf 87' lang='lat' dir='ltr'><strong>ergo</strong></span> <span class='ocrx_word' id='word_1_890' title='bbox 2433 4521 2448 4542; x_wconf 93' lang='lat'><strong>,</strong></span> <span class='ocrx_word' id='word_1_891' title='bbox 2490 4491 2594 4533; x_wconf 80' lang='lat' dir='ltr'><strong>etc.</strong></span> <span class='ocrx_word' id='word_1_892' title='bbox 2641 4477 2755 4550; x_wconf 81' lang='lat' dir='ltr'><strong>Sed</strong></span> <span class='ocrx_word' id='word_1_893' title='bbox 2779 4477 2908 4550; x_wconf 85' lang='lat' dir='ltr'><strong>nihil</strong></span> <span class='ocrx_word' id='word_1_894' title='bbox 2936 4492 3071 4547; x_wconf 91' lang='lat' dir='ltr'><strong>opus</strong></span> <span class='ocrx_word' id='word_1_895' title='bbox 3098 4491 3178 4550; x_wconf 83' lang='lat' dir='ltr'><strong>est</strong></span> <span class='ocrx_word' id='word_1_896' title='bbox 3211 4477 3268 4532; x_wconf 87' lang='lat' dir='ltr'><strong>ut</strong></span> <span class='ocrx_word' id='word_1_897' title='bbox 3293 4479 3445 4550; x_wconf 89' lang='lat' dir='ltr'><strong>quid-</strong></span> 
     </span>
    </p>
   </div>
   <div class='ocr_carea' id='block_1_120' title="bbox 1769 4548 3438 4621">
    <p class='ocr_par' dir='ltr' id='par_1_120' title="bbox 1769 4548 3438 4621">
     <span class='ocr_line' id='line_1_121' title="bbox 1769 4548 3438 4621; baseline -0.001 -15"><span class='ocrx_word' id='word_1_898' title='bbox 1769 4550 1821 4615; x_wconf 87' lang='lat' dir='ltr'>D</span> <span class='ocrx_word' id='word_1_899' title='bbox 1849 4567 2006 4621; x_wconf 80' lang='lat' dir='ltr'><strong>qUam</strong></span> <span class='ocrx_word' id='word_1_900' title='bbox 2039 4564 2304 4606; x_wconf 85' lang='lat' dir='ltr'><strong>mutemus</strong></span> <span class='ocrx_word' id='word_1_901' title='bbox 2328 4595 2343 4617; x_wconf 92' lang='lat'><strong>,</strong></span> <span class='ocrx_word' id='word_1_902' title='bbox 2387 4551 2487 4604; x_wconf 78' lang='lat' dir='ltr'><strong>nisi</strong></span> <span class='ocrx_word' id='word_1_903' title='bbox 2515 4549 2660 4618; x_wconf 83' lang='lat' dir='ltr'><strong>quod</strong></span> <span class='ocrx_word' id='word_1_904' title='bbox 2681 4591 2696 4612; x_wconf 91' lang='lat'><strong>,</strong></span> <span class='ocrx_word' id='word_1_905' title='bbox 2727 4548 2933 4603; x_wconf 86' lang='lat' dir='ltr'><strong>duabus</strong></span> <span class='ocrx_word' id='word_1_906' title='bbox 2966 4548 3168 4602; x_wconf 78' lang='lat' dir='ltr'><strong>vnculis</strong></span> <span class='ocrx_word' id='word_1_907' title='bbox 3197 4550 3250 4604; x_wconf 90' lang='lat' dir='ltr'><strong>in</strong></span> <span class='ocrx_word' id='word_1_908' title='bbox 3279 4548 3438 4604; x_wconf 79' lang='lat' dir='ltr'><strong>unam</strong></span> 
     </span>
    </p>
   </div>
   <div class='ocr_carea' id='block_1_121' title="bbox 1853 4622 3442 4693">
    <p class='ocr_par' dir='ltr' id='par_1_121' title="bbox 1853 4622 3442 4693">
     <span class='ocr_line' id='line_1_122' title="bbox 1853 4622 3442 4693; baseline -0.002 -15"><span class='ocrx_word' id='word_1_909' title='bbox 1853 4627 2168 4693; x_wconf 81' lang='lat' dir='ltr'><strong>compactis,</strong></span> <span class='ocrx_word' id='word_1_910' title='bbox 2202 4622 2482 4693; x_wconf 74' lang='lat' dir='ltr'><strong>legendum</strong></span> <span class='ocrx_word' id='word_1_911' title='bbox 2509 4623 2612 4693; x_wconf 49' lang='lat' dir='ltr'><strong>sit,</strong></span> <span class='ocrx_word' id='word_1_912' title='bbox 2631 4622 2721 4674; x_wconf 85' lang='lat' dir='ltr'><strong>etsi</strong></span> <span class='ocrx_word' id='word_1_913' title='bbox 2743 4623 2856 4693; x_wconf 86' lang='lat' dir='ltr'><strong>jam</strong></span> <span class='ocrx_word' id='word_1_914' title='bbox 2883 4637 3042 4693; x_wconf 72' lang='lat' dir='ltr'><strong>senes,</strong></span> <span class='ocrx_word' id='word_1_915' title='bbox 3073 4625 3278 4684; x_wconf 86' lang='lat' dir='ltr'><strong>notant;</strong></span> <span class='ocrx_word' id='word_1_916' title='bbox 3304 4635 3442 4690; x_wconf 87' lang='lat' dir='ltr'><strong>quo-</strong></span> 
     </span>
    </p>
   </div>
   <div class='ocr_carea' id='block_1_122' title="bbox 1854 4691 3440 4763">
    <p class='ocr_par' dir='ltr' id='par_1_122' title="bbox 1854 4691 3440 4763">
     <span class='ocr_line' id='line_1_123' title="bbox 1854 4691 3440 4763; baseline -0.001 -15"><span class='ocrx_word' id='word_1_917' title='bbox 1854 4691 2014 4748; x_wconf 73' lang='lat' dir='ltr'><strong>modo</strong></span> <span class='ocrx_word' id='word_1_918' title='bbox 2040 4697 2188 4748; x_wconf 89' lang='lat' dir='ltr'><strong>locus</strong></span> <span class='ocrx_word' id='word_1_919' title='bbox 2220 4691 2308 4748; x_wconf 81' lang='lat' dir='ltr'><strong>(iet</strong></span> <span class='ocrx_word' id='word_1_920' title='bbox 2333 4695 2556 4762; x_wconf 74' lang='lat' dir='ltr'><strong>integer.</strong></span> <span class='ocrx_word' id='word_1_921' title='bbox 2591 4691 2773 4748; x_wconf 67' lang='lat' dir='ltr'><strong>oms.</strong></span> <span class='ocrx_word' id='word_1_922' title='bbox 2806 4721 2877 4732; x_wconf 90' lang='lat'><strong>——</strong></span> <span class='ocrx_word' id='word_1_923' title='bbox 2897 4691 3040 4763; x_wconf 85' lang='lat' dir='ltr'><strong>Lego</strong></span> <span class='ocrx_word' id='word_1_924' title='bbox 3071 4710 3082 4746; x_wconf 90' lang='lat'><strong>:</strong></span> <span class='ocrx_word' id='word_1_925' title='bbox 3116 4703 3184 4758; x_wconf 88' lang='lat' dir='ltr'><strong>et,</strong></span> <span class='ocrx_word' id='word_1_926' title='bbox 3215 4693 3307 4748; x_wconf 84' lang='lat' dir='ltr'><strong>etsi</strong></span> <span class='ocrx_word' id='word_1_927' title='bbox 3323 4694 3440 4762; x_wconf 88' lang='lat' dir='ltr'><strong>jam</strong></span> 
     </span>
    </p>
   </div>
   <div class='ocr_carea' id='block_1_123' title="bbox 1849 4765 2218 4821">
    <p class='ocr_par' dir='ltr' id='par_1_123' title="bbox 1849 4765 2218 4821">
     <span class='ocr_line' id='line_1_124' title="bbox 1849 4765 2218 4821; baseline 0 -1"><span class='ocrx_word' id='word_1_928' title='bbox 1849 4781 2012 4820; x_wconf 82' lang='lat' dir='ltr'><strong>senes.</strong></span> <span class='ocrx_word' id='word_1_929' title='bbox 2044 4765 2218 4821; x_wconf 76' lang='grc' dir='ltr'><strong>ΙΙΕυιι.</strong></span> 
     </span>
    </p>
   </div>
   <div class='ocr_carea' id='block_1_124' title="bbox 1925 4835 2743 4907">
    <p class='ocr_par' dir='ltr' id='par_1_124' title="bbox 1925 4835 2743 4907">
     <span class='ocr_line' id='line_1_125' title="bbox 1925 4835 2743 4907; baseline -0.004 -18"><span class='ocrx_word' id='word_1_930' title='bbox 1925 4835 1992 4890; x_wconf 83' lang='grc' dir='ltr'><strong>Ει</strong></span> <span class='ocrx_word' id='word_1_931' title='bbox 2023 4847 2197 4906; x_wconf 83' lang='lat' dir='ltr'><strong>partus</strong></span> <span class='ocrx_word' id='word_1_932' title='bbox 2227 4839 2279 4890; x_wconf 90' lang='lat' dir='ltr'><strong>in</strong></span> <span class='ocrx_word' id='word_1_933' title='bbox 2303 4835 2510 4890; x_wconf 88' lang='lat' dir='ltr'><strong>Junone</strong></span> <span class='ocrx_word' id='word_1_934' title='bbox 2540 4835 2743 4907; x_wconf 77' lang='lat' dir='ltr'><strong>defecit.</strong></span> 
     </span>
    </p>
   </div>
   <div class='ocr_carea' id='block_1_125' title="bbox 1852 4904 3445 4979">
    <p class='ocr_par' dir='ltr' id='par_1_125' title="bbox 1852 4904 3445 4979">
     <span class='ocr_line' id='line_1_126' title="bbox 1852 4904 3445 4979; baseline -0.001 -17"><span class='ocrx_word' id='word_1_935' title='bbox 1852 4904 2031 4962; x_wconf 73' lang='lat' dir='ltr'><strong>videri</strong></span> <span class='ocrx_word' id='word_1_936' title='bbox 2069 4917 2320 4979; x_wconf 83' lang='lat' dir='ltr'><strong>poterat,</strong></span> <span class='ocrx_word' id='word_1_937' title='bbox 2371 4923 2490 4961; x_wconf 89' lang='lat' dir='ltr'><strong>cum</strong></span> <span class='ocrx_word' id='word_1_938' title='bbox 2551 4904 2864 4979; x_wconf 67' lang='lat' dir='ltr'><strong>ntysterinm</strong></span> <span class='ocrx_word' id='word_1_939' title='bbox 2918 4904 3101 4979; x_wconf 67' lang='lat' dir='ltr'><strong>habuit</strong></span> <span class='ocrx_word' id='word_1_940' title='bbox 3149 4905 3445 4979; x_wconf 60' lang='lat' dir='ltr'><strong>renovandi</strong></span> 
     </span>
    </p>
   </div>
   <div class='ocr_carea' id='block_1_126' title="bbox 1852 4973 3442 5048">
    <p class='ocr_par' dir='ltr' id='par_1_126' title="bbox 1852 4973 3442 5048">
     <span class='ocr_line' id='line_1_127' title="bbox 1852 4973 3442 5048; baseline 0.001 -20"><span class='ocrx_word' id='word_1_941' title='bbox 1852 4973 2139 5046; x_wconf 67' lang='lat' dir='ltr'><strong>quotannis</strong></span> <span class='ocrx_word' id='word_1_942' title='bbox 2171 4973 2526 5048; x_wconf 74' lang='lat' dir='ltr'><strong>virginitatem</strong></span> <span class='ocrx_word' id='word_1_943' title='bbox 2547 5019 2562 5042; x_wconf 91' lang='lat'><strong>,</strong></span> <span class='ocrx_word' id='word_1_944' title='bbox 2597 4973 2822 5048; x_wconf 53' lang='lat' dir='ltr'><strong>l&#39;aVnndo</strong></span> <span class='ocrx_word' id='word_1_945' title='bbox 2854 4992 2911 5029; x_wconf 85' lang='lat' dir='ltr'><strong>se</strong></span> <span class='ocrx_word' id='word_1_946' title='bbox 2944 4977 2993 5028; x_wconf 94' lang='lat' dir='ltr'><strong>in</strong></span> <span class='ocrx_word' id='word_1_947' title='bbox 3024 4973 3268 5048; x_wconf 83' lang='lat' dir='ltr'><strong>Canatho</strong></span> <span class='ocrx_word' id='word_1_948' title='bbox 3291 5018 3306 5040; x_wconf 95' lang='lat'><strong>,</strong></span> <span class='ocrx_word' id='word_1_949' title='bbox 3336 4976 3442 5030; x_wconf 82' lang='lat' dir='ltr'><strong>Pe-</strong></span> 
     </span>
    </p>
   </div>
   <div class='ocr_carea' id='block_1_127' title="bbox 1853 5045 3442 5116">
    <p class='ocr_par' dir='ltr' id='par_1_127' title="bbox 1853 5045 3442 5116">
     <span class='ocr_line' id='line_1_128' title="bbox 1853 5045 3442 5116; baseline -0.001 -14"><span class='ocrx_word' id='word_1_950' title='bbox 1853 5045 2090 5116; x_wconf 71' lang='lat' dir='ltr'><strong>loponesi</strong></span> <span class='ocrx_word' id='word_1_951' title='bbox 2123 5045 2360 5104; x_wconf 71' lang='lat' dir='ltr'><strong>llunune.</strong></span> <span class='ocrx_word' id='word_1_952' title='bbox 2401 5050 2716 5114; x_wconf 80' lang='lat' dir='ltr'><strong>Pausanias,</strong></span> <span class='ocrx_word' id='word_1_953' title='bbox 2755 5045 3085 5112; x_wconf 79' lang='lat' dir='ltr'><strong>Pelopoues.,</strong></span> <span class='ocrx_word' id='word_1_954' title='bbox 3116 5046 3205 5100; x_wconf 91' lang='lat' dir='ltr'><strong>lib.</strong></span> <span class='ocrx_word' id='word_1_955' title='bbox 3243 5062 3310 5112; x_wconf 89' lang='grc' dir='ltr'><strong>ιι,</strong></span> <span class='ocrx_word' id='word_1_956' title='bbox 3343 5063 3442 5102; x_wconf 86' lang='lat' dir='ltr'><strong>ex-</strong></span> 
     </span>
    </p>
   </div>
   <div class='ocr_carea' id='block_1_128' title="bbox 1854 5118 3444 5189">
    <p class='ocr_par' dir='ltr' id='par_1_128' title="bbox 1854 5118 3444 5189">
     <span class='ocr_line' id='line_1_129' title="bbox 1854 5118 3444 5189; baseline 0 -16"><span class='ocrx_word' id='word_1_957' title='bbox 1854 5130 2046 5181; x_wconf 86' lang='lat' dir='ltr'><strong>tremo,</strong></span> <span class='ocrx_word' id='word_1_958' title='bbox 2075 5131 2236 5189; x_wconf 79' lang='lat' dir='ltr'><strong>atque</strong></span> <span class='ocrx_word' id='word_1_959' title='bbox 2256 5122 2416 5174; x_wconf 82' lang='lat' dir='ltr'><strong>etiam</strong></span> <span class='ocrx_word' id='word_1_960' title='bbox 2451 5123 2640 5188; x_wconf 87' lang='lat' dir='ltr'><strong>partim</strong></span> <span class='ocrx_word' id='word_1_961' title='bbox 2671 5118 2851 5189; x_wconf 73' lang='lat' dir='ltr'><strong>al&#39;llatu</strong></span> <span class='ocrx_word' id='word_1_962' title='bbox 2880 5133 3048 5181; x_wconf 72' lang='lat' dir='ltr'><strong>anno,</strong></span> <span class='ocrx_word' id='word_1_963' title='bbox 3080 5119 3276 5189; x_wconf 76' lang='lat' dir='ltr'><strong>partim</strong></span> <span class='ocrx_word' id='word_1_964' title='bbox 3301 5126 3444 5173; x_wconf 83' lang='lat' dir='ltr'><strong>tactu</strong></span> 
     </span>
    </p>
   </div>
   <div class='ocr_carea' id='block_1_129' title="bbox 1853 5187 3034 5256">
    <p class='ocr_par' dir='ltr' id='par_1_129' title="bbox 1853 5187 3034 5256">
     <span class='ocr_line' id='line_1_130' title="bbox 1853 5187 3034 5256; baseline -0.004 -11"><span class='ocrx_word' id='word_1_965' title='bbox 1853 5191 1999 5245; x_wconf 80' lang='lat' dir='ltr'><strong>ﬂoris</strong></span> <span class='ocrx_word' id='word_1_966' title='bbox 2025 5205 2076 5246; x_wconf 88' lang='lat' dir='ltr'><strong>et</strong></span> <span class='ocrx_word' id='word_1_967' title='bbox 2111 5187 2328 5246; x_wconf 45' lang='lat' dir='ltr'><strong>la&#39;rtuc»:</strong></span> <span class='ocrx_word' id='word_1_968' title='bbox 2357 5187 2459 5244; x_wconf 85' lang='lat' dir='ltr'><strong>esu</strong></span> <span class='ocrx_word' id='word_1_969' title='bbox 2478 5189 2744 5256; x_wconf 79' lang='lat' dir='ltr'><strong>concepit.</strong></span> <span class='ocrx_word' id='word_1_970' title='bbox 2776 5187 3034 5242; x_wconf 69' lang='lat' dir='ltr'><strong>Lthxen.</strong></span> 
     </span>
    </p>
   </div>
   <div class='ocr_carea' id='block_1_130' title="bbox 1925 5259 3446 5329">
    <p class='ocr_par' dir='ltr' id='par_1_130' title="bbox 1925 5259 3446 5329">
     <span class='ocr_line' id='line_1_131' title="bbox 1925 5259 3446 5329; baseline -0.001 -13"><span class='ocrx_word' id='word_1_971' title='bbox 1925 5261 1986 5316; x_wconf 89' lang='lat' dir='ltr'><strong>Si</strong></span> <span class='ocrx_word' id='word_1_972' title='bbox 2019 5263 2090 5316; x_wconf 84' lang='lat' dir='ltr'><strong>a’ii</strong></span> <span class='ocrx_word' id='word_1_973' title='bbox 2119 5280 2291 5316; x_wconf 86' lang='lat' dir='ltr'><strong>creare</strong></span> <span class='ocrx_word' id='word_1_974' title='bbox 2323 5271 2544 5329; x_wconf 83' lang='lat' dir='ltr'><strong>possent.</strong></span> <span class='ocrx_word' id='word_1_975' title='bbox 2585 5262 2675 5314; x_wconf 82' lang='lat' dir='ltr'><strong>Sic</strong></span> <span class='ocrx_word' id='word_1_976' title='bbox 2703 5271 2844 5313; x_wconf 85' lang='lat' dir='ltr'><strong>recte</strong></span> <span class='ocrx_word' id='word_1_977' title='bbox 2875 5275 3004 5323; x_wconf 52' lang='lat' dir='ltr'><strong>man,</strong></span> <span class='ocrx_word' id='word_1_978' title='bbox 3035 5261 3157 5314; x_wconf 91' lang='lat' dir='ltr'><strong>licet</strong></span> <span class='ocrx_word' id='word_1_979' title='bbox 3183 5259 3338 5314; x_wconf 86' lang='lat' dir='ltr'><strong>aliter</strong></span> <span class='ocrx_word' id='word_1_980' title='bbox 3367 5260 3446 5314; x_wconf 89' lang='lat' dir='ltr'><strong>vi-</strong></span> 
     </span>
    </p>
   </div>
   <div class='ocr_carea' id='block_1_131' title="bbox 1851 5329 3441 5398">
    <p class='ocr_par' dir='ltr' id='par_1_131' title="bbox 1851 5329 3441 5398">
     <span class='ocr_line' id='line_1_132' title="bbox 1851 5329 3441 5398; baseline -0.002 -10"><span class='ocrx_word' id='word_1_981' title='bbox 1851 5348 1971 5388; x_wconf 84' lang='lat' dir='ltr'><strong>Sllm</strong></span> <span class='ocrx_word' id='word_1_982' title='bbox 1994 5333 2106 5388; x_wconf 84' lang='lat' dir='ltr'><strong>Jac.</strong></span> <span class='ocrx_word' id='word_1_983' title='bbox 2138 5333 2381 5396; x_wconf 83' lang='lat' dir='ltr'><strong>Onzclio,</strong></span> <span class='ocrx_word' id='word_1_984' title='bbox 2411 5332 2495 5384; x_wconf 91' lang='lat' dir='ltr'><strong>cui</strong></span> <span class='ocrx_word' id='word_1_985' title='bbox 2526 5333 2700 5398; x_wconf 85' lang='lat' dir='ltr'><strong>placet</strong></span> <span class='ocrx_word' id='word_1_986' title='bbox 2725 5347 2886 5382; x_wconf 80' lang='lat' dir='ltr'><strong>creari</strong></span> <span class='ocrx_word' id='word_1_987' title='bbox 2941 5329 3046 5385; x_wconf 82' lang='lat' dir='ltr'><strong>Sed</strong></span> <span class='ocrx_word' id='word_1_988' title='bbox 3081 5333 3160 5382; x_wconf 87' lang='lat' dir='ltr'><strong>vir</strong></span> <span class='ocrx_word' id='word_1_989' title='bbox 3189 5330 3360 5383; x_wconf 89' lang='lat' dir='ltr'><strong>bontts</strong></span> <span class='ocrx_word' id='word_1_990' title='bbox 3387 5331 3441 5385; x_wconf 88' lang='lat' dir='ltr'><strong>in</strong></span> 
     </span>
    </p>
   </div>
   <div class='ocr_carea' id='block_1_132' title="bbox 1853 5401 3443 5470">
    <p class='ocr_par' dir='ltr' id='par_1_132' title="bbox 1853 5401 3443 5470">
     <span class='ocr_line' id='line_1_133' title="bbox 1853 5401 3443 5470; baseline -0.001 -13"><span class='ocrx_word' id='word_1_991' title='bbox 1853 5405 2089 5458; x_wconf 90' lang='lat' dir='ltr'><strong>animum</strong></span> <span class='ocrx_word' id='word_1_992' title='bbox 2120 5422 2223 5458; x_wconf 89' lang='lat' dir='ltr'><strong>non</strong></span> <span class='ocrx_word' id='word_1_993' title='bbox 2253 5403 2521 5458; x_wconf 85' lang='lat' dir='ltr'><strong>revocavit</strong></span> <span class='ocrx_word' id='word_1_994' title='bbox 2547 5401 2668 5454; x_wconf 89' lang='lat' dir='ltr'><strong>huic</strong></span> <span class='ocrx_word' id='word_1_995' title='bbox 2707 5401 2870 5454; x_wconf 70' lang='lat' dir='ltr'><strong>verbo</strong></span> <span class='ocrx_word' id='word_1_996' title='bbox 2907 5401 3147 5470; x_wconf 70' lang='lat' dir='ltr'><strong>gignendi</strong></span> <span class='ocrx_word' id='word_1_997' title='bbox 3173 5401 3443 5470; x_wconf 73' lang='lat' dir='ltr'><strong>significa-</strong></span> 
     </span>
    </p>
   </div>
   <div class='ocr_carea' id='block_1_133' title="bbox 1854 5470 3444 5541">
    <p class='ocr_par' dir='ltr' id='par_1_133' title="bbox 1854 5470 3444 5541">
     <span class='ocr_line' id='line_1_134' title="bbox 1854 5470 3444 5541; baseline -0.003 -11"><span class='ocrx_word' id='word_1_998' title='bbox 1854 5478 2051 5530; x_wconf 69' lang='lat' dir='ltr'><strong>tionrm</strong></span> <span class='ocrx_word' id='word_1_999' title='bbox 2085 5477 2299 5538; x_wconf 75' lang='lat' dir='ltr'><strong>inesse;</strong></span> <span class='ocrx_word' id='word_1_1000' title='bbox 2341 5473 2766 5541; x_wconf 75' lang='lat' dir='ltr'><strong>theologitrque,</strong></span> <span class='ocrx_word' id='word_1_1001' title='bbox 2803 5482 2860 5524; x_wconf 87' lang='lat' dir='ltr'><strong>ut</strong></span> <span class='ocrx_word' id='word_1_1002' title='bbox 2883 5471 3093 5536; x_wconf 80' lang='lat' dir='ltr'><strong>Opinor,</strong></span> <span class='ocrx_word' id='word_1_1003' title='bbox 3137 5488 3295 5541; x_wconf 88' lang='lat' dir='ltr'><strong>quam</strong></span> <span class='ocrx_word' id='word_1_1004' title='bbox 3323 5470 3444 5526; x_wconf 85' lang='lat' dir='ltr'><strong>Cri-</strong></span> 
     </span>
    </p>
   </div>
   <div class='ocr_carea' id='block_1_134' title="bbox 1854 5541 3436 5614">
    <p class='ocr_par' dir='ltr' id='par_1_134' title="bbox 1854 5541 3436 5614">
     <span class='ocr_line' id='line_1_135' title="bbox 1854 5541 3436 5614; baseline 0 -14"><span class='ocrx_word' id='word_1_1005' title='bbox 1854 5548 1970 5602; x_wconf 69' lang='lat' dir='ltr'><strong>ticm</strong></span> <span class='ocrx_word' id='word_1_1006' title='bbox 1999 5547 2252 5614; x_wconf 76' lang='lat' dir='ltr'><strong>peritior,</strong></span> <span class='ocrx_word' id='word_1_1007' title='bbox 2283 5543 2590 5598; x_wconf 88' lang='lat' dir='ltr'><strong>creationem</strong></span> <span class='ocrx_word' id='word_1_1008' title='bbox 2629 5559 2691 5598; x_wconf 79' lang='lat' dir='ltr'><strong>ea;</strong></span> <span class='ocrx_word' id='word_1_1009' title='bbox 2721 5541 2882 5614; x_wconf 80' lang='lat' dir='ltr'><strong>nihilo</strong></span> <span class='ocrx_word' id='word_1_1010' title='bbox 2919 5545 3103 5598; x_wconf 85' lang='lat' dir='ltr'><strong>statim</strong></span> <span class='ocrx_word' id='word_1_1011' title='bbox 3129 5545 3436 5601; x_wconf 78' lang='lat' dir='ltr'><strong>somniavit.</strong></span> 
     </span>
    </p>
   </div>
   <div class='ocr_carea' id='block_1_135' title="bbox 1851 5613 2796 5688">
    <p class='ocr_par' dir='ltr' id='par_1_135' title="bbox 1851 5613 2796 5688">
     <span class='ocr_line' id='line_1_136' title="bbox 1851 5613 2796 5688; baseline -0.004 -16"><span class='ocrx_word' id='word_1_1012' title='bbox 1851 5613 2091 5685; x_wconf 76' lang='lat' dir='ltr'><strong>Ovidius,</strong></span> <span class='ocrx_word' id='word_1_1013' title='bbox 2127 5615 2364 5682; x_wconf 66' lang='lat' dir='ltr'><strong>Metam,</strong></span> <span class='ocrx_word' id='word_1_1014' title='bbox 2394 5615 2486 5669; x_wconf 88' lang='lat' dir='ltr'><strong>lib.</strong></span> <span class='ocrx_word' id='word_1_1015' title='bbox 2513 5629 2614 5688; x_wconf 61' lang='lat' dir='ltr'><strong>vn,</strong></span> <span class='ocrx_word' id='word_1_1016' title='bbox 2646 5613 2754 5670; x_wconf 81' lang='lat'><strong>666</strong></span> <span class='ocrx_word' id='word_1_1017' title='bbox 2783 5632 2796 5668; x_wconf 88' lang='lat'><strong>:</strong></span> 
     </span>
    </p>
   </div>
   <div class='ocr_carea' id='block_1_136' title="bbox 2467 5723 3131 5792">
    <p class='ocr_par' dir='ltr' id='par_1_136' title="bbox 2467 5723 3131 5792">
     <span class='ocr_line' id='line_1_137' title="bbox 2467 5723 3131 5792; baseline -0.005 -11"><span class='ocrx_word' id='word_1_1018' title='bbox 2467 5725 2624 5781; x_wconf 84' lang='lat' dir='ltr'><strong>Simul</strong></span> <span class='ocrx_word' id='word_1_1019' title='bbox 2647 5723 2952 5792; x_wconf 83' lang='lat' dir='ltr'><strong>et_Pallante</strong></span> <span class='ocrx_word' id='word_1_1020' title='bbox 2975 5729 3131 5778; x_wconf 88' lang='lat' dir='ltr'><strong>creati</strong></span> 
     </span>
    </p>
   </div>
   <div class='ocr_carea' id='block_1_137' title="bbox 2097 5810 2422 5864">
    <p class='ocr_par' dir='ltr' id='par_1_137' title="bbox 2097 5810 2422 5864">
     <span class='ocr_line' id='line_1_138' title="bbox 2097 5810 2422 5864; baseline -0.003 0"><span class='ocrx_word' id='word_1_1021' title='bbox 2097 5810 2422 5864; x_wconf 84' lang='lat' dir='ltr'><strong>Conveniunt.</strong></span> 
     </span>
    </p>
   </div>
   <div class='ocr_carea' id='block_1_138' title="bbox 1851 5895 2335 5964">
    <p class='ocr_par' dir='ltr' id='par_1_138' title="bbox 1851 5895 2335 5964">
     <span class='ocr_line' id='line_1_139' title="bbox 1851 5895 2335 5964; baseline -0.004 -10"><span class='ocrx_word' id='word_1_1022' title='bbox 1851 5899 1919 5954; x_wconf 84' lang='lat' dir='ltr'><strong>Et</strong></span> <span class='ocrx_word' id='word_1_1023' title='bbox 1945 5898 2041 5954; x_wconf 86' lang='lat' dir='ltr'><strong>lib.</strong></span> <span class='ocrx_word' id='word_1_1024' title='bbox 2074 5915 2190 5964; x_wconf 83' lang='lat' dir='ltr'><strong>xui,</strong></span> <span class='ocrx_word' id='word_1_1025' title='bbox 2218 5895 2290 5952; x_wconf 73' lang='grc'>22</span> <span class='ocrx_word' id='word_1_1026' title='bbox 2323 5917 2335 5952; x_wconf 91' lang='lat'><strong>:</strong></span> 
     </span>
    </p>
   </div>
   <div class='ocr_carea' id='block_1_139' title="bbox 2774 4833 3443 4904">
    <p class='ocr_par' dir='ltr' id='par_1_139' title="bbox 2774 4833 3443 4904">
     <span class='ocr_line' id='line_1_140' title="bbox 2774 4833 3443 4904; baseline 0.006 -20"><span class='ocrx_word' id='word_1_1027' title='bbox 2774 4833 2926 4902; x_wconf 86' lang='lat' dir='ltr'><strong>Quod</strong></span> <span class='ocrx_word' id='word_1_1028' title='bbox 2954 4849 3019 4886; x_wconf 88' lang='lat' dir='ltr'><strong>eo</strong></span> <span class='ocrx_word' id='word_1_1029' title='bbox 3047 4835 3214 4904; x_wconf 78' lang='lat' dir='ltr'><strong>magis</strong></span> <span class='ocrx_word' id='word_1_1030' title='bbox 3245 4834 3443 4888; x_wconf 86' lang='lat' dir='ltr'><strong>mirum</strong></span> 
     </span>
    </p>
   </div>
  </div>
