3774 6270
355 269 460 327 59.7

1575 258 1788 318 MARCI
1840 257 2101 317 MINUCII
2152 260 2420 318 FELICIS

3528 264 3620 323 59.8

350 383 483 441 serti
514 380 785 439 mentibus
813 379 1204 451 imperitorum,
1237 376 1419 432 odium
1451 376 1619 431 nostri
1649 384 1836 431 serunt
1862 388 1957 429 oc-
1986 375 2034 436 Α
2063 374 2345 445 vestigari,
2395 373 2475 429 vel
2515 373 2770 445 probari,
2814 386 2915 430 nec
2952 380 3102 430 tanto
3145 379 3385 443 tempore
3423 373 3627 447 aliquem

352 476 495 531 culte
548 490 641 541 per
690 471 1043 529 timaram“
1074 469 1321 545 [temple
1359 478 1440 547 est
1484 467 1951 547 enimetvodisse,

354 583 511 639 quem
532 568 813 641 timeas;_et
820 580 983 638 quem
1001 564 1277 635 metueris,
1294 546 1565 635 inleSIare.
1584 546 1627 615 si
1869 561 1959 616 Sic

354 640 619 729 occupant
640 640 867 714 animos
893 700 908 723 ,
939 670 992 713 et
1022 657 1309 712 obstruunt
1338 666 1550 724 pectora
1572 698 1586 720 ,
1621 667 1673 709 ut
1703 664 1829 709 ante
1860 668 1959 709 nos

354 754 610 825 incipiam
651 752 899 807 homines
936 750 1118 806 odisse
1142 791 1157 815 ,
1188 764 1349 820 quam
1389 763 1548 803 nosse
1572 765 1586 801 :
1614 763 1679 803 ne
1715 747 1961 818 cognitos

352 856 444 905 aut
472 845 666 902 imitari
695 845 924 917 possint,
954 853 1048 898 aut
1077 843 1335 896 damnare
1363 857 1468 896 non
1503 841 1730 911 possint.

888 975 1121 1033 CAPUT
1162 974 1403 1031 XXVIII.

359 1096 756 1154 ABGUIENTUI.
775 1089 907 1145 —N
910 1107 1032 1159 eque
1057 1090 1232 1144 odium
1252 1090 1438 1153 solum,
1462 1087 1550 1143 sed
1573 1086 1797 1157 nefanda
1814 1085 1964 1140 etiam

425 1188 531 1243 illis
562 1189 789 1256 inferunt
816 1184 1032 1239 crimina
1056 1197 1170 1250 qua:
1197 1198 1229 1235 a
1259 1181 1456 1234 nemine
1483 1178 1685 1246 probari
1720 1178 1964 1232 hactenus

428 1276 825 1351 potuerunt.Sic
870 1285 944 1331 est
972 1276 1226 1346 negotium
1259 1273 1567 1327 dwmonum.
1587 1271 1801 1341 Abipsis
1829 1270 1964 1323 enim

428 1389 607 1429 rumor
631 1372 794 1444 falsus
818 1379 864 1425 et
889 1370 1071 1424 seritur
1101 1377 1147 1422 et
1177 1367 1386 1434 fovetur.
1430 1365 1770 1419 fnuictissime
1792 1374 1963 1419 autem

430 1467 741 1522 demonstrat
771 1463 1010 1518 Octavius
1038 1460 1357 1516 Christianos
1393 1458 1680 1529 sacrilegii,
1708 1458 1928 1511 incestus
1946 1496 1961 1519 .

430 1557 630 1628 stupri,
666 1553 928 1626 parricidii
952 1565 1055 1607 tam
1080 1552 1210 1623 false
1235 1550 1555 1611 insimulari,
1590 1564 1740 1619 quam
1771 1561 1966 1601 certum

431 1666 705 1721 verumque
724 1656 834 1719 erat
847 1645 1022 1700 eadem
1042 1661 1249 1713 prorsus
1273 1643 1508 1707 crimina,
1539 1652 1626 1695 aut
1654 1641 1733 1694 Itis
1758 1641 1966 1694 omnino

431 1744 620 1801 similia
668 1752 820 1814 atque
859 1743 1059 1808 maiora
1114 1737 1179 1792 ab
1228 1738 1457 1808 ipsismet
1507 1736 1724 1791 ethnicis
1785 1750 1964 1806 reapse
1992 1752 2040 1813 Β

456 1834 724 1892 committi.

433 1951 603 2019 Quam
622 1958 802 2005 autem
832 1948 1072 2016 iniquum
1098 1946 1189 2010 sit,
1216 1945 1499 2015 incognitis
1520 1953 1575 2000 et
1596 1944 1964 2014 inexploratis,

357 2042 622 2116 judicare,
648 2041 792 2112 quod
835 2040 1042 2105 facitis;
1073 2039 1229 2093 nobis
1273 2038 1402 2108 ipsis
1433 2038 1815 2108 ptenitentibus
1843 2055 1966 2094 cre-

366 2136 480 2193 dite
508 2154 520 2190 :
550 2143 604 2189 et
644 2149 742 2188 nos
762 2134 905 2189 enim
938 2132 1078 2186 idem
1111 2131 1357 2197 fecimus,
1388 2141 1445 2185 ut
1470 2132 1657 2187 eadem
1690 2133 1969 2188 vobiscum

366 2228 639 2302 quondam
666 2226 843 2281 adhuc
881 2223 1011 2280 caeci
1038 2233 1093 2279 et
1122 2223 1343 2278 hebetes
1380 2224 1742 2278 sentiebamus
1766 2266 1781 2288 ,
1811 2229 1966 2294 quasi

365 2320 657 2380 Christiani
696 2328 932 2375 monstra
963 2319 1232 2383 Colerent,
1263 2317 1492 2372 infantes
1518 2328 1800 2385 vorarent,
1831 2336 1968 2375 coa-

369 2418 509 2473 vit-ia
556 2418 757 2472 incesta
806 2416 1255 2470 miscerentntec
1301 2412 1732 2484 intelligebamus
1773 2412 1840 2467 ab
1885 2412 1969 2469 his

368 2508 579 2567 fabulas
619 2511 751 2565 istas
774 2523 991 2581 semper
1018 2507 1303 2574 ventilari,
1350 2515 1407 2563 et
1448 2521 1738 2579 numquam
1772 2508 1859 2564 vel
1890 2509 1972 2563 in-

2062 468 2322 533 cxisterc,
2354 469 2443 536 qui
2475 468 2743 533 proderet.
2773 481 2876 521 non
2908 477 3111 521 tantum
3143 466 3264 519 facti
3296 468 3519 529 veniam,
3543 484 3627 524 \‘c-

2063 575 2181 613 rum
2226 560 2386 613 etiam
2440 558 2618 613 ἰιιιΙιεὶἰ
2665 560 2892 629 gratiam
2961 569 3410 621 consecuturum;
3459 562 3629 615 ntalutn

2061 662 2239 707 autem
2271 652 2407 707 adeo
2439 668 2542 706 non
2573 667 2715 719 esse,
2750 663 2805 706 ιιι.
2831 650 3164 706 Christianus
3192 665 3318 707 reus
3347 666 3444 706 nec
3465 653 3637 707 erube-

2063 757 2259 811 sceret,
2296 760 2396 799 ttct‘.
2423 746 2659 807 timeret.
2702 754 2758 800 ct
2785 760 2945 798 ttuuut
2978 742 3359 807 solummodo,
3387 743 3514 814 quod
3544 761 3635 799 non

2065 847 2189 893 ante
2217 837 2399 904 fuerit,
2436 838 2742 907 paeniteret.
2792 835 2901 891 Nos
2950 846 3130 891 tamen
3175 850 3339 905 quum
3378 835 3640 908 sacrilegos

2064 932 2289 1001 aliquos,
2309 944 2362 987 et
2391 932 2652 998 incestos,
2686 931 2980 1001 parricidas
3009 932 3195 993 etiam.
3217 928 3576 985 defendendos
3597 943 3642 986 et

2065 1024 2294 1079 tuendos
2324 1025 2784 1094 suscipiebamus;
2817 1024 2915 1079 bos
2952 1038 3050 1079 nec
3087 1022 3384 1078 audiendos
3410 1021 3463 1077 in
3489 1032 3643 1078 totum

2064 1119 2383 1189 putabamus
2408 1136 2421 1172 :
2449 1134 2845 1189 nonnumquam
2872 1119 3032 1174 etiam
3052 1158 3068 1184 ,
3099 1117 3416 1173 miserantes
3440 1133 3641 1183 eorum,

2068 1212 2231 1266 crude
2253 1211 2271 1265 i
2294 1227 2336 1267 is
2362 1212 2735 1275 szeviebamus,
2767 1222 2822 1266 ut
2853 1222 3228 1281 torqueremus
3249 1210 3555 1264 conﬁtentes
3588 1210 3646 1265 ad

2069 1304 2407 1375 negandum,
2436 1306 2686 1360 videlicet
2732 1320 2799 1361 ne
2847 1305 3122 1372 perirent,
3156 1313 3469 1358 exc'rcentes
3494 1302 3543 1357 in
3575 1301 3649 1358 his

2069 1410 2377 1466 perversam
2407 1396 2781 1465 quiestioncm,
2816 1410 2921 1448 non
2952 1410 3072 1463 qua:
3104 1408 3287 1449 verum
3315 1403 3546 1459 erueret,
3568 1392 3652 1448 sed
3680 1440 3695 1456 τ

2068 1504 2188 1557 quce
2229 1489 2566 1544 mendacium
2605 1498 2840 1560 cogeret.
2877 1488 2938 1542 Et
2979 1488 3024 1541 si
3067 1487 3189 1556 quis
3216 1485 3497 1553 inlirmior,
3529 1486 3653 1542 male

2068 1594 2286 1649 pressus
2307 1589 2363 1636 ct
2384 1580 2576 1649 victus,
2600 1580 2964 1635 Christianum
2988 1592 3047 1633 se
3069 1586 3336 1650 negasset,
3367 1578 3654 1634 favebamus

2068 1672 2151 1740 ei,
2180 1675 2363 1739 quasi,
2395 1678 2598 1743 eierato
2627 1674 2843 1728 nomine
2867 1714 2881 1739 ,
2908 1673 3018 1742 jam
3069 1674 3249 1727 omnia
3290 1672 3430 1729 facta
3464 1688 3557 1727 sua
3582 1674 3652 1727 illa

2070 1768 2353 1835 negatione
2386 1777 2662 1837 purgaret.
2690 1765 3072 1836 Agnoscitisue
3093 1763 3283 1820 eadem
3315 1781 3414 1819 nes
3445 1765 3657 1821 sensisse

2070 1867 2124 1913 et
2150 1859 2350 1927 egisse,
2367 1857 2411 1889 “
2434 1874 2554 1928 qua:
2566 1858 2778 1912 sentitis
2796 1865 2847 1910 et
2864 1856 3087 1927 geritis?
3103 1855 3299 1923 Quum,
3326 1856 3371 1910 si
3395 1856 3552 1916 ratio.
3572 1871 3658 1910 non

2072 1951 2346 2021 instigatio
2367 1950 2932 2019 daemonisjutlicaret,
2958 1948 3222 2019 urguendi
3250 1963 3425 2020 magas
3442 1990 3458 2016 ,
3490 1964 3590 2004 non
3615 1961 3662 2005 ιιι

2068 2044 2428 2099 difﬁterentur
2458 2060 2516 2099 se
2536 2042 2891 2106 Christianos,
2911 2040 3006 2097 sed
3039 2051 3098 2096 ut
3123 2041 3191 2097 de
3208 2041 3434 2097 incestis
3457 2044 3659 2111 stupris,

2070 2135 2137 2192 de
2168 2137 2400 2205 impiatis
2427 2136 2616 2201 sacris,
2642 2135 2712 2190 de
2737 2133 3033 2189 infantibus
3049 2133 3340 2189 immolatis
3362 2133 3659 2190 faterentur.

2072 2231 2166 2286 His
2203 2229 2346 2283 enim
2387 2238 2441 2284 et
2479 2227 2786 2297 hujusmodi
2836 2227 3031 2281 fabulis
3083 2226 3243 2281 iidem
3291 2225 3571 2282 (laniones
3608 2226 3661 2281 ad

2072 2324 2463 2381 exsecrationis
2498 2329 2777 2377 horrorem
2812 2320 3182 2390 imperitorum
3223 2334 3386 2377 aures
3428 2319 3662 2377 adversus

2078 2433 2178 2472 nos
2210 2416 2557 2472 referserunt.
2586 2414 2698 2470 Nec
2744 2427 2923 2469 tamen
2955 2416 3175 2479 mirum,
3209 2430 3373 2483 quum
3411 2416 3662 2483 hominum

2073 2508 2234 2577 fama,
2267 2524 2387 2580 qua:
2414 2522 2627 2582 semper
2648 2505 2905 2585 insparsis
2928 2504 3225 2587 mendaciis
3251 2506 3438 2585 alitur,
3469 2519 3662 2564 ostensa

3425 2479 3617 2494 —_I__

1694 2664 2055 2727 VARIORUM
2093 2668 2323 2747 rtem.

367 2801 485 2858 cap.
517 2787 571 2843 7.
595 2784 830 2841 Ennius:
850 2781 1010 2858 Quem
1037 2789 1288 2847 metuunt,
1312 2781 1530 2837 oderunt
1555 2798 1568 2835 :
1592 2798 1740 2853 quem
1762 2784 1974 2854 quisque

368 2854 495 2927 odit,
526 2859 713 2928 perisse
734 2854 1144 2928 expetibile“.

442 2924 571 2988 Car.
604 2926 1091 2992 XX\'lIl.—Quam
1116 2933 1287 2977 autent
1315 2924 1543 2992 iniquum
1562 2926 1648 2979 sit.
1676 2926 1751 2980 Ita
1768 2928 1972 2991 optime

369 3003 425 3058 in
449 3017 551 3057 ms.
586 3015 750 3070 regio.
778 3008 946 3070 Antea
994 2996 1305 3070 legebatur;
1340 2995 1600 3070 Quantum
1614 3010 1780 3070 autem
1796 3000 1972 3052 vitium

371 3075 457 3129 sit.
487 3063 677 3142 'l‘angi't
701 3063 1198 3142 eanginiquitatem
1232 3063 1518 3142 Minucius.
1549 3082 1708 3137 quam
1732 3068 1973 3133 pluribus

372 3135 1014 3215 exagitatv'I’et-tullianus
1033 3138 1085 3190 in
1117 3135 1601 3215 dpolog._llemu._ri.

445 3197 729 3279 thomum
767 3222 813 3265 et
839 3197 1174 3279 inexploratis
1197 3248 1209 3267 ,
1244 3197 1450 3279 scilicet
1480 3212 1649 3262 rebus.
1691 3208 1857 3265 Plene
1892 3197 2046 3267 estC

372 3290 511 3360 apud
540 3276 855 3360 Ciceronem
898 3276 1215 3360 prgCteciu.
1244 3276 1355 3360 22:
1388 3276 1525 3360 Qum
1545 3320 1559 3345 ,
1577 3282 1859 3360 “incognita
1886 3299 1971 3349 re,

366 3345 631 3430 judicare-
653 3345 909 3430 uoluisset.
954 3347 1214 3430 Virgilius
1246 3345 1461 3402 zEneid.
1493 3366 1541 3414 ι,
1572 3352 1678 3406 519
1705 3345 1736 3405 ε’
1753 3354 1859 3430 Sed
1898 3345 1979 3430 res

373 3420 573 3483 animos
615 3422 875 3493 incoynita
905 3420 1093 3493 turbat.
1117 3420 1392 3493 _Adcoqne
1423 3436 1527 3474 non
1557 3434 1671 3476 erat
1715 3439 1810 3478 cur
1841 3424 1975 3478 Lud.

374 3498 563 3554 Carrio
598 3490 811 3567 Emend.
844 3507 901 3549 tt.
930 3506 1049 3567 cap.
1077 3490 1144 3567 18
1171 3493 1493 3548 rescriberet
1517 3493 1580 3548 de
1606 3495 1901 3567 incognitis,
1923 3505 1981 3551 et

375 3571 640 3627 Meursaus
667 3567 719 3619 in
747 3564 1039 3634 incognitis.
1082 3564 1245 3634 [suum

449 3640 597 3696 ldent
626 3632 879 3707 fecimus:
913 3634 1004 3689 Sic
1035 3652 1133 3687 ms.
1180 3632 1421 3707 Fuimus
1453 3634 1702 3707 impress.
1745 3636 1880 3692 Enn.
1912 3668 1982 3680 -

375 3712 566 3770 SCI‘iltu
586 3751 602 3776 ,
627 3705 633 3707 ⁷
655 3707 831 3761 iidem.
862 3705 1065 3760 Menas.
1095 3706 1368 3776 --,Scribe
1407 3706 1541 3760 idem
1566 3708 1800 3776 fecintus.
1833 3710 1981 3764 Prac-

377 3783 519 3841 cedit
549 3775 692 3837 enim
722 3778 858 3847 quod
888 3779 1077 3845 facitis.
1112 3775 1304 3831 WOPK.

459 3852 730 3910 Ventiluri.
756 3848 1102 3903 lleumannus
1119 3852 1306 3903 scribit
1319 3848 1587 3915 venditari,
1606 3858 1660 3904 et
1685 3865 1918 3923 sequens
1937 3863 1985 3909 et

379 3926 542 3983 delet.
576 3924 836 3980 LINDNER.

452 3996 639 4052 fndicii
683 4003 939 4066 gratiam.
975 3989 1622 4066 Ita_edi_derat_Ge_Ienius
1660 3993 1885 4063 optime.
1919 3994 1990 4050 At

379 4071 539 4126 Rom.
569 4061 738 4122 editio
749 4063 960 4135 judicii.
979 4061 1133 4135 Male.
1150 4061 1357 4135 Gelenii
1388 4062 1679 4135 editionem
1700 4061 1991 4121 coulirmat

380 4157 482 4197 tus.
518 4154 629 4208 reg.
661 4133 951 4193 Atlantem
998 4133 1047 4187 id
1077 4144 1189 4208 est,
1209 4133 1360 4208 good
1405 4134 1742 4208 signiﬁcabat
1770 4136 1987 4192 Tertul-

378 4213 556 4270 Iianus
580 4203 901 4279 'Apologet”
941 4221 1063 4275 cap.
1094 4204 1164 4279 7”:
1185 4203 1321 4279 Quis
1349 4203 1473 4259 talia
1497 4206 1750 4279 facinora
1769 4249 1784 4271 ,
1831 4225 1989 4273 quum

376 4276 665 4346 invenisset,
692 4276 870 4334 celavit
901 4288 989 4331 aut
1011 4276 1233 4331 vendidit
1252 4279 1388 4347 ipsos
1404 4277 1608 4330 trahens
1635 4279 1904 4333 homines?
1933 4288 1991 4334 ut

379 4356 594 4410 uendere
622 4367 689 4407 eo
719 4352 838 4405 loco
862 4349 1041 4415 dicat,
1075 4359 1299 4415 accepto
1347 4358 1519 4417 pretio
1550 4348 1808 4405 indicare,
1840 4351 1990 4405 υίχί-

379 4442 500 4483 mus
524 4423 680 4479 nobis
696 4437 802 4477 non
830 4422 1055 4491 liquere.
1082 4419 1323 4474 HBBALD.

2074 2801 2192 2841 rum
2237 2787 2399 2840 vitam
2436 2798 2655 2840 servare
2695 2782 3064 2840 studebamus.
3112 2783 3465 2841 Heumannus
3505 2786 3670 2842 scribit

2076 2859 2392 2911 miserentes.
2430 2856 2613 2911 LINDN.

2151 2927 2218 2983 Ut
2237 2939 2577 2991 torqueremus
2622 2928 2712 2983 Sic
2733 2943 2829 2982 ms.
2862 2928 2929 2981 Αι
2958 2926 3194 2982 Romana
3221 2925 3335 2996 jam
3365 2929 3423 2982 in
3446 2928 3663 2984 editione

2076 3001 2468 3073 rescriptnnrut
2489 3014 2799 3073 urget-emus.
2832 2999 3020 3054 Recte.
3052 3001 3126 3053 Ac
3156 3000 3362 3067 statim,
3394 3003 3500 3057 hoc
3518 3017 3673 3073 urgeri

2077 3081 2365 3134 usurpatur
2394 3070 2609 3124 iterum.
2655 3071 2833 3126 chu.

2164 3142 2401 3195 Videlicet
2431 3158 2493 3195 ne
2536 3142 2773 3212 perirent.
2806 3142 2981 3196 lnnuit
3015 3140 3404 3207 commodum,
3436 3141 3577 3211 quod
3616 3158 3671 3196 ex

2080 3214 2168 3269 illa
2201 3214 2483 3284 negatione
2522 3214 2587 3264 ad
2620 3227 2714 3267 eos
2752 3212 3051 3268 redundare
3090 3214 3333 3268 deberet.
3371 3213 3548 3267 Etiam
3573 3213 3671 3267 cbi-

2079 3300 2294 3348 rurgtts,
2331 3284 2593 3339 misereus
2620 3284 2779 3353 :rgri,
2811 3286 3047 3339 membra
3077 3293 3340 3355 amputat,
3371 3296 3542 3352 secat,
3566 3288 3672 3349 erit,

2081 3370 2151 3410 ne
2176 3355 2428 3410 videlicet
2456 3364 2657 3425 pereat.
2692 3355 2877 3410 LINDN.

2155 3425 2297 3480 Mula
2320 3443 2524 3496 pressus
2563 3436 2612 3479 et
2642 3429 2821 3481 victus.
2851 3425 2989 3481 Nihil
3018 3440 3155 3497 Opus
3182 3434 3240 3479 ιιι
3262 3441 3388 3480 cum
3414 3426 3675 3481 Heumann

2082 3498 2466 3563 rescribamns,
2498 3496 2677 3551 dolore
2706 3515 2978 3566 oppressus
3003 3496 3254 3551 et’victus.
3281 3498 3507 3553 Sviliret
3544 3499 3675 3568 cogi-

2085 3579 2289 3641 taverat
2319 3570 2398 3622 vir
2424 3570 2615 3621 doctus
2655 3571 2722 3624 de
2751 3570 2893 3624 malo
2937 3585 3041 3623 non
3076 3570 3321 3641 physico,
3352 3570 3447 3622 sed
3479 3571 3673 3622 morali.

2087 3640 2287 3694 Malunt
2317 3651 2496 3694 autem
2528 3654 2626 3709 pro
2655 3656 2809 3707 pana
2836 3656 2888 3694 et
2916 3641 3102 3695 dolore
3142 3641 3248 3694 dici
3278 3643 3534 3695 Omnibus
3563 3655 3676 3709 pro-

2088 3712 2245 3766 batur
2289 3711 2496 3780 lesicis.
2529 3710 2767 3780 Premeie
2790 3726 2917 3767 vero
2944 3727 3041 3780 pro
3067 3714 3355 3780 opprimere
3373 3712 3507 3765 dixit
3531 3713 3676 3767 etiam

2086 3782 2302 3849 Quinct.
2337 3779 2509 3835 Instit.
2558 3779 2705 3835 Orat.
2735 3783 2828 3835 lib.
2861 3779 3074 3851 nt,cap
3122 3779 3179 3844 2.
3212 3800 3264 3851 p.
3298 3799 3365 3834 ιιι.
3398 3783 3504 3837 407
3537 3801 3551 3837 :
3590 3781 3682 3834 ιά-

2087 3869 2259 3917 renus,
2297 3854 2383 3923 qui
2408 3853 2461 3906 in
2487 3854 2719 3907 omnibus
2746 3856 2960 3922 publicis
2988 3854 3140 3906 ntalis
3171 3857 3487 3922 premebatur
3516 3870 3537 3906 :
3567 3870 3682 3906 nam

2087 3936 2134 3979 et
2164 3926 2436 3977 damnatus
2483 3934 2575 3977 est.
2624 3925 2812 3979 Cicero
2856 3923 3078 3980 Tuscul.
3117 3924 3176 3983 2.
3223 3923 3474 3989 i7zQuis
3512 3934 3685 3975 autent

2090 4012 2192 4049 non
2221 3997 2370 4048 miser
2397 3994 2547 4049 modo
2579 4008 2731 4061 tunc,
2761 4011 2912 4066 quum
2956 4006 3210 4061 premetur
3246 3995 3442 4048 sunnnis
3483 3993 3684 4048 dolori-

2093 4068 2202 4123 bus.
2236 4067 2355 4120 siin
2381 4066 2460 4121 Itis
2482 4077 2554 4120 est
2577 4083 2828 4121 summum
2858 4066 3067 4120 malum.
3103 4066 3291 4122 LINDN.

2166 4136 2279 4191 Nos
2306 4139 2521 4209 sensisse
2540 4148 2585 4191 et
2607 4139 2787 4199 edisse,
2815 4154 2928 4207 qua:
2954 4139 3150 4193 sentitis
3172 4149 3217 4191 et
3238 4137 3429 4209 geritis.
3452 4135 3552 4193 Vel
3570 4151 3681 4209 cum

2092 4224 2363 4280 anonymo
2415 4208 2701 4264 Parisiettsi
2742 4220 2958 4278 propter
3001 4223 3235 4279 sitqueus
3282 4209 3454 4281 geritis
3502 4208 3681 4264 rescri«

2094 4281 2329 4335 bendtttu
2361 4289 2444 4334 est
2471 4281 2715 4349 gessisse;
2743 4288 2823 4334 vel
2847 4320 2863 4346 ,
2893 4282 3035 4349 quod
3064 4280 3193 4335 mibi
3231 4280 3357 4345 ιιτξιη
3379 4280 3537 4345 Iacet,
3570 4293 3679 4347 pro-

2095 4362 2214 4418 pter
2244 4351 2568 4406 untecmleus
2595 4351 2774 4420 egisse,
2807 4367 2901 4415 pro
2926 4352 3098 4422 geritis
3140 4350 3480 4406 scribendum
3523 4350 3679 4421 agitis.

2095 4422 2349 4478 chu.—
2373 4423 2649 4477 Alterutro
2690 4422 2898 4477 scilicet
2922 4436 3059 4488 Opus
3084 4435 3261 4488 esset,
3290 4424 3335 4478 si
3379 4438 3486 4476 non
3515 4423 3683 4476 liceret

452 4494 654 4552 Malunt
684 4504 870 4546 nutent.
888 4490 1125 4573 line-est
1149 4507 1289 4573 inec
1312 4490 1758 4573 gintt-lligoltamns
1790 4491 1986 4573 malum
2015 4512 2067 4573 Β
2092 4496 2314 4549 Verbum
2346 4494 2701 4564 wquipollens
2729 4494 2781 4547 in
2813 4493 2991 4548 locutu
3020 4494 3244 4548 alterius
3271 4493 3617 4573 substituere.

378 4568 516 4624 adeo
547 4582 653 4622 non
683 4578 827 4629 esse,
855 4574 910 4616 ιιι
940 4561 1116 4630 potius
1145 4560 1483 4615 Christianus
1516 4576 1639 4615 reus
1669 4577 1768 4616 nec
1797 4566 1988 4618 erube-

378 4648 579 4703 sceret,
610 4645 711 4691 etc.
740 4633 1056 4688 Actionibus
1071 4632 1214 4704 enim
1245 4631 1400 4685 malis
1414 4632 1561 4704 inn-st
1578 4631 1747 4698 pudor
1772 4634 1988 4704 quidam

380 4701 644 4767 naturalis
669 4703 989 4772 conjunctus
1016 4718 1137 4756 cum
1168 4702 1379 4756 timore.
1412 4701 1599 4756 LINDN.

455 4778 628 4836 Unum
661 4774 1071 4830 solummodo....
1108 4774 1383 4839 paeniteret.
1416 4776 1538 4827 lbec
1563 4779 1893 4831 constructio
1922 4778 1987 4832 li-

378 4860 468 4910 cet
493 4849 729 4906 insolens
754 4847 922 4916 possit
936 4844 1136 4916 videri,
1157 4846 1309 4897 bonis
1327 4855 1502 4899 tamen
1521 4848 1828 4901 auctoribus
1847 4849 1985 4904 haud

380 4925 675 4995 ignoratur.
699 4914 893 4995 Cicero
929 4914 1142 4995 1_'_u_s_cul.
1174 4916 1262 4995 lib.
1291 4932 1343 4977 v,
1368 4931 1487 4995 cap.
1510 4916 1601 4972 28:
1635 4916 1895 4995 sapientis
1916 4930 1990 4974 est

382 4987 518 5049 e'nim
559 4992 847 5065 proprium,
902 4987 1032 5065 nihil
1076 4987 1210 5055 quod
1255 4988 1495 5065 plenitere
1539 4990 1737 5065 possit,
1768 4993 1983 5065 facere.

382 5065 527 5121 Idem
561 5057 634 5116 ’ἀρ
657 5057 863 5115 fauent.
899 5060 993 5114 lib.
1024 5074 1082 5122 tt,
1114 5072 1231 5127 pag.
1262 5057 1352 5122 66,
1385 5057 1567 5113 Utrum
1599 5059 1652 5111 id
1677 5057 1875 5127 [acinus
1902 5063 1987 5128 sit,

382 5135 521 5208 quod
547 5134 788 5204 paenitere
813 5131 965 5208 fuerit
987 5146 1206 5208 necesse.
1233 5128 1442 5186 Videsis
1464 5135 1526 5185 Α.
1567 5128 1797 5186 Gellium
1829 5130 1985 5187 Noct.

381 5201 489 5263 λιι.
521 5201 613 5260 lib.
637 5219 752 5266 xui,
781 5217 899 5272 eap.
923 5201 957 5255 Ξ
1006 5201 1187 5256 Βιινιε.

454 5270 1263 5347 Αιὶῳιυδηιιθιειιιιιιιιι,νιιιειιιιιτ
1284 5270 1519 5347 Lactant.
1550 5288 1603 5342 v,
1638 5272 1690 5347 ι,
1718 5271 1774 5326 ‘2.
1809 5272 1987 5331 Hann.

455 5342 889 5417 Suscipiebnmus.
912 5345 985 5399 Ex
1016 5342 1132 5417 fo_ro
1152 5345 1395 5417 verbum.
1413 5343 1652 5417 suscepti
1670 5347 1812 5398 enim
1834 5347 1994 5399 clien-

382 5429 477 5478 tes.
511 5414 731 5477 Servius
754 5416 823 5473 ad
853 5416 981 5473 illud
1012 5414 1232 5471 .IEneid.
1260 5431 1333 5471 Vl.
1353 5414 1496 5470 609:

834 5527 898 5580 Et
930 5527 1068 5579 fraus
1095 5529 1279 5578 innexa
1298 5527 1503 5589 clienti;

396 5633 553 5700 Vult,
579 5633 745 5704 inquit
766 5676 782 5701 ,
814 5634 1033 5704 intelligi
1076 5633 1491 5702 pravuricatores
1520 5635 1606 5704 qui
1644 5632 1847 5701 patroni
1872 5640 1992 5687 sunt

387 5707 672 5770 clientium,
703 5721 828 5773 quos
854 5721 987 5758 nunc
1015 5718 1305 5759 sescenos
1337 5721 1589 5761 vocamus.
1632 5704 1881 5761 WOWER.

462 5775 762 5837 Miser-antes
786 5773 1364 5846 eorum.,Misericordia
1394 5779 1446 5831 in
1468 5790 1562 5832 cos
1584 5782 1833 5850 permou,
1856 5789 1991 5849 quo-

3399 4563 3583 4619 LINDN.

2170 4636 2339 4703 Quum
2368 4677 2383 4703 ,
2427 4636 2472 4689 si
2502 4636 2634 4689 ratio
2657 4677 2672 4698 ,
2709 4651 2811 4689 non
2855 4636 3113 4705 instigatio
3159 4634 3409 4689 dientonis
3442 4636 3682 4705 judicare!

2093 4708 2309 4777 urgendi
2354 4709 2533 4779 magis.
2583 4706 2679 4760 Ms.
2720 4707 2972 4777 urguendi
2996 4706 3175 4779 :rntale
3205 4708 3406 4760 editum
3451 4719 3567 4761 erat
3601 4722 3681 4758 ar-

2091 4779 2300 4850 guendi.
2336 4780 2537 4849 Supple
2563 4794 2715 4848 quum
2742 4779 2955 4845 urgendi
2981 4778 3077 4831 Chi
3096 4778 3272 4850 istiatti
3310 4786 3466 4832 erant
3494 4784 3580 4833 vel
3605 4790 3684 4850 es-

2092 4847 2212 4904 Seut
2251 4847 2910 4906 Canam—Heutuaunus
2929 4858 2982 4902 τὸ
3004 4848 3163 4920 magis
3189 4848 3365 4919 ejecit.
3387 4850 3528 4918 quod
3561 4847 3688 4901 valet

2095 4922 2284 4991 potius,
2317 4938 2433 4991 cap.
2468 4922 2525 4984 5.
2554 4932 2608 4976 et
2632 4920 2816 4975 set-ibit
2857 4921 3140 4991 urgendum
3165 4930 3313 4974 esset.
3366 4920 3555 4974 Lmnit.

2167 4991 2277 5046 Nec
2305 4988 2471 5046 tunica
2498 4994 2700 5053 mimm,
2728 5008 2844 5045 cum
2872 4988 3099 5045 omnium
3129 4996 3289 5061 (nutu.
3327 4992 3383 5044 Si
3417 4992 3547 5045 "In"
3580 4988 3686 5043 heir.

2093 5064 2354 5117 omissum
2397 5074 2477 5117 est
2518 5063 2570 5118 in
2602 5062 2927 5132 exemplari.
2960 5074 3065 5116 tota
3106 5060 3218 5130 peri
3256 5060 3355 5132 dm
3388 5062 3460 5115 ita
3490 5064 3686 5117 consti-

2094 5135 2290 5189 tuenda
2322 5145 2468 5189 estut
2487 5136 2681 5201 aliquis
2707 5130 2897 5188 sensus
2921 5134 3167 5188 eliciatur
3198 5151 3212 5186 :
3249 5130 3343 5186 llis
3373 5135 3504 5187 enim
3532 5143 3580 5185 et
3605 5133 3688 5182 Iut-

2084 5207 2315 5277 jusmodi
2341 5206 2527 5277 fabulis
2551 5207 2702 5259 iidem
2732 5206 2984 5259 daemones
3022 5207 3089 5257 ml
3123 5205 3483 5258 exsecrationis
3513 5206 3680 5277 [terra

2086 5271 2199 5331 'rem
2237 5271 2583 5349 nuperum-um
2614 5293 2761 5330 aures
2805 5278 3045 5349 adversus
3087 5292 3178 5329 nos
3217 5279 3543 5349 referserunt.
3590 5271 3689 5326 Nec

2094 5357 2263 5402 tamen
2294 5348 2499 5401 mirum.
2525 5349 2650 5400 (Iunt
2682 5348 2941 5401 hominum
2964 5352 3122 5417 fama,
3145 5361 3258 5416 quae
3278 5363 3474 5416 semper
3497 5348 3691 5412 inspar-

2094 5420 2166 5474 sis
2195 5421 2471 5475 mendaciis
2497 5420 2675 5483 alitur,
2700 5428 2903 5472 ostensa
2930 5419 3133 5472 veritate
3172 5421 3507 5481 Consumitur,
3532 5418 3607 5470 sic
3626 5418 3689 5465 est

2097 5493 2352 5559 negotium
2378 5493 2701 5555 daemonum;
2722 5490 2785 5542 ub
2805 5490 2931 5560 ipsis
2955 5505 3086 5543 enim
3116 5503 3290 5541 rumor
3317 5489 3481 5557 falsus
3501 5498 3550 5540 ct
3578 5483 3691 5539 seri.

2097 5572 2180 5616 tur
2205 5573 2251 5615 et
2275 5565 2470 5634 fouetur
2522 5561 2609 5634 Illa
2648 5571 2825 5634 autem
2858 5562 3019 5614 verba
3039 5600 3053 5622 ,
3080 5575 3193 5634 cum
3223 5560 3483 5634 hominum
3525 5563 3685 5634 (ama.

2095 5623 2310 5688 auuocii
2350 5635 2544 5689 debent
2582 5632 2730 5698 istis,
2767 5631 2841 5686 sic
2867 5644 2936 5684 est
2984 5631 3235 5700 negotium
3282 5623 3596 5683 dictitonuiu.
3632 5623 3690 5679 Ut

2094 5706 2329 5762 CiilllaIIIil
2359 5706 2437 5760 sic
2461 5703 2794 5776 accipiatur:
2830 5700 2942 5776 Nec
2961 5713 3125 5776 tamen
3154 5704 3358 5753 mirum.
3391 5700 3479 5756 Sic
3506 5709 3583 5776 est
3610 5711 3690 5776 ne-

2090 5778 2283 5857 gotium
2310 5770 2599 5833 dwtttonunt
2621 5791 2737 5831 cum
2761 5774 3020 5831 hominum
3041 5775 3201 5847 (antu,
3225 5786 3357 5845 quia,
3382 5782 3485 5828 etc.
3517 5770 3693 5826 llouti-
