3802 6276
232 219 318 280 3M
1607 237 1818 294 INDEX
1855 237 2181 298 CAPITUM.

557 345 779 401 datione
814 345 1197 401 obiectaretur.

222 427 342 488 Car.
387 436 455 493 ll.
503 438 720 496 Octavii
755 440 980 495 Romam
1029 442 1292 496 adventus
1337 442 1631 498 forensium
1679 446 1836 501 feria-

592 548 713 587 rum
748 541 1012 602 tempore,
1041 541 1321 604 pergratus
1342 534 1590 590 Minucio.
1618 536 1840 608 Utrique

596 624 661 678 ad
697 623 904 678 marina
937 624 1102 679 Ostia:
1130 624 1319 680 balnea
1343 666 1358 691 ,
1389 625 1596 681 adscito
1627 627 1838 683 Minucii

602 717 790 773 comite
816 715 1056 780 Caecilio,
1101 717 1179 772 ire
1224 717 1444 788 placuit.
1494 717 1627 772 Dum
1683 720 1839 774 simul

604 809 664 864 ad
709 824 855 865 mare
905 819 1169 881 pergunt,
1239 809 1504 876 Caecilius,
1553 821 1843 880 conspecto

606 901 874 974 Serapidis
909 901 1238 969 simulacro,
1273 918 1486 958 manum
1535 903 1614 958 ori
1659 904 1843 958 admo-

602 1014 730 1055 vens
755 1041 768 1060 ,
821 995 949 1054 illud
984 996 1130 1052 colit.
1732 997 1841 1053 255

257 1093 382 1151 Car.
423 1093 506 1150 ΙΙΙ.
549 1089 915 1161 Superstitiosi
944 1087 1178 1142 hominis
1203 1096 1380 1144 actum
1413 1087 1630 1160 indigne
1662 1087 1844 1144 ferens

605 1185 876 1248 Octavius,
897 1181 1130 1237 Minucio
1146 1183 1341 1237 acriter
1361 1183 1668 1252 exprobrat,
1688 1181 1844 1251 hujus

601 1283 746 1353 impii
772 1280 1026 1336 facinoris
1047 1279 1321 1335 infamiam
1357 1295 1460 1334 non
1493 1278 1758 1334 minorem
1790 1278 1842 1332 in

603 1377 797 1448 ipsum,
829 1384 1014 1448 utpote
1037 1373 1240 1431 Caecilii
1282 1375 1569 1452 hospitem,
1609 1371 1843 1446 quam'in

598 1470 846 1526 cumdetn
875 1469 1147 1525 Caecilium
1180 1467 1501 1524 redundare.
1739 1467 1844 1522 257

3435 254 3542 310 562.

1591 353 1696 407 col.
1727 353 1834 409 252
1865 357 1914 417 Α
1940 355 2068 411 Car.
2112 357 2200 412 XI.
2238 358 2490 414 Futurum
2524 373 2735 430 quoque
2767 371 3014 417 asserunt
3044 363 3203 420 totius
3241 365 3421 420 mundi
3453 369 3533 421 in-

2301 451 2584 516 ceudimn;
2619 467 2682 506 ac
2728 460 2848 521 post
2893 468 3178 523 Corporum
3231 465 3538 511 nostrorum

2301 543 2746 598 resurrectionem
2769 585 2783 608 ,
2822 543 2980 614 justis
3011 545 3332 602 beatissima:
3376 549 3500 602 vita:
3527 587 3542 614 ,

2301 634 2508 704 injuSIis
2521 634 2870 690 maximarum
2887 652 3164 707 poenarum
3187 639 3538 694 mternitatcm

2305 727 2704 796 repromittunt.
3431 729 3538 786 266

1945 815 2208 874 ΟΑΡ.Χ11.
2237 818 2372 887 Quid
2413 829 2593 875 autem
2625 820 2870 889 ipsismet
2897 819 3217 878 Christianis
3251 833 3366 894 post
3401 838 3542 878 mor-

2305 921 2409 966 tem
2456 923 2772 968 eventurum
2828 914 2928 980 sit,
2979 916 3104 971 inde
3144 919 3389 987 augurari
3419 932 3543 988 pos-

2299 1016 2520 1070 sumus,
2567 1003 2710 1073 quod
2752 1019 2895 1059 nunc
2933 1007 3080 1060 omni
3131 1023 3234 1078 ope
3263 1009 3543 1077 destituti,

2302 1094 2527 1150 summis
2581 1098 2978 1154 calamitatibus
3027 1109 3082 1154 et
3131 1104 3364 1158 miseriis
3419 1124 3544 1176 pre-

2303 1195 2537 1241 muntur.
3434 1201 3535 1256 271

1945 1273 2528 1334 ΟΑΡ.ΧΙΙΙ.(Σοηειυάἰι
2576 1280 2790 1336 tandem
2830 1284 3106 1353 Caecilius,
3157 1291 3546 1360 repudiandum

2305 1372 2620 1444 religionem
2651 1392 2875 1444 novam;
2924 1394 3023 1436 nec
3060 1381 3128 1436 de
3169 1383 3330 1439 rebus
3369 1385 3548 1441 dubiis

2303 1472 2503 1520 temere
2541 1468 3012 1550 pronuntiandum.
3435 1477 3544 1532 275

278 1565 402 1622 Cn.
436 1561 517 1620 IV.
554 1562 832 1619 Subtristis
867 1561 1114 1618 Czecilius
1136 1560 1204 1616 de
1244 1559 1548 1630 hujusmodi
1599 1557 1848 1630 objurga-
1947 1551 2347 1610 CAP.X[V.Non
2379 1557 2496 1611 sine
2524 1558 2650 1613 elati
2679 1561 2842 1614 animi
2888 1560 3108 1617 fastidio
3142 1577 3404 1634 provocat
3445 1569 3550 1625 Oc-

607 1653 751 1710 tione
774 1695 788 1719 ,
817 1668 920 1724 qua
949 1653 1031 1708 sui
1070 1667 1229 1708 causa
1275 1649 1528 1706 Octavius
1557 1649 1845 1706 Minucium

601 1746 950 1819 perstrinxit,
981 1745 1115 1817 petit
1144 1754 1202 1800 ut
1230 1746 1332 1801 sibi
1378 1761 1501 1801 cum
1531 1744 1753 1802 Octavio
1777 1745 1845 1801 de
1875 1756 1922 1816 Β

601 1856 710 1895 sua:
755 1839 1032 1910 religionis
1072 1837 1299 1893 veritate
1342 1837 1618 1908 disputare
1660 1837 1838 1892 liceat.

604 1933 806 1988 Annuit
849 1947 972 1987 cum
1016 1931 1164 1986 socio
1196 1945 1295 1986 suo
1320 1929 1612 1996 Octavius;
1643 1945 1706 1984 ac
1731 1945 1842 1984 me-

601 2025 718 2080 dius
750 2024 892 2079 inter
947 2023 1220 2079 Caecilium
1271 2033 1322 2078 et
1359 2022 1636 2078 Octavium
1691 2021 1841 2076 sedet

604 2117 886 2172 Minucius.
1081 2170 1085 2174 ,
1736 2112 1842 2168 240

289 2209 408 2268 Car.
445 2210 498 2267 ν.
535 2209 952 2281 Disputationem
1002 2222 1156 2264 suam
1211 2205 1521 2278 aggreditur
1569 2203 1839 2260 Caecilius.

602 2303 666 2357 Et
696 2302 925 2371 primum
975 2299 1190 2369 quidem
1230 2298 1406 2353 omnia
1449 2299 1500 2352 in
1553 2297 1714 2352 rebus
1743 2295 1842 2348 lut-

605 2395 772 2451 manis
830 2393 988 2448 dubia
1037 2401 1093 2447 et
1135 2392 1334 2446 incerta
1369 2405 1490 2446 esse
1524 2395 1841 2444 asseverat:

603 2488 845 2559 adeoque
870 2485 1158 2542 dolendum
1185 2484 1325 2554 quod
1347 2483 1650 2549 Christiani,
1681 2480 1844 2538 rudes

601 2582 915 2653 plerumque
940 2595 1001 2634 ac
1029 2578 1308 2640 illitterati,
1330 2576 1398 2631 de
1432 2590 1640 2630 summa
1661 2590 1842 2630 rerum

601 2691 665 2732 ac
689 2674 872 2730 divina
919 2672 1200 2742 majestate
1229 2669 1429 2741 aliquid
1475 2669 1608 2724 certi
1653 2669 1843 2724 decer-

600 2783 730 2823 nere
803 2766 1057 2822 andeant.
1119 2765 1252 2819 Hinc
1314 2763 1456 2818 nulla
1517 2761 1845 2831 providentia

604 2859 864 2918 mundum
913 2858 1026 2929 regi
1073 2857 1277 2929 arguit,
1333 2856 1706 2926 concluditque
1755 2870 1843 2910 sa-

600 2957 705 3012 tius
769 2970 893 3011 esse
953 2951 1160 3008 traditis
1221 2952 1452 3022 antiquis
1497 2952 1846 3024 religionibus

601 3050 906 3107 adhaerere.
1737 3047 1845 3101 242

287 3146 406 3204 Car.
439 3145 514 3203 Vl.
551 3143 818 3225 Quaelibet
865 3141 1050 3208 natio,
1105 3155 1171 3196 ac
1225 3138 1457 3195 Romani
1504 3137 1844 3209 postmodum
1873 3150 1918 3212 ί]

603 3237 824 3294 numina
857 3250 954 3290 sua
986 3234 1060 3289 ita
1088 3233 1306 3290 coluere
1329 3274 1344 3299 ,
1373 3240 1431 3286 ttt
1453 3247 1640 3287 eorum
1696 3230 1842 3286 cultu

604 3343 917 3400 supremum
957 3327 1120 3383 totius
1171 3325 1320 3382 orbis
1347 3332 1506 3381 terra:
1559 3324 1843 3395 imperium

605 3423 808 3478 fuerint
834 3419 1090 3477 assecuti.
1735 3415 1845 3472 250

285 3518 399 3574 Car.
425 3515 527 3574 Ἧι.
550 3515 800 3588 Auspicia
852 3523 910 3570 et
955 3512 1176 3584 auguria
1233 3511 1470 3566 Romana
1522 3510 1846 3581 paenitenter

606 3609 802 3666 omissa
827 3652 840 3676 ,
874 3607 1158 3664 observata
1194 3605 1441 3661 feliciter.
1733 3603 1846 3660 253

289 3705 787 3764 Car.Vlll.Minime
833 3701 1053 3758 ferenda
1108 3698 1417 3767 Theodori,
1485 3698 1728 3768 Diagora:
1785 3711 1849 3752 ac

607 3799 920 3868 Protagora:
947 3794 1110 3863 impia
1159 3791 1470 3856 temeritas,
1503 3791 1592 3861 qui
1623 3789 1846 3846 deorum

608 3890 921 3962 religionem
944 3887 1029 3944 vel
1057 3887 1269 3958 penitus
1294 3883 1501 3948 tollere,
1529 3882 1615 3938 vel
1658 3882 1847 3937 saltem

608 3979 884 4036 inﬁrmare
909 3976 1148 4032 voluere.
1184 3976 1252 4030 At
1291 3974 1458 4029 multo
1490 3972 1669 4028 minus
1720 3972 1848 4031 ferri

618 4072 779 4130 debet
822 4071 1088 4128 latebrosa
1118 4079 1174 4125 et
1201 4067 1467 4140 lucifugax
1515 4066 1849 4124 Christiano-

604 4180 726 4223 rum
763 4165 944 4230 natio,
1000 4163 1092 4234 qui
1135 4161 1268 4218 deos
1305 4159 1606 4231 despuunt;
1640 4168 1690 4214 et
1721 4159 1847 4215 dum

605 4258 742 4314 mori
772 4265 895 4330 post
922 4265 1152 4312 mortem
1193 4255 1422 4322 timent,
1455 4251 1670 4308 interim
1713 4252 1848 4307 mori

608 4365 719 4406 non
749 4349 959 4404 timent.
1743 4343 1850 4400 256

228 4447 385 4508 αλιι.
425 4443 518 4502 IX.
541 4441 968 4500 Christianorum
1013 4439 1201 4510 religio
1226 4437 1386 4493 stulta
1419 4454 1431 4490 :
1472 4435 1743 4492 hominem
1773 4435 1849 4490 si-

2311 1649 2506 1704 tavium
2536 1648 2786 1708 Crecilius
2806 1695 2820 1720 ,
2852 1663 2909 1708 ut
2933 1660 3265 1726 argumentis
3293 1661 3406 1717 suis
3435 1677 3551 1719 res-

2310 1742 2561 1811 pondeat.
2581 1741 2677 1800 Cui
2695 1745 2956 1802 Minutﬁus
2987 1749 3231 1807 modeste
3249 1756 3546 1824 respondet

2305 1833 2372 1888 de
2402 1849 2496 1890 sua
2531 1836 2671 1891 haud
2699 1839 2955 1895 mediocri
2985 1842 3286 1912 eloquentia
3315 1887 3328 1911 ,
3375 1847 3550 1920 deque

2308 1930 2569 1982 concinna
2635 1930 2896 1985 orationis
2945 1934 3202 1990 varietate
3253 1952 3359 1990 non
3419 1955 3543 1996 esse

2303 2017 2404 2088 ipsi
2449 2020 2822 2076 exsultandum
2859 2026 2996 2080 :sed
3041 2027 3248 2096 singula
3297 2032 3415 2100 ejus
3457 2047 3548 2086 aro

2306 2123 2556 2182 gumenta
2600 2114 2886 2185 diligenter
2924 2119 3296 2189 expendenda.
3439 2125 3548 2181 275

1946 2197 2074 2254 Car.
2119 2200 2233 2256 XV.
2265 2201 2482 2274 llcgerit
2522 2205 2753 2263 Minucio
2793 2209 3042 2267 chilius
3085 2229 3192 2270 non
3226 2216 3344 2271 sine
3373 2218 3550 2288 aliqua

2305 2295 2416 2350 lusi
2453 2298 2616 2352 animi
2644 2301 3066 2370 significatione,
3109 2306 3282 2375 ipsum
3312 2309 3550 2378 religiosi

2305 2387 2500 2455 judicis
2527 2391 2706 2446 officio
2732 2393 2998 2451 decedere
3018 2437 3034 2463 ,
3075 2397 3202 2452 dum
3238 2414 3350 2456 sua:
3379 2403 3554 2474 dispu-

2309 2477 2524 2534 tationis
2549 2481 2692 2538 vires
2736 2483 2991 2540 infirmat.
3033 2485 3302 2559 lntegrum
3329 2491 3550 2550 Octavio

2307 2589 2428 2630 esse
2457 2590 2518 2630 ea
2541 2577 2719 2632 omnia
2744 2592 2865 2647 quae
2891 2579 2944 2633 in
2975 2581 3207 2636 medium
3236 2587 3552 2654 protulerat,

2304 2667 2602 2723 confutare.
3441 2680 3548 2736 278

1948 2755 2075 2813 CAP.
2087 2756 2228 2813 XVI.
2245 2756 2408 2814 Suam
2435 2759 2613 2831 itaque
2629 2760 2836 2816 orditur
2853 2765 3256 2835 responsionem
3269 2769 3520 2826 Octavius
3541 2791 3554 2827 :

2309 2867 2474 2923 seque
2497 2853 2766 2909 veracium
2813 2857 3100 2911 verborum
3140 2857 3361 2914 flumine
3405 2876 3551 2916 ama-

2311 2944 2580 3000 rissimam
2621 2947 2988 3002 conviciorum
3033 2949 3206 3005 labem
3252 2950 3549 3008 diluturum

2307 3039 2547 3096 confidit.
2598 3039 2803 3096 Dehinc
2848 3040 2914 3097 ad
2977 3042 3294 3100 infirmanda
3342 3046 3550 3116 singula

2316 3129 2516 3188 Caecilii
2569 3143 2886 3203 argumenta
2942 3133 3262 3206 digreditur.
3315 3137 3554 3193 Primum

2307 3227 2486 3299 itaque
2539 3229 2762 3296 statuit,
2818 3229 3019 3285 nemini
3073 3245 3216 3301 :rgre
3269 3231 3549 3289 ferendum

2307 3322 2449 3392 quod
2475 3318 2800 3388 Christiani,
2832 3323 3192 3394 quamtumvis
3224 3323 3456 3394 indocti,
3481 3325 3551 3381 de

2315 3414 2631 3471 cwlestibus
2679 3414 2839 3470 rebus
2886 3415 3162 3487 diSpntent
3192 3433 3205 3470 :
3238 3431 3343 3472 non
3403 3420 3547 3474 enim

2305 3505 2628 3577 disputantis
2656 3509 2982 3574 auctoritas,
3032 3508 3128 3564 sed
3172 3508 3550 3581 disputationis

2307 3599 2471 3670 ipsius
2497 3600 2694 3656 veritas
2719 3610 2801 3656 est
2835 3601 3146 3671 spectanda.
3439 3603 3547 3659 279

1949 3692 2254 3751 CAP.XVII.
2271 3692 2492 3750 Fatetur
2517 3694 2732 3765 quidem
2763 3693 3036 3751 hominem
3060 3693 3260 3752 debere
3287 3713 3345 3753 se
3373 3697 3547 3768 ipsum

2311 3803 2473 3843 nosse
2497 3807 2509 3840 :
2539 3789 2632 3845 sed
2664 3789 2824 3859 plane
2849 3799 3006 3860 negat
3029 3789 3168 3845 hanc
3188 3793 3548 3860 cognitionem

2309 3880 2376 3936 ab
2401 3896 2466 3936 eo
2485 3895 2642 3952 posse
2662 3885 2995 3952 comparari,
3042 3883 3168 3952 quin
3190 3891 3346 3937 antea
3369 3899 3548 3940 rerum

2309 3974 2716 4029 universitatem
2741 4014 2756 4039 ,
2787 3985 2842 4028 et
2868 3974 3038 4029 Deum
3071 3975 3244 4044 ipsum
3269 3987 3548 4046 agnoscat.

2309 4063 2390 4118 Ex
2419 4064 2584 4133 ipsius
2611 4073 2790 4119 autem
2838 4063 3022 4118 mundi
3048 4065 3433 4122 constitutione
3463 4076 3548 4121 at-

2314 4171 2418 4226 que
2443 4165 2674 4223 ornatu,
2721 4158 2952 4226 quisque
3001 4159 3209 4213 ratione
3259 4159 3547 4230 praeditus,

2313 4261 2646 4318 compertum
2678 4247 2868 4328 habet,
2897 4263 3019 4304 eum
3056 4264 3086 4302 a
3123 4249 3233 4304 Deo
3276 4251 3548 4309 conditum

2310 4337 2511 4408 fuisse,
2566 4349 2727 4411 atque
2755 4339 2825 4395 ab
2852 4354 2917 4396 eo
2944 4341 3058 4411 regi
3111 4351 3166 4396 et
3205 4341 3549 4402 administra-

2309 4433 2375 4489 ri.
3440 4439 3549 4495 284

610 4533 828 4607 quidem
870 4530 1184 4588 cruciﬁxum
1229 4531 1511 4601 ipsumque
1537 4528 1699 4599 hujus
1723 4543 1849 4599 sup.
1876 4541 1931 4608 ι)
1955 4524 2406 4585 CAP.XVIII.Non
2435 4525 2610 4581 solum
2648 4533 2828 4582 autem
2873 4527 3130 4583 universo
3180 4528 3402 4594 mundo,
3452 4531 3547 4586 sed

608 4627 756 4701 plicii
829 4627 1244 4681 instrumentum
1301 4633 1646 4679 venerantur.
1698 4623 1850 4679 Asini

609 4729 769 4791 caput
794 4719 994 4780 colere,
1026 4719 1305 4788 ipsamque
1349 4717 1584 4787 parentis
1633 4718 1714 4771 sui
1747 4731 1842 4770 na-

618 4823 790 4869 turam
821 4811 1047 4868 adorare
1062 4811 1333 4866 dicuntur.
1358 4809 1432 4864 De
1460 4808 1607 4864 czede
1634 4807 1850 4864 infantis

613 4915 668 4963 et
682 4906 939 4978 sanguine
959 4904 1240 4960 initiantur
1267 4921 1280 4957 :
1305 4917 1369 4959 ac
1395 4918 1491 4973 per
1513 4903 1850 4972 impudentes

613 4999 901 5067 tenebras,
953 4998 1156 5054 incerta
1207 5005 1353 5052 sorte
1392 5010 1580 5052 omnes
1621 4996 1850 5066 permis-

615 5101 823 5148 centur.
1744 5088 1854 5144 260

170 5199 354 5259 ειν.
407 5188 495 5246 Χ.
535 5185 806 5258 Quidquid
835 5186 1046 5254 colunt,
1087 5199 1412 5257 magnopere
1459 5185 1728 5240 occultare
1776 5185 1856 5239 ni-

608 5288 792 5334 tuntur
811 5295 824 5332 :
845 5278 1017 5333 nullas
1047 5292 1170 5332 aras
1191 5277 1421 5344 habent,
1457 5277 1652 5345 templa
1677 5276 1818 5330 nulla
1839 5315 1852 5340 ,

621 5371 767 5427 nulla
793 5380 916 5427 nota
948 5371 1254 5428 simulacra.
1281 5371 1422 5425 Deus
1445 5371 1676 5434 illorum,
1702 5369 1856 5423 sicuti

613 5473 669 5520 et
690 5463 1019 5530 Jndzcorum,
1069 5463 1258 5517 unicus
1304 5475 1426 5518 eSse
1468 5459 1667 5516 fertur:
1701 5475 1858 5531 quem

621 5573 782 5628 quum
814 5572 913 5612 nec
947 5556 1133 5612 videre
1169 5570 1269 5611 nec
1301 5554 1586 5610 ostendere
1627 5561 1856 5625 queant,

625 5649 775 5704 illum
808 5649 1159 5706 nihilominus
1187 5649 1476 5706 molestum
1498 5689 1515 5716 ,
1564 5648 1858 5716 inquietum

627 5749 681 5795 et
709 5753 1036 5813 praepostere
1065 5742 1337 5799 curiosum
1370 5741 1719 5797 arbitrantur.
1752 5738 1862 5797 265

555 5831 829 5897 Parnm“
875 5832 984 5897 Ill.

2351 4620 2575 4692 singulis
2642 4622 2759 4691 ejus
2815 4622 3061 4692 partibus
3109 4624 3249 4680 Deus
3293 4624 3550 4680 consulit.

2345 4710 2518 4768 Unius
2547 4722 2725 4768 autem
2751 4713 2847 4769 Dei
2870 4723 3002 4769 nutu
3031 4717 3209 4770 omnia
3239 4717 3548 4786 gubernari,

2348 4815 2688 4863 terrenorum
2736 4807 2986 4878 exemplo
3035 4807 3382 4878 imperiorum
3431 4824 3554 4880 pro-

2347 4901 2524 4957 batur.
2549 4901 2807 4970 Quamvis
2853 4909 3033 4956 autem
3087 4900 3180 4956 ille
3227 4902 3472 4961 infinitus
3503 4917 3558 4962 et

2345 4995 2676 5056 immensus,
2728 4991 2938 5062 sibique
2980 4991 3113 5058 uni,
3162 5004 3394 5063 quantus
3431 5007 3552 5066 est,

2351 5085 2619 5154 cognitus,
2652 5099 2679 5136 a
2712 5083 2870 5138 nobis
2895 5098 2996 5139 nec
3025 5084 3194 5140 videri
3243 5102 3343 5142 nec
3387 5092 3560 5145 nomi-

2355 5179 2472 5234 nari
2496 5187 2691 5249 queat;
2723 5177 2894 5247 ipsius
2915 5185 3098 5234 tamen
3115 5179 3355 5249 claritas,
3385 5183 3429 5238 si
3459 5200 3559 5240 no-

2351 5270 2557 5325 minum
2605 5269 2865 5324 tollantur
2913 5269 3314 5340 additamenta,
3345 5277 3560 5346 perspi-

2353 5361 2512 5419 citur.
3454 5367 3562 5424 237

1963 5457 2095 5517 CAP.
2120 5454 2264 5513 XIX.
2292 5453 2560 5511 Prazterea
2593 5460 2766 5524 poetre
2796 5451 2945 5507 illum
2973 5452 3151 5508 divum
3174 5453 3560 5529 hominumque

2327 5558 2634 5619 parentem,
2682 5546 2922 5601 omnium
2986 5562 3166 5602 rerum
3224 5562 3559 5619 creatorem,

2321 5651 2554 5697 tuentem
2605 5650 2658 5695 et
2712 5638 2959 5710 spiritum
3013 5639 3368 5710 appellarunt.
3421 5643 3563 5709 Quin

2320 5742 2377 5792 et
2404 5732 2619 5806 ipsimet
2646 5731 3049 5806 prmStantiores
3094 5731 3433 5805 philosophi,
3473 5751 3570 5798 ea.

2943 5824 3022 5891 12
