3802 6276
387 287 496 345 565
905 263 908 266 ’
1314 271 1523 330 MARCI
1563 270 1818 328 MINUCII
1856 266 2126 324 FELICIS
2165 264 2376 322 INDEX
2413 257 2738 319 carrruu.
3514 265 3582 324 ὅθι

744 399 866 456 dem
895 397 1008 452 fere
1044 405 1108 448 ac
1135 390 1456 458 Christiani,
1489 390 1557 445 de
1591 391 1699 445 Deo
1724 404 1828 443 uno
1856 403 1980 442 sen-
2006 388 2054 446 Α

746 505 883 545 sere.
1874 478 1983 533 292

386 586 662 646 οΑΡ.ΧΧ.
694 581 845 650 Quod
886 580 929 634 si
977 576 1320 633 Providentia
1371 573 1601 629 mundus
1652 573 1876 643 regitur,
1930 579 1985 625 et

743 676 903 728 unius
925 672 1015 727 Dei
1037 683 1167 725 nutu
1192 669 1542 740 gubernatur,
1577 682 1680 721 non
1708 681 1804 718 nos
1825 664 1984 719 debet

739 767 1032 837 antiquitas
1064 765 1308 833 imperita
1339 776 1530 831 rapere
1560 760 1625 813 ad
1659 759 1827 812 rmttui
1853 773 1984 812 cou-

738 875 930 916 sensus
972 873 1254 922 erroretn;
1305 869 1425 925 qua:
1472 851 1723 906 nimirum
1771 850 1982 904 fabellis

742 956 852 1010 suis
900 953 1192 1015 delectata,
1237 947 1492 1003 ridiculus
1543 946 1857 999 traditiones
1910 943 1984 995 in-

739 1048 903 1103 vexit.
962 1044 1072 1100 Nec
1130 1043 1305 1096 minus
1354 1037 1631 1094 evidenter
1687 1034 1984 1088 ostenditur

746 1142 1007 1196 insulsum
1041 1137 1369 1206 impiumque
1413 1147 1626 1200 semper
1654 1130 1816 1182 fuisse
1855 1126 1984 1180 deo-

742 1249 862 1289 rum
913 1233 1152 1295 cultum;
1185 1229 1309 1282 dum
1362 1224 1666 1280 mortalium
1719 1219 1981 1288 antiquis-

737 1328 860 1384 simi
905 1341 1032 1381 suos
1060 1337 1246 1394 reges,
1297 1321 1463 1375 duces
1504 1317 1732 1386 inclytus
1760 1312 1983 1366 artium-

741 1434 848 1490 que
912 1419 1256 1479 inventores,
1321 1413 1391 1466 ob
1457 1410 1714 1479 praeclara
1767 1405 1980 1457 illorum

738 1513 1006 1578 facinora,
1056 1527 1162 1565 non
1228 1522 1386 1563 secus
1435 1519 1500 1558 ac
1553 1502 1684 1558 deos
1739 1497 1979 1555 venerati

731 1620 877 1667 sunt.
1867 1597 1974 1650 9.97

378 1708 840 1775 CAP.XXI.ldt|ue
896 1704 1177 1760 confirmat
1215 1699 1468 1755 Octavius
1490 1694 1778 1752 Eubemeri
1800 1736 1813 1757 ,
1847 1691 1983 1746 Pro—

727 1799 868 1865 dici,
903 1795 1115 1856 Persei,
1168 1803 1222 1847 et
1264 1789 1552 1846 Alexandri
1596 1786 1771 1856 Magni
1826 1784 1977 1837 testi-
2006 1783 2052 1842 B

731 1893 936 1956 monio,
980 1905 1009 1943 a
1056 1887 1246 1958 quibus
1301 1884 1526 1939 deorum
1591 1881 1799 1950 patria,
1862 1875 1977 1929 dies

733 1983 938 2040 natales
959 2023 974 2047 ,
1020 1978 1302 2048 sepulchra
1333 1982 1704 2030 recensentur.
1743 1967 1977 2035 EXptmll.

736 2087 993 2145 praeterea
1024 2074 1248 2127 deorum
1283 2072 1461 2124 tristes
1509 2068 1718 2130 exitus,
1775 2062 1880 2117 fata
1923 2069 1978 2116 et

726 2168 935 2224 funera.
970 2165 1050 2221 Ad
1071 2164 1184 2218 haec
1214 2163 1441 2230 ineptias
1460 2157 1779 2230 ptitidasque
1808 2167 1977 2222 nugas

741 2260 911 2322 ridet,
953 2271 1087 2327 quas
1127 2255 1196 2308 de
1223 2269 1440 2307 suorum
1469 2250 1693 2304 deorum
1729 2245 1896 2300 forma
1926 2251 1980 2296 et

737 2352 904 2421 ﬁgura
946 2348 1145 2402 ethnici
1175 2346 1473 2400 venditant.
1868 2335 1975 2389 9.99

379 2445 800 2508 CAP.XXll.llas
832 2457 990 2512 porro
1022 2439 1227 2493 fabulas
1267 2437 1334 2491 ab
1366 2433 1626 2503 imperitis
1673 2429 1979 2484 hominibus

739 2535 969 2606 primum
1004 2530 1265 2596 traditas,
1294 2529 1383 2581 alii
1427 2527 1684 2593 deinceps
1734 2522 1978 2576 celebra-

733 2637 894 2693 runt,
953 2639 1016 2679 ac
1061 2635 1231 2693 poeta:
1276 2620 1651 2691 potissimum,
1699 2616 1787 2685 qui
1841 2611 1980 2668 battd

740 2736 926 2792 parum
958 2717 1172 2771 veritati
1222 2729 1315 2768 sua
1365 2711 1684 2766 auctoritate
1730 2719 1976 2761 nocuere.

739 2815 914 2884 Atque
941 2808 1248 2880 huiusmodi
1282 2807 1550 2877 ﬁgmentis
1597 2813 1650 2858 et
1692 2799 1983 2856 mendaciis

741 2904 1075 2960 dulcioribus
1121 2907 1540 2966 corrumpuntur
1590 2894 1797 2962 ingenia
1853 2906 1984 2960 pue-

742 3011 926 3051 rorum
954 3035 968 3058 ,
1000 2993 1089 3062 qui
1116 2991 1340 3060 proinde
1375 2990 1426 3041 in
1458 2989 1522 3041 iis
1559 2987 1743 3039 miseri
1787 2997 1980 3037 conse-

736 3097 961 3142 nescunt
992 3101 1004 3136 :
1037 3098 1156 3138 cum
1188 3079 1424 3149 alioquin
1479 3080 1549 3132 sit
1565 3077 1762 3130 veritas
1803 3074 1978 3139 obvia,

737 3179 834 3243 sed
858 3175 1278 3248 requirentibus.
1878 3165 1981 3221 506
2009 3170 2054 3233 C

383 3271 974 3340 CAP.XX|II.Quamvis
989 3267 1187 3322 ethnici
1203 3277 1357 3334 reges
1376 3277 1501 3316 suos
1521 3261 1773 3316 mortales
1786 3274 1980 3330 agnos-

739 3372 863 3415 cant
884 3401 898 3422 ,
928 3358 1050 3411 illos
1077 3368 1251 3410 tamen
1281 3353 1414 3410 deos
1443 3354 1646 3417 tingunt
1667 3396 1680 3418 ,
1721 3353 1803 3406 vel
1849 3351 1979 3419 ipsis

751 3456 965 3518 invitis;
997 3470 1101 3507 non
1145 3451 1210 3504 ad
1265 3449 1423 3504 [idem
1471 3447 1738 3513 numinis,
1786 3445 1879 3501 sed
1916 3443 1981 3500 ad

746 3550 1004 3602 honorem
1079 3545 1319 3598 emerita:
1391 3541 1742 3611 posteritatis.
1819 3537 1979 3607 Atqui

743 3654 901 3694 verus
936 3640 1074 3692 Deus
1123 3650 1296 3704 neque
1335 3645 1511 3687 ortum
1560 3633 1753 3694 habet,
1808 3645 1982 3700 neque

745 3745 1018 3785 occasum.
1057 3729 1285 3782 Deorum
1318 3724 1512 3779 deinde
1541 3724 1799 3793 imagines
1820 3736 1869 3777 et
1903 3723 1980 3775 si-

742 3823 980 3877 mulacra
1011 3819 1269 3875 Octavius
1290 3818 1549 3887 exagitat.
1875 3814 1980 3869 509

387 3915 901 3977 CAP.XX|V.Brcvi
970 3915 1188 3984 insuper
1259 3912 1567 3965 inductione
1613 3909 1980 3972 demonstrat,

748 4018 1003 4078 quantum
1034 4006 1084 4058 iu
1117 4003 1454 4059 celebrandis
1476 4002 1826 4072 quorumdam
1855 4000 1984 4055 deo-

744 4115 864 4154 rum
895 4098 1168 4170 mysteriis
1218 4095 1466 4162 ridiculi,
1519 4094 1737 4148 obsceni
1787 4091 1981 4146 crude-

748 4195 932 4262 lesque
965 4196 1098 4246 ritus
1125 4191 1566 4244 observarentur.
1875 4184 1982 4238 512

386 4285 909 4345 Car.XXV.Dehinc
941 4283 1208 4346 ostendit,
1241 4296 1267 4334 a
1295 4281 1512 4336 Caecilio
1539 4294 1818 4349 perperam
1869 4277 1984 4346 jac-

743 4377 879 4432 titari
910 4377 1213 4437 Romanos,
1255 4376 1344 4442 qui
1375 4373 1540 4427 totius
1581 4373 1722 4426 orbis
1759 4371 1982 4440 imperio

741 4471 893 4541 potiti
921 4469 1147 4533 fuerint,
1185 4467 1490 4534 hujusm-vdi
1514 4465 1984 4533 superstitionibus

739 4563 840 4614 rite
865 4560 1186 4613 observatis.
1213 4560 1370 4626 Atqui
1395 4557 1623 4610 Romani
1657 4557 1710 4609 in
1735 4568 1856 4609 ortu
1883 4572 1982 4611 suo
2008 4559 2059 4619 Ι)

743 4661 799 4707 et
828 4653 1029 4706 scelere
1051 4649 1296 4712 collecti,
1325 4657 1380 4703 et
1409 4649 1755 4702 immanitatis
1777 4657 1984 4703 terrore

733 4754 1037 4800 creverunt.
1072 4741 1236 4810 Igitur
1268 4739 1494 4793 Romani
1537 4754 1642 4792 non
1669 4739 1786 4793 ideo
1816 4740 1943 4792 tanti
1965 4783 1978 4806 ,

740 4836 882 4906 quod
913 4834 1180 4904 religiOsi;
1227 4831 1319 4886 sed
1370 4831 1514 4901 quod
1558 4834 1773 4901 impune
1817 4833 1982 4886 sacri-

742 4926 864 4994 lesi-
1878 4922 1982 4976 διες

386 5019 794 5080 CAP.XXVI.EX
826 5017 1000 5071 avium
1033 5029 1193 5084 porro
1238 5013 1494 5084 auspiciis
1541 5022 1701 5084 atque
1743 5017 1978 5084 auguriis

741 5111 1006 5190 vibratum
1041 5109 1225 5162 leviter
1255 5124 1283 5160 a
1313 5108 1528 5164 Ca‘cilio
1561 5113 1760 5176 telum,
1790 5121 1977 5163 contra

740 5206 912 5273 ipsum
940 5203 1192 5258 Octavius
1242 5203 1462 5274 Reguli,
1509 5203 1768 5270 Mancini,
1827 5204 1976 5257 Pauli

743 5307 903 5364 atque
942 5293 1169 5348 Caesaris
1221 5296 1463 5364 exempla
1512 5306 1806 5364 retorquet.
1860 5294 1974 5349 Non

740 5387 910 5454 magis
947 5388 1071 5439 item
1104 5387 1328 5440 Validam
1360 5402 1482 5442 esse
1510 5389 1724 5456 petitam
1755 5402 1818 5439 ex
1848 5401 1970 5440 ora-

740 5479 873 5536 Cttlis
923 5481 1476 5549 argumentationem,
1541 5479 1658 5534 aliis
1709 5480 1974 5549 exemplis

733 5572 1081 5627 demonstrat.
1525 5603 1528 5606 -
1870 5572 1976 5628 520

379 5665 887 5732 (ΣΑΡ.ΧΧγ11.ριι‹›(Ι
941 5677 997 5719 ut.
1028 5665 1196 5720 solide
1234 5676 1483 5735 praestet,
1518 5683 1630 5720 rem
1662 5666 1822 5721 altius
1866 5677 1918 5720 et
1943 5681 1972 5720 a

770 5762 935 5832 prima
968 5775 1064 5816 sua
1104 5760 1308 5828 origine
1333 5761 1545 5830 repetit.
1578 5760 1838 5815 Nimirum
1887 5776 1973 5817 cr-

2473 381 2611 436 roris
2643 377 2763 433 fons
2789 377 2890 431 iste
2916 392 2928 428 :
2956 374 3228 429 daemones
3271 370 3359 426 sub
3382 381 3528 433 statuis
3550 395 3586 437 et

2477 472 2795 543 imaginibus
2856 467 3214 531 delitescunt,
3269 479 3585 534 commorantur

2476 566 2528 619 in
2558 565 2692 618 fauis
2713 605 2726 628 ,
2757 572 2998 616 extorum
3035 559 3192 613 libras
3219 559 3448 622 animant,
3464 565 3584 620 avium

2477 658 2687 712 volatus
2711 656 3046 726 gubernant,
3086 652 3245 704 fortes
3288 663 3475 720 regunt,
3509 672 3586 709 ora.

2479 752 2598 806 cula
2633 749 2890 814 fuudunt,
2937 746 3080 799 falsis
3121 744 3342 797 involuta
3369 751 3586 815 responsis.

2490 841 2867 896 Verumtamen
2902 838 3016 890 haec
3046 849 3149 888 non
3181 848 3208 886 a
3245 833 3367 897 Deo,
3393 835 3469 889 sed
3500 854 3521 891 ιι
3551 856 3588 898 δε

2479 936 2608 1006 ipsis
2637 934 2770 988 facta
2807 932 2970 985 lui-se
3010 927 3165 983 fateri
3217 938 3476 996 coguntur,
3506 948 3588 988 cum

2474 1042 2502 1080 a
2533 1025 2851 1081 Christianis
2887 1038 2981 1091 per
3025 1020 3190 1075 Deum
3221 1033 3386 1072 verum
3409 1020 3586 1090 adiurati,

2476 1120 2544 1174 ab
2589 1118 2826 1174 obsessis
2870 1113 3191 1184 corporibus
3236 1110 3470 1181 fugantur.
3500 1114 3589 1172 lliuc

2476 1230 2606 1270 vero
2635 1213 2970 1268 Christianus
3005 1209 3074 1263 de
3121 1207 3355 1277 proximo
3406 1205 3586 1276 fugitant;

2477 1318 2791 1375 tantumque
2844 1302 3126 1375 gentilium
3187 1300 3236 1354 in
3301 1313 3386 1354 eos
3427 1302 3588 1356 excitant

2483 1400 2663 1455 odium
2687 1441 2700 1465 ,
2757 1406 2814 1452 ut
2842 1397 2962 1451 illos
2991 1403 3117 1448 ante
3164 1391 3401 1460 incipiant
3437 1392 3585 1457 odisse,

2477 1506 2639 1560 quam
2695 1501 2899 1544 nosse:
2934 1501 3001 1540 ne
3045 1483 3289 1553 cognitos
3333 1493 3412 1534 aut
3455 1483 3587 1536 lllillari

2479 1584 2708 1652 possint.
2746 1588 2838 1634 aut
2871 1577 3132 1639 damnare
3159 1589 3262 1628 non
3288 1573 3478 1642 possint.
3523 1575 3590 1629 323

2084 1674 2645 1743 CAP.XXVlll.Neque
2673 1672 2852 1727 odium
2877 1669 3079 1733 Solum,
3127 1666 3221 1720 sed
3250 1665 3446 1722 nefanda
3481 1667 3586 1721 etiam

2513 1769 2617 1823 illis
2667 1765 2902 1820 inferunt
2950 1761 3180 1816 crimina
3202 1800 3216 1824 ,
3256 1774 3365 1827 quae
3391 1773 3414 1810 a
3443 1758 3587 1813 neruiue

2511 1857 2726 1929 probari
2781 1857 3044 1912 hactenus
3098 1858 3388 1921 potuerunt.
3442 1849 3509 1904 Sic
3539 1860 3589 1903 est

2505 1950 2776 2020 negotium
2833 1946 3163 2002 damnentur].
3219 1940 3298 1995 Ab
3348 1940 3457 2008 ipsis
3496 1941 3587 1992 enim

2507 2061 2690 2101 rtunnr
2730 2041 2896 2098 falsus
2920 2048 2977 2096 et
3003 2037 3222 2101 seritur,
3249 2043 3301 2089 et
3327 2032 3512 2088 fovetur.
3534 2031 3587 2086 ln-

2510 2137 2803 2190 vietiSsime
2829 2141 3008 2186 autem
3041 2129 3363 2184 demonstrat
3386 2123 3586 2188 Octavius,

2520 2227 2857 2283 Christianos
2887 2220 3157 2290 sacrilegii
3182 2259 3198 2285 ,
3248 2218 3483 2277 incestus,
3514 2225 3586 2269 stu-

2510 2321 2622 2390 pri,
2677 2317 2950 2388 parricidii
3005 2322 3113 2374 tam
3171 2309 3300 2366 falso
3345 2307 3587 2368 insimulari,

2513 2428 2673 2483 quam
2725 2419 2930 2464 certum
2981 2419 3279 2474 verumque
3324 2409 3424 2456 erat
3465 2399 3586 2454 eadem

2510 2519 2733 2576 prorsus
2760 2501 2983 2556 crimina
3013 2540 3030 2565 ,
3087 2507 3179 2552 aut
3221 2496 3299 2552 his
3332 2493 3510 2548 omnino
3542 2495 3587 2544 si-

2510 2598 2659 2652 milia
2739 2607 2899 2664 atque
2971 2592 3215 2661 majora,
3287 2589 3346 2654 ab
3422 2587 3588 2657 ipsistnet

2511 2691 2743 2748 ethnicis
2781 2704 2970 2757 reapse
3005 2686 3286 2742 committi.
3521 2680 3587 2734 527

2085 2787 2214 2845 CAP.
2245 2784 2439 2844 XXIX.
2464 2784 2573 2840 Nec
2589 2784 2757 2854 magis
2773 2797 2962 2836 verum
2985 2778 3263 2834 hominem
3299 2775 3422 2834 cruci
3440 2784 3588 2845 pmptcr

2509 2891 2604 2931 sua
2635 2874 2860 2930 crimina
2903 2871 3128 2926 aflixum
3161 2886 3188 2922 a
3219 2866 3490 2922 Christianis
3507 2865 3586 2919 coli.

2510 2967 2644 3022 Nam
2688 2981 2810 3020 eum
2858 2980 2962 3018 non
2993 2961 3160 3015 modo
3190 2951 3585 3021 ittnocctttent,sed

2518 3061 2683 3113 Deum
2714 3060 2873 3112 etiam
2903 3071 3026 3110 esse
3061 3055 3250 3110 merito
3273 3053 3475 3107 credunt.
3495 3049 3585 3104 Con-

2513 3158 2596 3214 tra
2634 3165 2760 3208 vero
2810 3147 3012 3203 etbnici
3072 3159 3255 3216 regum
3302 3141 3350 3198 iu
3390 3141 3587 3198 deustise

2511 3243 2904 3312 adscriptorum
2975 3239 3232 3293 iuvoCant
3295 3235 3504 3297 ntitnina,
3543 3228 3582 3280 ad

2510 3337 2770 3406 imagines
2801 3333 3144 3405 supplicant,
3174 3343 3438 3399 eorumque
3457 3323 3582 3395 genius

2512 3433 2818 3501 implorant.
3517 3417 3579 3472 "ait

2084 3529 2212 3588 CAP.
2239 3526 2412 3584 XXX.
2440 3521 2962 3596 lmpudenlissitttam
3007 3534 3220 3591 quoque
3257 3530 3366 3576 esse
3388 3512 3444 3570 de
3465 3517 3584 3581 μουιο

2510 3632 2539 3674 a
2580 3613 2902 3670 Christianis
2953 3610 3173 3664 infantis
3202 3625 3229 3662 a
3261 3623 3313 3662 se
3337 3603 3470 3660 occisi
3505 3613 3581 3651 san-

2509 3711 2671 3782 grtiae
2755 3706 3081 3766 calumniam
3149 3700 3338 3757 evincit
3393 3692 3579 3752 Octavius.

2513 3799 2730 3858 Ethnici
2755 3815 2903 3862 vero,
2952 3796 3129 3868 inquit
3173 3805 3224 3852 et
3255 3803 3425 3862 pueros
3458 3793 3574 3839 recens

2513 3906 2668 3950 natos
2711 3892 3001 3948 crudeliter
3042 3894 3345 3955 exponunt,
3389 3889 3432 3935 et
3465 3877 3573 3949 prius-

2515 4003 2672 4058 quam
2698 3991 3006 4041 nascantur.
3029 3979 3232 4036 crudeli
3256 3983 3423 4038 necant
3439 3971 3576 4024 abortu-

2511 4077 2828 4136 (Zliristianis
2860 4074 3210 4136 homicidium
3239 4083 3331 4126 nec
3354 4058 3576 4121 videretis,

2508 4188 2610 4230 nec
2633 4171 2837 4227 audire.
3514 4149 3578 4205 555

2084 4278 2214 4333 CAP.
2240 4272 2523 4330 XXXl.Ab
2551 4273 2697 4330 omni
2737 4271 2897 4324 etiam
2928 4263 3376 4322 verisimilitudine
3398 4268 3476 4312 tam
3496 4250 3579 4305 alie-

2513 4379 2637 4418 num
2691 4371 2773 4416 est
2841 4358 2984 4428 quod
3037 4354 3345 4422 Christianis
3389 4346 3576 4415 objicitur,

2513 4455 2776 4525 pollutum
2801 4453 3004 4505 incesto
3029 4446 3338 4504 convivium.
3365 4454 3487 4511 quam
3503 4445 3579 4486 (ξων

2514 4557 2619 4602 stat
2650 4546 2838 4600 iucosd
2868 4559 2988 4596 reos
3038 4554 3229 4604 revera,
3267 4550 3374 4592 esse
3405 4523 3575 4600 gentiles.

2511 4641 2942 4696 Christianorum
2991 4634 3235 4689 convivia
3293 4641 3386 4682 non
3439 4625 3574 4673 tantum

2513 4736 2741 4803 tmtlica,
2800 4731 2892 4788 sed
2943 4738 2998 4783 et
3045 4726 3247 4782 sobria.
3292 4721 3480 4780 Tantum
3513 4707 3575 4760 de-

2514 4830 2674 4896 nique
2727 4825 2881 4878 abest
2932 4820 3118 4882 incesti
3159 4814 3369 4886 cupido,
3411 4816 3455 4862 ut
3491 4814 3577 4896 non-

2511 4918 2674 4974 nullis
2719 4915 2900 4972 rubori
2952 4915 3023 4970 sit
3079 4911 3238 4974 etiam
3289 4903 3447 4978 pudica
3486 4890 3572 4948 (έθη-

2503 5011 2732 5081 junctio.
3508 4980 3574 5040 555

2080 5110 2212 5166 CAP.
2234 5105 2638 5176 XXXII.Neque
2667 5103 2768 5158 dici
2806 5108 2979 5171 potest
3000 5141 3012 5163 ,
3046 5096 3362 5151 Christianos
3380 5081 3573 5140 occulunt

2509 5201 2648 5272 quod
2673 5200 2885 5261 Colunt,
2917 5196 3164 5265 quoniam
3217 5190 3347 5244 nulla
3388 5177 3572 5272 delubra}

2497 5295 2778 5363 nullasque
2798 5289 3144 5350 arasbabeut.
3173 5285 3450 5342 Persuasum
3464 5262 3570 5363 siuti}

2491 5388 2612 5442 dem
2642 5353 2774 5454 ipsis
2817 5394 2935 5449 est,
2985 5396 3088 5434 non
3143 5389 3290 5446 posse
3337 5370 3470 5454 Deutn
3502 5353 3571 5454 ullo

2492 5445 2693 5547 W'll‘llt
2720 5445 3088 5532 circumscribi
3113 5508 3128 5532 ,
3145 5445 3242 5520 aut
3270 5461 3377 5530 frugi
3403 5453 3507 5509 illius
3525 5445 3569 5498 si—

2488 5571 2805 5626 mulacrum.
2842 5563 3050 5634 Ubique
3080 5568 3250 5614 autem
3279 5549 3570 5631 praisensont-

2491 5663 2576 5717 nia
2632 5659 2808 5724 videt,
2879 5654 3041 5711 etiam
3094 5646 3387 5706 secretiores
3438 5634 3568 5724 meum

2489 5767 2687 5813 nostra:
2715 5750 3099 5830 cogitationes;
3133 5757 3189 5798 ac
3216 5749 3362 5814 prope
3379 5740 3472 5786 cum
3494 5718 3566 5790 illo,
