3802 6276
334 341 443 401 367

1693 319 1896 381 ιυοιε
1936 316 2290 379 llOLSTENll

3514 317 3606 380 568

339 475 498 517 usum
525 461 768 514 accurata
795 444 1125 521 antiquitatis
1153 398 1391 516 cognitio
1404 440 1469 497 ad
1491 440 1757 512 reliquum
1776 450 1936 492 omne
1962 436 2017 497 Α
2043 451 2149 491 non
2175 432 2452 492 dubitarit.
2485 431 2655 504 Hujus
2697 431 3004 502 exemplum
3031 435 3218 501 postea
3242 427 3492 500 Rigaltius‘
3512 432 3603 491 La-

342 553 641 608 studiorum
683 558 852 617 genus
876 539 1174 595 ornandum
1197 578 1210 600 ,
1240 534 1650 606 augendumque
1698 536 1935 601 prtestet.

343 642 476 698 Cum
502 639 643 696 enim
674 645 821 691 recte
857 629 1149 702 judicares,
1182 625 1314 682 nihil
1342 626 1394 681 in
1439 623 1693 680 Veterum
1725 619 1935 690 scriptis

336 743 448 789 tam
500 731 828 793 abstrusum,
858 734 952 779 aut
997 721 1285 778 obscurum
1313 717 1652 781 delitescere,
1680 714 1807 785 quin
1853 711 1939 766 lu-

338 837 459 880 cem
488 822 718 892 aliquam
744 835 775 874 a
802 815 993 889 priscis
1016 817 1376 868 monumentis
1405 807 1636 865 mutuari
1660 804 1849 879 possit,
1871 818 1936 859 ea

338 915 437 971 tibi
463 926 621 969 causa
649 911 768 976 fuit,
800 924 898 965 cur
925 907 1263 963 bibliothecas
1282 946 1298 972 ,
1336 918 1496 976 quam
1526 898 1933 957 celeberrimam

333 1004 663 1071 instruxisti,
694 1010 931 1059 veterum
963 1000 1283 1065 tabularum,
1316 998 1615 1068 signorum,
1643 990 1932 1048 numisma-

333 1107 476 1166 tum,
506 1106 561 1154 et
586 1095 992 1165 inscriptionum
1015 1090 1437 1163 suppellectilem
1456 1086 1727 1160 copiosam
1748 1082 1936 1154 adjun-

335 1192 523 1260 xeris;
554 1202 612 1247 ut
638 1191 943 1246 universam
977 1188 1203 1244 eruditae
1247 1183 1575 1255 antiquitatis
1618 1181 1933 1237 memoriam

335 1286 619 1344 doctorum
673 1285 949 1339 hominum
999 1280 1170 1337 oculis
1220 1276 1567 1350 spectandam
1618 1273 1932 1344 subjiceres.

332 1378 491 1435 Nunc
510 1392 623 1434 rem
652 1377 820 1447 ipsam
846 1388 1132 1445 cognosce.
1720 1420 1729 1425 ι

407 1469 621 1526 Nummi
645 1476 856 1523 veteres
876 1466 1057 1520 Diana:
1086 1461 1333 1533 Ephesia:
1361 1458 1539 1530 efﬁgie
1567 1456 1778 1528 signati,
1803 1469 1937 1525 quo-

334 1579 458 1620 rum
489 1559 777 1617 nonnullos
808 1557 1018 1613 tabella:
1055 1555 1321 1625 adjuncta:
1358 1551 1649 1613 exhibent,
1676 1563 1743 1604 eo
1769 1562 1798 1601 a
1826 1555 1937 1601 sta-

333 1659 443 1714 tuis
497 1652 773 1712 Menetreii
822 1648 1081 1707 industria
1133 1645 1404 1718 productis
1443 1642 1740 1707 differunt,
1790 1637 1932 1710 quod

336 1756 503 1813 Deam
529 1762 880 1807 mammarum
914 1744 1153 1814 pondere
1197 1751 1447 1797 onustam
1488 1738 1673 1794 tuleris
1717 1734 1938 1806 quibus-

2056 528 2220 593 tetiaa,
2258 536 2316 583 et
2361 523 2689 597 nuperrime,
2731 524 2917 579 iterata
2971 522 3227 589 editione,
3280 521 3453 577 Batavi
3500 537 3603 582 sunt

2041 619 2233 675 secuti.
2254 617 2366 674 Nec
2391 631 2579 688 parum
2610 615 2846 687 praesidii
2877 615 3002 672 huic
3028 613 3365 671 conﬁdentia:
3388 615 3601 673 attulisse

2040 710 2252 769 videtur
2278 709 2417 767 Justi
2464 708 2634 779 Lipsii
2678 707 2990 772 auctoritas,
3037 721 3198 777 quem
3246 706 3600 764 correctionem

2041 806 2198 861 istam
2228 805 2293 861 ad
2325 805 2707 861 TacitiAnnal.
2736 803 2829 858 lib.
2858 817 2936 866 Ill,
2968 796 3349 867 comprobasse
3373 797 3602 855 sciebant.

2042 896 2112 953 Et
2137 896 2191 952 hi
2218 896 2436 968 quidem
2474 911 2663 952 omnes
2706 909 2827 952 cum
2856 905 3044 964 presso
3080 888 3307 959 vestigio
3341 885 3516 944 Ursini
3540 903 3606 945 se-

2040 993 2226 1048 mitam
2249 992 2569 1059 calcassent,
2602 989 2872 1047 diversam
2912 983 3104 1041 institit
3142 978 3503 1039 Geverhartus
3537 978 3609 1037 El.

2040 1083 2424 1147 menhorstins,
2456 1081 2619 1138 homo
2645 1094 2776 1136 sane
2797 1075 2938 1133 baud
2969 1073 3251 1146 indiligens
3284 1091 3299 1126 :
3325 1071 3417 1143 qui
3442 1070 3607 1128 Roma-

2040 1192 2167 1232 nam
2203 1175 2488 1231 lectionem
2520 1180 2734 1229 mntare
2763 1186 2868 1227 non
2895 1182 3080 1234 ausus,
3108 1164 3427 1236 traiectione
3452 1164 3608 1220 verbo-

2040 1284 2159 1326 rum
2189 1268 2365 1324 locum
2398 1267 2593 1322 misere
2620 1264 2821 1320 luxavit
2860 1263 2912 1318 in
2961 1260 3197 1317 editione
3248 1256 3607 1327 Hamburgensi

2040 1360 2252 1430 majori,
2298 1357 2388 1414 ubi
2436 1356 2653 1414 Minucii
2695 1354 2855 1411 verba
2897 1353 2968 1409 ita
3007 1351 3307 1407 deformata
3351 1348 3602 1417 leguntur:

2042 1452 2213 1508 Diana
2235 1452 2434 1509 interim
2457 1462 2528 1506 est
2554 1448 2659 1505 alte
2690 1449 2948 1505 succincta
2975 1445 3210 1501 venatrix
3227 1441 3447 1499 verubus
3468 1451 3608 1496 euru-

2041 1556 2151 1612 cta;
2173 1554 2221 1601 et
2259 1544 2481 1616 Ephesia
2510 1542 2743 1599 mammis
2776 1540 2981 1605 multis;
3005 1547 3050 1594 et
3077 1537 3254 1593 Trivia
3284 1534 3437 1590 trinis
3462 1534 3609 1605 capiti-

2040 1640 2150 1707 bus,
2183 1648 2288 1695 etc.

2113 1729 2220 1787 Sed
2258 1728 2375 1785 haec
2414 1729 2620 1785 leviora
2663 1734 2789 1784 sunt
2826 1741 2938 1799 prae
2976 1725 3104 1792 illis,
3136 1738 3257 1795 qua:
3275 1721 3391 1793 jam
3426 1728 3540 1777 ante
3558 1720 3608 1776 ad

336 1845 462 1903 dam
485 1844 600 1900 sive
625 1838 877 1906 destinis,
899 1851 1036 1909 quos
1060 1834 1329 1906 scipiones
1364 1830 1602 1886 nodosos
1629 1828 1904 1884 existimes
1920 1867 1934 1892 ,
1966 1834 2016 1895 Β
2042 1822 2293 1880 eumdem
2317 1820 2532 1877 Minucii
2557 1821 2730 1876 locum
2755 1827 3093 1875 commentus
3124 1817 3300 1873 fuerat
3330 1816 3518 1872 Petrus
3533 1814 3611 1870 Fa-

334 1941 586 2007 utrinque
605 1935 899 2006 subrigaut.
925 1931 1108 2001 anue
1136 1929 1188 1983 in
1208 1943 1266 1983 re
1286 1927 1358 1982 ita
1374 1933 1686 1982 constanter
1707 1936 1937 1978 consen-

332 2035 478 2089 tiunt
501 2044 710 2096 omnes,
739 2034 1001 2096 quotquot
1024 2020 1156 2087 vidi,
1203 2019 1311 2074 vidi
1348 2027 1528 2072 autem
1567 2030 1727 2087 quam
1767 2012 1936 2084 pluri-

333 2143 476 2193 mos,
520 2135 579 2182 ut
620 2121 963 2179 simulacrum
1013 2116 1303 2187 Ephesium
1353 2114 1483 2170 olim
1529 2111 1720 2168 eodem
1773 2108 1935 2164 modo

326 2220 603 2280 sull'ultum
654 2216 817 2271 fuisse
848 2212 1070 2268 omnino
1096 2207 1474 2263 afﬁrmandqu
1502 2213 1709 2276 putem.
1747 2201 1935 2271 Neque

333 2330 466 2371 vero
493 2327 557 2368 ea
583 2309 653 2366 de
683 2324 742 2365 re
768 2323 868 2363 nos
895 2303 1147 2362 dubitare
1191 2300 1454 2371 permittit
1493 2296 1707 2354 Minucii
1742 2295 1935 2352 Felicis

333 2401 683 2463 eruditissimi
709 2397 987 2471 scriptoris
1033 2396 1215 2460 locus,
1248 2391 1338 2448 ubi
1374 2391 1555 2446 Diana:
1581 2388 1830 2461 Ephesia:
1854 2388 1932 2443 si-
1980 2466 1988 2471 ξ

333 2512 498 2568 gnum
524 2493 770 2549 mammis
798 2487 980 2545 multis
1001 2485 1343 2555 verubusque
1369 2489 1670 2541 extructum
1697 2493 1935 2536 comme-

334 2598 530 2644 morat.
551 2586 655 2644 Sed
682 2584 737 2640 in
779 2584 883 2639 isto
908 2582 1030 2637 loco
1068 2576 1427 2650 pervertendo
1452 2575 1775 2632 Criticorum
1801 2586 1933 2628 acu-

335 2696 461 2737 men
492 2677 715 2735 mirifice
736 2675 995 2731 hactenus
1022 2686 1145 2728 sese
1166 2670 1405 2726 exercuit
1429 2684 1442 2722 :
1462 2667 1598 2724 adeo
1619 2665 1833 2738 quidem
1852 2672 1930 2730 ut,

332 2775 439 2833 nisi
464 2772 710 2830 vindicias
734 2785 801 2827 ex
829 2768 980 2825 libris
1010 2776 1066 2823 et
1095 2765 1456 2822 monumentis
1480 2762 1711 2835 antiquis
1738 2775 1935 2832 oppor-

335 2877 465 2924 tune
481 2866 695 2931 dentur,
723 2861 949 2935 posthac
973 2860 1183 2916 futurus
1211 2858 1282 2913 sit
1305 2855 1649 2913 intestabilis.

407 2958 541 3015 Rem
567 2957 768 3014 clarius
808 2952 1040 3024 explico.
1083 2958 1159 3015 ut,
1193 2965 1353 3020 quam
1379 2947 1665 3003 infeliciter
1688 2944 1842 3001 Felix
1867 2942 1936 2998 ab

335 3050 637 3110 editoribus
661 3055 916 3117 exceptus
936 3085 951 3109 ,
991 3043 1312 3110 habitusque
1349 3038 1510 3094 fuerit
1528 3081 1541 3101 ,
1568 3037 1779 3108 penitus
1808 3049 1934 3106 per-

334 3143 611 3216 spiciatur.
638 3137 894 3208 Princeps
920 3135 1160 3190 Romana
1181 3130 1348 3186 editio
1373 3144 1403 3183 a
1427 3128 1625 3184 Fausto
1650 3126 1843 3183 Sabaeo
1865 3123 1933 3180 ad

2040 1915 2158 1980 her,
2185 1914 2414 1970 celebris
2444 1914 2620 1984 legum
2658 1912 2907 1981 antistes,
2941 1912 3063 1968 libr.
3096 1927 3190 1980 nt,
3228 1912 3493 1967 Setnestr.
3516 1925 3610 1982 cap.

2040 2008 2093 2064 '5.
2123 2006 2174 2063 ls
2224 2006 2337 2063 acri
2387 2007 2750 2078 disputatione
2796 2006 3070 2063 lacessens
3117 2006 3176 2063 S.
3231 2004 3609 2076 Hieronymum,

2037 2100 2182 2174 quod
2217 2101 2438 2157 Dianam
2468 2101 2759 2172 Ephesium
2790 2099 3258 2156 multimannniam
3287 2115 3316 2152 a
3349 2099 3610 2164 venatrice,

2039 2212 2159 2268 qua:
2188 2211 2372 2253 areum
2405 2205 2573 2264 tenet,
2605 2197 2822 2268 alteque
2850 2196 3122 2252 succincta
3150 2203 3272 2263 est,
3303 2193 3610 2263 distinxerit;

2038 2305 2235 2362 magno
2284 2288 2525 2362 quidem,
2564 2289 2661 2345 sed
2708 2289 2864 2345 irrito
2900 2298 3098 2345 conatu
3146 2287 3399 2344 evincere
3444 2287 3609 2356 studet,

2037 2384 2293 2444 Cererem
2318 2400 2669 2441 mammosam
2702 2384 2924 2441 Veteres
2948 2384 3184 2447 novisse,
3220 2382 3445 2439 Dianam
3476 2398 3611 2438 matu-

2038 2493 2246 2536 mosam
2278 2479 2574 2550 ignorasse.
2600 2477 2834 2549 Ideoque
2873 2475 3087 2533 Minucii
3117 2475 3303 2541 verba,
3339 2492 3408 2531 ne
3455 2474 3611 2533 Hieroc

2039 2572 2185 2646 nymi
2207 2587 2424 2628 causam
2456 2571 2645 2642 juvent
2665 2612 2681 2638 ,
2707 2568 3096 2641 distorquendo
3118 2568 3612 2640 corrigendoquesic

2039 2667 2327 2738 interpolat
2370 2684 2384 2723 :
2419 2665 2590 2721 Diana
2627 2666 2831 2721 interim
2871 2674 2944 2720 est
2983 2663 3089 2722 alte
3128 2664 3385 2719 succincta
3419 2662 3614 2719 senatus

2040 2758 2266 2831 Ephesia
2294 2769 2341 2816 et
2372 2759 2607 2813 morantis
2634 2759 2810 2813 multis
2850 2755 3002 2814 Ceres
3041 2766 3293 2813 extructa.
3342 2756 3501 2825 Atqui
3535 2754 3612 2810 hoc

2041 2864 2144 2918 est,
2170 2867 2276 2907 non
2298 2851 2646 2923 depravatum
2673 2850 2939 2921 castigare
2964 2849 3165 2915 locum,
3189 2848 3336 2920 quod
3358 2849 3475 2919 ipse
3492 2848 3550 2903 de
3569 2861 3612 2902 se

2039 2944 2342 3016 praedicat,
2390 2944 2485 3000 sed
2546 2943 2812 3015 integrum
2868 2957 3238 3013 corrumpere.
3288 2940 3613 2997 Abstinuisset

2040 3040 2227 3111 utique
2280 3038 2479 3095 infelici
2531 3037 2932 3095 concertatione
2979 3046 3160 3092 tantus
3206 3036 3310 3103 vir,
3363 3034 3410 3091 si
3463 3034 3611 3090 Diana:

2042 3129 2292 3200 Ephesiae
2338 3131 2550 3201 signum
2583 3137 2773 3198 vetus,
2805 3135 2900 3185 aut
2924 3141 3197 3196 nummos,
3225 3127 3313 3184 vel
3363 3141 3458 3198 per
3495 3134 3610 3181 tran-

334 3236 577 3294 Vatieani
616 3231 819 3290 codicis
872 3228 1034 3285 fidem
1076 3231 1355 3296 procurata
1406 3222 1477 3277 ita
1529 3220 1730 3283 locum,
1774 3233 1933 3290 quem
1962 3222 2009 3287 C
2041 3237 2263 3280 sennam
2291 3222 2636 3294 inspexisset.

333 3329 467 3395 dixi,
496 3325 715 3383 exhibet
737 3340 751 3375 :
779 3320 949 3375 Diana
970 3317 1168 3372 interim
1197 3324 1269 3369 est
1290 3314 1392 3368 alte
1405 3314 1656 3368 succincta
1672 3312 1937 3382 venatrix;

335 3433 387 3479 et
407 3418 636 3490 Ephesia
650 3412 885 3469 mammis
904 3410 1077 3465 multis
1104 3419 1148 3464 et
1166 3408 1379 3463 verubus
1405 3416 1669 3475 extructa;
1698 3414 1745 3462 et
1767 3406 1939 3461 Trivia

340 3514 491 3571 trinis
519 3509 768 3583 capitibus
793 3520 840 3561 et
866 3505 1039 3560 multis
1070 3504 1302 3559 sumtibus
1332 3502 1593 3571 horriﬁca.
1627 3500 1701 3555 Ita
1743 3500 1938 3572 triplex

344 3605 507 3662 unius
557 3602 736 3658 Diana:
794 3612 993 3655 numen
1070 3595 1211 3651 notis
1263 3593 1535 3665 signisque
1586 3590 1940 3660 peculiaribus

337 3687 592 3753 accurate
638 3707 706 3748 ex
759 3688 1002 3745 fabulosa
1053 3686 1329 3758 gentilium
1387 3683 1652 3754 theologia
1699 3681 1940 3738 distinxit

339 3788 584 3846 eruditus
611 3783 860 3852 scriptor.
881 3780 1188 3837 Lectionem
1215 3777 1399 3847 primae
1420 3775 1667 3832 editionis
1688 3773 1939 3844 religiose

346 3879 581 3938 servavit
620 3873 960 3939 Basileeusis,
1001 3882 1055 3928 et
1093 3868 1560 3939 Heidelbergensis
1587 3865 1777 3922 Franc.
1819 3865 1941 3921 Bal-

348 3974 496 4030 duini
523 3989 538 4038 ;
568 3980 678 4026 tum
702 3968 943 4023 Romana
977 3963 1258 4036 posterior,
1289 3977 1410 4032 quae
1444 3976 1508 4016 ex
1538 3958 1713 4015 Fulvii
1755 3955 1940 4014 Ursini

343 4068 664 4125 recensione
705 4060 926 4134 prodiit;
957 4058 1056 4113 nisi
1085 4055 1228 4128 quod
1270 4054 1634 4125 conjecturam
1662 4067 1813 4109 suam
1859 4051 1941 4107 vir

336 4156 741 4218 accuratissime
769 4154 959 4210 doctus
982 4148 1204 4219 margini
1231 4148 1544 4219 appingens,
1570 4161 1676 4201 non
1701 4145 1936 4211 verubus,

336 4254 437 4311 sed
489 4252 725 4307 uberibus
776 4244 1061 4319 legendum
1112 4250 1347 4298 moneat.
1404 4239 1664 4296 Desiderii
1727 4237 1938 4295 lleraldi

336 4342 655 4401 Parisiensis
681 4338 941 4398 Advocati
968 4335 1136 4393 editio
1171 4333 1368 4405 duplex
1407 4331 1602 4389 deinde
1641 4331 1937 4387 Romanam

336 4437 634 4494 lectionem
681 4430 967 4503 expressit,
995 4428 1092 4484 sed
1121 4428 1289 4483 altera
1326 4425 1522 4480 veribus
1562 4440 1668 4480 una
1705 4424 1937 4481 litterula

332 4537 542 4586 mutata
564 4541 661 4598 pro
687 4523 901 4580 verubus
929 4519 1166 4584 exhibet,
1191 4533 1262 4574 ex
1294 4519 1431 4584 ipso,
1461 4526 1517 4571 ut
1549 4525 1733 4583 notat,
1766 4516 1939 4573 veteri

2114 3316 2416 3389 Adjungam
2449 3314 2815 3387 superioribus
2851 3314 3122 3372 celebrem
3170 3327 3317 3368 nunc
3358 3312 3412 3367 in
3459 3309 3609 3368 Galliis

2043 3408 2243 3475 virum,
2269 3408 2370 3464 fori
2417 3407 2574 3478 hujus
2614 3407 2903 3478 antiquarii
2940 3421 3147 3477 regem,
3192 3403 3390 3460 Joann.
3436 3401 3608 3458 Trista-

2042 3516 2171 3558 num
2221 3500 2272 3556 Is
2298 3509 2443 3556 torno
2470 3500 2512 3565 l,
2544 3499 2764 3556 exhibet
2802 3514 3082 3555 nummum
3121 3497 3484 3568 KAAQJINnN.
3518 3495 3605 3550 sire

2044 3594 2418 3653 Caduenorum
2449 3594 2543 3664 (ita
2567 3595 2710 3649 enim
2748 3592 3042 3663 Stephano,
3084 3591 3280 3658 Plinio,
3309 3590 3503 3661 sibique
3529 3585 3606 3657 ipsi

2044 3687 2171 3744 alibi
2199 3688 2377 3742 vocari
2402 3685 2729 3756 ostendam),
2774 3684 2954 3740 Diana:
2997 3682 3249 3753 Ephesia:
3295 3680 3513 3753 imagine
3550 3676 3605 3733 si-

2043 3791 2303 3853 gnatum;
2346 3780 2503 3851 eique
2552 3777 2870 3834 illustrando
2919 3786 3176 3833 vexatum
3211 3774 3422 3831 Minucii
3451 3771 3598 3827 locum

2045 3871 2244 3943 ingenii
2272 3871 2567 3942 periculum
2592 3879 2647 3926 et
2671 3868 2786 3939 ipse
2816 3867 3052 3923 facturus
3071 3865 3309 3923 adducit.
3335 3860 3595 3935 Repudiatis

2044 3962 2208 4034 igitur
2230 3962 2445 4017 verubus
2465 4002 2479 4026 ,
2503 3976 2663 4034 quam
2710 3977 2814 4016 non
2851 3960 3136 4032 genuinam
3179 3957 3393 4012 Minucii
3425 3967 3597 4016 vocem,

2045 4053 2141 4110 sed
2168 4053 2432 4120 Woweri,
2456 4053 2635 4108 omnia
2676 4051 2778 4108 alia
2805 4051 3110 4119 sentientis,
3142 4058 3488 4107 commentum
3513 4043 3599 4102 exi-

2045 4148 2229 4204 stimat
2254 4165 2274 4203 :
2298 4147 2533 4204 uberibus
2554 4148 2771 4220 quidem
2813 4148 3098 4221 legendum
3126 4157 3331 4217 censet,
3362 4146 3447 4204 sed
3471 4146 3598 4214 longe

2044 4241 2174 4308 alio,
2201 4257 2361 4313 quam
2388 4243 2567 4298 emteri
2599 4257 2806 4308 omnes,
2857 4256 3041 4299 sensu.
3090 4239 3306 4298 Etenim
3347 4256 3455 4297 cum
3488 4240 3598 4294 inter

2044 4348 2306 4389 mammas
2335 4341 2391 4389 et
2418 4334 2581 4391 ubera
2609 4346 2701 4389 aut
2732 4334 2962 4401 nullum,
2992 4343 3088 4391 aut
3107 4351 3215 4391 non
3246 4334 3348 4391 nisi
3376 4329 3597 4404 ineptissiv

2048 4440 2195 4482 mum
2222 4425 2512 4482 discrimen
2544 4442 2572 4481 a
2604 4427 2980 4484 Grammaticis
3009 4427 3171 4485 statui
3205 4428 3486 4485 rectissime
3510 4438 3597 4494 per-

2041 4517 2328 4588 spexisset,
2360 4518 2593 4589 ideoque
2628 4519 2715 4573 vix
2748 4519 2867 4574 sine
2908 4518 3041 4574 vitio
3090 4521 3430 4591 tautologiam
3471 4517 3593 4572 istam

334 4619 728 4687 manuscripto,
757 4614 847 4685 qui
875 4611 1070 4667 Leonis
1104 4609 1149 4664 Χ
1189 4607 1549 4664 munificentia
1575 4623 1646 4664 ex
1682 4607 1935 4665 Vaticana
1958 4613 2013 4675 D
2037 4624 2289 4668 accurato
2310 4620 2367 4669 et
2411 4627 2615 4684 pressae
2663 4611 2914 4668 dictionis
2956 4613 3208 4684 scriptori
3258 4612 3412 4669 tribui
3452 4622 3589 4683 pom.

333 4712 656 4771 bibliotheca
686 4709 740 4763 in
770 4706 968 4778 regiam
1002 4702 1268 4773 migravit.
1312 4701 1504 4756 Missus
1529 4702 1670 4756 enim
1703 4702 1800 4757 fuit
1836 4716 1931 4759 co-

334 4807 438 4864 dex
484 4806 572 4861 ille
601 4798 883 4873 singularis
924 4795 990 4851 ad
1030 4792 1376 4849 Franciscum
1436 4807 1615 4861 regem
1660 4809 1762 4848 una
1810 4809 1931 4850 cum

337 4912 538 4956 excuso
563 4890 881 4965 exemplari,
911 4887 1050 4960 quod
1076 4887 1190 4956 ejus
1217 4883 1419 4939 nomini
1448 4884 1680 4941 editores
1709 4885 1934 4943 Romani

334 4992 740 5060 inscripserant.
771 4982 929 5039 Levis
960 4981 1048 5035 illa
1076 4978 1300 5033 mutatio
1341 4977 1628 5033 lieraldnm
1681 4980 1930 5050 perpulit,

328 5093 394 5140 ut
425 5084 542 5153 ipse
586 5080 674 5137 vel
717 5073 951 5131 uberibus
993 5086 1112 5127 cum
1160 5069 1375 5136 Ursino,
1408 5071 1490 5126 vel
1519 5073 1774 5127 tuberibus
1807 5088 1929 5128 cum

332 5175 573 5246 Josepbo
601 5169 893 5239 Scaligero,
939 5162 1222 5236 legendum
1263 5173 1548 5229 censeret;
1588 5165 1640 5220 in
1693 5167 1927 5236 priorem

339 5280 522 5326 tamen
552 5263 916 5335 conjecturam
950 5259 1282 5327 propensior.

407 5363 475 5418 Et
499 5357 790 5430 hiqnidem
830 5352 1154 5427 conjecturis
1185 5361 1409 5409 eatenus
1457 5353 1827 5420 indulserunt,
1872 5363 1928 5411 ut

328 5464 480 5512 textu
510 5447 814 5505 Minuciano
840 5458 1030 5499 manus
1059 5443 1269 5499 interim
1296 5444 1647 5499 abstinerent.
1678 5446 1748 5499 At
1767 5453 1930 5501 caete-

2037 4719 2294 4777 perquam
2320 4706 2597 4777 ingeniose
2624 4722 2873 4761 mammas
2897 4706 3085 4761 multas
3104 4746 3121 4773 ,
3153 4705 3423 4771 uberaque
3451 4702 3590 4759 Diana

2037 4799 2284 4872 Ephesiae
2325 4800 2394 4856 de
2421 4800 2637 4871 turgidis
2686 4800 2946 4869 multoque
2982 4801 3113 4857 lacte
3149 4800 3381 4857 distentis
3425 4793 3592 4855 censuit

2036 4893 2401 4965 explicandas.
2453 4892 2572 4960 Quo
2615 4892 2831 4964 quidem
2868 4891 3070 4959 Ursini,
3116 4901 3173 4950 et
3217 4898 3468 4964 quotquot
3501 4887 3589 4958 ejus

2036 4986 2256 5057 vestigia
2296 4996 2485 5056 postea
2531 4985 2778 5057 legerunt
2826 4985 3151 5041 Criticorum
3198 4984 3588 5059 depravationem

2036 5088 2229 5150 aperte
2241 5079 2487 5151 jugulat;
2517 5078 2732 5136 Minucii
2766 5088 2943 5135 tamen
2980 5089 3220 5136 mentem
3247 5096 3354 5138 non
3379 5087 3456 5136 est
3475 5086 3586 5132 asse-

2032 5182 2208 5241 cutus,
2237 5173 2379 5244 quod
2406 5175 2610 5231 recenti
2640 5184 2697 5231 et
2728 5175 3063 5245 interpolata:
3101 5175 3330 5232 editioni
3348 5188 3473 5247 ,qua
3492 5180 3585 5226 usus

2029 5264 2263 5332 videtur,
2297 5265 2457 5322 fidem
2490 5275 2693 5322 temere
2721 5266 3048 5323 adhibuerit.

2100 5357 2370 5413 C:eterum
2418 5356 2538 5412 istis
2562 5359 2817 5415 omnibus
2856 5359 2909 5414 in
2940 5359 3227 5430 perspicuo
3259 5359 3460 5416 Minucii
3495 5356 3581 5410 loco

2028 5451 2233 5514 oculos,
2266 5458 2611 5523 mentemque
2648 5452 2924 5525 glaucoma
2955 5454 3325 5524 praestrinxit,
3358 5450 3483 5526 quod
3511 5460 3580 5504 tte-

323 5545 374 5600 ri
397 5543 654 5611 deinceps
674 5553 781 5593 non
803 5550 957 5607 :Bqttc
984 5534 1201 5590 fuerunt
1231 5534 1487 5606 religiosi.
1524 5534 1657 5589 Nam
1687 5535 1925 5593 Joannes
2028 5556 2293 5614 quaquam
2321 5543 2665 5612 exploratum
2695 5543 2987 5609 haberent,
3009 5558 3116 5614 quo
3149 5545 3443 5616 significatu
3465 5549 3579 5595 veru

329 5635 658 5702 Wowerius,
689 5631 820 5688 civis
850 5644 1002 5686 meus
1025 5669 1040 5691 ,
1084 5628 1327 5684 doctrina
1370 5637 1425 5683 et
1447 5627 1651 5697 judicio
1687 5630 1922 5699 alioquin
2025 5635 2261 5706 antiquis
2301 5633 2497 5707 lingua;
2523 5635 2701 5693 latina;
2730 5636 3042 5693 auctoribus
3068 5638 3288 5708 proprie
3305 5637 3437 5693 diu,
3456 5642 3575 5689 me.

323 5731 587 5802 praeclare
615 5727 925 5788 instructus,
954 5721 1134 5778 Ursini
1162 5723 1526 5790 conjecturam
1556 5721 1624 5776 ita
1645 5723 1922 5794 amplexus
2025 5734 2224 5799 ptaque
2255 5727 2472 5783 fuerint.
2499 5728 2633 5785 Cum
2677 5730 2819 5786 enim
2851 5730 3111 5787 assatoria
3133 5729 3247 5793 illa,
3277 5731 3385 5786 sive
3404 5721 3573 5785 transis

323 5832 428 5894 εει,
456 5832 515 5882 ιιι
544 5823 595 5881 in
621 5826 931 5907 contextum
966 5813 1183 5871 Minucii
1219 5827 1319 5883 pro
1359 5812 1635 5871 verissima
1679 5815 1923 5890 recipere
2025 5820 2200 5890 xoria,
2232 5828 2292 5877 ut
2316 5819 2509 5895 Papias
2537 5830 2728 5892 vocat,
2756 5837 2982 5895 quorum
3013 5823 3067 5881 in
3095 5822 3324 5899 coquina
3362 5833 3471 5878 usus
3491 5820 3566 5881 est,
