3802 6276
241 346 321 404 569
1244 337 1586 396 EPISTOLA
1624 336 1715 394 DE
1752 334 2080 393 VERUBUS
2120 335 2372 392 DIANIE.

3373 334 3480 390 570

235 473 390 531 etquo:
416 459 463 513 in
491 456 682 513 Gallica
713 455 928 512 Minucii
958 457 1398 529 interpretatione
1422 460 1614 513 merito
1637 453 2024 516 ridetAvidet
2077 453 2389 524 simpliciter
2448 452 2537 508 hic
2579 463 2636 508 et
2699 452 2942 509 absolute
2993 453 3116 510 ferri
3167 453 3218 508 in
3271 453 3472 523 virgam

240 554 486 616 Tristanus,
514 548 578 604 ad
620 548 838 603 Dianam
888 549 1172 619 Epliesiam
1211 548 1588 605 exstrueudam
1641 547 1776 603 nihil

239 646 478 718 quidquam
505 640 670 695 facere
700 639 980 705 viderent;
1023 656 1130 694 non
1178 640 1280 694 nisi
1317 640 1384 694 de
1421 640 1622 694 verutis
1663 641 1778 694 sive

242 739 394 810 jaculis
419 735 574 790 Diante
599 731 886 786 venatricis
914 732 1213 788 Minuciana
1234 747 1386 786 verna
1414 731 1581 801 accipi
1610 731 1777 801 expli-

245 829 424 900 carique
452 838 588 898 posse
602 837 704 876 uno
725 837 938 888 omnes,
963 822 1105 894 quod
1137 825 1322 890 miror,
1351 839 1622 879 consensu
1646 839 1776 878 cen-

245 931 444 978 suerunt.
469 917 599 974 Unde
622 914 842 977 factum,
878 925 934 970 ut
970 924 1049 970 tot
1080 917 1276 971 summi
1303 926 1355 970 et
1379 915 1773 986 incomparabi-

243 1013 306 1070 les
331 1013 410 1066 viri
442 1008 499 1064 ad
524 1021 696 1062 vocem
727 1005 878 1061 illam
908 1006 1332 1077 interpolaudam
1359 1008 1602 1063 certatim
1642 1022 1772 1063 con-

238 1107 457 1180 spirarint.
481 1103 585 1174 Ego
611 1117 740 1158 vero
759 1101 1020 1157 adversus
1046 1101 1382 1172 conjuratum
1411 1116 1601 1172 agmen
1618 1117 1772 1157 cerua

233 1200 311 1256 ista
349 1207 478 1254 extra
526 1195 708 1249 vitium
759 1209 882 1249 esse
937 1192 1168 1260 afﬁrmo,
1219 1208 1389 1264 eaque
1437 1207 1538 1248 nec
1589 1194 1770 1248 Diana:

226 1289 565 1362 Epliesire,nec
613 1285 847 1342 Minucio
885 1284 1245 1341 subtrahenda
1301 1284 1580 1356 pertendo.
1635 1285 1768 1340 Nam

224 1401 346 1440 rem
367 1384 489 1445 lucc,
520 1381 709 1452 quibus
736 1380 956 1436 Dianam
978 1395 1131 1435 suam
1153 1379 1500 1436 exstruebant
1527 1378 1767 1447 Ephesii,

226 1494 308 1536 non
334 1478 426 1549 pila
448 1485 534 1532 aut
552 1484 738 1530 veruta
750 1484 898 1541 sunt,
918 1474 1012 1530 sed
1036 1474 1294 1530 tulmeuta
1318 1473 1492 1529 ferrea
1513 1473 1765 1544 oblonga,

226 1585 319 1641 qua:
339 1567 543 1623 brachiis
571 1566 847 1637 supposita
879 1572 1044 1621 totam
1081 1565 1362 1620 mammosi
1396 1564 1630 1636 pectoris
1646 1580 1764 1620 mo-

232 1663 316 1719 lem
335 1659 662 1717 sustiuebant.
716 1705 758 1720 κ

291 1755 393 1812 Cum
411 1754 534 1811 enim
561 1751 997 1822 antiquissimum
1025 1750 1126 1806 hoc
1149 1752 1360 1821 signum
1391 1751 1457 1807 ad
1484 1751 1766 1824 Egyptio-

1878 545 2161 617 oblongam
2191 547 2434 617 producti
2481 560 2711 600 massam
2741 546 2981 616 intelligi,
3014 562 3117 616 qua
3143 545 3312 602 forma
3360 545 3472 604 fere

1877 650 2038 692 omne
2065 638 2260 692 ferrum
2287 637 2417 692 rude
2444 645 2500 692 et
2526 636 2780 692 infectum
2805 639 2964 708 vulgo
2994 640 3158 693 venit.

1952 727 2149 783 Verum
2178 729 2309 784 nihil
2337 728 2403 783 ad
2435 727 2648 784 Minucii
2677 740 2933 794 tuentem,
2952 737 3006 784 et
3034 730 3128 795 rei,
3148 729 3215 786 de
3239 745 3342 800 qua
3362 730 3473 800 agi-

1876 826 1980 884 tur,
2041 819 2447 875 illustrationem
2519 818 2696 875 afferri
2758 829 2935 890 potest
2980 821 3156 890 aptius
3226 823 3470 876 versibus

1874 909 2148 966 Prudentii
2200 927 2266 966 ex
2314 913 2472 982 priori
2525 924 2710 967 contra
2764 913 3148 984 Symmachum
3196 915 3472 980 carmine;

1872 1003 2064 1072 quibus
2089 1003 2420 1072 geminorum
2444 1004 2663 1059 fratrum
2690 1003 2926 1059 Castoris
2949 1016 3004 1060 et
3030 1005 3262 1060 Pollucis
3301 1005 3473 1060 simu-

1871 1093 2015 1148 lacra
2044 1093 2297 1150 describit
2327 1109 2393 1148 eo
2438 1095 2618 1150 habitu
2668 1103 2950 1166 gestuque,
2982 1113 3088 1167 quo
3117 1107 3242 1151 tunc
3280 1097 3333 1151 iu
3375 1111 3470 1151 sua

1871 1185 1971 1241 sibi
2016 1185 2131 1242 :ede
2179 1185 2248 1242 ad
2299 1187 2440 1242 viam
2473 1201 2680 1242 sacram
2733 1187 3066 1244 visebantur.
3133 1188 3328 1245 Versus
3383 1188 3470 1244 isti

1872 1286 1996 1332 sunt
2023 1294 2034 1332 ε

2001 1428 2012 1441 .
2036 1452 2058 1456 _
2083 1426 2096 1440 .
2166 1425 2178 1439 .
2250 1428 2261 1441 .
2290 1453 2301 1456 _
2331 1391 2522 1442 Gemini
2549 1405 2755 1456 quoque,
2781 1394 2966 1445 fratres

2026 1452 2259 1520 Corrupta
2273 1453 2338 1503 de
2353 1461 2511 1520 matre
2537 1452 2692 1520 nothi,
2737 1455 2922 1520 Ledeia
2947 1457 3130 1520 proles,

2024 1515 2358 1579 lﬁocturnique
2380 1518 2593 1578 equites,
2619 1515 2766 1567 celsze
2787 1518 2884 1569 duo
2909 1515 3102 1569 numina
3117 1515 3310 1578 Romae,

2026 1576 2327 1646 impendent
2355 1576 2610 1646 retinente
2629 1585 3054 1646 veru,imagnique
3078 1576 3315 1644 triumphi

2023 1639 2204 1690 Nuntia
2226 1640 2412 1689 suffuso
2433 1640 2590 1703 ﬁgunt
2611 1639 2821 1706 vestigia
2847 1639 3063 1706 plumbo.

1869 1761 2135 1832 Graphice
2159 1764 2394 1836 depingit
2422 1766 2707 1821 Dioscuros
2729 1769 3058 1824 currentium
3085 1777 3237 1839 gestu
3262 1772 3331 1826 ita
3350 1771 3438 1827 eft'i
3455 1801 3472 1814 -

239 1866 331 1908 rum
341 1848 704 1906 simulacrorum
729 1846 898 1900 instar
910 1843 1134 1915 pedibus
1160 1852 1464 1900 essetarcte
1489 1860 1760 1915 compres-

1942 1867 2062 1922 itos,
2095 1866 2151 1911 ut
2190 1869 2342 1912 extra
2377 1859 2815 1928 perpendiculum
2852 1869 2905 1914 et
2931 1861 3078 1915 basin
3105 1863 3469 1932 prominentes

237 1945 310 2010 sis,
353 1941 518 1998 tantilla
569 1939 715 1996 basis
784 1938 1200 2009 superimposito
1247 1940 1493 2008 corporis
1545 1938 1767 2009 ponderi

228 2035 406 2093 ferendo
429 2035 608 2103 impar,
635 2031 979 2088 adminiculis
1003 2029 1354 2086 sut’fulcienda
1410 2030 1538 2096 fuit;
1572 2031 1766 2100 quibus

217 2127 455 2184 subtractis
493 2126 799 2182 universam
836 2125 1032 2179 molem
1076 2122 1326 2179 fatiscere
1355 2133 1408 2178 et
1436 2123 1631 2179 collabi
1668 2140 1762 2179 ne-

211 2234 388 2276 cessum
413 2227 537 2273 erat.
573 2217 650 2272 Ea
701 2215 866 2270 fulcra
915 2215 1029 2270 sive
1082 2215 1465 2278 sustentacula,
1513 2214 1656 2284 quod
1697 2230 1762 2270 ex

203 2310 328 2367 ferro
375 2310 564 2380 longius
617 2307 876 2378 producta
913 2315 1112 2374 essent,
1144 2306 1406 2362 Minucius
1453 2307 1667 2377 propria
1708 2313 1764 2362 et

196 2404 396 2474 eleganti
439 2416 562 2458 voce
590 2417 745 2456 verita
769 2400 924 2465 dixit,
968 2415 1076 2455 non
1119 2399 1404 2470 sequioris,
1454 2413 1562 2468 quo
1606 2399 1759 2465 vixit,

195 2497 276 2554 sed
298 2496 548 2566 Augustzei
586 2494 770 2550 surculi
805 2508 959 2548 usum
986 2500 1222 2548 secutus.
1268 2490 1402 2546 Nam
1431 2489 1759 2547 Glossarium

203 2588 398 2644 latinum
438 2587 649 2658 optima:
685 2594 849 2652 notae,
881 2583 1026 2656 quod
1080 2586 1132 2640 in
1181 2584 1354 2640 tribus
1382 2583 1760 2640 vetustissimis

198 2681 435 2736 codicibus
474 2678 745 2735 Vaticanis
795 2687 991 2747 exstat,
1045 2693 1197 2733 verna
1243 2678 1409 2748 virgas
1435 2687 1482 2731 et
1535 2676 1760 2748 virgulas

189 2779 360 2846 ferreas
381 2774 768 2844 interpretatur.

247 2868 468 2936 Eamque
517 2866 936 2938 explicationem
989 2880 1172 2920 veram
1200 2879 1262 2920 ac
1300 2865 1587 2935 genuinam
1636 2879 1757 2922 esse

191 2973 270 3014 res
293 2959 392 3027 ipsa
419 2972 499 3013 me
541 2958 764 3012 docuit:
793 2957 945 3023 cujus
987 2957 1147 3010 etiam
1195 2970 1339 3010 nunc
1365 2967 1418 3011 te
1447 2956 1756 3013 meminisse

190 3054 407 3119 arbitror,
423 3052 853 3109 Eminentissime
867 3050 1185 3114 Cardinalls,
1202 3049 1341 3120 quod
1364 3050 1516 3120 juxta
1543 3065 1751 3106 mecum

181 3149 338 3205 oculis
362 3164 464 3205 eam
485 3149 608 3202 olim
643 3146 1011 3216 usurpaveris.
1048 3139 1184 3200 Anni
1213 3145 1354 3200 enim
1386 3155 1530 3209 sunt,
1573 3143 1628 3199 ni
1655 3144 1751 3199 fal-

1871 1950 2236 2018 spectantibus
2281 1966 2388 2006 non
2441 1953 2557 2007 sine
2607 1953 2850 2019 horrore,
2885 1967 2948 2008 ac
2976 1963 3120 2009 metu
3159 1954 3468 2023 impendere

1869 2044 2197 2100 viderentur.
2228 2045 2724 2117 lmpendeutenitn,
2773 2066 2892 2118 quze
2920 2063 3082 2119 supra
3131 2060 3288 2120 caput
3326 2052 3468 2120 jam-

1861 2135 1972 2205 jam
2005 2151 2196 2192 casura
2217 2139 2470 2208 pendent,
2504 2150 2560 2195 ut
2589 2150 2732 2196 recte
2754 2143 2825 2197 ait
2860 2141 3028 2197 Valla.
3053 2142 3238 2198 Timor
3261 2153 3466 2208 autem,

1866 2233 1920 2280 et
1948 2225 2228 2282 admiratio
2254 2229 2394 2299 apud
2422 2229 2556 2286 rude
2581 2241 2636 2286 et
2657 2232 3088 2301 superstitiosum
3119 2234 3303 2305 vulgus
3334 2235 3460 2288 reli-

1864 2317 2035 2388 gionis
2077 2321 2381 2388 Opinionem
2466 2321 2803 2377 conciliabat.
2853 2324 2986 2378 Eum
3055 2334 3256 2380 metum
3309 2335 3464 2396 poeta

1864 2409 2197 2467 Christianus
2227 2412 2384 2478 ridet,
2411 2428 2533 2468 cum
2572 2415 2776 2469 nullum
2823 2426 2968 2471 esset
2995 2417 3181 2482 ruiuzn,
3207 2425 3298 2471 aut
3329 2416 3467 2486 fuga:

1864 2502 2193 2571 periculum;
2234 2503 2377 2574 quod
2429 2519 2582 2569 veru,
2628 2505 2728 2560 hoc
2773 2515 2876 2568 est,
2927 2509 3092 2562 vectis
3141 2509 3251 2563 sive
3297 2525 3466 2564 uncus

1862 2593 2068 2650 ferreus
2096 2610 2127 2650 a
2159 2604 2306 2664 tergo
2352 2596 2546 2652 infixus
2583 2611 2678 2652 eos
2715 2597 2992 2665 retineret,
3027 2600 3292 2670 pedesque
3321 2601 3463 2656 basi-

1860 2686 1962 2742 bus
1987 2687 2320 2756 applumbati
2347 2690 2548 2743 moveri
2579 2705 2685 2744 non
2720 2700 2958 2759 possent.

1933 2781 2134 2851 Duplex
2165 2780 2266 2836 hoc
2301 2783 2714 2837 retinaculorum
2742 2799 2931 2855 genus,
2990 2787 3141 2856 queis
3185 2789 3462 2844 numinum

1857 2872 2140 2926 simulacra
2157 2873 2240 2926 vel
2267 2872 2340 2926 uti
2359 2873 2581 2928 vinculis
2598 2873 2882 2929 constricta
2904 2875 3335 2948 deﬁgebantur,A
3347 2896 3466 2935 rno-

1856 2962 1977 3018 bius
2005 2964 2251 3019 similiter
2274 2964 2397 3018 libr.
2420 2980 2471 3018 vr
2491 2963 2808 3021 Nationibus
2834 2968 3118 3038 exprobrat
3155 2987 3168 3024 :
3206 2988 3224 3021 ι
3253 2968 3308 3024 Si
3343 2986 3463 3040 pcr-

1857 3057 2126 3123 manendi,
2162 3058 2348 3128 inquit,
2384 3060 2755 3115 necessitatem
2803 3061 3087 3130 patiuntur,
3119 3063 3244 3132 quid
3292 3065 3458 3120 misc-

1856 3151 1967 3206 rius
1991 3151 2072 3205 his
2100 3165 2238 3215 esse,
2290 3162 2383 3204 aut
2423 3151 2550 3219 quid
2584 3152 2840 3208 infelicius
2868 3156 3082 3223 poterit,
3112 3171 3269 3226 quam
3297 3158 3341 3212 si
3366 3173 3462 3213 eos

169 3239 264 3307 lor,
297 3240 606 3312 quindecim,
639 3255 761 3294 cum
786 3237 1110 3294 Jesuitarum
1155 3239 1384 3292 societas
1431 3235 1497 3290 ad
1527 3235 1584 3291 S.
1635 3236 1750 3291 An-
1776 3231 1822 3297 C
1856 3243 1908 3298 iu
1947 3244 2164 3300 basibus
2191 3245 2261 3299 ita
2291 3246 2407 3300 unci
2438 3247 2670 3300 retinent
2695 3258 2750 3301 et
2781 3247 3042 3316 plumbea:
3071 3249 3399 3306 vinctiunes?
3433 3272 3452 3304 ι

167 3331 306 3386 circa!
331 3331 379 3386 in
399 3331 672 3399 Quirinali,
691 3329 820 3384 dum
838 3345 990 3384 novae
1010 3327 1378 3384 aediﬁcationis
1403 3327 1749 3383 fundamenta

164 3424 466 3487 moliretur,
511 3422 718 3493 lapides
765 3422 970 3489 aliquot
1019 3421 1329 3476 Tiburtinus
1404 3418 1747 3490 przrgrandes

160 3513 348 3570 ordine
365 3515 618 3586 quadrato
637 3514 928 3584 dispositos
948 3511 1242 3568 offenderet
1265 3529 1278 3565 :
1299 3526 1526 3583 quorum
1549 3513 1657 3565 duo
1677 3511 1749 3566 ita

162 3618 316 3665 erant
355 3610 608 3679 inscripti,
654 3609 733 3664 uti
773 3625 895 3664 cum
923 3618 975 3664 te
996 3609 1220 3679 jubente
1246 3618 1302 3665 et
1330 3607 1750 3667 adminiculante

160 3715 225 3756 ex
247 3716 376 3759 saxo
395 3703 604 3771 scabra,
625 3712 681 3758 et
709 3703 849 3757 male
875 3702 1040 3773 polito
1060 3702 1246 3774 excepi
1269 3721 1282 3756 :

433 3838 586 3896 Haec.
615 3855 778 3896 anna.
803 3856 982 3896 mea.
1011 3855 1218 3896 naaccs

441 3947 837 3988 DEFINITIONEI.
867 3947 1130 3988 CIPPORVII

432 4041 644 4081 CLAVSA.
667 4039 905 4079 VERIBVS.
936 4040 1027 4079 ET.
1061 4041 1182 4080 ΑΒΔ.
1215 4041 1354 4091 QVAE

433 4134 525 4173 EST
552 4133 796 4172 INFEBIVS
823 4131 1087 4172 DEDICA'I'A
1115 4133 1211 4172 EST
1256 4134 1320 4173 AB

433 4226 538 4267 IIP.
567 4226 825 4266 CAESARE.
859 4224 1169 4266 DOMITIANO.
1199 4227 1316 4266 AVG.

431 4320 749 4361 GBRIANICO.
785 4320 874 4359 EX.
907 4319 1071 4359 VOTO.
1107 4319 1370 4361 SVSCEPTO

433 4419 589 4470 QVOD.
620 4421 731 4460 ΒΝ.
756 4421 918 4459 ERAT.
950 4419 1286 4461 NEGLECTVM.
1312 4419 1431 4460 NEC.

436 4513 624 4553 REDDIT
633 4512 726 4552 VM.
765 4511 1123 4552 INCENDIOBVM

432 4604 805 4646 ABCENDORVI.
839 4603 1005 4645 CAUSA

235 4723 374 4794 Cippi
393 4725 464 4781 illi
513 4735 740 4796 utroque
764 4723 932 4780 latere
963 4724 1083 4779 bina
1111 4724 1398 4791 foramina,
1427 4733 1482 4780 et
1520 4739 1747 4782 vernum

181 4813 268 4872 sive
292 4818 553 4889 virgarum
582 4818 879 4872 ferrearum
909 4817 1129 4888 vestigia
1175 4816 1396 4887 plumbo
1425 4817 1748 4873 circumfusa

179 4908 470 4973 servabant;
501 4911 693 4979 quibus
725 4910 851 4963 olim
887 4909 1028 4964 inter
1057 4925 1116 4964 se
1144 4909 1414 4978 conjuncti
1438 4925 1617 4965 aream
1667 4911 1750 4965 in-

177 5002 400 5057 teriorem
427 5003 497 5056 ita
525 5003 853 5068 clauserant,
884 5018 951 5058 ne
977 5003 1153 5057 aditus
1201 5003 1363 5072 vulgo
1407 5011 1632 5071 pateret.
1672 5002 1748 5058 Ibi

176 5095 258 5148 litin
281 5095 461 5163 reipsa
491 5095 760 5164 perspexi.
789 5095 1000 5164 egregie
1022 5093 1213 5148 falsum
1235 5108 1354 5148 esse
1374 5093 1437 5148 N.
1462 5092 1748 5163 Rigaltium

173 5176 422 5241 hominem
451 5187 594 5241 naris
614 5185 1050 5251 emunctissimre,
1079 5185 1206 5240 dum
1231 5184 1297 5240 ad
1323 5185 1527 5240 Finiutu
1555 5200 1745 5254 regun-

172 5273 339 5336 dorum
367 5281 662 5352 scriptores
686 5295 850 5336 verna
878 5281 979 5335 ista
1005 5281 1214 5350 stipites
1238 5281 1407 5334 instar
1434 5279 1746 5334 subularum

173 5379 452 5434 Drmcutos
479 5372 734 5442 explicat,
773 5387 892 5441 qua:
923 5370 1055 5426 nihil
1080 5371 1360 5436 acuminis,
1400 5379 1489 5426 aut
1515 5371 1749 5439 eaSpidis

175 5455 401 5520 habuisse
433 5465 602 5521 oculis
631 5463 982 5534 manibusque
1007 5477 1388 5533 cognoveram.
1423 5461 1626 5516 Eodem
1654 5475 1749 5516 ve-

177 5559 361 5613 lnstatis
384 5573 548 5614 sensu
573 5557 856 5613 Marcellus
883 5559 1133 5625 antiquus
1177 5557 1252 5611 rei
1294 5555 1509 5611 Medica:
1539 5564 1746 5622 auctor,

165 5656 419 5728 sanguinis
479 5653 742 5726 proﬂuvio
772 5669 841 5709 ex
892 5654 1115 5710 naribus
1164 5653 1404 5708 sistendo
1453 5651 1750 5722 praescribit

159 5749 264 5819 Cap.
309 5749 423 5804 l0:
459 5763 480 5801 r
521 5744 662 5802 Veru
693 5744 926 5804 ferreum
975 5745 1210 5800 candens
1255 5745 1307 5799 in
1337 5753 1490 5800 aceto
1533 5742 1748 5800 assidue

151 5840 419 5910 extingite,
443 5847 498 5894 et
522 5836 727 5892 fumum
757 5837 874 5907 ejus
917 5838 1140 5893 naribus
1165 5837 1364 5894 ducito.
1395 5855 1412 5888 ι
1461 5836 1590 5904 Quis
1637 5849 1742 5891 non

1855 3333 2152 3405 Utrumque
2200 3335 2358 3390 etiam
2411 3336 2685 3407 conjuugit
2713 3337 2798 3392 lex
2843 3337 2886 3393 ll
2923 3339 3036 3410 Dig.
3064 3340 3130 3395 de
3159 3334 3458 3411 Sepulcliro

1855 3427 2070 3484 violato.
2093 3445 2111 3480 ι
2145 3427 2334 3484 Celsus
2356 3430 2545 3500 quwrit
2574 3430 2616 3484 si
2651 3446 2824 3501 neque
2854 3433 3196 3502 applumbata
3224 3433 3322 3489 fuit
3347 3446 3455 3490 sta-

1852 3529 1962 3590 tua,
1995 3537 2168 3592 neque
2195 3522 2376 3588 afﬁxa,
2424 3539 2490 3576 au
2522 3539 2644 3592 pars
2675 3527 3006 3581 monumenti
3044 3527 3237 3583 effecta
3263 3529 3350 3593 sit,
3379 3545 3445 3584 an

1853 3630 1982 3671 vero
2003 3623 2216 3670 maneat
2242 3619 2291 3669 in
2316 3617 2466 3671 bonis
2489 3617 2706 3673 nostris.
2735 3638 2754 3670 ι
2780 3618 2883 3673 Sed
2904 3619 3222 3676 Prudentius
3241 3636 3453 3693 quoque

1851 3707 2066 3763 Minucii
2095 3707 2258 3764 fatum
2287 3720 2340 3765 et
2381 3711 2576 3765 malam
2608 3711 2926 3768 Criticorum
2956 3729 3172 3771 manum
3202 3724 3258 3771 ut
3284 3732 3451 3788 εκμε-

1851 3803 2068 3871 riretur,
2112 3805 2354 3875 ejusdem
2399 3806 2642 3862 vocabuli
2691 3824 2796 3862 non
2836 3809 2968 3864 satis
2995 3819 3142 3866 recte
3169 3811 3452 3866 observata

1850 3893 2172 3964 signiﬁcatio
2200 3897 2338 3952 fecit.
2368 3897 2516 3954 Unde
2540 3898 2650 3968 jam
2680 3899 2804 3953 olim
2848 3900 2900 3954 in
2939 3902 3259 3969 pervetustis
3285 3917 3453 3957 mem-

1850 3985 2031 4042 branis
2057 3988 2326 4044 Vaticana:
2349 3991 2714 4058 Bibliotheca,
2743 3992 2986 4047 retinente
3029 3994 3159 4060 solo,
3208 4010 3303 4064 pro
3329 3997 3453 4049 reti-

1852 4090 1998 4134 nente
2021 4097 2160 4148 veru,
2189 4082 2539 4138 substitutum
2594 4083 2776 4140 videre
2805 4093 2890 4140 est
2919 4103 2931 4138 :
2957 4100 3116 4155 quam
3165 4086 3447 4141 lectionum

1852 4172 2059 4238 Aldius,
2090 4173 2288 4243 aliique
2317 4175 2432 4241 ejus
2461 4175 2617 4230 ﬁdem
2648 4176 2815 4231 secuti
2841 4187 3241 4245 expresserunt.
3276 4176 3447 4232 Cenr-

1850 4267 1968 4336 gius
1997 4277 2174 4320 autem
2207 4266 2501 4332 Fabricius,
2531 4282 2649 4320 cum
2683 4267 2737 4320 in
2774 4268 2883 4321 suis
2912 4270 3304 4337 exemplaribus
3331 4274 3454 4324 reti-

1851 4368 2000 4413 nente
2033 4375 2152 4414 veru
2180 4367 2492 4414 constanter
2517 4359 2773 4428 scriptum
2801 4361 3107 4430 reperissct,
3142 4379 3242 4418 nec
3271 4371 3448 4418 tatnen

1851 4451 2126 4522 proprium
2159 4451 2304 4505 vocis
2330 4466 2481 4505 usum
2505 4451 2645 4520 apud
2672 4451 2895 4508 Veteres
2920 4454 3051 4508 satis
3081 4453 3301 4511 haberet
3323 4473 3447 4526 per-

1850 4551 2114 4614 spectum,
2142 4542 2207 4599 ad
2229 4543 2641 4611 correctionem,
2671 4559 2878 4599 sacram
2901 4544 3220 4602 Criticorum
3243 4548 3446 4602 ancho-

1769 4624 1824 4684 D
1848 4650 1985 4698 ram.
2015 4679 2030 4702 ,
2055 4635 2312 4706 confugit.
2360 4634 2619 4701 Quocirca
2666 4650 2786 4692 cum
2829 4636 3116 4695 Dioscuros
3142 4638 3306 4695 hastis
3336 4639 3448 4694 sive

1851 4729 1972 4800 pilis
1991 4728 2058 4783 ad
2079 4727 2450 4783 decursionem
2482 4727 2644 4799 vulgo
2671 4729 2866 4784 armari
2891 4732 3071 4794 sciret,
3103 4747 3228 4786 veru
3254 4731 3354 4785 hoc
3382 4748 3447 4786 ex

1851 4823 1970 4880 rudi
1996 4833 2050 4878 et
2101 4823 2293 4877 obtuso
2323 4822 2464 4878 ferro
2499 4823 2552 4877 in
2585 4833 2827 4878 verutum
2860 4823 3082 4894 cuspide
3121 4824 3366 4894 spicavit,
3401 4836 3454 4878 et

1850 4915 2166 4985 interpolata
2209 4915 2463 4980 dictione,
2495 4915 2784 4983 impendent
2835 4915 3147 4984 retinentque
3198 4931 3336 4981 veru,
3380 4915 3450 4970 de

1847 5023 1966 5074 suo,
2015 5023 2122 5078 quo
2171 5007 2425 5077 pollebat,
2466 5006 2679 5075 ingenio
2731 5005 3011 5074 procudit;
3067 5019 3236 5074 eaque
3287 5007 3446 5062 lectio

1849 5101 2043 5156 exinde
2091 5101 2372 5170 plerasque
2401 5098 2726 5154 recentiores
2769 5096 3034 5151 editiones
3061 5097 3274 5152 insedit.
3303 5098 3450 5151 Tan-

1850 5201 1964 5248 tum
1987 5206 2115 5246 vero
2131 5191 2340 5256 absum,
2369 5203 2487 5243 eam
2517 5197 2575 5242 ut
2613 5187 2860 5257 probem,
2894 5198 2950 5241 ut
2979 5199 3165 5243 contra
3219 5188 3445 5256 priscam

1850 5294 1904 5340 et
1929 5284 2212 5354 genuinam
2263 5279 2536 5334 mordicus
2585 5279 2721 5333 tueri
2765 5294 2870 5334 non
2901 5279 3162 5346 dubitem,
3195 5293 3315 5334 cum
3371 5283 3448 5336 rei

1849 5377 2018 5446 ipsius
2045 5370 2442 5443 perspicuitate,
2470 5380 2581 5424 tum
2614 5379 2853 5424 veterum
2904 5370 3162 5425 librorum
3212 5372 3447 5424 auctori-

1849 5476 1960 5522 tate
1988 5467 2152 5520 fretus
2175 5481 2189 5518 :
2215 5464 2267 5518 in
2299 5463 2490 5532 quibus
2519 5463 2670 5517 facile
2695 5461 2988 5533 principem
3011 5471 3186 5517 statuo
3211 5463 3451 5519 codiceni

1854 5556 2356 5630 praestantissimum
2388 5553 2660 5609 Urbinatis
2699 5553 3068 5620 Bibliotheca,
3117 5569 3237 5623 quae
3282 5571 3451 5621 mner

1855 5650 2141 5708 Alexandri
2180 5647 2389 5718 septimi
2433 5645 2811 5715 sapientissimi
2857 5645 3133 5701 Pontiﬁcis
3159 5647 3449 5700 immortali

1851 5743 2116 5799 beneficio
2179 5740 2448 5797 Vaticanze
2513 5737 2772 5804 accessit;
2820 5738 2870 5793 in
2921 5752 3029 5808 quo
3080 5737 3148 5793 ita
3197 5740 3452 5807 scriptum

1848 5834 2051 5905 reperi.
