3802 6276
392 330 492 387 571
1652 319 1741 375 es
1791 313 2050 376 MlNUClt
2085 312 2383 372 OCTAVIO
3521 323 3592 381 δη

464 447 589 504 Haec
615 446 681 502 ad
723 445 920 500 Dianae
949 431 1197 510 Ephesiae
1225 439 1446 504 statuas,
1501 428 1854 505 nummOSQue
1893 450 1986 490 ve-
2013 436 2066 496 Α
2093 441 2151 490 ut
2185 433 2375 489 illustri
2418 433 2666 501 exemplo
2705 431 3068 495 ostenderem,
3095 431 3400 500 antiquitatis
3422 437 3591 500 studium

393 553 537 597 teres
561 537 902 594 illustrandos
922 535 1131 602 scripsi,
1149 543 1207 587 ut
1231 537 1412 585 mutua
1435 528 1745 585 eorumdem
1760 543 1864 599 ope
1883 529 1990 583 duo
2095 539 2202 584 non
2224 527 2549 584 metiendum
2581 527 2720 581 inani
2755 525 3128 591 delectatione,
3151 525 3243 582 sed
3269 541 3404 584 suum
3427 530 3488 587 illi
3506 550 3594 594 con.

393 643 632 688 veterum
663 627 981 697 scriptorum
1015 623 1131 678 loca
1179 623 1356 677 minus
1407 631 1556 676 recte
1601 619 1860 674 hactenus
1909 619 1992 672 in-
2096 631 2241 677 stare
2262 621 2515 688 fructum,
2549 620 2590 674 si
2615 630 2762 673 recte
2789 619 3014 674 colatur.

393 724 600 779 tellecta
628 717 993 788 aCriticorum
1016 714 1337 786 corruptelis
1350 707 1676 767 vindicarem
1694 730 1714 766 τ
1733 720 1846 765 tum
1867 725 1995 766 vero

391 931 3592 1001 ω

1083 982 1614 996 Μ
1627 983 1656 989 ,-
1669 973 3396 989 α-σ-αῄ--λ--ᾑ-ῄ-ῌ*

1229 1164 2880 1338 DISSERTATIO

957 1564 1087 1715 IN
1160 1555 1529 1717 MARE]
1601 1549 2068 1718 MINUGII
2139 1555 2584 1719 FELICIS
2655 1557 3099 1719 LIBRUM

776 1897 1061 2054 QUI
1164 1892 2035 2024 OCTAVIUS
2127 1901 2299 2024 IN
2315 1894 3302 2029 SCRI‘BITUR.

637 2192 962 2253 AUCTORE
1001 2194 1064 2250 D.
1109 2193 1242 2251 NIC.
1283 2195 1374 2253 LE
1411 2197 1720 2267 NOURRY,
1763 2199 2096 2260 MONACHO
2131 2203 2196 2260 O.
2231 2204 2288 2260 S.
2329 2204 2389 2259 Β.
2430 2204 2474 2260 Ε
2515 2203 3104 2262 CONGREGATIONE
3145 2205 3200 2264 S.
3253 2183 3462 2264 MAUBI.

1520 2393 2622 2437 κ--ῶῧφ--ι

913 2573 1140 2631 CAPUT
1182 2573 1464 2630 PRIMUM.

408 2724 657 2765 ANALYSIS
706 2725 865 2766 Imus
911 2726 1082 2774 LIBRI,
1130 2725 1248 2774 QlllS
1301 2724 1473 2764 ILLIUS
1517 2725 1759 2775 auc'ron,
1807 2725 1868 2762 ac
1915 2723 2003 2772 Qut

477 2821 703 2860 FUERINT
756 2820 1008 2860 CAECILIUS
1054 2818 1121 2858 ET
1173 2818 1433 2860 OCTAVIUS
1485 2819 1571 2869 QUI
1623 2820 1673 2858 ΙΝ
1712 2818 1777 2859 ΕΟ
1822 2817 2003 2857 DISPU'

479 2910 684 2953 TANTES
715 2909 1178 2953 INTRODUCUNTUR.

942 3043 1236 3084 Διιτιουιυε
1275 3041 1485 3084 HUIUS.

880 3189 1122 3260 Analyais
1186 3187 1341 3256 hujus
1400 3184 1538 3239 libri.

486 3341 654 3395 LIBER
685 3340 769 3395 hic
800 3327 928 3393 nihil
959 3339 1101 3394 aliud
1131 3337 1522 3409 complectitur,
1553 3352 1708 3409 quam
1740 3335 2008 3408 dialogum

416 3444 523 3498 quo
566 3429 810 3484 Caecilius
836 3428 1224 3494 superstitiosis
1250 3428 1583 3484 ethnicorum
1619 3427 1890 3483 hominum
1923 3445 2012 3484 va-

412 3521 664 3575 nitatibus
692 3515 955 3589 addictus,
975 3525 1199 3590 patrium
1230 3530 1281 3574 et
1301 3522 1505 3574 avitum
1529 3519 1751 3574 deorum
1780 3521 2007 3589 culttttn,

420 3630 449 3668 a
473 3613 687 3669 nemine
715 3612 1090 3679 deserendum,
1124 3612 1478 3683 omnibusque
1498 3613 1547 3665 in
1571 3627 1636 3665 eo
1664 3621 2014 3681 persevcran-

422 3707 547 3762 dum
594 3721 733 3772 esse,
782 3708 941 3761 variis
967 3707 1260 3760 rationibus
1291 3707 1516 3775 probare
1542 3715 1783 3760 conatur.
1818 3706 2013 3760 Contra

421 3814 548 3852 vero
564 3798 834 3863 Octavius,
859 3799 946 3869 qui
973 3799 1134 3867 impio
1167 3797 1255 3852 illo
1277 3797 1421 3851 cultu
1454 3798 1676 3864 rejecto,
1709 3797 2014 3852 christiana:

423 3890 738 3960 profeSsioni
766 3904 1093 3945 nomencum
1123 3889 1343 3944 Mittutin
1372 3889 1548 3944 Felice
1568 3889 1808 3954 dederat,
1836 3891 2013 3944 omnia

2030 2573 2080 2633 B
2109 2575 2229 2628 men
2263 2575 2456 2631 exinde
2485 2578 2690 2634 itineris
2717 2583 2946 2652 spatium
2968 2585 3176 2639 emensi
3208 2627 3222 2652 ,
3256 2585 3304 2641 in
3328 2588 3464 2644 maris
3493 2588 3604 2644 littore

2109 2666 2174 2722 de
2199 2670 2532 2739 navigatione
2559 2673 2951 2730 conl'altulando
2990 2675 3404 2733 deambulabant.

2180 2763 2254 2818 lbi
2281 2780 2436 2831 porro
2449 2781 2568 2819 cum
2586 2782 2781 2837 pueros
2797 2778 3054 2824 testarum
3075 2770 3127 2824 in
3144 2787 3285 2826 mare
3297 2771 3603 2840 iaculationibus

2110 2855 2375 2923 ludentes,
2402 2858 2574 2927 aliqua
2605 2875 2709 2914 non
2733 2860 2848 2914 sine
2869 2862 3144 2931 voluptate
3174 2864 3410 2919 Minucius
3433 2864 3604 2919 Octavius

2111 2963 2213 3018 que
2243 2951 2633 3017 conspicerent,
2661 2953 2908 3008 Caecilius
2929 2969 2959 3008 e
2989 2957 3332 3011 contrarioad
3354 2966 3442 3011 tam
3463 2967 3601 3027 gratum

2111 3039 2475 3109 Spectaculum
2508 3041 2726 3097 minime
2749 3045 3002 3107 intentus,
3027 3047 3328 3102 subtristem
3347 3064 3438 3116 prae
3455 3063 3498 3101 se
3516 3049 3603 3102 iere-

2111 3131 2202 3187 bat
2222 3134 2478 3186 animum.
2511 3133 2848 3208 Quapropter
2871 3137 3135 3192 Minucius
3162 3140 3359 3194 solitam
3385 3138 3430 3193 in
3453 3153 3502 3194 eo
3515 3137 3603 3193 desi-

2113 3224 2316 3279 deravit
2348 3227 2702 3281 alacritatem.
2739 3229 2798 3282 At
2829 3227 2920 3284 ille
2951 3230 3185 3302 ingenue
3205 3230 3452 3287 confessus
3483 3239 3541 3285 est
3562 3244 3598 3281 se

2113 3317 2317 3372 Ortavii
2344 3333 2596 3372 sermone
2625 3320 2925 3388 perculsmn
2954 3337 2968 3384 ;
2994 3331 3159 3392 atque
3189 3322 3372 3376 idcirco
3398 3321 3537 3391 petiit,
3571 3326 3602 3372 nt

2116 3409 2216 3462 sibi
2245 3424 2364 3462 cum
2393 3407 2614 3463 Octavio
2645 3409 2709 3464 de
2735 3411 3012 3481 religionis
3043 3430 3157 3469 suae
3188 3415 3392 3468 veritate
3419 3413 3603 3480 diSputarc

2117 3501 2322 3557 liceret.
2357 3501 2554 3556 Annuit
2580 3519 2700 3557 cum
2727 3504 2876 3558 socio
2923 3517 3022 3560 suo
3073 3507 3318 3562 Octavius
3345 3549 3356 3569 ,
3383 3520 3434 3559 ac
3475 3502 3603 3558 selecto

2120 3593 2274 3664 paulo
2302 3596 2638 3650 eminentiori
2673 3596 2814 3660 luco,
2847 3598 3057 3653 medids
3114 3599 3251 3654 inter
3275 3603 3388 3654 eum
3429 3603 3471 3652 et
3503 3593 3599 3649 Ueta-

2118 3688 2259 3740 vinm
2291 3688 2430 3742 sedit
2458 3687 2738 3741 Minucius.

2191 3800 2268 3853 Ad
2295 3799 2431 3854 hanc
2459 3816 2618 3870 porro
2663 3801 3084 3871 disputationem
3128 3805 3410 3874 priusquam
3443 3800 3595 3855 Caritas

2121 3893 2476 3962 aggrediatur,
2507 3909 2532 3945 a
2562 3893 2789 3950 Minucio
2810 3898 3066 3964 postulat,
3101 3909 3158 3953 ιιι
3196 3895 3452 3968 ευηυίεείηιί
3479 3890 3598 3962 judge},

421 3983 616 4038 Caecilii
641 3994 947 4054 argumenta
981 3985 1056 4039 sic
1080 3983 1312 4038 funditus
1344 3986 1553 4046 evertit,
1579 3983 1843 4054 tantisque
1859 3976 2020 4039 ratio-
2045 3965 2088 4028 (ἶ
2125 3985 2312 4038 libram
2356 3984 2576 4053 perinde
2607 3994 2808 4050 teneat,
2844 4003 2905 4041 ac
2934 3988 2978 4042 si
3007 3989 3077 4044 de
3129 3990 3230 4044 ulla
3260 3965 3492 4056 religione
3523 3978 3599 4033 nihl

421 4093 545 4130 num
570 4077 854 4132 momentis
880 4075 1182 4132 christianre
1215 4079 1486 4148 religionis
1520 4075 1852 4132 demonstrat
1879 4078 2019 4132 veri-

424 4177 608 4231 tatem,
634 4177 689 4221 ut
710 4168 951 4223 Ctl‘CllitlS
982 4169 1083 4223 illis
1111 4169 1266 4239 plane
1287 4170 1562 4224 convictus
1608 4165 1743 4223 lianc
1768 4171 1887 4223 laeto
1909 4185 2020 4240 gra-

424 4261 660 4328 lantiqtte
689 4261 865 4314 animo
891 4262 1224 4332 amplexatus
1255 4260 1433 4316 fuerit.

495 4354 575 4408 Ab
591 4355 704 4423 ipso
726 4365 900 4410 autem
920 4353 1038 4410 libri
1064 4355 1286 4409 esurdio
1310 4363 1492 4408 narrat
1514 4345 1798 4421 Minucius,
1859 4361 2018 4424 quam

416 4443 647 4516 jucunda
680 4462 886 4512 eorunt,
911 4463 1029 4517 qua:
1055 4445 1156 4500 sibi
1176 4463 1296 4500 cum
1327 4447 1568 4512 Octavio,
1611 4443 1735 4500 dum
1779 4445 1917 4514 apud
1951 4459 2009 4501 se

426 4539 611 4594 Romae
639 4535 922 4596 habitaret.
944 4540 1300 4607 contigerant,
1330 4552 1390 4591 ac
1421 4539 1756 4606 potissimum
1798 4535 2021 4608 hujusce

423 4631 797 4702 diSputatinnis
820 4630 1188 4684 recordatione
1240 4627 1615 4682 delectaretur.
1645 4627 2010 4697 Quorumdam

425 4729 686 4804 siquidem
711 4734 1044 4802 negetiorum
1077 4743 1234 4782 causa
1263 4726 1514 4781 Octavius
1545 4725 1607 4780 ad
1636 4737 1754 4781 eum
1786 4769 1800 4790 ,
1833 4727 2020 4782 vinde-

429 4828 656 4880 ntlarum
686 4822 1086 4892 forensiumque
1111 4822 1358 4875 leriarum
1386 4828 1625 4887 tempore
1653 4836 1715 4872 ex
1749 4819 2023 4887 inOpinato

429 4920 739 4974 advenerat.
773 4915 903 4972 Tant
934 4928 1115 4986 gratus
1145 4925 1319 4968 autem
1346 4914 1596 4978 Minucio,
1631 4915 1788 4984 qtlaht
1820 4915 2020 4984 impro-

429 5012 577 5066 visus
602 5009 698 5065 fuit
731 5007 821 5064 illc
841 5008 1043 5063 Octavii
1074 5007 1351 5061 adventus.
1386 5007 1508 5060 Post
1536 4997 1796 5075 expletam
1838 5023 1940 5062 uno
1969 5018 2024 5062 et

431 5105 600 5159 altero
627 5102 714 5158 die
741 5101 935 5156 summi
966 5098 1212 5154 desiderii
1232 5099 1559 5167 aviditatem,
1595 5099 1802 5169 utrique
1834 5101 1897 5154 ad
1920 5115 2023 5154 ma-

429 5199 544 5252 rina
561 5196 722 5250 Ostiae
742 5191 1164 5259 balnea,adscito
1186 5185 1395 5247 Minucii
1415 5193 1607 5247 comite
1622 5193 1926 5260 thciliano,
1946 5195 2023 5250 ire

431 5290 648 5359 placuit.
683 5285 922 5340 Diiuculo
954 5287 1130 5354 itaque
1159 5301 1278 5339 cum
1311 5283 1374 5340 ad
1406 5303 1568 5351 mare,
1623 5306 1640 5338 ε
1677 5283 2015 5340 inambulan-

2125 4076 2383 4130 hactenus
2410 4077 2507 4130 sibi
2533 4077 2718 4131 fuisset
2752 4090 3110 4148 compertum.
3159 4079 3350 4136 Dehine
3382 4091 3480 4128 veru
3517 4068 3600 4124 [mal

2123 4168 2425 4222 dubitanter
2465 4181 2740 4224 asseverat
2780 4188 2937 4239 posse
2997 4172 3250 4227 facillime
3278 4168 3457 4239 probari
3489 4162 3602 4217 omnia

2125 4260 2175 4313 in
2209 4261 2368 4315 rebus
2397 4260 2642 4315 humanis
2660 4277 2778 4316 esse
2795 4263 2973 4326 dubia,
2995 4279 3277 4333 suspensa,
3295 4256 3601 4319 iacet-lamina;-

2125 4371 2226 4423 que
2254 4371 2395 4418 vera,
2432 4372 2588 4426 quam
2612 4357 2940 4411 verisimilia.
2974 4357 3268 4412 Doleudum
3298 4347 3600 4426 igitur,inqnih

2125 4459 2177 4502 et
2203 4449 2438 4501 cinnium
2465 4449 2826 4518 indignatione
2866 4449 2992 4504 illttd
3021 4450 3240 4520 dignum
3271 4491 3284 4515 ,
3313 4445 3431 4515 quod
3474 4437 3600 4495 indocti

2125 4541 2366 4609 quidam,
2403 4557 2465 4595 ac
2497 4542 2842 4596 scientiarum
2861 4544 3167 4610 artiumque
3199 4541 3352 4612 ignari
3394 4537 3449 4592 de
3469 4542 3600 4588 summa

2126 4648 2305 4687 rerum
2340 4642 2388 4686 ct
2417 4634 2596 4686 divina
2633 4634 2912 4703 majestate
2933 4635 3131 4700 aliquid
3163 4635 3426 4689 decernere
3449 4619 3600 4680 nondu-

2127 4723 2314 4790 bitcttt,
2348 4723 2413 4778 de
2444 4739 2543 4792 qua
2576 4723 2875 4793 liiiliOSOplti
2918 4721 3047 4779 nlltil
3081 4725 3208 4780 certi
3256 4723 3316 4778 ad
3347 4723 3459 4775 lttmc
3499 4724 3599 4778 as'l‘“3

2127 4814 2266 4869 diem
2298 4821 2530 4868 statuere
2561 4815 2675 4868 ausi
2714 4813 2944 4870 fuerant.
2990 4817 3095 4870 Nec
3147 4815 3394 4870 immerito
3429 4804 3598 4877 quidem;

2127 4921 2438 4978 persuasum
2467 4907 2728 4976 siquidem
2763 4907 2891 4977 ipsis
2917 4917 3031 4962 erat
3054 4897 3600 4961 inlirmisltoniinlbuscw

2129 5001 2276 5054 lestia
2310 5000 2534 5054 scrutari
2570 5011 2836 5070 negatum,
2878 5001 3069 5070 quibus
3099 4999 3224 5054 satis
3273 5011 3378 5051 esse
3416 4983 3546 5049 debet,
3574 4979 3600 5032 Si

2128 5093 2336 5163 scipsos
2393 5093 2704 5147 familiarius
2737 5093 3000 5148 noverint.
3035 5094 3166 5148 Tum
3213 5087 3350 5147 brevi
3387 5077 3598 5141 inductu?"e

2128 5186 2496 5241 demonstrare
2549 5197 2771 5241 conatur
2803 5197 3006 5242 certum
3061 5203 3161 5242 "Oli
3214 5199 3322 5241 8558
3369 5187 3504 5234 utrunt
3537 5168 3599 5221 Dei]

2127 5281 2304 5350 aliquo
2327 5291 2542 5334 auctore
2569 5281 2706 5333 facta
2726 5281 2831 5334 sint
2859 5283 3054 5335 omnia.
3090 5281 3164 5335 Ex
3217 5287 3436 5348 prospera
3479 5269 3591 5319 autem

430 5351 500 5435 do
538 5401 584 5444 ι,
626 5390 682 5434 ut
712 5379 804 5443 ait,
830 5377 1005 5432 littore
1036 5351 1337 5449 pergerent,
1367 5377 1630 5440 Catcilius,
1677 5378 1962 5431 «denotato
1998 5397 2016 5430 ›
2053 5357 2104 5416 Ῑ)
2135 5390 2418 5444 pravorum
2444 5374 2721 5428 hominum
2745 5375 3042 5430 Phalaridis
3065 5386 3113 5429 et
3152 5368 3385 5443 Dionysii,
3417 5351 3596 5416 etadret-

430 5472 702 5541 Serapidis
723 5471 1030 5535 simulacro,
1061 5487 1276 5525 manum
1319 5473 1393 5526 ori
1428 5471 1666 5525 admovit
1691 5515 1704 5536 ,
1759 5470 2022 5538 labiisque

433 5566 704 5636 impressit
729 5547 1002 5618 osculum.
1023 5563 1381 5632 Quamobrem
1418 5565 1559 5617 illico
1577 5563 1828 5618 Octavius
1860 5563 2027 5618 Minu-

430 5657 514 5713 cio
535 5658 730 5711 acriter
759 5656 1095 5726 exprobravit
1118 5671 1224 5709 non
1256 5657 1514 5709 minorem
1548 5655 1597 5708 in
1623 5655 1816 5724 ipsum,
1847 5663 2029 5722 utpote

429 5748 626 5805 CarciIii
658 5749 922 5819 hospitem
942 5791 955 5814 ,
987 5766 1145 5820 quam
1179 5751 1231 5802 in
1258 5749 1506 5802 eumdem
1537 5748 1806 5803 Ctt'cilitttll
1836 5748 2028 5803 redun-

424 5839 555 5897 dare
584 5841 808 5913 hujusce
848 5841 998 5913 impii
1027 5840 1278 5900 l'acinoris
1320 5838 1612 5898 infamiam.
1647 5839 1928 5910 Reliquum
1952 5847 2029 5897 ta-

2132 5481 2187 5519 sa
2219 5465 2480 5519 bonorum
2511 5464 2712 5527 Rutilii,
2743 5465 2949 5521 Camilli
2999 5475 3050 5520 et
3077 5463 3300 5520 Socratis
3329 5460 3522 5513 fortuna.
3560 5455 3594 5495 π

2130 5558 2291 5611 Variis
2322 5568 2373 5610 et
2403 5557 2618 5611 lubricis
2641 5568 2972 5612 terrenarum
3004 5573 3176 5612 rerum
3206 5554 3420 5614 casibus,
3446 5537 3593 5612 [ιτοὶὶπθ

2131 5651 2403 5705 contendit
2427 5650 2578 5704 nobis
2597 5651 2825 5704 nomium
2845 5659 3088 5704 constare
3109 5660 3274 5703 utrum
3300 5644 3376 5698 Dei
3398 5625 3591 5710 μαντηίη·

2131 5741 2200 5796 tia
2229 5741 2456 5796 mundus
2481 5750 2713 5812 regatur,
2745 5756 2831 5797 aut
2850 5744 3022 5799 soluta
3056 5743 3247 5814 legibus
3289 5735 3460 5791 fortuna
3489 5715 3587 5779 tell!!!

2131 5834 2380 5892 omnibus
2409 5834 2730 5894 dominetur.
