3802 6276
225 340 315 403 373

1563 340 2027 400 DISSERT‘ATIO.

3352 348 3459 410 374

280 458 397 516 inde
422 457 571 528 igitur
592 450 675 510 ille
699 454 967 511 concludit
986 454 1156 512 satius
1184 472 1305 514 esse
1353 457 1558 514 traditis
1608 460 1745 514 anti-
1777 455 1831 517 Α
1858 460 1956 512 tari
1988 468 2183 529 potest;
2214 471 2266 516 et
2294 475 2457 518 nemo
2478 476 2731 533 umquam
2763 462 3044 519 Protesilai
3076 472 3223 521 sorte
3248 465 3332 521 vel
3354 466 3456 521 bo-

220 553 323 626 quis
344 550 657 621 religionibus
684 550 960 605 adltmrere
990 592 1004 614 ,
1038 551 1277 622 deosque
1299 554 1470 607 vereri
1486 565 1537 608 et
1558 552 1753 608 adura-

218 664 274 705 re
292 660 427 717 quam
450 643 594 699 ullam
616 642 682 697 de
708 642 807 696 illis
834 640 980 698 ferre
994 644 1334 698 sententiam.
1367 643 1451 698 Ab
1471 645 1586 714 ipso
1601 645 1754 715 quip.

224 738 460 813 pemuutli
497 737 742 808 principio
767 736 1019 804 parentes
1051 740 1220 792 nostri
1261 738 1425 793 hosce
1472 739 1606 794 deos
1661 749 1751 794 aut

222 833 399 892 faciles.
421 841 496 883 aut
521 842 653 898 rcges
680 826 1003 882 habuerunt.
1037 828 1302 897 Quaalibet
1332 829 1473 883 enim
1504 830 1749 896 natio,ac

223 925 420 981 Romani
458 919 768 991 postmndum
799 920 1018 975 numina
1046 937 1140 975 sua
1174 923 1251 978 sic
1291 922 1527 983 coluere.
1587 931 1645 977 ut
1694 922 1747 977 bi

216 1020 297 1090 pio
329 1030 485 1073 eorum
503 1015 633 1067 cultu
661 1027 975 1082 supremum
1029 1016 1324 1070 meruerint
1374 1018 1536 1071 totius
1590 1016 1738 1070 orbis

212 1121 343 1166 terra!
363 1106 632 1176 imperium.
656 1104 794 1159 Tum
830 1105 1029 1161 deinde
1053 1112 1366 1164 asseverare
1398 1125 1502 1163 non
1529 1118 1746 1164 veretur

200 1201 322 1255 hunc
369 1198 569 1253 deorum
622 1199 850 1263 cultum,
879 1200 966 1269 qui
1021 1212 1088 1254 eo
1144 1203 1424 1266 sanctior,
1486 1217 1591 1272 quo
1653 1219 1744 1260 ve-

193 1294 360 1350 tustior
405 1300 522 1357 est,
564 1291 891 1361 quibusdam
945 1294 1076 1348 satis
1143 1295 1356 1364 probari
1423 1297 1736 1365 miraculis,

188 1400 273 1441 nec
315 1384 515 1453 impune
568 1397 597 1436 a
647 1385 926 1440 nonnullis
966 1385 1144 1454 impiis
1196 1396 1439 1456 spretum
1510 1398 1564 1443 et
1612 1390 1737 1444 irri-

182 1491 301 1533 sum.
344 1476 448 1530 Alia
478 1482 655 1529 autem
689 1475 827 1530 bene
859 1476 1022 1530 nmlta
1054 1477 1122 1531 de
1148 1477 1372 1534 deorum
1403 1481 1738 1536 naturalibus

186 1564 474 1632 etdonis,de
493 1567 832 1621 carminibus
862 1578 1161 1637 poetarum,
1187 1579 1240 1625 et
1284 1572 1516 1627 oraculis
1562 1572 1738 1629 futura

188 1658 613 1731 prammtiantibus
642 1675 708 1715 se
727 1661 1135 1729 praetermisisse
1164 1672 1495 1719 contestatus
1520 1709 1533 1732 ,
1571 1665 1736 1721 [iden-

194 1760 261 1805 ter
277 1749 545 1818 pronuntiat
566 1750 915 1805 manifestam
974 1753 1192 1807 cuilibet
1209 1753 1323 1808 fieri
1349 1753 1570 1809 deorum
1596 1769 1734 1826 prae—

1859 566 1918 605 ra
1948 554 2098 608 unica
2126 553 2191 607 ad
2222 554 2385 609 vitam
2417 555 2511 609 fuit
2540 566 2844 611 revocatus.
2867 555 3005 622 Quid
3060 566 3238 611 autem
3296 554 3451 615 hisce

1857 643 2175 700 Christianis
2198 655 2316 715 post
2344 655 2571 701 mortem
2600 657 2918 702 eventurum
2956 652 3043 712 sit,
3075 647 3197 703 inde
3229 649 3327 718 ipsi
3352 664 3448 704 au-

1854 737 2035 805 gurari
2059 737 2278 800 debent,
2312 739 2453 809 quod
2476 754 2618 794 nunc
2643 740 2788 792 outni
2817 738 2993 795 divina
3026 755 3129 809 ope
3156 740 3398 796 destituti
3427 772 3442 807 ,~

1854 828 2112 882 Romanis
2138 845 2270 884 vero
2295 830 2515 892 subditi,
2537 832 2764 885 summis
2793 831 3188 885 calamitatibus
3211 843 3263 886 et
3283 832 3449 888 mise-

1853 921 1949 974 riis
1980 931 2295 988 premuntur
2318 964 2331 987 ,
2367 923 2607 977 honestis
2638 923 3028 994 voluptatibus,
3083 923 3404 993 spectaculis
3432 964 3447 989 ,

1851 1018 2082 1087 pompis,
2116 1018 2376 1073 conviviis
2408 1019 2655 1089 publicis,
2691 1018 3024 1088 idolothytis,
3062 1012 3322 1087 ﬂoribus,
3354 1033 3445 1074 co—

1850 1112 1997 1163 ronis
2024 1110 2330 1177 abstinent,
2364 1124 2415 1167 et
2447 1114 2727 1183 unguenda
2763 1112 3037 1168 funeribus
3068 1124 3374 1170 reserVaut.

1919 1202 2154 1257 Comites
2195 1204 2371 1273 itaque
2409 1218 2538 1259 suos
2568 1205 2816 1261 Ciecilius
2838 1206 3154 1262 adhortatur
3200 1209 3449 1263 desinant

1846 1296 1967 1350 coeli
1995 1297 2175 1366 plagas
2206 1299 2498 1367 mundique
2548 1310 2753 1354 secreta
2799 1300 3011 1362 rimari,
3066 1300 3309 1370 hancque
3358 1314 3445 1357 se-

1844 1399 2074 1455 quantur
2101 1388 2338 1444 Socratis
2365 1392 2684 1445 sententiam
2718 1409 2731 1446 :
2762 1410 2781 1442 ‹
2820 1393 2971 1458 Quod
2999 1406 3161 1461 supra
3192 1408 3290 1447 nos
3319 1436 3333 1457 ,
3362 1395 3445 1450 ni-

1846 1479 1915 1531 hil
1947 1479 2013 1533 ad
2042 1495 2158 1534 nos.
2190 1498 2209 1532 ι
2242 1481 2312 1536 Et
2339 1491 2489 1537 certe
2522 1483 2609 1537 ille
2635 1483 2818 1535 divino
2848 1486 3069 1538 oraculo
3095 1484 3302 1539 laudari
3358 1487 3441 1541 id-

1842 1571 1989 1628 circo
2017 1575 2209 1629 meruit
2246 1591 2260 1628 :
2298 1593 2316 1626 ι
2342 1577 2496 1643 Quod
2529 1578 2660 1631 nihil
2693 1592 2752 1633 se
2799 1580 2938 1633 scire
2966 1579 3263 1635 didicisset.
3293 1596 3314 1633 ι
3360 1580 3439 1634 Ex

1843 1664 1945 1719 hoc
1971 1676 2149 1721 autem
2179 1667 2325 1723 fonte
2352 1670 2583 1722 manavit
2611 1670 2843 1739 prudens-
2870 1670 3126 1725 Arcesila:
3146 1712 3160 1735 ,
3194 1672 3433 1727 Carnea-

1839 1758 1945 1820 dis,
1977 1760 2437 1831 plurimorumque
2470 1763 2911 1817 Academicorum
2944 1764 2995 1816 in
3024 1766 3250 1819 summis
3266 1768 3444 1834 quaes-

197 1844 374 1897 sentiam
404 1854 463 1895 ex
489 1849 577 1894 ten
602 1842 739 1912 plis,
769 1856 887 1912 qua:
908 1843 1230 1909 incolebant;
1254 1860 1321 1899 ex
1351 1846 1584 1911 vatibus,
1637 1845 1730 1915 qui
1761 1842 1809 1903 B
1841 1851 2073 1905 tionibus
2097 1851 2382 1918 dubitatio,
2414 1867 2477 1907 ac
2498 1852 2816 1919 Simonidis,
2861 1854 2929 1909 de
2974 1854 3076 1908 diis
3106 1855 3173 1909 ab
3208 1855 3443 1911 Hierone

193 1943 367 1986 ventura
392 1941 676 1997 noverant;
703 1949 772 1988 ex
795 1933 1095 2003 beneﬁciis,
1119 1936 1317 2007 quibus
1337 1935 1412 1991 dii
1442 1937 1542 2005 ipsi
1591 1939 1735 1993 sole-

187 2026 287 2080 baut
305 2026 419 2080 bene
441 2025 507 2080 de
535 2025 857 2082 hominibus
887 2030 1105 2097 mereri,
1135 2046 1197 2085 ac
1231 2030 1443 2085 tandem
1487 2046 1552 2085 ex
1584 2047 1732 2086 som-

178 2119 277 2183 niis,
304 2119 481 2188 quibus
530 2119 946 2177 evidentissiue
977 2125 1424 2191 agnascebautur.
1480 2124 1733 2192 Quamvis

176 2225 280 2280 ergo
294 2208 465 2265 borum
492 2212 730 2267 deorum
762 2224 950 2268 natura
971 2214 1056 2268 vel
1083 2216 1232 2285 origo
1262 2216 1458 2271 incerta
1485 2217 1556 2272 sit
1582 2234 1596 2281 ;
1642 2219 1733 2272 lir-

172 2316 241 2355 ma
265 2308 422 2356 tamen
449 2310 683 2360 manere
709 2304 870 2361 debet
902 2307 1141 2360 omnium
1164 2308 1402 2376 gentium
1428 2314 1497 2363 de
1526 2309 1591 2363 iis
1604 2324 1732 2363 con-

171 2394 337 2449 sensio.
364 2394 736 2464 Quamobrem
766 2397 988 2453 minime
1018 2398 1291 2454 ferendam
1320 2414 1443 2456 esse
1460 2407 1533 2456 ait
1553 2402 1731 2457 'l‘heo-
1803 2462 1807 2467 ,

171 2488 285 2554 (lori,
320 2487 583 2561 Diagorae,
621 2507 684 2547 ac
736 2493 1041 2564 Pretagora:
1093 2493 1310 2563 impiam
1372 2496 1729 2551 temeritatem

175 2582 245 2651 qui
261 2579 379 2636 banc
397 2583 722 2656 religionem
744 2587 956 2656 penitus
988 2577 1196 2653 tollere,
1229 2596 1320 2642 aut
1341 2587 1532 2643 saltem
1575 2586 1728 2642 infir-

180 2690 295 2731 mare
319 2676 621 2734 voluerunt.

232 2766 286 2826 At
308 2780 444 2827 certe
469 2774 653 2830 multo
699 2774 898 2840 minus,
945 2774 1135 2844 inquit,
1184 2775 1402 2831 tolerari
1445 2774 1604 2830 debet
1652 2773 1728 2829 illi

178 2864 258 2918 cita
277 2873 321 2919 et
345 2864 631 2937 desperata
682 2864 843 2921 factio
890 2864 1356 2935 Christianorum,
1388 2867 1727 2938 tut-ilugaque

186 2970 328 3010 eorum
344 2961 512 3024 natio,
542 2970 611 3013 ex
634 2954 823 3013 ultima
853 2958 983 3015 faece
1037 2959 1317 3015 hominum
1368 2959 1615 3027 collecta,
1662 2974 1726 3015 ac

186 3052 403 3106 nocturnis
430 3052 963 3124 congregationibus,
994 3053 1214 3123 jejuniis
1262 3052 1613 3115 solemnibus,
1643 3052 1724 3108 in-

182 3140 481 3215 humanisque
510 3140 648 3200 cibis
706 3140 982 3200 foederata.
1040 3145 1130 3200 Isti
1177 3146 1451 3200 enimvero
1500 3144 1717 3214 templa,

1842 1952 2070 2015 tyranno
2094 1945 2424 2015 interrogati,
2459 1947 2729 2001 cunctatio
2756 1947 3007 2000 omnibus
3036 1948 3311 2001 imitanda.
3346 1948 3443 2003 De-

1839 2036 2000 2103 nique
2027 2032 2273 2091 Caecilius
2296 2035 2484 2089 borum
2513 2037 2750 2105 opinioni
2782 2050 2842 2091 se
2874 2037 3077 2092 lubenti
3103 2040 3285 2092 animo
3311 2024 3441 2095 sub-

1838 2126 2074 2182 scribere
2097 2128 2367 2191 declarat;
2397 2144 2495 2183 nec
2519 2130 2638 2183 sine
2664 2130 2788 2184 elati
2831 2130 2994 2185 animi
3042 2130 3254 2186 fastidio
3279 2131 3440 2187 Octa-

1835 2220 2003 2279 vium.
2037 2227 2097 2273 ut
2122 2222 2454 2289 argumentis
2505 2223 2616 2275 suis
2672 2222 3018 2291 respondeat,
3066 2224 3436 2294 provocando,

1836 2308 1999 2363 linem
2019 2311 2257 2364 sermoni
2297 2326 2395 2365 suo
2422 2312 2667 2381 imponit.

1906 2401 2040 2455 Tum
2065 2402 2325 2457 Mituicius
2354 2402 2572 2458 Caecilio
2602 2405 2845 2461 modeste
2892 2408 3175 2478 respondit
3201 2408 3272 2465 d'e
3321 2422 3437 2465 ser-

1836 2496 2010 2549 monis
2031 2494 2110 2548 sui
2125 2496 2506 2561 concinnitate,
2523 2496 2701 2551 subtili
2728 2498 2988 2552 orationis
3004 2502 3286 2568 Varietate,
3308 2510 3434 2555 sua-

1832 2592 1937 2656 que
1968 2584 2107 2639 haud
2136 2586 2395 2641 mediocri
2422 2588 2728 2657 eloquentia
2762 2589 2862 2657 ipsi
2884 2604 2991 2643 non
3011 2605 3133 2645 esse
3157 2593 3431 2647 exsultan-

1830 2677 1983 2742 dum;
2012 2679 2107 2732 sed
2139 2679 2345 2748 singula
2371 2680 2491 2748 ejus
2520 2690 2839 2749 argumenta
2887 2680 3175 2749 diligenter
3227 2690 3429 2753 capen-

1831 2768 2027 2835 denda,
2052 2782 2108 2823 ut
2135 2770 2277 2840 quod
2306 2772 2357 2824 in
2380 2772 2459 2825 eis
2486 2784 2670 2826 verum
2703 2772 3045 2842 validumque
3070 2775 3164 2838 sit,
3219 2775 3426 2845 seliga-

1831 2871 1937 2926 tur,
1966 2862 2239 2931 probetur.
2272 2872 2327 2916 et
2375 2863 2720 2931 suscipiatur.
2756 2865 2824 2917 At
2855 2863 3106 2919 Ctecilius
3159 2879 3267 2919 non
3307 2865 3426 2921 sine

1829 2956 2006 3025 aliqua
2062 2956 2174 3009 laesi
2213 2956 2378 3009 animi
2410 2957 2800 3027 signiﬁcatione
2834 2956 3138 3024 dixitcum,
3185 2958 3428 3029 disputa-

1831 3048 1991 3102 tionis
2045 3058 2158 3102 sua:
2235 3048 2380 3103 vires
2439 3047 2804 3115 inﬁrmando,
2858 3050 2929 3103 ab
2982 3048 3160 3104 oliicio
3215 3050 3430 3120 religio-

1828 3139 1871 3192 si
1899 3139 2179 3195 discedere
2190 3139 2407 3209 judicis.
2432 3140 2703 3210 [ntegrum
2750 3139 3018 3209 siquidem
3055 3140 3278 3197 Octavio
3304 3152 3426 3198 erat

173 3242 218 3287 ut
242 3235 392 3303 busta,
421 3234 747 3308 despiciunt,
791 3228 920 3293 dves
953 3236 1211 3307 respuunt
1240 3280 1255 3303 ,
1309 3237 1486 3294 rident
1528 3252 1678 3292 sacra
1706 3279 1719 3300 ,
1748 3225 1797 3291 Β
1830 3244 1891 3283 ea
1913 3232 2114 3297 omnia.
2136 3246 2257 3301 «tua:
2289 3232 2340 3285 in
2370 3231 2604 3285 meditti“
2634 3232 2946 3300 PPOWBNH
2970 3232 3015 3285 Si
3050 3240 3254 3301 ιιοεεθῑι
3288 3246 3420 3289 0οη·-

174 3326 366 3383 bonures
388 3320 770 3393 boccifaciuut,
801 3340 1065 3385 tormenta
1098 3330 1331 3400 denique
1356 3331 1433 3384 sic
1459 3339 1723 3385 soeruunt

174 3426 217 3470 ut
238 3419 344 3473 dum
371 3423 504 3476 muri
539 3431 658 3491 post
681 3432 908 3475 mortem
956 3422 1167 3486 timent,
1209 3421 1343 3475 mori
1376 3422 1585 3475 interim
1615 3436 1721 3476 non

173 3521 435 3567 vereantur.
475 3512 577 3567 Per
621 3513 895 3567 universas
948 3512 1295 3567 nihilominus
1337 3522 1493 3566 terrae
1544 3522 1721 3582 partes

173 3601 483 3673 tllsseminati,
506 3605 730 3661 occultis
766 3608 905 3661 notis
952 3622 1073 3662 sese
1113 3607 1342 3662 invicem
1370 3614 1718 3674 cognoscunt,

173 3704 420 3767 amantque
442 3714 571 3768 pene
599 3709 881 3771 antequam
904 3700 1169 3755 noverint.
1195 3698 1265 3754 At
1289 3698 1538 3753 dicuntur
1563 3708 1722 3771 caput

173 3786 357 3845 adorare
384 3792 536 3858 'asiui,
568 3795 746 3848 colere
760 3793 1053 3848 sacerdotis
1067 3794 1337 3864 genitalia,
1363 3802 1521 3863 atque
1549 3792 1719 3847 homi-

174 3895 269 3934 nem
289 3883 607 3951 cruciiixum,
626 3886 906 3956 ipsumque
937 3885 1094 3956 hujus
1121 3885 1362 3957 supplicii
1389 3883 1717 3939 instt'umcn-

176 3983 263 4028 tum
297 3981 542 4034 venerari.
584 3978 720 4045 Quid
771 3978 961 4049 plura?
1016 3974 1093 4033 Ad
1121 3980 1308 4047 epulas
1361 3978 1584 4033 solemni
1629 3976 1719 4034 die

176 4062 354 4136 cocttul,
398 4074 548 4142 atque
596 4073 665 4125 ibi
710 4076 871 4140 epoto
912 4070 1127 4124 infantis
1155 4069 1526 4125 crudelissime
1553 4069 1718 4125 occisi

182 4161 588 4230 satiguine,icitnn
637 4163 810 4219 foedus
838 4166 1103 4228 sanciunt,
1150 4175 1200 4219 et
1251 4178 1436 4220 eorum
1466 4160 1717 4216 tirunculi

184 4248 424 4309 initiantur.
447 4250 572 4312 PoSt
593 4255 723 4311 illud
747 4272 873 4312 vero
903 4257 1303 4312 immanissima:
1328 4254 1559 4311 feritatis
1586 4268 1717 4310 con-

190 4342 364 4409 unum,
390 4348 625 4405 etti‘nctis
653 4367 681 4405 a
712 4364 845 4405 eane
897 4348 1205 4415 luminibus,
1257 4365 1349 4419 per
1379 4348 1716 4419 impudentes

199 4424 407 4504 tenebras,
422 4443 613 4499 iaeerta
640 4452 785 4498 sorte
802 4459 985 4497 omnes
1008 4442 1419 4513 permiscentur,
1440 4451 1601 4512 atque
1620 4444 1712 4508 ita,

1828 3324 2019 3386 future,
2053 3337 2219 3393 seque
2243 3324 2307 3377 ad
2337 3339 2458 3379 eum
2487 3338 2683 3395 magno
2711 3323 2929 3380 silentio
2957 3323 3282 3379 audiendum
3306 3324 3422 3395 jam

1826 3429 1947 3471 esse
1971 3417 2387 3486 paratissimum.

1904 3528 1921 3561 ι
1963 3508 2142 3564 Dicam
2187 3510 2473 3580 equidem,
2520 3511 2801 3581 respondit
2856 3511 3141 3579 Octavius,
3201 3525 3266 3567 ac
3315 3520 3415 3582 pro

1826 3588 2026 3655 viribus
2088 3600 2333 3667 adnitar,
2401 3610 2457 3655 ut
2510 3604 2781 3657 veracium
2847 3598 3136 3658 Verborum
3199 3602 3420 3659 ﬂumine

1823 3694 2215 3751 antarissimam
2282 3696 2647 3751 conviciorum
2705 3696 2879 3752 labem
2948 3697 3170 3752 diluam.
3203 3713 3223 3750 ι
3277 3697 3420 3754 Ante

1823 3787 2001 3842 omnia
2043 3803 2169 3842 vero
2212 3787 2304 3843 ille
2356 3788 2697 3858 proliteretur
2740 3788 2821 3843 fas
2861 3789 2961 3844 sibi
2991 3804 3096 3844 non
3146 3804 3273 3846 esse
3317 3789 3417 3843 du-

1821 3876 1986 3942 biam,
2036 3879 2354 3948 ancipitem,
2414 3895 2599 3951 vagam
2657 3888 2711 3934 et
2766 3880 3111 3935 ﬂuctuantem
3160 3879 3415 3934 dissimu-

1823 3970 1932 4024 lare
1968 3970 2163 4025 Cmcilii
2214 3981 2446 4028 mentem
2490 3988 2553 4028 ac
2601 3972 2944 4028 sententiam.
2998 3975 3068 4026 At
3108 3973 3301 4027 fatetur
3331 3983 3413 4027 ta-

1827 4078 1949 4120 men
1993 4064 2111 4119 eam
2172 4081 2276 4121 nec
2330 4068 2423 4121 ulli
2482 4065 2625 4120 malo
2682 4067 2825 4121 illius
2873 4065 3032 4129 dolo,
3079 4080 3175 4120 nec
3222 4062 3417 4120 callido

1823 4166 2148 4225 versumque
2192 4156 2308 4226 ejus
2360 4158 2575 4224 animo,
2630 4158 2697 4210 ab
2742 4158 2860 4226 ejus
2901 4157 3208 4211 sinceritate
3256 4166 3413 4226 pror-

1769 4264 1775 4270 ’
1821 4266 1912 4306 sus
1944 4251 2283 4315 abhorrenti,
2336 4249 2432 4305 sed
2482 4248 2720 4304 veritatis
2770 4244 3091 4318 ignoratioui
3145 4262 3266 4303 esse
3316 4245 3414 4301 tri-

1821 4343 2339 4488 buz'ddairtlrmauda
2389 4431 2587 4488 dehinc
2634 4432 2844 4503 singula
2883 4428 3087 4488 CteciIii
3132 4444 3417 4503 argumen-

196 4530 468 4602 aatreipsa,
526 4538 618 4591 aut
671 4538 996 4592 conscientia
1043 4536 1173 4591 nunt
1204 4536 1411 4592 incusti,
1448 4536 1713 4592 own-mm
1823 4536 1874 4583 ta
1921 4538 2238 4599 aggressus,
2285 4527 2443 4583 docet
2485 4527 2681 4582 nemini
2734 4542 2877 4598 aegre
2911 4526 3224 4595 ferendum,
3269 4526 3416 4597 quod

190 4620 390 4691 quidquid
426 4630 623 4693 colunt,
677 4638 870 4699 magno
900 4626 1077 4686 Studio
1127 4629 1398 4684 occultare
1427 4630 1667 4684 nituntur
1700 4603 2145 4693 ;DCltristiani,
2197 4624 2540 4692 quantumvis
2596 4622 2831 4679 illiterati
2887 4631 2943 4677 et
2996 4636 3296 4693 pauperes,
3343 4616 3415 4676 de

188 4708 320 4767 nullas
337 4720 442 4774 aras
457 4718 670 4788 habent,
699 4723 892 4790 templa
911 4722 1073 4789 nulla,
1095 4722 1238 4777 nulla
1258 4732 1381 4777 nota
1410 4723 1711 4779 simulacra.

241 4796 355 4862 Deus
372 4826 518 4878 porro
542 4812 780 4890 illorum,
797 4813 950 4869 sicuti
974 4814 1365 4879 ctJudarorum,
1391 4815 1577 4872 unicus
1595 4832 1716 4874 esse

184 4890 331 4961 ii‘rlttr,
360 4916 506 4971 quem
531 4910 651 4959 cum
673 4920 774 4960 nec
803 4906 1005 4971 videre,
1040 4922 1139 4960 nec
1169 4908 1460 4964 ostendere
1488 4918 1710 4979 queant,

180 4983 297 5042 illum
315 4992 638 5052 nihilominus
654 4998 833 5051 animo
853 4999 1007 5068 plane
1034 4996 1351 5069 inquietum,
1386 5010 1714 5070 praepostere

178 5079 421 5151 curiamin,
446 5087 640 5158 ubique
666 5090 1003 5158 pra-sentem,
1030 5090 1209 5144 omnia
1244 5088 1517 5147 hominum
1547 5092 1708 5157 facta,

180 5179 306 5240 atque
328 5177 522 5234 intimas
539 5181 705 5236 anitui
733 5179 1107 5250 cogitationes,
1131 5182 1341 5237 etiamsi
1368 5185 1593 5253 singulis
1624 5187 1710 5239 in-

179 5267 347 5321 tertire
370 5286 466 5326 non
502 5274 687 5343 possit,
715 5260 999 5342 diligenter
1051 5272 1319 5342 inquirere
1354 5274 1706 5330 arbitrantur.

179 5346 392 5416 Futurum
408 5374 612 5436 quoque
630 5372 882 5421 asserunt
900 5364 1059 5421 totius
1092 5367 1273 5421 mundi
1302 5367 1627 5434 incendium,
1652 5385 1714 5425 ac

184 5454 276 5514 Ῥθὲῐ
293 5466 552 5527 corporum
582 5458 889 5515 nostrorum
922 5462 1370 5516 resurrectionem
1394 5460 1552 5531 jus-tis
1584 5462 1712 5517 bea—

188 5540 353 5601 USSitttie
381 5554 493 5606 vitae
524 5593 539 5617 ,
568 5550 783 5623 injustis
831 5555 1179 5608 maximarum
1230 5567 1505 5620 ptenarum
1553 5560 1713 5608 teter-

180 5628 352 5695 nitﬂm
402 5649 795 5713 reprcuniuunt;
850 5640 1145 5716 Eapropter
1203 5645 1460 5701 damnant
1533 5660 1712 5717 rogos,

177 5722 438 5803 imumque
457 5734 778 5805 sepulturas,
811 5747 865 5791 et
891 5746 1081 5793 cuncta
1110 5738 1367 5793 voluntati
1394 5738 1591 5794 dii/illm
1620 5754 1712 5795 seu

177 5813 264 5873 fato
285 5823 594 5883 adscribunt.
610 5828 796 5886 Nullus
827 5841 1004 5885 tamen
1035 5842 1274 5890 mortuus
1285 5831 1353 5889 ab
1369 5830 1557 5889 inferis
1572 5833 1715 5891 exei-

1822 4716 2132 4773 ctelestibus
2182 4714 2343 4771 rebus
2395 4715 2691 4785 disputent.
2752 4713 2911 4770 Tales
2960 4715 3238 4770 enimvero
3305 4727 3413 4767 non

1821 4810 1993 4864 sulutn
2046 4809 2261 4863 fuerunt
2311 4808 2645 4878 philosophi,
2701 4817 2755 4862 et
2811 4806 2899 4863 alii
2951 4808 3145 4862 artium
3217 4806 3406 4862 inven-

1821 4911 1996 4967 tores;
2050 4916 2233 4956 verum
2300 4910 2569 4956 nostrates
2629 4900 2823 4965 etiam,
2885 4902 3011 4968 qtti,
3068 4898 3414 4969 quantumvis

1820 4994 2010 5063 inopes
2043 5004 2099 5050 et
2131 5003 2352 5065 egentes
2374 5035 2388 5059 ,
2438 4993 2559 5047 aliis
2604 4991 2940 5061 prudentiam
2976 5000 3031 5046 et
3069 4989 3409 5060 disciplinam

1820 5086 2173 5143 tradiderunt.
2227 5086 2293 5141 Et
2343 5101 2473 5140 vero
2524 5098 2644 5141 cum
2708 5084 2978 5156 ingenium
3032 5096 3141 5139 non
3187 5084 3413 5139 fortuna:

1819 5192 1913 5237 aut
1961 5181 2303 5237 facultatibus
2354 5179 2545 5245 detur,
2602 5177 2699 5234 sed
2751 5194 2784 5234 a
2839 5188 3028 5233 natura
3083 5177 3238 5233 nobis
3281 5174 3415 5232 insl-

1820 5285 1933 5330 tum
2004 5277 2110 5339 sit,
2183 5271 2409 5341 quilibet
2462 5271 2698 5339 cujusvis
2762 5284 2923 5326 sexus
2976 5278 3033 5326 et
3090 5264 3416 5325 conditionis

1819 5367 2015 5431 homo,
2080 5364 2256 5419 divina
2310 5362 2668 5433 investigare,
2722 5370 2778 5417 et
2835 5361 2904 5418 de
2961 5361 3028 5416 iis
3089 5362 3411 5417 sententiam

1818 5458 1961 5515 ferre
2000 5464 2191 5527 potest.

1893 5551 2114 5605 Fatetur
2140 5548 2353 5619 quidem
2402 5546 2671 5601 hominem
2700 5546 2902 5602 debere
2931 5561 2990 5601 se
3029 5547 3200 5615 ipsum
3229 5558 3409 5614 nosse,

1820 5661 1882 5699 ac
1925 5644 2074 5713 quis,
2133 5643 2305 5706 tunde,
2342 5652 2547 5709 quare,
2603 5654 2633 5693 a
2676 5652 2815 5708 quo,
2864 5645 2919 5693 et
2957 5650 3022 5693 ex
3068 5638 3259 5706 quibus
3294 5642 3408 5693 cie-

1820 5737 2015 5791 mentis
2046 5734 2218 5789 factus
2244 5736 2312 5788 sit
2338 5745 2351 5786 ε
2392 5732 2485 5787 s‘rd
2515 5731 2669 5802 plane
2698 5730 3016 5802 penitusque
3059 5740 3219 5800 negat
3267 5730 3404 5785 hanc

1816 5827 2174 5899 Cognitiouetn
2223 5826 2291 5882 ab
2342 5841 2408 5882 eo
2456 5839 2615 5896 posse
2660 5825 2995 5895 comparari,
3044 5825 3173 5896 quin
3222 5820 3401 5879 rerum
