3802 6276
385 323 493 379 ’5τὸ

1657 321 1744 374 or.
1773 317 2030 375 MINUCII
2069 317 2368 378 ocravro
3520 343 3592 404 δη

387 439 819 504 universitatem,
866 447 918 492 et
979 437 1149 490 Deum
1211 436 1385 505 ipsum
1456 443 1610 490 antea
1669 443 1979 506 cognoscat.
2010 436 2059 496 Α
2090 438 2349 508 probatur
2389 438 2712 506 Euhemeri,
2756 439 3002 506 Prodici,
3060 442 3241 499 PerSei
3288 453 3337 500 et
3369 448 3588 517 Alexandri

391 529 580 585 Nullus
625 531 860 592 etenim,
923 528 1022 581 nisi
1073 537 1253 581 mente
1295 529 1516 582 omnino
1565 538 1782 598 captus,
1825 528 1987 583 totius

393 622 574 677 mundi
629 629 875 675 Ol‘nulunl
917 618 1200 672 advertere
1241 629 1449 688 potest,
1501 619 1627 690 quin
1672 634 1987 688 persuasum

392 713 674 770 confestim
706 711 934 777 habeat,
977 725 1099 766 eum
1131 725 1237 766 non
1272 713 1491 767 fortuito
1529 722 1831 768 atomorum
1859 729 1989 770 con-

393 824 586 873 cursu,
643 808 738 863 sed
784 823 813 862 a
867 809 977 864 Deo
1026 809 1302 864 conditum
1352 809 1549 878 fuisse,
1603 822 1764 882 atque
1811 813 1880 869 ab
1923 828 1990 870 eo

393 902 504 969 regi
550 909 604 954 et
655 899 1038 955 administrari.
1090 901 1242 969 Quod
1295 902 1512 972 quidem
1569 905 1656 959 ille
1709 907 1993 962 confirmat

392 1007 458 1047 ac
501 992 706 1048 stabilit
743 1008 807 1047 ex
857 993 1020 1060 cteli,
1067 995 1229 1060 solis,
1278 995 1448 1060 lunae,
1481 997 1826 1068 siderumque
1878 1014 1996 1056 tuo-

398 1084 542 1139 tibus
579 1099 642 1139 ac
702 1085 966 1148 utilitate,
1011 1100 1075 1140 ex
1124 1087 1390 1142 mensium
1446 1088 1684 1152 circulo,
1743 1092 1993 1146 tenebra-

395 1193 516 1232 rum
564 1177 804 1248 lucisque
836 1178 1232 1245 vicissitudine,
1284 1196 1348 1235 ex
1402 1183 1539 1236 miro
1571 1191 1870 1253 temporum
1901 1201 1993 1240 or-

397 1269 552 1331 dine,
600 1287 664 1324 ex
716 1269 895 1324 stabili
939 1272 1194 1326 varieiate
1253 1273 1493 1343 frugum,
1543 1276 1707 1330 maris
1764 1276 1992 1342 finibus,

399 1362 581 1416 innata
647 1362 1011 1416 animantibus
1065 1362 1131 1416 ad
1181 1364 1263 1417 sui
1311 1364 1676 1420 defensionem
1726 1367 1994 1422 multifor-

397 1458 472 1510 mi
521 1466 822 1520 armatura,
881 1457 1118 1511 huntinis
1149 1457 1318 1512 forma
1368 1473 1430 1512 ac
1481 1459 1687 1530 figura,
1737 1469 1790 1515 ct
1835 1475 1998 1531 gene-

398 1547 553 1602 randi
606 1547 966 1617 ttascendique
1014 1549 1243 1603 ratione.
1300 1547 1431 1602 Nam
1477 1551 1592 1605 haec
1648 1552 1828 1606 omnia
1879 1553 1997 1610 sine

400 1639 786 1711 omnipotentis
852 1640 944 1694 Dei
1009 1639 1342 1709 providentia
1403 1641 1517 1696 ficri
1579 1658 1684 1696 non
1752 1653 1992 1713 possunt.

401 1730 520 1786 Non
577 1734 826 1786 universo
872 1741 1052 1787 autem
1099 1743 1302 1787 tantum
1347 1733 1580 1800 mundo,
1624 1735 1718 1790 sed
1773 1737 1998 1808 singulis

401 1822 518 1892 ejus
567 1822 802 1890 partibus
843 1822 982 1876 Deus
1025 1822 1278 1878 consulit.
1323 1823 1455 1889 Quis
1481 1825 1626 1880 enim
1654 1825 1860 1882 dubitat
1881 1827 1999 1897 ejus
2032 1833 2078 1893 Β
2108 1842 2292 1901 neut,
2324 1825 2642 1880 Mercurium
2693 1823 2920 1895 pedibus
2965 1823 3154 1886 alatis,
3220 1825 3459 1894 ungulatis
3487 1825 3602 1894 Palu,

402 1914 632 1983 imperio
679 1913 1007 1969 Britanniam
1051 1917 1215 1970 maris
1247 1926 1461 1986 tepore,
1514 1917 1806 1990 Atlgyptutu
1852 1920 1995 1987 Nilo,

405 2005 686 2075 Euphrate
737 2006 1206 2075 MeSOpotamiam.
1264 2007 1538 2066 Orientem
1598 2011 1730 2067 Indo
1787 2015 2005 2071 flumine

403 2097 736 2153 faecumlari?
797 2098 1036 2168 Denique
1081 2099 1220 2154 sicut
1271 2101 1452 2155 domui
1504 2104 1766 2174 praeclaro
1811 2117 2004 2161 ornatu

407 2189 682 2260 diSposita:
725 2190 980 2259 aliquem,
1023 2191 1103 2246 sic
1149 2192 1242 2246 toti
1275 2192 1476 2248 mundo
1533 2195 1673 2250 hunc
1721 2197 2004 2252 Dominum

408 2298 643 2355 praeesse
691 2284 984 2340 cernimtts.

485 2379 650 2434 Porro
690 2389 869 2436 autem
924 2382 1098 2444 ipsum
1153 2383 1366 2437 unicum
1421 2399 1543 2440 esse
1598 2386 1761 2441 Deum
1816 2388 2010 2457 probat

409 2472 666 2527 Octavius
706 2481 1042 2528 terrcnorum
1075 2476 1324 2545 exemplo
1373 2476 1752 2545 imperiorum,
1801 2478 2010 2535 scilicet

412 2563 699 2618 Persarum
720 2605 735 2628 ,
765 2563 1180 2631 Thebanorum,
1217 2565 1621 2634 Romanorum,
1665 2568 1776 2633 ubi,
1811 2569 2005 2640 inquit,

410 2657 589 2710 nullus
632 2672 804 2726 neque
855 2657 1019 2712 frater
1047 2657 1288 2722 fratrem,
1340 2675 1514 2730 neque
1565 2675 1722 2716 socer
1749 2676 2008 2727 generum

413 2749 562 2817 regni
603 2757 909 2802 consortem
957 2750 1062 2819 pati
1111 2766 1362 2822 umquam
1417 2752 1613 2820 potuit.
1665 2751 1804 2818 Qttid
1847 2766 2009 2814 vero,

413 2839 556 2910 quod
615 2841 768 2895 sicuti
831 2841 1058 2910 apibus,
1114 2843 1398 2913 gregibus,
1454 2852 1509 2898 et
1560 2844 1821 2898 armentis
1871 2857 2010 2899 unus

414 2943 498 2990 est
541 2936 913 2992 tantummodo
963 2954 1057 2992 rex
1100 2947 1193 2993 aut
1229 2939 1372 3002 dux,
1413 2939 1482 2993 ita
1533 2953 1668 2993 unus
1720 2947 1803 2992 est
1832 2936 2008 3004 Deus,

413 3027 502 3095 qui
548 3026 809 3096 principio
851 3036 906 3082 et
953 3028 1058 3083 fine
1102 3043 1331 3096 carens,
1374 3030 1552 3084 omnia
1587 3028 1934 3083 moderatur?

489 3116 744 3185 Quamvis
787 3127 967 3174 autem
1003 3119 1096 3175 ille
1142 3120 1384 3176 infinitus
1426 3129 1480 3175 et
1507 3121 1835 3186 immensus,
1882 3119 2013 3176 sibi-

2093 529 2269 600 lllagni
2319 531 2624 587 testimonio
2713 547 2743 586 a
2799 532 2992 602 quibus
3045 534 3264 589 deorum
3312 541 3478 603 patria.
3515 549 3593 609 dies

2095 622 2336 688 natales,
2393 623 2712 693 sepulchra,
2770 623 2856 678 vel
2908 623 3200 691 beneficia,
3247 637 3298 682 et
3339 636 3593 698 sacerdotum

2095 723 2301 768 secreta
2357 724 2724 770 recensentur.
2770 714 2974 785 Negare
3027 716 3186 787 igitur
3228 717 3336 774 haec
3375 738 3462 780 non
3491 741 3596 797 pote.

2094 817 2214 862 rant
2261 807 2494 869 ethnici,
2541 808 2695 862 sicuti
2748 823 2845 862 nec
2867 809 3104 872 sistrum,
3159 808 3340 879 inqttit,
3393 815 3527 885 lsidis,
3560 838 3600 881 ac

2097 897 2373 968 Serapidis
2403 915 2498 954 seu
2538 897 2764 954 Osiridis
2799 900 3057 954 tumulum
3079 942 3093 964 ,
3149 914 3390 973 sacraque
3419 916 3599 979 mysteria

2100 992 2232 1047 nihil
2273 992 2416 1046 aliud
2461 992 2719 1061 prodere,
2752 1008 2910 1062 quam
2955 993 3273 1048 miscrorum
3313 995 3502 1056 deorum
3518 1007 3600 1060 Iris.

2102 1097 2180 1140 tes
2223 1086 2430 1150 exitus,
2478 1085 2580 1139 fata
2649 1094 2702 1141 et
2748 1085 2953 1140 funera.
2987 1084 3122 1151 Quis
3168 1091 3325 1140 etiam
3375 1096 3600 1154 nonvideat

2100 1177 2374 1233 Eleusinia
2423 1176 2675 1244 Cereris,
2719 1177 2931 1248 aliaque
2977 1177 3126 1232 .lovis
3177 1187 3231 1232 et
3279 1177 3474 1251 Cybeles
3501 1202 3600 1245 sacra

2101 1286 2206 1325 non
2248 1269 2426 1324 minus
2472 1269 2701 1325 absurda
2751 1284 2872 1326 esse
2916 1285 3076 1340 quam
3115 1269 3400 1338 probrosa?

2173 1363 2412 1431 Quantas
2456 1364 2674 1433 insuper
2717 1363 2785 1417 de
2825 1363 3048 1417 deorum
3089 1376 3303 1417 suorum
3339 1363 3480 1420 forma
3501 1383 3544 1422 ac
3563 1370 3602 1425 ft-

2101 1471 2231 1526 gura
2266 1455 2498 1524 ineptias
2538 1453 2857 1524 putidasque
2917 1468 3088 1522 nugas
3136 1454 3329 1510 ethnici
3375 1459 3599 1518 venditant!

2103 1547 2364 1604 Claudum
2409 1548 2606 1618 quitpe
2649 1546 2853 1616 fingunt
2895 1544 3216 1613 Vulcanum,
3266 1547 3521 1616 Apollinem
3541 1555 3603 1608 int-

2105 1641 2350 1708 bt-rbem,
2399 1639 2769 1710 JEsculapium
2813 1637 2980 1693 ftlium
3014 1638 3134 1709 ejus
3163 1638 3602 1712 barbatum,glaucis

2106 1732 2408 1803 Neptunum
2443 1733 2651 1797 oculis,
2711 1732 3007 1787 Minervam
3033 1732 3244 1795 etesiis,
3289 1732 3472 1788 bubulis
3494 1735 3603 1792 Juno-

2109 1920 2396 1976 Saturnum
2417 1918 2735 1989 compeditis
2757 1959 2770 1976 .
2795 1917 2994 1985 duplici
3028 1915 3205 1972 fronte
3229 1916 3426 1983 Jauum,
3453 1919 3602 1974 Dianam

2107 2013 2214 2067 alte
2254 2011 2613 2072 succinctam,
2661 2009 2956 2079 Ephesiam
3012 2008 3196 2063 multis
3240 2010 3486 2072 mammis.
3517 2015 3603 2068 trino

2108 2102 2284 2171 capite
2331 2111 2384 2156 et
2423 2099 2606 2156 multis
2651 2100 2900 2155 manibus
2945 2099 3219 2166 Triviam,
3251 2099 3418 2155 Jovetu
3457 2112 3516 2156 tot
3539 2103 3604 2159 fur-

2109 2210 2211 2250 ntte
2263 2195 2519 2248 monstris
2569 2192 2884 2258 horridum,
2921 2201 3056 2261 quot
3093 2193 3403 2263 appellatum
3448 2196 3604 2251 nomini-

2111 2286 2210 2343 bus
2231 2329 2246 2352 ,
2283 2287 2549 2355 Erigonen
2583 2286 2774 2357 laqueo
2796 2298 3118 2354 suSpeusant
3141 2326 3156 2349 ,
3193 2285 3425 2340 Castores
3459 2287 3606 2343 alternis

2111 2379 2298 2434 diebus
2344 2377 2587 2432 viventes
2631 2393 2694 2431 ac
2739 2378 3074 2442 morientes,
3125 2377 3284 2432 ictum
3331 2376 3511 2434 flumine
3531 2378 3606 2435 dis-

2112 2469 2413 2540 culapium,
2468 2478 2520 2524 et
2567 2469 2850 2524 Herculem
2899 2468 3095 2525 (Eteis
3135 2479 3408 2525 crematum
3448 2473 3602 2542 ignibus.

2188 2564 2292 2620 Has
2331 2579 2493 2636 porro
2538 2563 2747 2619 fabulas
2791 2564 2859 2618 ab
2909 2563 3097 2635 impiis
3128 2563 3411 2620 hominibus
3452 2567 3602 2635 primum

2117 2658 2366 2721 traditas,
2424 2657 2514 2712 alii
2565 2656 2823 2727 deinceps
2874 2656 3252 2723 celebrarunt,
3294 2672 3351 2711 ac
3388 2669 3522 2727 poeta.-
3552 2674 3606 2726 ne

2116 2751 2412 2814 tissimutu,
2469 2749 2560 2820 qui
2607 2747 2746 2802 hattd
2784 2763 2968 2817 parum
3023 2749 3232 2803 veritati
3278 2762 3363 2802 sua
3401 2758 3606 2804 nocuerunt

2115 2842 2451 2897 auctoritate.
2509 2840 2868 2908 Quamobrem
2919 2839 3079 2895 Plato
3118 2840 3324 2896 civitate
3363 2856 3450 2894 non
3486 2840 3605 2894 inime-

2116 2934 2220 2988 rito
2271 2934 2430 3004 ejecit
2469 2933 2793 2995 Homerum,
2851 2933 2939 3002 qui
2987 2932 3300 3003 impudente
3339 2930 3523 2986 ludibrio
3551 2947 3603 2986 re

2116 3026 2246 3082 cinit
2298 3028 2590 3082 sauciatam
2636 3025 2934 3090 Venerem,
2993 3024 3224 3080 Martem
3271 3040 3368 3078 non
3409 3024 3500 3078 sine
3537 3023 3604 3077 rul-

2119 3119 2337 3174 ueribus
2381 3118 2654 3188 fugatum,
2694 3117 2882 3173 Jovem
2909 3133 2937 3170 ιι
2981 3117 3209 3172 Briareo
3251 3114 3606 3180 liberattttn,Sar«

416 3224 520 3279 quc
550 3210 677 3276 soli,
729 3221 961 3280 quantus
1007 3221 1120 3277 est,
1176 3213 1458 3282 cognitus,
1505 3229 1535 3268 a
1577 3215 1730 3269 nobis
1787 3229 1887 3270 nec
1931 3213 2009 3268 vi-
2039 3218 2085 3281 ρ
2119 3212 2344 3284 pedonis
2382 3226 2565 3266 casum
2607 3210 2844 3266 cruentis
2885 3209 3154 3265 imbribus
3201 3208 3418 3270 flentem,
3457 3222 3505 3260 ac
3534 3208 3601 3260 loro

415 3300 568 3366 deri,
617 3317 717 3356 nec
756 3303 1019 3356 nominari
1065 3314 1259 3371 queat;
1306 3319 1427 3358 eum
1480 3313 1688 3371 tamen,
1742 3305 1788 3361 si
1833 3306 2012 3361 nuuti-

417 3407 547 3447 num
600 3395 933 3448 terreStriutn
972 3395 1128 3449 tollas
1163 3394 1523 3452 additamenta
1545 3439 1560 3462 ,
1619 3397 1898 3469 perspicue
1923 3413 2014 3454 co.

415 3501 667 3557 gnosces.
718 3487 784 3542 Et
827 3502 957 3542 sane
997 3488 1300 3542 unanimem
1351 3504 1471 3544 esse
1515 3491 1754 3546 omnium
1800 3491 1869 3547 de
1921 3491 2015 3547 illo

420 3592 742 3634 consensum
774 3577 897 3635 inde
931 3577 1184 3636 Octavius
1223 3580 1432 3651 arguit,
1466 3582 1608 3652 quod
1655 3583 1866 3654 vulgus,
1898 3599 2015 3640 ma-

420 3685 524 3725 nus
569 3671 634 3725 ad
685 3671 879 3726 coelum
924 3672 1214 3739 tendendo,
1263 3674 1434 3742 ipsum
1469 3675 1698 3730 invocat.
1747 3677 2016 3733 Praeterea

425 3770 596 3831 poetre
642 3762 790 3817 illutu
833 3763 1013 3818 divqu
1047 3764 1434 3835 hominumque
1475 3777 1711 3837 patrem,
1755 3777 1808 3823 et
1841 3769 2015 3840 Virgi-

422 3855 526 3910 lius
573 3857 811 3911 otnnium
844 3873 1022 3913 rerum
1069 3868 1402 3926 creatorem,
1457 3872 1728 3929 tuentem,
1775 3873 1828 3918 et
1855 3864 2016 3934 spiri-

422 3956 536 4003 tum
584 3951 940 4020 appellavere.
985 3951 1123 4019 Qttitt
1153 3953 1314 4007 etiam
1356 3954 1605 4024 ipsiutet,
1651 3957 1728 4011 uti
1769 3956 1859 4012 ille
1909 3957 2018 4012 sitt-

421 4041 644 4111 gillatint
674 4043 934 4107 ostendit,
989 4046 1388 4113 praestantiores
1417 4047 1759 4119 philosophi,
1800 4049 2016 4118 Thales,

425 4135 822 4199 Anaximenes,
876 4136 1140 4207 Diogenes
1180 4137 1580 4207 Apolloniates,
1633 4142 2016 4211 Anaxagoras,

425 4222 785 4295 Pythagoras,
821 4227 1210 4298 Xenophanes.
1246 4231 1621 4294 Antisthenes,
1653 4232 2016 4302 Speusippus,

424 4317 792 4382 Democritus,
829 4320 1076 4384 Straton,
1106 4323 1452 4387 Aristoteles,
1487 4323 1818 4391 Heraclides,
1845 4326 2020 4382 Theo-

425 4414 703 4485 phrastus.
756 4416 965 4480 Zenon,
1027 4415 1396 4487 Chrysippus,
1456 4419 1772 4482 Cleanthes,
1827 4420 2019 4490 Dioge-

425 4525 522 4565 nes
555 4509 910 4580 Babylonius,
955 4507 1288 4578 Xequhon,
1320 4510 1500 4564 Aristo
1534 4519 1588 4564 et
1618 4511 1800 4578 Plato,
1831 4529 2021 4584 quam-

2120 3305 2354 3360 illectum
2415 3303 2670 3369 Veneris;
2731 3302 3022 3357 Herculem
3079 3311 3309 3357 stercora
3359 3308 3602 3369 egerentem,

2118 3396 2423 3467 Neptunum
2468 3396 2585 3450 sine
2639 3395 2746 3450 ulla
2778 3393 3030 3449 mercede
3077 3393 3418 3448 instituentcm
3455 3389 3602 3444 thottte-

2118 3490 2294 3545 dontis
2324 3505 2536 3554 tnuros,
2594 3488 2890 3558 Apollinem
2925 3494 3233 3557 pascentem
3263 3484 3444 3540 Admeti
3482 3495 3600 3551 pecus,

2121 3582 2418 3637 Vulcanum
2459 3582 2607 3636 Jovis
2634 3581 2685 3635 itt
2713 3581 2871 3635 Creta
2921 3580 3032 3634 nati
3075 3579 3293 3633 fulmina
3335 3577 3600 3636 fabricantur,

2121 3674 2306 3729 Martis
2341 3674 2671 3744 Venerisque
2699 3672 3023 3727 adulterium
3044 3714 3058 3738 ,
3103 3680 3157 3725 et
3184 3680 3378 3741 rapttttn
3402 3667 3456 3721 ab
3477 3664 3598 3721 eodem

2121 3767 2252 3825 Jove
2282 3767 2672 3839 Ganymedem.
2703 3769 2769 3821 At
2797 3766 3034 3820 ridiculis
3067 3766 3169 3820 illis
3195 3762 3597 3831 obscenisquecotn-

2123 3860 2319 3915 mentis
2359 3860 2566 3930 ingenia
2595 3874 2881 3928 puerorum
2922 3866 3359 3928 corrumpuntur,
3384 3869 3438 3909 ac
3461 3849 3594 3908 tandem

2123 3951 2176 4007 itt
2225 3952 2290 4007 iis
2337 3952 2562 4020 turpiter
2607 3951 2955 4021 nequiterque
2990 3957 3390 4006 consenescunt.

2198 4047 2240 4099 A
2285 4044 2518 4099 Diodoro
2569 4043 2914 4097 nihilominus
2961 4043 3180 4109 Siculo,
3226 4041 3422 4104 Thallo,
3463 4045 3501 4090 et
3540 4031 3600 4086 Ne-

2125 4149 2270 4211 pote,
2321 4152 2454 4209 quos
2498 4136 2626 4191 citat
2675 4136 2962 4200 Octavius,
2993 4151 3182 4190 omnes
3207 4133 3397 4189 discere
3430 4125 3598 4224 facillime

2125 4241 2411 4302 potucrant
2460 4229 2649 4285 horum
2699 4229 2990 4299 principem
3047 4228 3208 4282 fuisse
3251 4226 3515 4282 Saturnum;
3544 4233 3598 4285 qm

2123 4326 2339 4398 quidem
2385 4335 2527 4380 ntetu
2575 4323 2666 4378 filii
2697 4338 2727 4378 c
2765 4322 2922 4377 Creta
2949 4322 3244 4392 aufugiens,
3275 4328 3413 4388 atque
3447 4309 3597 4407 inlini-ia

2125 4433 2155 4472 a
2207 4417 2341 4473 Jano
2391 4427 2706 4484 susceptus.
2745 4414 2972 4484 plut-ima
3031 4414 3188 4468 rudes
3239 4411 3449 4466 homines
3468 4405 3598 4459 docuil.

2123 4521 2287 4583 atque
2333 4511 2584 4581 imposito
2636 4511 2796 4565 variis
2841 4509 2973 4562 locis
3023 4523 3122 4562 suo
3161 4506 3392 4566 nomine,
3425 4497 3597 4567 seipSUI"

426 4603 506 4658 vis
546 4618 575 4656 a
625 4601 777 4654 nobis
815 4600 995 4656 verbis
1042 4608 1097 4654 et
1125 4614 1376 4655 sermone
1431 4603 1763 4673 discrepent,
1815 4605 1864 4658 itt
1894 4622 2018 4662 uos-
2043 4605 2097 4668 D
2125 4605 2371 4676 probavit
2409 4619 2530 4658 esse
2573 4602 2865 4656 hominem.
2897 4599 3106 4668 Jupiter
3133 4613 3276 4663 vero,
3320 4595 3394 4666 qui
3421 4586 3596 4648 inCrela.

426 4703 564 4747 trant
616 4691 966 4746 nihilominus
1018 4691 1084 4746 dc
1135 4693 1228 4748 illo
1273 4693 1502 4762 ipsomct
1561 4693 1669 4748 Deo
1719 4699 1878 4750 unico
1927 4698 2016 4753 alii

427 4784 741 4851 obscurius,
787 4784 879 4839 alii
925 4785 1132 4853 planius
1176 4788 1388 4840 iverunt
1429 4788 1775 4842 sententiam.

498 4880 578 4934 Ex
625 4877 708 4932 his
756 4877 824 4932 ita
872 4877 1158 4947 disputatis
1208 4877 1456 4933 Octavius
1508 4879 1755 4936 falsitatis
1798 4882 2018 4940 eviden-

429 4981 510 5026 ter
553 4973 728 5040 arguit
757 4969 1052 5025 venditatas
1081 4986 1111 5026 a
1141 4970 1433 5039 majoribus
1474 4973 1701 5040 nostris,
1749 4983 2016 5049 tamquam

427 5063 719 5131 miracula,
771 5063 1022 5119 ridiculas
1070 5062 1138 5119 de
1189 5064 1392 5134 Scylla.
1453 5065 1751 5134 Chimaera,
1815 5070 2014 5142 Hydra,

426 5155 740 5220 Centauris,
792 5155 1017 5224 aliisque
1043 5157 1214 5212 aniles
1255 5157 1490 5222 fabulas,
1538 5171 1592 5216 et
1622 5162 1884 5218 absurdas
1913 5174 2020 5220 tra-

424 5249 678 5305 ditiones.
736 5246 846 5303 Nec
892 5247 1064 5305 minus
1115 5250 1391 5307 evidenter
1449 5255 1687 5310 ostendit
1751 5257 2016 5314 insulsum

427 5341 759 5411 impiumque
789 5354 1003 5409 semper
1029 5340 1190 5397 fuisse
1224 5342 1447 5399 deorqu
1489 5346 1713 5402 cultum.
1747 5349 2018 5418 Antiquis-

427 5433 548 5486 simi
600 5431 875 5485 enimvero
923 5431 1166 5489 homines
1215 5437 1440 5504 primttm
1473 5453 1604 5493 sane
1649 5454 1774 5492 suos
1825 5455 2012 5511 reges,

425 5523 595 5578 duces
644 5522 903 5594 inclytus,
953 5525 1172 5596 pudicas
1217 5536 1272 5583 et
1316 5543 1449 5585 sexu
1489 5545 1587 5584 suo
1627 5529 1875 5586 fortiores
1931 5548 2018 5590 rc-

421 5616 608 5686 ginas,
655 5616 958 5688 artiumque
1009 5619 1356 5686 inventores,
1398 5622 1468 5676 ob
1501 5623 1754 5692 prazclara
1798 5624 2011 5682 illorum

421 5709 593 5774 facta,
636 5709 718 5764 vel
763 5720 978 5781 accepta
1032 5711 1100 5769 ab
1156 5714 1234 5768 eis
1283 5713 1539 5770 beneficia
1589 5732 1696 5772 non
1738 5732 1895 5772 secus
1947 5733 2012 5776 ac

411 5797 546 5857 deos
597 5805 836 5863 venerati
892 5815 1040 5862 sunt.
1102 5805 1171 5862 Et
1237 5806 1339 5862 hoc
1395 5807 1608 5878 quidem
1667 5810 1734 5867 ab
1785 5808 2008 5870 Octavio

2127 4698 2269 4754 unde
2299 4713 2420 4752 eunt
2469 4696 2776 4766 expulerat,
2819 4694 3094 4765 regnavit,
3143 4693 3192 4747 in
3224 4692 3314 4745 hac
3355 4683 3490 4742 insula
3511 4691 3596 4735 mor.

2124 4800 2247 4846 tuus
2277 4798 2392 4850 est,
2432 4789 2519 4843 ubi
2559 4787 2902 4858 sepulchrum
2935 4786 3050 4856 ejus
3087 4782 3383 4840 ostenditur.
3421 4776 3598 4858 Praeferat

2123 4881 2386 4936 Romulus
2444 4890 2564 4951 post
2612 4887 2838 4933 mortem
2892 4891 3075 4941 suam,
3128 4874 3392 4944 pejerante.
3425 4857 3596 4961 Proculo,

2123 4972 2260 5029 Juba
2303 4971 2498 5027 Mauris
2551 4970 2882 5034 volentibus,
2937 4968 3133 5035 aliique
3157 4964 3308 5018 etiam
3330 4965 3521 5028 quamvis
3545 4963 3595 4998 tn-

2123 5066 2217 5120 viti
2269 5073 2320 5119 et
2367 5064 2728 5128 reluctantes,
2776 5063 2849 5116 dii
2877 5058 3157 5116 renuntiati
3185 5064 3320 5112 sunt.
3346 5045 3476 5119 Atqui
3498 5049 3597 5096 verus

2124 5157 2266 5212 Deus
2312 5170 2410 5211 nec
2456 5155 2635 5218 nasci,
2692 5167 2791 5209 nec
2839 5152 2975 5207 mori
3017 5158 3209 5222 potest.
3437 5230 3451 5233 _
3547 5222 3556 5233 θ

2197 5249 2430 5305 Deorum
2480 5247 2674 5303 deinde
2723 5246 2981 5316 imagines
3027 5254 3080 5302 et
3130 5241 3386 5300 simulacra
3425 5230 3594 5287 Octavius

2121 5345 2394 5414 exagitat,
2445 5342 2728 5412 palamque
2760 5340 2885 5397 facit
2931 5356 2994 5396 ea
3015 5341 3094 5396 vel
3132 5354 3199 5394 ex
3229 5335 3311 5391 vili
3342 5323 3591 5388 sordidaque.

2125 5437 2208 5492 vel
2269 5436 2501 5506 pretiosa
2555 5435 2810 5502 materia,
2865 5435 3112 5490 manibus
3159 5443 3211 5489 et
3256 5436 3358 5484 arte
3403 5420 3590 5514 f3bf0fll|fll

2122 5544 2338 5602 qu0quo
2381 5529 2541 5585 modo
2578 5529 2838 5593 conficta,
2885 5529 2952 5584 ab
2989 5527 3170 5584 avibus
3197 5523 3394 5592 aliisque
3425 5503 3590 5604 animali-

2119 5599 2219 5680 bus
2263 5639 2407 5695 saepe
2441 5623 2637 5694 saepius
2683 5622 3056 5693 coinquinata,
3107 5619 3259 5689 impie
3293 5611 3381 5669 coli
3401 5607 3455 5662 ab
3477 5599 3589 5695 etum:

2117 5717 2225 5786 cis,
2271 5690 2356 5772 ac-
2380 5690 2628 5786 precibus
2659 5690 2853 5769 frustra
2877 5724 2930 5769 et
2975 5713 3221 5770 inutiliter
3263 5697 3453 5772 fatigari.
3481 5690 3584 5786 litt“

2116 5782 2335 5880 insuper
2367 5782 2675 5865 inductione
2703 5807 3031 5863 demonstrat
3055 5812 3296 5876 quantum
3323 5797 3367 5849 in
3389 5782 3581 5846 celebrat?
