3802 6276
208 351 290 408 577
1557 335 2027 394 DISSERTATIO.

3332 337 3437 395 578

203 463 266 520 dis
294 457 614 532 quorumdam
642 455 868 511 deorum
906 454 1177 526 mysteriis
1208 452 1451 519 ridiculi,
1502 453 1743 519 obsceni,
1773 453 1943 514 Asus
1985 453 2232 518 crimina,
2283 463 2375 509 aut
2423 453 2506 509 his
2533 455 2753 510 omnino
2797 455 3009 522 similia,
3060 463 3220 527 atque
3267 453 3434 510 etiam

206 558 495 626 crudelesque
543 552 677 605 ritus
735 550 1177 604 observarentur.

263 653 372 708 'lâ€˜tttu
410 647 593 704 dehinc
632 642 875 700 Ostendit
921 643 989 698 ab
1021 642 1236 698 Ca-cilio
1282 656 1562 713 perperam
1586 641 1743 711 jacti-

215 749 295 804 tari
339 747 605 804 Romanos,
650 737 962 808 hujusmodi
1006 737 1480 806 superstitionibus
1506 736 1609 789 rite
1638 733 1744 788 .ob-

217 840 431 904 servatis,
472 837 617 891 totius
650 831 802 886 orbis
844 831 1002 900 potiri
1045 829 1292 899 imperio.
1323 827 1535 882 Etenim
1571 826 1742 895 parri-

218 936 331 990 cidio
355 943 546 1000 regnum
570 923 689 979 illud
721 924 1054 981 inchoatum.
1095 920 1411 982 sceleribus,
1445 919 1739 988 impietate,

219 1039 264 1084 et
295 1022 540 1090 sacrilegiis
584 1019 843 1071 accrevit.
894 1014 1033 1081 Qttid
1082 1030 1231 1080 vero,
1279 1011 1423 1082 quod
1469 1009 1744 1065 vernaculi

217 1119 294 1184 dii,
330 1115 551 1170 Romulus
571 1153 586 1175 ,
621 1110 798 1172 Picus,
829 1108 1116 1163 Tiberinus
1135 1149 1148 1171 ,
1173 1105 1411 1167 Consus,
1436 1105 1744 1167 Pilumnus,

216 1213 476 1269 Picumtms,
525 1202 798 1267 Cloacina,
851 1200 1044 1263 Pavor,
1091 1199 1304 1262 Pallor,
1359 1197 1566 1259 Febris,
1607 1195 1745 1249 Mor-

206 1303 307 1365 bus,
342 1300 465 1352 Acca
501 1294 816 1356 Laurentia,
853 1299 909 1347 et
954 1291 1112 1346 Flora
1161 1289 1363 1344 nullam
1410 1287 1598 1345 iisdem
1635 1287 1745 1341 Ro-

204 1393 344 1450 manis
381 1404 527 1460 opem
580 1385 723 1440 ferre
773 1383 1096 1455 potuerunt?
1145 1382 1308 1437 Multo
1349 1391 1532 1436 autem
1566 1380 1745 1434 minus

205 1485 385 1540 aliarum
426 1480 654 1550 gentium
710 1477 818 1542 dii,
862 1491 995 1548 quos
1049 1476 1123 1530 illi
1175 1490 1282 1529 non
1337 1475 1590 1537 coluere,
1641 1472 1747 1526 nisi

207 1579 318 1634 bello
355 1576 488 1647 prius
525 1574 723 1639 victos,
764 1586 828 1626 ac
871 1579 992 1642 post
1039 1579 1214 1624 actum
1266 1568 1336 1623 de
1379 1569 1508 1638 ipsis
1555 1565 1746 1620 trium-

211 1675 358 1748 phum.
401 1670 626 1738 Denique
673 1667 854 1722 nullus
899 1665 1150 1733 ignorat,
1193 1662 1481 1734 Assyrios,
1532 1659 1746 1723 Medos,

221 1771 398 1833 Persas,
439 1765 685 1826 Grascos,
737 1760 1053 1832 Egyptios,
1105 1771 1359 1826 regnasse
1409 1763 1534 1808 ante
1583 1767 1746 1824 quas-

1847 546 2046 616 majora
2099 547 2166 602 ab
2220 549 2462 618 ipsismet
2501 548 2728 603 ethnicis
2784 562 2972 618 reapse
3028 547 3307 602 committi.
3364 548 3442 602 Ac

1846 642 2020 712 primo
2049 641 2258 710 quidem
2294 642 2383 712 qui
2426 651 2604 711 caput,
2652 641 2842 710 inquit,
2897 639 3032 694 asini
3061 655 3091 693 a
3124 637 3440 694 Christianis

1845 735 2054 790 adorari
2111 746 2436 805 praepostere
2478 734 2846 799 clamitabant,
2883 732 2934 786 hi
2978 747 3098 786 cum
3152 731 3335 800 Epona
3382 739 3437 787 et

1847 825 1987 880 Iside
2011 827 2396 880 consecrabant
2425 827 2625 886 asinos,
2657 825 2830 894 capita
2865 823 3024 877 boum
3057 837 3119 877 ac
3153 836 3436 877 vervecum

1847 918 2260 980 venerabantur,
2307 918 2544 988 deosque
2594 915 2914 972 dedicabant
2952 915 3037 970 vel
3085 916 3302 985 caprina
3331 914 3433 969 hu-

1847 1027 2112 1081 manaque
2138 1011 2305 1066 forma
2327 1053 2341 1076 ,
2395 1013 2476 1066 vel
2505 1011 2701 1065 bovino
2731 1010 3032 1080 cauinoque
3063 1009 3209 1063 vultu
3238 1024 3437 1077 reprac-

1848 1113 2105 1160 sentatos.
2142 1104 2223 1158 Ad
2267 1104 2381 1159 haec
2424 1112 2602 1158 autem
2645 1103 2745 1174 ipsi
2776 1101 3002 1156 Romani
3044 1102 3234 1156 bovem
3265 1101 3439 1170 Apim,

1847 1194 2042 1264 aliique
2090 1196 2360 1257 animalia,
2406 1205 2715 1264 serpentes,
2764 1209 2925 1260 aves,
2977 1192 3209 1258 belluas,
3269 1193 3442 1263 pisces

1848 1290 2116 1353 colebant,
2174 1290 2328 1345 sicuti
2383 1288 2619 1362 Egyptii
2641 1330 2656 1355 ,
2709 1289 2798 1359 qui
2830 1304 2936 1342 non
2967 1289 3138 1358 magis
3167 1286 3360 1342 Isidem
3390 1296 3443 1345 et

1850 1381 2159 1452 Serapidem
2200 1398 2357 1453 quam
2386 1381 2708 1437 acrimonias
2733 1394 2987 1451 ceparum
3019 1387 3073 1435 et
3102 1380 3306 1435 ventris
3326 1393 3444 1435 cre-

1852 1476 1993 1546 pitus
2031 1477 2369 1530 verebantur.

1922 1567 2073 1634 Quod
2125 1567 2352 1622 subinde
2393 1567 2594 1636 objecit
2632 1565 2880 1621 Caecilius
2908 1580 2939 1620 a
2977 1562 3300 1619 Christianis
3338 1560 3442 1616 coli

1852 1661 2150 1717 sacerdotis
2199 1661 2472 1732 genitalia,
2527 1661 2656 1717 illud
2684 1673 2790 1715 tam
2824 1659 3012 1714 falsum
3043 1673 3164 1713 esse
3188 1655 3440 1714 Octavius

1852 1766 2159 1820 asseverat,
2197 1771 2356 1826 quam
2400 1766 2608 1810 certum
2651 1767 2734 1809 est
2763 1753 3009 1809 ethnicos
3040 1749 3441 1806 obscenissimis

225 1863 344 1927 libet,
382 1857 665 1927 ceterisque
722 1855 973 1909 omnibus
1023 1849 1324 1906 deteriores
1374 1846 1744 1902 Romanorum
1777 1845 1823 1906 B
1851 1849 2189 1918 constuprari
2221 1846 2664 1918 turpitudinibus,
2692 1861 2824 1916 quas
2845 1845 3000 1901 nobis
3026 1859 3126 1900 nec
3142 1843 3440 1908 nominare,

223 1954 580 2026 superstitiones.

278 2047 341 2101 Ex
363 2045 510 2098 avium
538 2055 700 2112 porro
726 2037 981 2108 auspiciis
1015 2043 1175 2105 atque
1203 2031 1440 2102 auguriis
1471 2029 1738 2083 vibratum

205 2139 365 2194 leviter
385 2155 409 2189 a
448 2134 656 2190 Czccilio
686 2137 848 2188 telum
867 2174 882 2198 ,
937 2137 1125 2185 contra
1158 2127 1330 2195 ipsum
1357 2121 1610 2178 Octavius
1633 2121 1747 2176 Re-

199 2233 323 2302 guli,
373 2229 610 2293 Mancini,
661 2225 846 2290 Pauli,
895 2221 1233 2291 Caesarisque
1275 2216 1522 2286 exempla
1559 2225 1747 2272 retun-

197 2325 282 2378 dit.
338 2321 592 2378 Similthus
648 2319 809 2374 etiam
863 2316 954 2371 ille
1015 2313 1365 2383 Amphiarai,
1421 2309 1644 2365 Tiresia:
1695 2317 1751 2364 et

195 2415 430 2484 Apollinis
457 2411 626 2483 Pythii
661 2408 922 2479 exemplis
949 2406 1281 2462 demonstrat
1311 2417 1416 2458 non
1454 2402 1624 2472 magis
1651 2416 1748 2456 va-

191 2508 338 2561 lidam
384 2521 488 2560 csse
539 2504 757 2574 petitam
805 2517 871 2556 ex
921 2499 1154 2554 oraculis
1205 2497 1747 2567 argumentationem.

186 2599 286 2655 Sed
321 2600 434 2670 quia
481 2611 664 2668 urgere
710 2594 908 2666 aliquis
955 2599 1199 2662 peterat,
1263 2587 1508 2660 quaedam
1560 2585 1750 2640 saltem

194 2707 302 2748 vera
336 2695 487 2747 fuisse
513 2689 725 2746 oracula
747 2731 762 2756 ,
816 2688 1016 2742 idcirco
1045 2684 1298 2739 Octavius
1328 2696 1439 2736 rem
1471 2680 1665 2743 altius,
1697 2685 1751 2732 et

195 2802 220 2841 a
255 2786 411 2858 printa
441 2800 529 2839 sua
569 2782 776 2854 origine
819 2777 1164 2848 repetendam
1194 2791 1317 2832 esse
1342 2774 1572 2831 censuit.
1610 2771 1750 2826 Dicit

195 2880 354 2950 itaque
393 2877 636 2950 quosdam
688 2890 809 2932 esse
849 2875 1088 2944 impuros
1118 2871 1371 2942 Spiritus,
1418 2870 1507 2939 qtti
1538 2865 1749 2935 cupidi-

198 2980 294 3026 tate
333 2984 380 3026 et
407 2971 571 3035 vitiis,
621 2967 920 3023 substantia:
962 2980 1070 3019 sua:
1108 2962 1508 3033 simplicitatem
1549 2958 1748 3012 amise-

196 3073 325 3117 runt.
373 3061 532 3131 Neque
563 3061 614 3116 id
665 3074 862 3130 negare
913 3063 1157 3128 poterant
1198 3053 1420 3109 ethnici.
1471 3051 1600 3106 Nam
1652 3050 1749 3105 hos

186 3165 352 3224 poeta:
381 3156 633 3209 dmmonas
667 3162 897 3218 vocant,
949 3149 1167 3220 notique
1189 3155 1344 3202 erant
1375 3143 1540 3213 Magis
1576 3156 1639 3197 ac
1659 3142 1750 3196 So-

179 3250 329 3315 crati,
376 3251 455 3321 qui
496 3264 656 3304 unum
699 3263 764 3303 ex
813 3247 919 3300 illis
966 3243 1244 3301 custodem
1293 3250 1347 3296 et
1378 3238 1747 3294 consiliarium
1779 3240 1824 3304 C

175 3338 376 3397 habuit.
419 3342 510 3408 Qui
548 3355 676 3395 vero
721 3338 795 3394 illi
826 3339 964 3402 sint,
1008 3335 1296 3390 Holstattes
1340 3343 1395 3387 et
1431 3331 1582 3385 Plato
1606 3330 1750 3384 edis-

168 3445 377 3490 serunt.
408 3436 558 3505 Atqui
605 3434 739 3504 Magi
778 3433 980 3502 aliique
1033 3430 1223 3484 horum
1274 3426 1603 3497 perditorum
1651 3439 1752 3478 an-

165 3530 442 3594 gelorum,
470 3528 551 3597 qui
595 3526 839 3580 homines
883 3537 1066 3579 secum
1098 3520 1323 3591 perdere
1349 3528 1642 3582 conantur,
1673 3516 1749 3570 af-

165 3617 293 3673 ï¬‚atu
345 3631 396 3673 et
441 3619 780 3689 inspiratione
828 3615 998 3670 varias
1041 3613 1338 3684 praestigias
1375 3610 1562 3666 edunt.

240 3713 350 3782 Ipsi
386 3728 509 3769 vero
553 3713 630 3766 illi
677 3711 953 3766 daemones
993 3709 1092 3764 sub
1120 3707 1310 3762 statuis
1337 3715 1388 3760 et
1435 3703 1755 3774 imaginibus

165 3803 505 3873 delitescunt,
535 3813 934 3862 commorantur
966 3803 1017 3857 in
1046 3801 1201 3865 fanis,
1253 3800 1336 3856 vel
1378 3799 1429 3853 in
1475 3797 1750 3852 hominum

168 3913 397 3968 corpora
424 3902 685 3970 irrepunt,
735 3898 1032 3953 naturalem
1060 3893 1409 3966 quarumdam
1445 3906 1622 3948 rerum
1668 3905 1755 3945 or-

172 3993 355 4049 dinem
403 3994 729 4064 perturbant,
782 3992 997 4047 oracula
1045 3989 1192 4044 falsis
1240 3986 1479 4042 involuta
1527 3998 1753 4055 respon-

170 4085 250 4138 sis
294 4086 538 4154 fundunt,
583 4087 794 4154 aliaque
824 4081 1270 4141 extraordinaria,
1313 4078 1469 4135 sicuti
1501 4093 1584 4141 ea,
1633 4093 1752 4146 qua:

173 4175 246 4231 de
287 4178 447 4247 Jove,
487 4180 827 4244 Castoribus,
863 4185 919 4232 et
945 4175 1162 4230 Claudia
1191 4173 1440 4228 Caecilius
1467 4185 1757 4227 recensue-

178 4282 303 4338 rat,
331 4275 404 4329 sic
429 4273 684 4337 efficiunt,
738 4283 793 4327 ut
843 4270 1072 4326 ethnicis
1101 4267 1382 4322 videantur
1409 4281 1535 4320 vera
1572 4273 1754 4334 patra-

191 4363 335 4417 visse
374 4366 630 4421 miracula.
690 4365 1071 4418 Verumtamen
1125 4371 1250 4413 tunc
1297 4357 1450 4414 fateri
1492 4367 1759 4426 coguntur

209 4453 321 4510 haec
357 4474 492 4515 nona
542 4461 672 4524 Deo,
710 4457 805 4514 sed
849 4473 879 4511 a
906 4471 965 4512 se
1011 4455 1140 4525 ipsis
1171 4454 1309 4509 facta
1341 4453 1526 4519 fuisse,
1575 4467 1698 4506 cum
1726 4467 1756 4506 a

207 4543 484 4606 Christianis
521 4568 614 4622 per
644 4553 811 4607 Deum
842 4565 1026 4604 verum
1058 4546 1310 4616 adiurati,
1341 4556 1394 4601 et
1409 4548 1576 4602 sacris
1601 4559 1756 4600 exor-

1850 1957 1950 1996 nec
1993 1941 2178 1995 audire
2217 1939 2297 1994 fas
2329 1955 2576 2009 umquam
2607 1938 2725 1994 fuit.

1921 2033 2027 2088 Nec
2078 2034 2246 2102 magis
2291 2047 2474 2087 verum
2531 2040 2645 2086 erat
2697 2031 2969 2085 hominem
3018 2027 3166 2084 cruci
3220 2035 3442 2098 propter

1850 2125 2075 2182 crimina
2120 2139 2214 2180 sua
2258 2123 2476 2178 affixum
2519 2139 2550 2178 a
2603 2121 2756 2178 nobis
2803 2121 2927 2176 coli.
2981 2119 3114 2175 Nam
3165 2135 3288 2175 eum
3336 2134 3444 2175 non

1851 2219 2010 2274 modo
2048 2219 2411 2284 innocentem,
2457 2216 2552 2271 sed
2587 2216 2753 2270 Deum
2780 2229 2900 2270 esse
2929 2216 3122 2269 merito
3148 2213 3439 2269 credimus.

1852 2310 2046 2366 Contra
2099 2326 2226 2364 vero
2273 2308 2513 2380 Egyptii
2561 2307 2766 2362 homini
2816 2320 2846 2360 a
2885 2321 2945 2361 se
2992 2305 3167 2360 electo
3211 2311 3446 2359 mactant

1851 2402 2116 2469 victimas,
2163 2411 2218 2458 et
2244 2401 2506 2456 sacriï¬cia
2557 2401 2781 2457 faciunt.
2829 2399 2934 2454 Alii
2965 2407 3146 2454 autem
3176 2413 3360 2466 regum
3392 2397 3444 2451 itt

1855 2495 1995 2550 Deos
2037 2510 2065 2548 a
2095 2509 2154 2550 se
2197 2494 2588 2564 adscriptor-um
2627 2495 2877 2546 invocant
2920 2492 3157 2558 numina,
3209 2491 3275 2546 ad
3309 2492 3445 2545 ima-

1853 2586 2006 2658 gines
2045 2585 2364 2654 supplicant,
2415 2593 2575 2654 atque
2625 2598 2812 2637 eorum
2851 2581 3138 2651 implorant
3163 2582 3370 2652 genios.

1925 2678 2122 2732 Cruces
2151 2688 2325 2733 autem
2347 2718 2362 2744 ,
2405 2677 2578 2747 pergit
2605 2674 2876 2735 Octavius,
2912 2689 3013 2729 nec
3051 2673 3311 2737 colimus,
3347 2685 3445 2728 nec

1852 2779 2120 2840 Optamus.
2162 2769 2266 2825 Sed
2310 2769 2506 2824 ethnici
2536 2783 2628 2824 eas
2669 2767 2896 2822 fortasse
2942 2777 3190 2836 tanquam
3219 2766 3442 2821 deorum

1852 2879 2070 2920 suorum
2119 2870 2296 2934 partes
2335 2870 2675 2917 venerantur.
2731 2860 2918 2914 Crucis
2957 2859 3153 2913 etenim
3200 2857 3364 2927 figura
3395 2858 3446 2912 in

1853 2958 2113 3028 ipsorum,
2157 2971 2275 3026 qua:
2301 2956 2502 3019 colunt,
2553 2954 2748 3026 signis,
2781 2951 3085 3017 cantabris,
3133 2948 3363 3016 vexillis,
3393 2957 3450 3004 et

1855 3049 2131 3116 trepltaais,
2184 3063 2247 3102 ac
2282 3047 2526 3119 pluribus
2568 3046 2711 3112 aliis,
2753 3058 2885 3116 quas
2921 3043 3009 3098 ille
3038 3050 3444 3110 commemorat,

1854 3143 2188 3199 naturalibus
2244 3143 2405 3196 rebus
2458 3140 2804 3210 conspicitur.

1933 3235 2454 3306 lmpudeutissimam
2511 3248 2724 3304 quoque
2772 3245 2895 3287 esse
2948 3231 3022 3285 ait
3074 3229 3142 3284 de
3198 3237 3378 3299 potato
3417 3243 3447 3284 a

1855 3328 2176 3386 Christianis
2213 3326 2428 3381 infantis
2466 3341 2495 3379 a
2534 3341 2592 3380 se
2621 3322 2784 3379 occisi
2815 3322 3072 3393 sanguine
3101 3321 3444 3376 calumniam.

1858 3423 2069 3478 Ethnici
2101 3436 2248 3486 vero,
2285 3420 2357 3474 uti
2399 3419 2488 3474 ille
2517 3417 2711 3488 arguit,
2759 3425 2811 3471 et
2841 3431 3034 3486 pueros
3062 3428 3251 3470 recens
3295 3423 3448 3470 natos

1856 3516 2145 3572 crudeliter
2192 3522 2490 3584 exponunt,
2539 3520 2594 3566 et
2639 3510 2945 3580 priusquam
2979 3517 3288 3573 nascantur,
3321 3522 3444 3561 cru-

1857 3609 2132 3666 delissimo
2177 3614 2370 3661 necant
2409 3605 2617 3658 abortu.
2663 3603 2926 3657 Saturnus
2955 3608 3132 3654 autem
3171 3598 3368 3654 dicitur
3395 3600 3449 3652 tl-

1856 3705 1958 3761 lios
1984 3715 2219 3767 vorasse,
2252 3709 2307 3755 et
2343 3697 2573 3769 infantes
2595 3712 2622 3749 a
2663 3694 2977 3766 quihusdam
3003 3691 3197 3747 Africae
3235 3689 3444 3756 incolis,

1857 3798 1997 3852 sicut
2055 3811 2085 3850 a
2145 3794 2334 3849 Tauris
2379 3802 2434 3847 et
2480 3789 2726 3845 Busiride
2785 3787 3040 3860 Egyptio
3094 3785 3364 3856 hospites,
3418 3799 3448 3837 a

1857 3888 2022 3944 Gallis
2072 3895 2124 3940 et
2152 3884 2406 3940 Romanis
2445 3883 2709 3946 homines,
2743 3879 3122 3939 immolantur;
3151 3885 3206 3930 et
3243 3875 3450 3944 Jupiter

1859 3983 1974 4053 ipse
2023 3981 2123 4035 hac
2150 3993 2381 4048 quoque,
2435 3974 2702 4031 horrenda
2756 3972 2922 4039 dictu,
2971 3970 3165 4026 colitur
3209 3967 3445 4022 victima.

1858 4074 1996 4144 Quid
2041 4075 2222 4144 plura?
2269 4071 2538 4141 Sanguine
2580 4068 2814 4122 humano
2854 4063 3154 4132 conjuravit
3194 4061 3445 4126 Catilina,

1859 4167 2042 4222 litatur
2085 4165 2337 4227 Bellona},
2389 4173 2444 4216 et
2487 4158 2772 4214 comitialis
2821 4154 3038 4210 morbus
3076 4163 3316 4207 sanatur.
3349 4149 3447 4204 De-

1859 4262 2021 4329 nique
2050 4259 2263 4312 athletze
2305 4254 2505 4309 belluas
2547 4251 2821 4304 hominum
2854 4260 3044 4300 cruore
3096 4255 3150 4300 et
3193 4242 3450 4298 membris

1858 4355 2035 4409 adhuc
2088 4350 2356 4418 saginatas
2405 4345 2682 4400 devorant.
2737 4340 2808 4395 At
2853 4337 3173 4392 Christianis
3228 4335 3450 4390 homici-

1860 4448 2004 4504 dium
2058 4445 2142 4499 vel
2191 4440 2399 4504 audire,
2454 4439 2537 4492 vel
2581 4449 2806 4491 cernere
2852 4446 2957 4488 non
3015 4430 3173 4498 licet,
3223 4441 3277 4484 et
3324 4428 3448 4482 aui-

1862 4541 2081 4599 malium
2121 4537 2380 4607 sanguine
2423 4532 2788 4589 interdictum.

204 4639 369 4697 cismis
410 4646 468 4699 ab
515 4645 753 4702 obsessis
797 4641 1110 4711 corporibus
1161 4639 1428 4710 fugantur.
1481 4637 1754 4705 Quamob-
1780 4635 1832 4696 D
1931 4635 2014 4690 Ab
2043 4630 2192 4686 omni
2222 4629 2382 4684 etiam
2417 4621 2889 4681 verisimilitudine
2920 4629 3026 4674 tam
3067 4618 3302 4675 alienum
3331 4623 3445 4682 est,

200 4745 303 4786 rem
341 4733 655 4792 Christianos
709 4735 778 4791 de
834 4747 1079 4806 proximo
1123 4732 1394 4802 fugitant,
1440 4741 1756 4800 tantumque

204 4827 446 4894 gentilium
494 4832 544 4886 in
599 4846 694 4886 eos
723 4829 998 4886 concitant
1035 4827 1249 4893 odium,
1292 4835 1351 4881 ut
1389 4826 1509 4881 illos
1539 4841 1643 4880 non
1672 4839 1758 4880 so-

203 4915 296 4971 lum
333 4921 469 4990 prius
514 4922 714 4986 odisse,
759 4935 918 4991 quam
966 4933 1127 4974 nosse
1180 4917 1472 4988 incipiant,
1528 4917 1621 4971 sed
1665 4931 1758 4971 ne-

202 5009 337 5066 fanda
383 5018 535 5071 etiam
586 5016 691 5072 illis
732 5013 965 5070 inferant
1016 5011 1264 5078 crimina,
1318 5027 1438 5081 qua:
1472 5025 1502 5064 a
1544 5010 1759 5066 nemine

204 5104 388 5171 probari
415 5107 666 5164 hactenus
694 5114 1001 5177 potuerunt.
1044 5104 1109 5159 Et
1148 5112 1298 5160 certe
1323 5103 1580 5158 Octavius
1603 5101 1759 5171 plane

210 5199 484 5256 testificatur
535 5217 596 5258 se
648 5200 700 5257 id
749 5215 843 5257 sua
910 5197 1239 5269 experientia
1293 5195 1580 5258 didicisse,
1635 5209 1758 5249 cum

213 5284 301 5353 ifise
352 5296 517 5352 adhuc
576 5296 855 5360 ethnicus,
905 5288 1130 5367 ejusque
1193 5291 1358 5360 socii,
1425 5289 1760 5346 Christianos

213 5387 341 5442 Variis
377 5389 684 5453 tormentis,
745 5403 850 5442 non
910 5399 1016 5442 tam
1062 5388 1128 5442 ad
1185 5386 1366 5442 fietitia
1424 5398 1487 5439 ea
1535 5381 1758 5437 erimina

211 5477 495 5548 c(intuenda,
551 5498 708 5551 quam
738 5481 805 5536 ad
849 5479 1159 5551 ejurandam
1194 5478 1394 5535 Christi
1426 5476 1583 5532 fidem
1612 5490 1760 5530 eom-

204 5570 377 5630 Peilerc
398 5575 726 5631 nitebantur.

264 5671 327 5727 fb.â€˜
351 5684 526 5724 autem
559 5670 647 5723 ille
695 5667 1045 5721 invictissime
1073 5667 1403 5721 demonstrat
1428 5664 1760 5718 (lltriStianos

177 5755 462 5834 sicrilcgii,
515 5762 782 5825 incestus,
834 5759 1038 5829 stupri,
1072 5757 1338 5824 parricidii
1385 5769 1488 5810 tam
1519 5756 1649 5807 falso
1682 5752 1762 5805 itt-

160 5840 434 5920 simulari,
489 5868 648 5924 quam
676 5861 883 5908 certum
936 5865 1226 5920 verumque
1251 5859 1364 5906 erat
1390 5847 1573 5906 eadem
1605 5859 1763 5916 pror-

1860 4728 2002 4800 quod
2039 4723 2358 4783 Christianis
2398 4720 2682 4790 objicitur.
2727 4717 2985 4788 pollutum
3029 4715 3233 4769 incesto
3271 4709 3452 4793 convi-

1861 4825 2005 4878 vium
2023 4863 2038 4886 ,
2070 4834 2227 4889 quam
2253 4824 2467 4873 constat
2497 4813 2682 4869 incesti
2705 4826 2827 4866 reos
2851 4809 3025 4878 reipsa
3059 4821 3179 4860 esse
3199 4790 3446 4874 gentiles.

1863 4919 2042 4976 Persae
2070 4915 2344 4970 enimvero
2361 4925 2486 4966 cum
2515 4905 2795 4969 matribus,
2827 4898 3065 4971 Egyptii
3087 4906 3142 4952 et
3158 4895 3452 4952 Athenien-

1862 5027 1951 5070 ses
1975 5025 2094 5066 cum
2124 5007 2398 5063 sororibus
2426 5004 2737 5058 miscentur.
2781 4997 2962 5050 Poetae
3001 5001 3179 5046 autem
3208 4989 3355 5043 varia
3392 4995 3448 5042 et

1863 5102 2192 5163 exsecranda
2220 5100 2444 5154 deorum
2470 5103 2668 5151 canunt
2707 5088 2965 5145 adulteria
2988 5128 3003 5152 ,
3032 5099 3258 5156 quorum
3287 5082 3448 5136 etiam

1863 5200 2106 5271 plerique
2141 5192 2370 5266 gentiles
2399 5188 2599 5245 conscii
2628 5193 2798 5242 erant.
2825 5180 3115 5239 Christiani
3143 5191 3270 5240 vero
3296 5175 3452 5229 unius

1863 5267 2189 5349 matrimonii
2213 5284 2423 5341 vinculo
2450 5279 2670 5350 illigati,
2717 5287 2866 5333 extra
2891 5275 3020 5329 illud
3053 5284 3267 5339 semper
3293 5267 3449 5332 casti,

1863 5395 1954 5440 aut
1985 5385 2036 5438 in
2065 5379 2373 5449 virginitate
2403 5380 2809 5445 perseverantes
2829 5410 2844 5434 ,
2889 5366 3079 5438 pudiea
3099 5406 3112 5430 ,
3145 5361 3324 5434 sobria
3344 5403 3359 5427 ,
3399 5369 3453 5416 et

1863 5476 2013 5550 gravi
2046 5474 2316 5530 hilaritate
2342 5474 2633 5538 temperata
2659 5462 2902 5519 convivia
2931 5458 3180 5530 agebant.

1935 5566 2192 5636 Quamvis
2234 5573 2411 5618 autem
2455 5571 2714 5628 purpuras
2761 5562 2816 5609 et
2878 5553 3111 5607 honores
3170 5556 3452 5611 recusent,

1865 5676 1970 5717 non
2000 5669 2124 5714 sunt
2153 5667 2329 5710 tamen
2359 5667 2422 5707 ex
2454 5649 2636 5705 ultima
2685 5645 2854 5716 plebis
2885 5644 3015 5699 fater.
3044 5642 3146 5696 orti
3171 5682 3184 5704 ,
3217 5654 3315 5694 nec
3344 5639 3455 5694 fac-

1866 5733 1985 5808 tiosi
2005 5793 2020 5818 ,
2050 5763 2152 5805 nec
2178 5749 2229 5802 itt
2269 5743 2476 5816 angulis
2501 5740 2720 5813 garruli.
2764 5739 2839 5794 De
2872 5737 3096 5808 probata
3136 5733 3334 5790 etenim
3363 5748 3457 5789 eo-

1866 5859 1985 5902 rum
2030 5841 2136 5899 vita
2186 5837 2324 5896 haud
2370 5837 2633 5896 incertum
2685 5832 3052 5894 testimonium
3098 5835 3216 5888 erat
3251 5827 3448 5899 smpitts
