3802 6276
420 335 525 412 379

1712 346 1800 403 DE
1839 343 2099 402 MINUCII
2134 345 2433 405 OCTAVIO
3525 361 3596 423 380

418 471 642 542 repetita
680 465 746 524 de
775 475 1048 522 creScente
1084 461 1321 534 quotidie
1351 464 1588 534 ipsorum
1631 475 1852 516 numero
1882 473 2014 530 que-
2040 447 2092 519 Α
2118 477 2330 532 quoque
2377 461 2535 516 iidem
2581 461 2879 524 abstinent,
2927 475 2994 514 ne
3023 459 3139 530 quis
3180 475 3268 517 eos
3292 464 3509 526 existimet
3538 487 3597 535 aut

418 563 665 619 rimonia.
695 560 758 616 Et
786 569 929 615 certe
961 574 1065 612 non
1093 557 1365 627 corporis,
1390 553 1482 610 sed
1508 555 1827 609 innocentite
1857 551 2010 619 signo

335 669 350 678 ‘
419 669 539 711 sese
586 655 813 709 invicem
863 663 1202 722 agnoscunt,
1253 661 1617 719 quantumque
1659 663 1780 702 sese
1828 655 2012 700 mutuo

416 752 627 812 amant,
673 759 735 799 ac
776 745 894 808 jure
939 744 1132 798 merito
1168 758 1225 798 se
1253 741 1475 795 fratrum
1523 741 1739 796 nomine
1777 738 2014 808 compel-

417 838 562 902 lant,
610 845 812 890 tantum
859 833 1092 899 ethnici,
1147 834 1246 889 sibi
1291 833 1518 887 invic'cm
1569 832 1769 902 ignoti,
1816 830 2014 886 mutuis

415 929 551 985 odiis
582 931 632 984 in
663 931 868 998 seipsos
897 927 1167 983 crudelius
1195 927 1440 980 Steviunt.

486 1022 669 1092 Neque
715 1021 818 1077 diei
868 1031 1044 1092 potest
1095 1020 1311 1076 eosdem
1361 1018 1695 1075 Christianos
1741 1017 2014 1073 occultare

417 1117 558 1188 quod
591 1115 802 1178 colunt,
838 1117 1089 1184 quiiniam
1123 1114 1262 1168 nulla
1292 1113 1514 1168 delubra
1535 1154 1549 1178 ,
1581 1112 1862 1182 nullasque
1892 1125 2016 1166 aras

419 1209 638 1263 habent.
690 1206 1010 1263 Persuasum
1063 1205 1326 1275 siquidem
1374 1203 1503 1274 ipsis
1549 1213 1662 1259 erat
1710 1220 1814 1258 non
1858 1219 2015 1273 posse

419 1299 586 1355 Deum
619 1295 728 1354 ttllo
760 1301 958 1368 templo
985 1298 1379 1363 circumscribi,
1415 1309 1505 1351 aut
1527 1295 1648 1364 tingi
1678 1298 1819 1351 illius
1851 1298 2014 1350 sintu-

419 1393 621 1447 lacrmn
644 1435 657 1459 ,
692 1405 754 1447 ac
783 1391 979 1446 nullam
1009 1401 1137 1461 pura
1168 1400 1219 1446 et
1245 1393 1451 1446 sincera
1479 1389 1707 1445 hominis
1730 1391 2017 1445 conscien-

422 1489 490 1542 tia
525 1487 752 1540 hostiam
785 1487 882 1555 ipsi
914 1501 1034 1540 esse
1066 1485 1350 1552 gratiorem
1377 1493 1431 1537 et
1458 1482 1835 1552 acceptiorem.

505 1579 655 1633 llunc
682 1593 841 1648 porro
875 1567 1037 1631 Deum
1071 1577 1280 1630 tametsi
1311 1575 1480 1630 oculis
1505 1575 1732 1639 nostris,
1761 1572 2019 1642 quemad-

421 1671 638 1727 modum
684 1683 874 1724 ventos
907 1710 920 1733 ,
971 1669 1170 1729 solem,
1233 1677 1579 1735 nostramque
1625 1668 1857 1720 animam
1908 1679 2012 1720 non

419 1763 727 1826 videamus,
767 1775 832 1815 ex
879 1759 997 1830 ejus
1043 1754 1392 1814 nihilominus
1438 1757 1692 1828 operibus
1737 1758 2016 1812 evidenter

2116 557 2313 611 cedere
2349 556 2662 618 daemoniis,
2715 563 2806 609 aut
2849 554 3120 625 religionis
3167 571 3270 610 sua:
3314 559 3490 626 pudere.
3523 567 3595 627 Non

2117 665 2330 705 omnem
2382 666 2510 705 vero
2540 647 2731 704 ﬂorum
2773 649 3010 704 colorem
3048 649 3356 720 odoremque
3397 671 3599 724 aspernan-

2119 757 2221 801 tur.
2254 745 2467 815 Sparsis
2491 747 2632 800 enim
2652 787 2666 811 ,
2715 745 2904 800 solutis
2941 759 3002 798 ac
3031 743 3273 798 mollibus
3301 748 3364 799 uti
3388 750 3542 813 solent.
3563 773 3599 813 ac

2117 841 2277 897 sertis
2322 842 2455 896 colla
2501 839 2785 910 complecti
2822 858 2833 893 :
2884 839 2980 893 sed
3027 855 3075 892 m
3102 838 3214 892 'rtui
3254 850 3395 910 caput
3425 857 3602 907 coronare

2118 933 2443 1003 sitperﬂnutn
2475 943 2528 987 ct
2557 936 2664 987 ittttt
2689 934 2739 988 le
2765 943 3003 988 censent.
3041 932 3234 987 Eadem
3256 934 3398 987 etiam
3428 943 3602 1007 tranquil.

2117 1029 2297 1090 litate,
2369 1043 2471 1097 qua
2537 1025 2750 1087 vivunt,
2807 1024 3076 1094 s-peliunt
3134 1033 3385 1087 mortuos,
3431 1043 3603 1095 coronam

2118 1134 2334 1176 teterim-
2369 1120 2638 1175 fclicitatis
2677 1121 2974 1173 certissima
3007 1133 3101 1186 spe
3130 1129 3478 1181 exspectantes.
3511 1126 3602 1191 Qua.

2120 1213 2360 1267 mobrem
2395 1214 2732 1278 quantumvis
2755 1210 3038 1272 Socrates,
3073 1209 3351 1275 Arcesilas,
3375 1211 3603 1286 Carneades,
3694 1215 3695 1286 ξ

2118 1303 2354 1380 Pyrrho,
2384 1305 2687 1363 Academici
2722 1313 2772 1358 et
2802 1304 3109 1359 Simonides
3139 1303 3260 1357 nihil
3287 1319 3341 1358 se
3376 1315 3492 1359 certo
3516 1311 3606 1368 scire

2118 1412 2464 1463 asseverent;
2503 1399 2789 1454 Christiani
2824 1409 3004 1452 tamen
3032 1412 3180 1453 eam.
3226 1412 3369 1464 quam
3399 1396 3542 1454 l‘r‘ustra
3559 1403 3604 1458 illi

2118 1497 2469 1567 qumsicrattt,
2504 1494 2780 1548 veritatem
2829 1505 2886 1544 se
2934 1489 3208 1544 invenisse
3251 1489 3377 1543 haud
3423 1493 3605 1549 immerito

2119 1585 2434 1657 gloriantur.
2478 1583 2617 1640 Vera
2652 1585 2811 1652 igitur
2842 1597 3031 1637 eorum
3083 1581 3298 1651 religio,
3339 1582 3510 1651 rejectis
3528 1601 3606 1655 gett-

2118 1683 2289 1738 tilium
2317 1678 2781 1750 superstitionibus
2804 1719 2819 1740 ,
2853 1677 2921 1728 ab
2967 1675 3215 1728 omnibus
3240 1673 3522 1742 suscipienda
3541 1691 3602 1733 est.

2194 1775 2316 1830 Ha-c
2350 1789 2509 1843 porro
2551 1785 2671 1825 cum
2701 1769 2954 1824 Octavius
2988 1777 3312 1835 perorasset,
3353 1781 3406 1818 ac
3431 1766 3606 1826 Minucius

419 1852 815 1922 cognoscimus.
871 1850 1081 1921 Ubique
1121 1861 1298 1905 autem
1348 1863 1588 1920 prtesens
1624 1850 1802 1903 omnia
1836 1850 1978 1904 videt

2126 1871 2177 1923 in
2219 1869 2362 1922 illius
2412 1865 2818 1918 adtniralionettt
2868 1872 3055 1929 raptus
3107 1857 3407 1919 COItlit'cret,
3447 1863 3608 1918 tla‘cilius

423 1950 582 2003 etiam
646 1946 968 1999 secretiores
1024 1944 1218 1998 mentis
1273 1951 1469 1997 nostra:
1523 1941 1901 2013 cogitationes,
1958 1955 2020 1996 ac

423 2054 591 2112 prope
619 2047 739 2092 cum
787 2035 907 2101 illo,
955 2037 1010 2091 et
1052 2032 1103 2089 in
1148 2036 1264 2107 ejus
1306 2036 1533 2088 vivimus
1583 2037 1724 2088 sinu.
1772 2033 1924 2102 Quod
1975 2034 2019 2086 si

423 2140 603 2186 tamen
652 2131 793 2186 Dens
841 2127 1041 2185 Judaeis
1091 2129 1220 2183 nihil
1267 2127 1534 2200 profuisse
1589 2127 1828 2190 dicatur,
1872 2133 2021 2181 certe

423 2225 765 2282 Iudaicarum
812 2224 1084 2278 annalium
1117 2222 1407 2292 scriptores
1436 2230 1598 2275 testes
1643 2219 1826 2288 utique
1867 2225 2020 2273 erant

423 2319 853 2391 locupletissimi,
904 2315 1025 2372 illos
1075 2317 1220 2387 prius
1264 2316 1432 2372 Deum
1477 2313 1811 2381 deseruisse,
1861 2323 2020 2384 quam

422 2414 490 2469 ab
517 2414 634 2483 ipso
662 2411 823 2467 fuisse
854 2409 1116 2465 desertos.
1889 2409 1894 2413 '

496 2504 764 2560 Carterum
793 2517 914 2557 cum
948 2502 1124 2557 omnia
1152 2517 1270 2572 qua:
1300 2501 1539 2562 initium.
1570 2499 1756 2555 eadem
1787 2509 1838 2555 et
1861 2497 2020 2554 tinem

423 2597 690 2659 habeant,
741 2593 873 2649 nihil
914 2594 1106 2649 mirum
1157 2593 1200 2648 si
1249 2594 1478 2649 mundus
1524 2591 1610 2649 hic
1651 2595 1773 2664 igne
1803 2593 2021 2648 tandem

423 2685 820 2743 cou~utnendus
849 2687 934 2742 sit.
970 2686 1038 2741 Et
1065 2696 1213 2742 certe
1240 2688 1490 2741 Octavius
1517 2685 1751 2741 ostendit
1792 2685 1929 2741 hanc
1956 2686 2023 2741 de

423 2781 518 2836 illo
550 2777 732 2835 mundi
763 2779 1008 2835 incendio
1037 2779 1202 2835 fuisse
1231 2782 1532 2836 Stoicorum
1552 2821 1565 2841 ,
1599 2775 1984 2849 Epicureorum
2005 2825 2020 2846 ,

423 2882 480 2929 et
523 2867 762 2929 Platonis
804 2873 1134 2944 opinionem.
1182 2872 1253 2928 At
1300 2872 1416 2938 hic,
1451 2873 1604 2927 sicuti
1658 2871 2020 2940 Pythagoras,

425 2965 756 3021 dimidiatam
789 2976 995 3019 tantum
1026 2967 1220 3019 mortui
1253 2965 1486 3019 hominis
1516 2963 1580 3016 ad
1611 2963 1771 3016 vitam
1803 2977 2021 3017 revoca-

426 3058 626 3113 tionem
651 3058 885 3127 agnovit.
911 3058 1131 3111 Constat
1153 3066 1328 3111 tamen
1355 3055 1517 3109 Deum
1539 3071 1693 3125 posse
1724 3055 2020 3120 hominem,

427 3167 586 3220 quem
623 3166 688 3205 ex
720 3150 886 3204 nihilo
925 3150 1106 3214 ﬁttxit,
1151 3164 1215 3202 cx
1261 3157 1434 3202 morte
1465 3150 1699 3203 excitvre
1730 3148 1793 3202 ad
1834 3149 2019 3204 vitam.

2124 1959 2447 2015 exclamavit.
2479 1972 2535 2010 se
2579 1956 2644 2009 ab
2689 1953 2912 2007 Octavio
2945 1952 3176 2009 vietum,
3225 1965 3352 2002 nunc
3394 1952 3542 2003 crmris
3562 1957 3608 2007 sui

2121 2067 2240 2107 esse
2271 2049 2563 2108 victorem,
2609 2057 2669 2099 ac
2712 2037 3064 2097 Christianam
3115 2041 3402 2104 religionem
3427 2040 3508 2109 jam
3543 2051 3606 2097 tum

2124 2139 2384 2213 protiteri.
2414 2131 2692 2192 Postremo
2731 2129 2892 2190 dilata
2925 2135 2978 2187 in
3012 2134 3296 2188 crastinum
3326 2133 3444 2186 dicm
3470 2134 3608 2188 clatiori

2125 2234 2498 2306 mysteriorum
2552 2237 2856 2283 nostrorum
2912 2226 3303 2294 ettplicatione,
3363 2239 3514 2280 omnes
3543 2225 3606 2280 leti

2123 2321 2427 2397 hilaresque
2453 2325 2669 2380 domum
2697 2322 2901 2377 reversi
2934 2329 3082 2375 sunt.

2733 2513 3027 2558 ARTICULUS
3066 2515 3126 2554 11.

2131 2693 2312 2750 Utrum
2341 2689 2600 2745 Minucius
2631 2685 2782 2743 Felix
2805 2690 2868 2742 sit
2895 2687 3054 2759 hujus
3076 2686 3188 2740 libri
3208 2693 3389 2750 auctor,
3410 2693 3446 2737 et
3466 2683 3544 2752 quis
3560 2685 3608 2736 illi

2842 2782 3018 2851 fuerit.

2197 2961 2486 3018 Minucium
2520 2961 2753 3016 Felicem
2781 2960 2940 3029 llnjus
2964 2959 3088 3014 libri
3109 3002 3122 3024 ,
3151 2958 3258 3013 sive
3279 2956 3607 3028 dialogi,attcto-

2125 3071 2239 3110 rem
2273 3071 2391 3110 esse
2433 3069 2537 3110 tam
2579 3057 2773 3110 invicta
2803 3055 3130 3124 scriptorum
3160 3053 3298 3108 omni
3325 3053 3413 3107 ﬁde
3435 3054 3605 3117 majorum

2128 3146 2449 3203 auctoritate
2504 3147 2794 3217 probatur,
2845 3155 2903 3201 ut
2948 3147 3130 3200 nullus
3169 3161 3227 3200 ea
3257 3145 3320 3201 de
3346 3160 3395 3198 re
3419 3141 3604 3198 dubitandi

426 3239 757 3309 Quibusdam
788 3255 918 3295 vero
949 3240 1210 3308 exemplis
1257 3239 1446 3308 prohat
1490 3237 1746 3293 Octavius
1794 3240 2020 3293 l'ulltram
2048 3232 2095 3300 C
2129 3242 2279 3297 locus
2310 3241 2398 3295 ulli
2439 3255 2723 3310 superesse
2753 3239 2938 3308 possit.
2988 3232 3284 3293 Firmianus
3320 3233 3603 3304 siquitlrntla-

427 3349 547 3388 esse
577 3331 711 3385 hanc
738 3330 1186 3385 resurrectionem
1230 3342 1550 3400 corporum,
1592 3341 1709 3400 quae
1737 3329 2021 3386 ChriSIiani

429 3426 650 3494 antiquo
679 3436 732 3478 et
761 3424 966 3478 meliori
997 3437 1145 3480 more
1171 3425 1521 3494 sepeliebant.
1556 3424 1668 3480 Nec
1697 3427 1849 3490 longe
1875 3425 1991 3479 absi

430 3514 539 3570 mili
572 3512 730 3570 modo
767 3516 855 3572 ille
891 3517 1123 3571 ostendit
1162 3516 1333 3585 iustos
1379 3519 1600 3587 piosque
1630 3518 1873 3573 homines
1904 3527 2024 3588 post

429 3607 570 3661 hanc
609 3608 767 3661 vitam
818 3619 1016 3663 interna
1065 3609 1345 3676 felicitate,
1400 3612 1630 3678 iniustos
1676 3629 1804 3667 vero
1849 3617 2024 3683 ptenis

430 3701 769 3769 sempiternis
799 3701 1126 3758 alliciendos.
1170 3703 1304 3759 Tum
1345 3705 1538 3760 deinde
1581 3707 1877 3760 luculenter
1922 3708 2019 3761 dea-

430 3803 686 3848 ntoustrat
715 3797 882 3850 multo
910 3797 1202 3850 sanctiores
1224 3813 1343 3852 esst!
1367 3813 1542 3851 mores
1570 3797 2016 3863 Christianorum,

428 3903 586 3956 quant
619 3884 929 3944 Gentilium.
965 3889 1073 3944 Nec
1104 3893 1278 3946 minus
1325 3893 1606 3961 perSpicne
1653 3892 1809 3948 d‘ocrt
1856 3892 2020 3947 fatum

428 3977 556 4034 nihil
585 3975 726 4035 aliud
754 3995 904 4046 esse,
939 3997 1095 4053 quam
1128 3981 1266 4054 quod
1301 3989 1436 4054 fatus
1480 3992 1550 4037 est
1581 3980 1748 4049 Deus,
1783 3987 1870 4055 qui
1921 3999 2020 4053 pro

427 4071 754 4141 singulorum
788 4077 991 4129 meritis
1021 4075 1120 4129 fata
1167 4076 1503 4131 determinat.
1539 4074 1613 4130 ibi
1648 4085 1825 4131 autem
1869 4091 1926 4130 se
1956 4075 2024 4132 de

427 4164 536 4217 fato
561 4163 730 4219 fusius
758 4167 1044 4236 afiquaudo
1069 4168 1461 4238 disputaturum
1502 4167 1805 4240 pollicetur.

499 4254 986 4312 Manifestissimtnu
1018 4269 1138 4330 post
1165 4259 1278 4316 ltrec
1311 4262 1433 4316 l'aclt
1461 4263 1833 4331 exprobratam
1865 4261 2024 4316 Chri~

427 4349 618 4402 stiauis
649 4353 954 4422 pauperiem
1003 4367 1107 4406 non
1155 4353 1426 4408 infamiam
1458 4369 1606 4417 esse,
1639 4355 1731 4409 sed
1761 4355 2019 4423 gloriam,

427 4442 872 4508 quemadmodum
914 4445 1169 4499 adversus
1197 4459 1383 4501 eorum
1415 4453 1570 4501 casus
1592 4491 1606 4514 ,
1642 4461 1702 4502 ac
1733 4453 2022 4518 quantum.

426 4532 557 4587 libet
586 4534 883 4588 horrendos
902 4577 916 4601 ,
945 4536 1071 4600 ipsis
1099 4538 1429 4608 iniquis<ime
1459 4547 1552 4606 pro
1579 4540 1774 4593 Christi
1803 4530 2024 4594 confes-

425 4624 578 4675 sione
609 4617 839 4677 ihllicios
869 4627 1166 4690 cruciatus,
1197 4643 1258 4681 ae
1288 4635 1514 4682 mortem
1535 4629 1702 4696 ipsam
1725 4674 1736 4692 ,
1772 4646 1874 4682 non
1901 4647 2015 4702 pae-
2042 4624 2096 4692 Ι)

426 4727 524 4770 nas
549 4729 700 4781 esse,
749 4716 841 4770 sed
894 4718 1099 4772 virtutis
1148 4721 1519 4788 probationes,
1572 4737 1634 4776 ac
1679 4724 2012 4794 triumphos,

427 4808 691 4876 dignaque
730 4807 837 4864 Deo
876 4811 1197 4877 spectacula.
1235 4811 1386 4876 Quod
1417 4812 1630 4882 quidem
1661 4813 1912 4871 Octavius
1940 4818 2019 4872 ln-

427 4899 668 4954 culeuter
719 4902 952 4955 ostendit
998 4899 1132 4955 l'arta
1195 4901 1604 4959 fortissimorum
1663 4913 2016 4978 quorumdam

427 4993 761 5049 ethnicorum
807 5009 926 5049 cum
980 4998 1300 5068 martyribus
1347 4999 1545 5054 nostris
1591 5005 2013 5070 comparatione.

427 5088 482 5142 Si
524 5091 610 5159 qui
642 5103 770 5144 vero
815 5090 978 5143 Deum
1029 5092 1355 5157 nescientes,
1407 5093 1602 5147 divitiis
1638 5104 1692 5149 et
1725 5096 2016 5153 honoribus

427 5183 684 5248 afﬂuant,
727 5183 810 5237 vel
856 5181 921 5236 ad
963 5199 1228 5238 summum
1271 5184 1587 5253 dignitatum
1615 5199 1776 5258 atque
1807 5189 2014 5258 imperii

426 5276 724 5330 evehantur
765 5275 1014 5338 culmen,
1050 5276 1146 5330 hos
1186 5277 1272 5331 ille
1314 5279 1507 5334 asserit
1535 5280 1774 5333 victimas
1804 5296 1920 5334 ossa
1949 5281 2014 5336 ad

426 5367 744 5437 supplicium
801 5365 1068 5434 saginatas
1123 5378 1175 5423 et
1229 5381 1541 5434 coronatas,
1597 5372 1684 5440 qtti
1739 5371 2013 5439 profecto,

426 5475 532 5529 quo
560 5461 706 5522 lapsu
725 5458 970 5527 graviore
994 5470 1175 5527 ruant,
1206 5463 1362 5517 altitts
1392 5463 1668 5517 tolluntur.
1698 5462 1845 5516 Nulla
1873 5466 2036 5520 cnim'

424 5549 625 5620 absque
659 5549 750 5603 Dei
781 5551 1083 5617 cognitione
1113 5564 1283 5623 potest
1311 5567 1432 5609 esse
1461 5556 1628 5609 solida
1661 5554 1900 5610 felicitas.
1933 5569 1935 5572 '

495 5645 825 5710 Spectaculis
855 5661 1011 5714 porro
1050 5657 1106 5702 et
1130 5647 1333 5717 pompis
1363 5647 1698 5704 Christianos
1741 5649 1860 5704 ideo
1908 5665 2014 5705 non

422 5737 684 5789 interesse
709 5737 978 5802 declarat,
1007 5739 1128 5807 quia
1167 5754 1228 5792 ea
1260 5749 1366 5792 non
1414 5739 1591 5793 minus
1632 5741 1826 5808 impia,
1856 5753 2011 5810 quam

419 5830 654 5886 crudelia
685 5847 831 5899 esse,
871 5841 1021 5886 certo
1053 5835 1250 5887 certius
1282 5840 1562 5889 noverant.
1593 5836 1676 5890 Ah
1706 5833 2014 5905 idolatltytis

2127 3337 2390 3398 ctantius,
2442 3335 2528 3403 qui
2593 3332 2922 3387 Diocletiano
2985 3332 3306 3399 imperante,
3360 3325 3484 3382 sicuti
3519 3334 3605 3377 nolal

2130 3425 2486 3496 Hieronymus
2517 3423 2842 3496 (Hier-angat.
2885 3421 3119 3492 Gatalog.
3171 3421 3350 3491 Script.
3387 3415 3518 3489 §80).
3549 3429 3604 3466 nec

2129 3518 2288 3588 longo
2313 3525 2433 3587 post
2461 3515 2744 3570 Minucium
2777 3527 3018 3581 tempore
3048 3513 3244 3577 ﬂoruit,
3279 3513 3380 3565 lucc
3405 3511 3457 3564 de
3475 3508 3537 3562 illo
3552 3505 3603 3558 ht-

2131 3612 2215 3664 bet
2267 3609 2424 3663 verba
2461 3608 2716 3679 (Lactant.
2771 3607 2857 3660 lib.
2905 3622 2920 3660 ι
2967 3608 3030 3659 de
3074 3622 3190 3659 vera
3225 3605 3376 3672 Relig.
3413 3617 3500 3664 cap.
3526 3596 3601 3664 ll):

2133 3715 2150 3752 ι
2195 3703 2450 3756 Minucius
2479 3701 2626 3754 Felix
2663 3702 2712 3753 in
2736 3711 2802 3753 eo
2823 3700 2983 3755 libro.
3015 3700 3101 3767 qui
3125 3690 3598 3752 Octaviminscribitnr.

2125 3797 2203 3850 sic
2232 3803 2630 3865 argumentatus
2673 3804 2756 3847 est
2786 3811 2798 3845 :
2847 3794 3161 3857 Saturnum,
3186 3804 3298 3844 cum
3341 3786 3599 3854 lugatnsessri

2128 3904 2154 3942 a
2189 3889 2326 3948 ﬁlio,
2373 3889 2426 3940 tu
2474 3877 2782 3955 Italiamque
2825 3886 3093 3951 venisset,
3141 3896 3241 3938 etc.
3294 3899 3310 3931 ι
3340 3880 3446 3947 ρων
3467 3872 3596 3944 quidet“

2131 3984 2181 4036 in
2243 3983 2344 4035 hoc
2400 3980 2614 4035 Minucii
2676 3981 2810 4033 lihro
2871 3993 3060 4032 revera
3133 3976 3362 4046 legimus.
3412 3965 3601 4024 Ρυειιιίνθ

2129 4091 2258 4130 γεω
2312 4075 2452 4129 idem
2499 4074 2805 4128 Lactantius
2841 4091 2852 4125 :
2883 4092 2902 4123 ε
2939 4073 3020 4126 Ex
3057 4072 3168 4134 his,
3203 4069 3387 4137 inquit,
3423 4061 3490 4130 qui
3527 4054 3602 4110 mihi

2129 4170 2238 4223 neti
2285 4175 2441 4232 sunt,
2474 4157 2732 4221 Minucius
2779 4165 2921 4219 Felix
2966 4179 3074 4218 non
3128 4160 3359 4233 ignobilis
3393 4156 3496 4209 inter
3525 4159 3601 4202 catt-

2129 4263 2325 4318 sidicos
2369 4262 2468 4315 ioci
2518 4261 2632 4314 l‘uit.
2685 4259 2851 4327 Hujus
2901 4259 3070 4316 liber.
3120 4258 3203 4312 cui
3245 4252 3463 4310 Octavius
3489 4241 3600 4297 titulus

2130 4365 2240 4422 est,
2272 4355 2511 4409 declarat
2553 4363 2709 4422 quam
2753 4352 2976 4405 idoneus
3031 4351 3267 4406 veritatis
3313 4350 3500 4399 assertor
3530 4345 3600 4388 esse

2130 4449 2422 4516 potuisset.
2482 4439 2526 4500 si
2589 4461 2649 4500 se
2707 4454 2872 4498 totttnt
2910 4445 2974 4498 ad
3033 4444 3083 4498 id
3124 4443 3343 4498 studium
3390 4430 3599 4491 contulisset

2129 4539 2392 4608 (Lactant.
2423 4539 2512 4592 lib.
2548 4554 2576 4592 v
2599 4538 2662 4590 de
2685 4536 2899 4590 Iustitia
2928 4552 3044 4608 cap.
3072 4537 3136 4606 ι).
3163 4555 3182 4588 ι

2200 4632 2558 4702 llieronytnus
2574 4645 2702 4684 vero
2732 4632 2782 4682 in
2809 4644 2906 4682 sun
2930 4630 2998 4684 de
3023 4628 3163 4684 Viris
3188 4623 3449 4682 Illustribus
3466 4630 3531 4672 seu
3544 4609 3599 4665 Ec-

2121 4723 2330 4779 CIesiaSI
2342 4725 2436 4777 icis
2457 4722 2816 4790 Scriptoribus
2833 4722 3087 4793 Catalogo
3113 4741 3124 4773 :
3139 4740 3156 4772 ι
3170 4719 3402 4774 Minucius
3417 4709 3539 4768 Ft-iix,
3551 4704 3598 4756 in-

2121 4816 2254 4884 quit,
2268 4815 2448 4868 Romae
2468 4813 2687 4882 insignis
2699 4813 3020 4875 causidicus,
3037 4813 3245 4880 scripsit
3259 4808 3480 4873 dialogum
3493 4793 3599 4890 Ciuis

2123 4909 2248 4962 tittni
2264 4918 2316 4963 et
2333 4907 2530 4962 ethnici
2551 4907 2930 4975 disputantium
2946 4905 3355 4977 (antiquissimus
3367 4899 3413 4950 S.
3427 4893 3595 4982 Gemuit!

2121 5015 2149 5053 a
2180 5001 2351 5054 Pratis
2377 4999 2540 5055 codex
2573 5017 2670 5052 ms.
2700 4976 3066 5069 disputantis),
3092 5000 3178 5067 qtti
3201 4992 3420 5051 Octavius
3443 4976 3599 5040 inscribi-

2121 5101 2271 5146 tur...
2290 5093 2528 5147 Meminit
2550 5091 2704 5161 hujus
2725 5091 2931 5145 Minucii
2949 5103 3000 5144 et
3017 5090 3310 5145 Lactantius
3326 5087 3367 5137 in
3386 5071 3591 5167 lilitiSStIift

2123 5183 2448 5256 (Hieronym.
2472 5183 2534 5239 de
2559 5184 2810 5254 Scriptor.
2849 5183 3040 5238 Eccics.
3072 5199 3184 5250 cap.
3219 5180 3301 5249 58)
3320 5218 3332 5242 ,
3360 5176 3402 5228 itt
3428 5171 3489 5222 his
3507 5161 3595 5256 scili-

2119 5251 2238 5341 έθίθ
2290 5251 2378 5347 qui
2430 5293 2456 5331 a
2507 5251 2699 5340 nobis,
2753 5279 2825 5332 uti
2867 5278 3048 5341 vides,
3101 5274 3238 5329 citati
3281 5275 3404 5338 sum.
3438 5251 3592 5352 Atlﬂlit-
3681 5305 3684 5308 .

2117 5385 2278 5438 gnum
2310 5345 2468 5435 vero,
2505 5367 2618 5423 hate
2646 5369 2818 5424 adhuc
2857 5370 2922 5423 de
2951 5369 3040 5423 illo
3085 5364 3285 5434 scripsit
3309 5358 3465 5433 (Idem.
3488 5345 3590 5437 Ερέας

2119 5463 2188 5514 “d
2234 5459 2479 5529 Μησηι)ε
2537 5479 2555 5511 ι
2614 5457 2873 5515 Miuuu'ns
2905 5460 3082 5522 Felix,
3137 5452 3402 5511 causiditus
3444 5441 3588 5494 Romam

2121 5554 2251 5619 fori,
2293 5555 2342 5608 itt
2375 5555 2546 5618 libro,
2576 5554 2660 5609 cui
2691 5554 2870 5608 titulus
2897 5553 3144 5608 Octavius
3181 5556 3286 5609 est,
3325 5549 3372 5596 οι
3408 5538 3449 5590 in
3482 5530 3588 5623 an“?

2119 5657 2303 5702 contra
2333 5647 2765 5706 Mathematicus.
2799 5647 2842 5700 si
2877 5657 3051 5700 tamen
3083 5639 3335 5710 inscriptio
3358 5646 3443 5687 non

2122 5751 2206 5795 tur
2250 5751 2558 5803 auctorem,
2605 5739 2731 5810 quid
2769 5739 3043 5808 gentilium
3091 5736 3428 5803 scripturarum
3462 5712 3589 5810 ditauit

2120 5834 2423 5889 intactum?
2471 5851 2490 5885 ι
2525 5804 2997 5889 ΑιιἸΙειίξιάυτιιιιι
3041 5840 3250 5903 quoque
3286 5821 3383 5877 haec
3406 5813 3458 5869 de
3476 5804 3589 5872 Νονθ·
