3802 6276
140 384 238 451 38t

1558 375 2024 437 DlSSERTATlO.

3263 323 3267 326 ’
3319 366 3430 436 382

141 507 283 561 tiano
328 496 506 555 scribit
543 494 568 565 (
586 490 765 574 Idem,
797 488 966 560 Epist.
1009 492 1076 544 ad
1123 490 1390 548 Heliodor.
1423 493 1441 564 )
1475 511 1485 545 :
1528 511 1545 545 ι
1604 493 1733 547 lllud
1762 484 1814 554 Α
1839 493 2088 559 exordio,
2144 497 2216 549 ita
2263 509 2384 550 eum
2425 491 2758 564 alloquitur:
2803 510 2822 548 ι
2864 489 3034 559 Quam
3077 491 3208 558 tibi,
3253 491 3431 548 Marce

148 603 315 656 aiebat
343 589 714 650 Tertulliani...
752 589 843 646 Sic
881 587 1141 643 Minucius
1183 587 1363 652 Felix,
1400 588 1468 642 ita
1502 587 1728 642 Victori-

153 709 285 760 nus,
310 693 363 746 in
399 687 532 743 hunc
575 683 796 738 modum
830 693 911 737 est
945 683 1152 738 locutus
1182 680 1470 736 Arnobius.
1510 701 1529 733 ι
1564 682 1727 736 Deni-

163 804 268 861 que
302 787 353 839 in
387 781 614 852 Apologia
640 776 903 832 adversus
949 775 1286 830 Jovinianum
1318 773 1508 842 (Idem,
1554 772 1720 842 Epist.

165 883 254 945 50,
273 878 334 933 ad
361 869 626 930 Pammach.
664 887 757 924 seu
785 869 1003 940 Apolog.
1031 867 1158 920 Adv.
1183 865 1380 934 Jortin.)
1412 881 1428 919 :
1460 884 1478 916 ‹
1505 864 1681 921 Taceo
1703 907 1718 933 ,

172 972 363 1043 inquit,
394 969 451 1022 de
491 963 653 1019 latinis
688 959 1058 1030 Scriptoribus
1099 959 1463 1024 Ter-tulliano,
1501 956 1723 1028 Cypria-

174 1082 272 1132 no,
303 1060 528 1123 Minucio,
558 1055 868 1117 Victorino,
901 1051 1210 1115 Lactantio,
1252 1051 1475 1106 Hilario.
1519 1071 1537 1103 ι

245 1159 454 1221 Longum
492 1163 616 1205 sane
649 1157 702 1203 et
744 1147 932 1202 inutile
977 1146 1115 1200 foret
1157 1145 1332 1200 omnia
1368 1145 1722 1199 recentiorum

172 1252 454 1318 scriptorum
494 1243 557 1297 de
587 1241 749 1309 hujus
793 1239 909 1294 libri
940 1249 1159 1293 auctore
1205 1236 1444 1306 proferre
1484 1238 1726 1291 testimo-

171 1345 259 1399 nia.
286 1341 412 1396 Satis
444 1336 582 1392 enim
610 1341 821 1388 constat
847 1347 966 1387 eum
991 1331 1218 1385 Minucio
1254 1342 1436 1384 nosne
1464 1331 1530 1384 ab
1554 1329 1728 1382 omni-

167 1435 284 1499 bus,
328 1431 525 1487 nemine
577 1429 938 1490 reclamante,
990 1424 1240 1488 attribui,
1288 1437 1352 1478 ac
1399 1421 1516 1492 iure
1568 1423 1725 1491 plane

173 1529 336 1586 merito
354 1522 618 1579 vindicari.

235 1621 286 1675 Ei
309 1629 486 1679 autem,
513 1614 601 1684 qui
662 1612 730 1666 ab
759 1611 1024 1680 aliquibus
1054 1599 1315 1664 Minucius
1346 1609 1518 1663 littera
1544 1624 1592 1674 e,
1627 1608 1677 1662 in
1709 1616 1728 1663 t

189 1723 372 1772 mutata,
407 1714 734 1776 nuncupatur
756 1748 770 1771 ,
817 1703 976 1758 Marci
1006 1719 1266 1774 agnomen
1296 1712 1428 1757 erat.
1475 1702 1724 1756 Octavius

198 1806 402 1878 siquidem
439 1802 514 1854 his
559 1815 685 1853 cum
726 1795 908 1852 verbis
951 1794 1323 1864 compellavit:
1364 1812 1382 1845 (
1433 1791 1547 1848 Non
1598 1791 1721 1846 boni

1833 588 2020 648 frater,
2052 587 2120 644 de
2147 605 2253 658 quo
2291 604 2410 643 cum
2450 588 2681 643 maxime
2711 589 3002 656 qumrimus
3025 627 3041 652 ,
3078 607 3098 639 ›
3131 586 3182 641 id
3222 598 3330 651 est,
3364 588 3430 643 de

1831 683 2057 737 etltniem
2088 691 2140 737 et
2171 681 2480 738 Christiana!
2521 682 2796 753 religionis
2833 683 3091 746 veritate,
3147 701 3165 734 «
3213 697 3316 736 non
3361 682 3430 737 sit

1838 775 2140 844 ambiguum
2165 791 2179 840 ;
2212 786 2268 829 ut
2296 786 2418 844 pote
2444 791 2564 831 cum
2592 773 2876 844 diligenter
2904 775 2954 828 in
2987 784 3215 844 utroque
3244 774 3432 828 viven-

1837 865 1891 920 di
1943 881 2138 935 genere
2194 876 2468 932 versatus,
2527 865 2826 935 repudiaris
2878 866 3142 930 alterum,
3199 865 3428 922 alterum

1829 958 2218 1027 comprobaris.
2256 977 2275 1010 ι
2313 960 2449 1027 Quin
2479 960 2638 1013 etiam
2669 958 2924 1013 Octavius
2950 971 3054 1013 non
3086 967 3189 1012 tam
3219 958 3286 1013 de
3314 959 3430 1029 ipso

1829 1053 2086 1120 fortasse,
2131 1053 2582 1122 quemadmodum
2611 1053 2844 1107 diximus
2865 1095 2879 1117 ,
2909 1069 3066 1124 quam
3099 1054 3167 1108 de
3199 1053 3427 1110 Minucio

1827 1146 2005 1203 Felice
2029 1145 2169 1201 hunc
2193 1163 2377 1202 rursus
2414 1148 2652 1217 loquitur
2680 1149 2731 1200 in
2763 1147 2979 1203 modum
3013 1166 3026 1201 :
3069 1163 3088 1199 α
3123 1148 3294 1216 Quam
3335 1159 3430 1203 att-

1828 1250 1934 1296 tem
1967 1239 2205 1310 iniquum
2238 1240 2305 1294 sil
2335 1239 2403 1296 de
2436 1241 2720 1312 incognitis
2745 1283 2759 1305 ,
2799 1258 2818 1292 ›
2851 1241 3056 1296 scilicet
3083 1241 3427 1310 Christianis,

1835 1351 1854 1384 ‹
1888 1342 1936 1388 et
1971 1332 2320 1396 inexploratis
2355 1330 2598 1401 judicare
2620 1375 2633 1398 ,
2677 1331 2818 1402 quod
2866 1331 3037 1386 facitis
3059 1372 3074 1399 ,
3118 1333 3271 1388 nobis
3298 1329 3430 1403 ipsis

1830 1427 2210 1497 paenitentibus
2240 1425 2463 1480 credite.
2498 1425 2564 1480 Et
2608 1439 2706 1479 nos
2744 1426 2887 1480 cnint
2921 1425 3060 1479 idettt
3107 1425 3336 1489 fuimus,
3377 1433 3431 1480 ct

1829 1521 2015 1576 eadem
2066 1521 2342 1574 vobiscum
2390 1519 2660 1589 quondam
2708 1518 2884 1572 adlmc
2930 1518 3056 1572 caeci
3104 1526 3158 1572 et
3209 1509 3429 1572 hebetes

1827 1613 2219 1677 sentiebamus,
2261 1612 2410 1679 quasi
2440 1610 2730 1666 Christiani
2759 1617 2994 1664 monstra
3035 1603 3309 1670 colerent,
3343 1607 3426 1662 in-

1828 1706 1997 1760 fantes
2031 1713 2309 1770 vorarent,
2341 1703 2584 1758 convivia
2627 1703 2828 1757 incesta
2867 1701 3174 1756 miscerent.
3209 1698 3318 1754 Nec
3347 1701 3430 1754 in-

1831 1798 2199 1868 telligebamus
2229 1798 2294 1850 ab
2326 1796 2407 1849 his
2437 1795 2640 1849 fabulas
2665 1794 2795 1848 istas
2829 1808 3040 1864 semper
3077 1791 3346 1856 ventilari,
3376 1793 3431 1845 el.

197 1903 278 1956 viri
319 1906 404 1954 est.
441 1893 610 1949 Marce
659 1891 858 1955 frater,
903 1887 1208 1952 hominem,
1259 1895 1355 1940 etc.
1408 1906 1424 1936 ι
1480 1883 1726 1940 Caecilius

1910 1905 2120 1960 mquam
2153 1888 2237 1943 vel
2267 1887 2608 1954 investigari,
2639 1886 2722 1940 vel
2763 1885 3047 1954 probari...
3085 1887 3182 1938 hos
3211 1895 3307 1938 nec
3337 1879 3431 1938 ati-

197 2008 332 2048 vero:
361 1989 712 2054 «Quamquattt
744 1984 859 2048 tibi,
891 1979 1067 2036 Marce
1100 1979 1282 2045 frater,
1307 1989 1399 2032 etc.
1443 1999 1460 2030 ι

255 2086 388 2153 Quam
416 2090 528 2134 nota
560 2089 738 2133 autem
775 2075 1051 2139 omnibus,
1100 2083 1152 2128 et
1183 2072 1374 2126 nobilis
1404 2071 1499 2125 fttit
1528 2085 1723 2125 consu-

181 2179 283 2235 laris
313 2176 434 2246 apud
458 2173 731 2228 Romanos
777 2169 1127 2224 Minuciorum
1176 2163 1374 2220 familia
1425 2176 1530 2217 tam
1563 2161 1721 2217 cuili-

176 2272 250 2328 bet
272 2273 495 2323 hactenus
526 2267 912 2334 incomperttnn
953 2271 1126 2313 utrum
1159 2272 1225 2313 ex
1260 2274 1344 2319 ea,
1387 2266 1475 2310 aut
1517 2270 1622 2323 qua
1648 2270 1718 2309 ex

175 2363 254 2417 alia
280 2376 411 2416 suam
451 2357 709 2413 Minucius
753 2362 940 2410 noster
977 2352 1238 2419 originem
1269 2348 1500 2404 duxerit.
1539 2346 1722 2416 Neque

173 2455 245 2510 ulli
268 2453 414 2524 magis
437 2451 765 2519 esploratum
790 2461 908 2517 quae
931 2445 1088 2499 fuerit
1111 2443 1254 2496 illius
1277 2441 1467 2510 patria.
1492 2437 1720 2507 Quidam

172 2544 320 2601 tamen
347 2557 454 2599 eum
486 2559 549 2598 ex
575 2540 736 2610 hujus
760 2581 772 2600 ,
798 2537 864 2592 de
892 2553 995 2607 qtto
1021 2536 1260 2604 agimus.
1295 2533 1434 2604 style
1464 2531 1516 2585 in
1546 2530 1723 2584 Africa

175 2649 322 2693 nalntn
350 2637 698 2705 suspicantur.
723 2628 828 2686 Sed
859 2628 912 2682 hi
944 2642 1042 2683 nee
1066 2625 1324 2695 probant,
1365 2638 1465 2678 nec
1496 2622 1724 2693 probare

176 2738 359 2799 possunt
380 2725 569 2796 aliquid
597 2723 834 2779 durioris
872 2719 1105 2775 Africani
1148 2717 1414 2773 sermonis
1453 2715 1506 2770 in
1537 2730 1603 2770 eo
1628 2715 1721 2769 de-

173 2821 409 2892 prehendi.
440 2815 706 2887 Numquid
737 2813 929 2886 potiori
959 2811 1079 2880 jure
1106 2809 1210 2864 dici
1238 2816 1421 2879 posset
1446 2807 1720 2862 Caecilium

177 2923 221 2968 et
239 2916 495 2978 Octavium,
529 2921 678 2964 tanto
704 2908 902 2961 amoris
922 2903 1135 2958 vinculo
1166 2900 1400 2955 Minucio
1421 2899 1720 2967 devinctos,

179 3022 334 3062 revera
360 3005 623 3062 Africanos
655 3003 841 3066 fuisse,
889 2999 1110 3068 ejusque
1139 2995 1467 3066 populares?
1498 2994 1565 3050 At
1595 3009 1724 3049 sane

180 3100 250 3166 id,
292 3104 404 3155 sicut
442 3100 595 3168 paulo
650 3103 770 3168 post
815 3091 1147 3153 videbimus,
1197 3103 1368 3157 neque
1416 3088 1486 3141 ita
1518 3093 1722 3140 certum

177 3203 265 3254 est,
295 3209 443 3262 neque
472 3207 534 3245 cx
574 3193 786 3244 illorum
817 3185 1098 3256 quantavis
1137 3183 1385 3238 amicitia!
1430 3180 1722 3234 necessitu-

169 3284 274 3341 dine
303 3298 452 3354 potest
483 3286 589 3339 ullo
619 3285 821 3351 absque
849 3279 1013 3335 dubio
1043 3277 1238 3347 colligi.

227 3381 476 3436 Neminem
506 3393 636 3433 vero
677 3376 791 3430 fore
837 3385 1116 3443 putamus,
1163 3370 1251 3440 qui
1298 3367 1510 3438 negabit
1551 3365 1724 3420 Minu-

166 3473 287 3528 cium
327 3475 524 3532 Romaa.
561 3483 681 3543 quae
725 3481 852 3524 tunc
877 3469 1197 3522 creterarum
1230 3463 1393 3516 totius
1425 3460 1607 3514 mundi
1641 3475 1729 3512 nr-

173 3566 292 3621 bium
319 3577 463 3638 caput
491 3576 599 3620 erat
621 3607 635 3631 ,
667 3565 755 3618 ditt
787 3562 1072 3621 mansisse,
1104 3557 1192 3613 ubi
1225 3555 1478 3609 causidici
1507 3569 1728 3609 munere

173 3659 468 3730 fungebatur.
517 3657 676 3712 Citati
707 3659 903 3726 quippe
947 3670 973 3706 a
1033 3647 1188 3707 nobis
1219 3647 1528 3704 Lactantius
1570 3656 1729 3714 atque

171 3751 484 3824 Hieronymus
521 3751 647 3806 illud
676 3752 847 3820 palam
893 3747 1180 3815 aperteque
1208 3741 1539 3796 :tSseveranl.
1582 3740 1727 3809 ipsc-

171 3856 256 3900 utet
285 3861 404 3899 vero
434 3844 690 3898 Minucius
725 3841 882 3911 hujus
911 3837 1029 3893 libri
1061 3833 1411 3891 initioscribit
1441 3832 1721 3886 Octavium

170 3939 218 3990 ad
244 3955 297 3992 se
322 3941 529 3994 Romam
559 3938 804 4002 venisse,
845 3946 1005 4000 atque
1049 3949 1151 3987 una
1198 3948 1318 3986 cum
1349 3946 1414 3983 eo
1461 3937 1515 3984 et
1558 3928 1730 3980 altero

170 4033 342 4085 Comite
372 4029 518 4098 paulo
547 4039 664 4102 post
695 4030 897 4083 Ostiam
923 4027 1169 4095 petivisse
1196 4042 1206 4075 :
1245 4043 1261 4074 ι
1293 4023 1424 4076 Cum
1450 4019 1513 4075 ad
1542 4019 1728 4072 vinde-

175 4121 346 4185 miam,
393 4123 582 4192 inquit,
637 4120 785 4175 ferize
829 4118 1163 4189 judiciariam
1212 4131 1394 4170 cnratn
1449 4111 1728 4166 relaxave-

179 4223 310 4275 rant,
345 4233 361 4265 ι
388 4213 435 4267 id
464 4223 535 4268 est
557 4257 570 4278 ,
604 4228 724 4266 cum
756 4227 785 4265 a
813 4207 1014 4265 forensi
1049 4207 1264 4268 labore,
1299 4222 1404 4276 quo
1437 4220 1527 4274 per
1558 4211 1730 4256 totum

182 4315 354 4357 annum
389 4305 762 4375 occupabatur,
799 4299 1188 4355 vindemiarum
1221 4306 1461 4364 tempore
1493 4299 1728 4345 vacaret.

189 4388 354 4444 Nonne
377 4398 512 4450 etiam
541 4396 796 4451 Octavius
827 4393 893 4448 de
940 4407 998 4447 se
1050 4393 1193 4462 ipso,
1245 4400 1298 4442 et
1344 4387 1411 4442 de
1462 4385 1729 4446 Minucio,

197 4481 272 4534 vel
301 4487 440 4550 potius
461 4485 664 4543 Minucii
713 4495 916 4541 tantum
961 4484 1178 4538 nomine
1219 4481 1351 4536 dixit
1388 4499 1400 4533 :
1442 4498 1459 4530 ι
1517 4477 1626 4531 Nos
1657 4485 1735 4530 la-

195 4587 304 4626 tneu
349 4578 596 4650 sacrilegos
663 4579 910 4648 aliquos,
969 4586 1025 4632 et
1090 4577 1362 4638 incestos,
1439 4569 1733 4642 parricidas

1825 1980 2051 2036 diendus
2092 1981 2142 2034 in
2191 1984 2360 2033 totum
2410 1980 2750 2048 putabamus.
2800 1977 3214 2047 Nonnumquam
3261 1976 3425 2030 etiam

1824 2077 2143 2130 miserantes
2170 2087 2357 2128 eorum
2382 2070 2654 2126 crudelius
2690 2070 3044 2124 smviebamns
3063 2110 3077 2134 ,
3124 2076 3179 2121 ut
3209 2075 3428 2137 torque-

1825 2179 2005 2223 remus
2036 2167 2353 2221 confitentes
2381 2163 2446 2218 ad
2489 2162 2790 2234 negandum
2812 2204 2826 2225 ,
2865 2161 3148 2224 videlicet,
3181 2173 3248 2213 ne
3286 2155 3428 2228 peri-

1824 2269 1979 2325 rent,
2009 2269 2322 2316 exserentes
2355 2259 2406 2311 l'u
2437 2257 2518 2312 his
2547 2270 2854 2326 perversam
2883 2254 3239 2324 quaestionem
3263 2292 3277 2318 ,
3321 2263 3428 2305 non

1823 2370 1942 2426 qute
1972 2368 2155 2408 verum
2187 2359 2416 2412 erueret,
2446 2349 2540 2405 sed
2570 2354 2690 2420 qua!
2718 2347 3058 2403 mendacium
3091 2347 3333 2415 cogeret.
3361 2343 3430 2398 Et

1825 2450 1869 2505 si
1897 2450 2016 2519 quis
2043 2447 2324 2510 inﬁrmior,
2360 2445 2498 2499 malo
2525 2455 2743 2514 pressus
2765 2450 2816 2497 et
2846 2443 3040 2507 victus,
3058 2439 3428 2495 Christianum

1825 2559 1884 2598 se
1929 2549 2212 2611 negasset,
2264 2538 2575 2592 favebamus
2607 2535 2693 2600 ei,
2725 2534 2876 2604 quasi
2925 2532 3130 2602 ejerato
3174 2529 3425 2593 nomine,

1821 2638 1931 2705 jam
1959 2634 2137 2689 entuia
2171 2633 2310 2688 facta
2351 2644 2448 2685 sua
2481 2629 2565 2683 illa
2599 2626 2883 2696 negatione
2909 2631 3180 2696 purgaret.
3215 2621 3428 2690 Agnos-

1825 2730 2014 2784 citisne
2043 2726 2230 2780 cadent
2269 2738 2367 2779 nos
2396 2720 2632 2777 sensisse
2659 2729 2712 2775 et
2735 2722 2942 2790 egisse,
2973 2732 3094 2789 quae
3127 2714 3342 2772 sentitis
3375 2721 3430 2769 et

1825 2821 2012 2894 geritis
2030 2822 2053 2875 ’ἶ
2082 2841 2100 2872 ι

1899 2913 2003 2971 Sed
2054 2929 2082 2966 a
2135 2909 2287 2965 nobis
2335 2909 2563 2962 fortasse
2626 2902 2817 2975 aliquis
2871 2902 3088 2970 insuper
3139 2897 3374 2968 inquiret
3405 2937 3419 2961 ,

1827 3018 2004 3063 utrum
2054 3004 2315 3060 Minucius
2367 2999 2516 3056 Felix
2566 3007 2686 3070 post
2728 2997 2910 3051 datum
2953 2993 3257 3049 christiana!
3305 2987 3430 3045 fidei

1826 3115 2043 3165 nomen,
2088 3099 2141 3152 in
2185 3094 2436 3151 causidici
2479 3105 2701 3146 munere
2742 3085 2994 3144 obeundo
3045 3099 3198 3139 suam
3256 3081 3430 3137 adhuc

1828 3190 2153 3262 impenderit
2205 3201 2444 3258 operam.
2479 3182 2582 3240 Sed
2620 3183 2686 3246 is,
2734 3195 2950 3250 quzcso,
2985 3178 3218 3232 animum
3251 3173 3316 3228 ad
3366 3177 3430 3228 ea

1749 3283 1794 3346 C
1828 3283 2072 3338 adwrtat
2094 3324 2106 3344 ,
2141 3296 2256 3348 ane
2296 3277 2453 3347 paulo
2481 3285 2604 3330 ante
2631 3271 3053 3329 observabamus
3074 3311 3087 3334 ,
3130 3267 3277 3323 illum
3305 3280 3428 3321 cum

1829 3374 2046 3430 Caecilio
2076 3383 2127 3426 et
2156 3370 2380 3426 Octavio
2403 3368 2635 3432 Ostiam,
2673 3367 2758 3420 ubi
2799 3361 3108 3434 di~putatio,
3140 3375 3258 3430 qua:
3290 3358 3427 3425 hoc,

1831 3481 1937 3538 quo
1966 3467 2032 3520 de
2059 3467 2283 3534 agimus,
2314 3462 2451 3519 libro
2481 3459 2782 3538 exhibetur,
2816 3457 2994 3512 habita
3027 3461 3108 3509 est
3131 3471 3156 3533 ε.
3181 3458 3307 3506 tunc
3336 3465 3430 3504 ve-

1833 3561 2011 3621 nisse,
2055 3555 2304 3628 quando,
2342 3574 2359 3606 ‹
2418 3534 2506 3607 Ad.
2530 3551 2852 3606 vindemiam
2902 3548 3050 3603 ferite
3095 3543 3428 3615 iudiciariam
3468 3548 3481 3565 ‘

1832 3653 1948 3720 ejus
1974 3664 2155 3705 curam
2187 3647 2586 3702 relaxaverant.
2629 3664 2647 3696 ι
2688 3641 2844 3712 Atqui
2881 3650 3011 3704 ttttn,
3044 3638 3119 3692 uti
3152 3652 3217 3692 ex
3257 3633 3432 3690 citatis

1765 3737 1770 3744 ’
1834 3743 1992 3813 patilo
2023 3751 2144 3795 ante
2180 3737 2378 3794 Cascilii
2410 3735 2590 3792 Verbis
2621 3732 2974 3793 ostendimus,
3005 3729 3264 3784 Minucius
3289 3726 3433 3780 chri-

1834 3835 2055 3888 stianant
2080 3831 2391 3902 religionem
2419 3827 2783 3897 profitebatur.
2818 3828 3158 3892 Quapropter
3181 3818 3268 3875 ubi
3300 3818 3433 3874 Cin-

1833 3925 1986 3981 cilius
2015 3923 2226 3980 obvium
2267 3919 2542 3991 Serapidis
2573 3917 2918 3975 simulacrum
2964 3914 3273 3975 adorasset,
3321 3921 3430 3963 tum

1836 4020 1977 4074 illico
2007 4020 2056 4072 in
2090 4014 2376 4071 Minucium
2410 4017 2487 4069 sic
2525 4013 2778 4069 Octavius
2818 4011 3061 4063 invectus
3091 4013 3174 4058 est
3202 4019 3215 4058 :
3243 4014 3261 4054 t
3316 4000 3431 4056 Non

1838 4114 1961 4167 boni
1989 4113 2085 4165 viri
2112 4122 2222 4174 est,
2258 4111 2432 4163 Marce
2474 4108 2674 4170 frater,
2719 4104 2992 4157 hominem
3025 4099 3166 4153 dotui
3199 4096 3434 4163 forisque

1837 4205 1986 4258 lateri
2028 4212 2118 4257 tuo
2157 4202 2505 4255 inhtrrcntem
2541 4196 2618 4251 sic
2648 4198 2698 4250 in
2735 4195 2833 4248 hac
2872 4191 3154 4260 imperium
3202 4187 3435 4256 vulgaris

1837 4297 2075 4350 caecitate
2121 4295 2395 4356 deserere,
2443 4299 2499 4343 ut
2543 4297 2648 4341 tam
2682 4287 2952 4340 luculento
2995 4283 3080 4335 die
3125 4281 3182 4334 in
3230 4278 3434 4348 lapides

1838 4405 1958 4444 emn
2002 4385 2223 4458 patiaris
2270 4383 2637 4452 impingere...
2685 4393 2804 4431 cum
2851 4376 2990 4429 scias
3034 4372 3190 4440 hujus
3235 4370 3434 4425 erroris

1838 4500 1941 4538 non
1972 4481 2230 4535 minorem
2258 4475 2323 4531 ad
2351 4486 2428 4538 te,
2460 4485 2617 4545 quam
2644 4469 2706 4524 ad
2735 4471 2906 4538 ipsum
2934 4464 3204 4518 infantiam
3236 4462 3432 4517 redun-

1838 4576 1984 4630 dare.
2026 4593 2044 4626 ι
2081 4571 2146 4627 At
2179 4571 2250 4624 ibi
2290 4567 2573 4628 Octavius,
2624 4562 2700 4619 uti
2745 4561 2932 4624 vides,
2976 4556 3265 4612 Minucium
3311 4553 3432 4606 ideo

189 4667 330 4722 etiam
367 4671 704 4728 defendemlos
744 4682 798 4725 et
846 4672 1073 4726 tuendos
1125 4668 1586 4736 suscipiebamus;
1636 4662 1735 4716 hos
1762 4675 1813 4738 ι)
1841 4666 2039 4737 arguit.
2073 4664 2211 4734 quod
2248 4660 2598 4715 christianum
2628 4654 2942 4725 religionem
2968 4659 3094 4705 tunc
3121 4646 3428 4717 profeSsus,

185 4775 320 4832 vero,
356 4767 582 4824 tseilieet
609 4767 980 4828 Christianos,
1030 4783 1047 4814 ι
1101 4777 1198 4817 nec
1235 4758 1530 4813 audiendos
1561 4757 1610 4809 in
1646 4765 1727 4808 to-

185 4863 286 4912 tum
327 4862 640 4930 putabamus.
709 4880 727 4913 ι
785 4855 863 4914 Ex
918 4860 1111 4928 quibus
1156 4857 1322 4924 liquet
1376 4853 1559 4917 illum,
1610 4865 1732 4904 cum

182 4949 392 5008 clituicus
412 4955 576 5010 adhuc
602 4965 744 5011 esset
769 4996 782 5019 ,
812 4949 1066 5006 causidici
1097 4950 1270 5004 obilse
1300 4963 1514 5001 munus.

244 5045 382 5102 Nobis
410 5063 578 5104 autem
607 5051 833 5116 ipsemet
867 5047 1016 5101 testis
1044 5053 1125 5100 est
1153 5060 1211 5098 se
1242 5043 1306 5095 ab
1353 5043 1571 5096 ineunte
1607 5047 1736 5092 :rta-

187 5141 326 5201 le,et
364 5156 522 5212 usque
573 5142 637 5196 ad
673 5157 789 5196 eam
842 5140 951 5210 jam
1003 5139 1132 5191 satis
1163 5135 1430 5199 adultam,
1487 5131 1736 5186 omnibus

187 5230 430 5302 obligaturi:
460 5236 618 5290 fuisse
647 5231 929 5304 gentilium
960 5225 1427 5300 superstitionibus
1449 5267 1463 5291 ,
1510 5240 1571 5278 ac
1598 5239 1737 5277 nun-

191 5323 251 5376 tio
274 5327 462 5382 tandem
486 5330 562 5384 eis
612 5329 809 5392 misso,
859 5324 1204 5380 Christianam
1255 5320 1414 5374 fidem
1457 5317 1734 5388 amplexa~

195 5424 300 5471 tum.
330 5419 394 5476 De
435 5437 491 5477 se
535 5419 823 5490 siquidem,
857 5434 918 5474 ac
966 5417 1031 5472 de
1081 5415 1306 5471 Octavio
1357 5416 1469 5466 haec
1522 5411 1736 5479 scriptis

203 5509 369 5566 tradidit
399 5533 410 5568 :
449 5531 466 5566 ‹
513 5516 673 5571 Solus
705 5515 758 5569 in
793 5513 1066 5568 amoribus
1097 5510 1345 5565 conscius
1377 5508 1523 5576 ipse,
1557 5507 1735 5559 socius

201 5598 243 5648 in
263 5605 539 5672 erroribus;
577 5622 629 5662 et
659 5623 781 5661 cum
829 5605 1067 5660 (ὶί-ριιςεει
1112 5602 1338 5670 caligine
1381 5601 1448 5654 de
1482 5598 1732 5653 tenebra-

195 5695 285 5750 "lm
309 5696 558 5765 profundo
585 5697 637 5751 in
669 5697 841 5751 int-em
893 5693 1166 5762 Sapientiae
1198 5701 1250 5748 et
1291 5691 1532 5747 veritatis
1559 5703 1736 5743 emer-

185 5791 365 5855 gerem,
398 5803 502 5845 non
553 5789 759 5860 respuit
785 5774 1084 5850 comitem,
1132 5787 1226 5842 sed
1272 5783 1411 5857 quod
1450 5783 1736 5855 gloriosius

175 5877 269 5954 est,
292 5879 643 5956 praecucurrit.
686 5901 704 5934 ›
735 5879 929 5937 Caelius
953 5893 1081 5936 vero
1105 5877 1173 5936 ab
1211 5879 1328 5950 ipso
1349 5873 1606 5935 orationis
1627 5887 1738 5932 suae

1835 4758 1886 4813 in
1915 4774 2002 4823 eo,
2034 4772 2139 4826 quo
2166 4753 2230 4810 ad
2263 4754 2512 4810 Ostiense
2541 4751 2690 4804 littus
2719 4747 2995 4817 pergebat,
3025 4745 3218 4797 itinere
3248 4751 3433 4810 pas-ns

1839 4852 2023 4907 fuisset
2057 4847 2329 4918 Serapidis
2357 4843 2701 4901 simulacrum
2728 4856 2756 4894 a
2777 4839 2996 4894 CtBClllO
3024 4831 3296 4889 individuo
3335 4841 3433 4883 suo

1837 4947 2029 5000 comite
2057 4943 2284 4998 adorari.

1909 5038 2092 5108 Neque
2145 5037 2194 5091 id
2247 5036 2336 5090 ulli
2394 5036 2584 5089 utirttm
2631 5031 2796 5084 videri
2851 5029 3028 5080 debet.
3079 5023 3213 5076 Tum
3269 5019 3414 5074 enim

1838 5125 2126 5188 Christiani
2181 5145 2278 5182 nec
2329 5143 2423 5181 sua
2455 5140 2693 5186 munera,
2740 5135 2838 5175 nec
2875 5118 3181 5187 dignitates,
3215 5119 3305 5164 attt
3330 5111 3432 5164 alia

1841 5225 2016 5280 cilicia
2062 5239 2184 5277 cum
2216 5219 2549 5274 ethnicorum
2599 5215 2854 5284 religione
2899 5213 3167 5280 deponere
3207 5219 3434 5260 consue-

1842 5327 2050 5371 verant.
2088 5313 2193 5369 Sod
2239 5312 2310 5365 illi
2353 5320 2500 5371 tunc,
2541 5305 2696 5362 sicuti
2739 5304 2988 5365 tlitimus,
3021 5311 3073 5355 et
3105 5298 3269 5353 fusius
3295 5295 3431 5348 infra

1840 5410 2099 5467 dicemus.
2138 5421 2232 5476 per
2259 5415 2426 5459 letum
2461 5411 2726 5456 terrarum
2752 5398 2936 5453 orberu
2964 5389 3225 5463 dispersi,
3269 5395 3429 5458 atque

1842 5519 1961 5560 cum
1996 5500 2222 5557 ethnicis
2272 5497 2508 5566 permiSti
2533 5539 2545 5560 ,
2599 5493 2846 5548 solebant
2889 5487 3138 5559 quaslibet
3170 5481 3348 5539 munia
3377 5491 3431 5536 et

1839 5599 2045 5667 negotia
2069 5638 2082 5660 ,
2129 5595 2246 5650 solo
2288 5594 2507 5648 deorum
2538 5589 2682 5644 cultu
2714 5591 2959 5651 excepto,
2991 5593 3111 5636 cum
3140 5579 3216 5634 eis
3245 5587 3426 5647 ago-ru.

1838 5688 1992 5746 Unde
2035 5685 2394 5740 Tertullianus
2435 5681 2674 5754 (Tertull.
2713 5676 2980 5748 Apologet.
3013 5683 3129 5743 mp.
3185 5672 3273 5734 57,
3307 5679 3426 5740 pug.

1841 5781 1930 5850 3'5)
1964 5800 1974 5834 :
2014 5795 2031 5828 ι
2063 5777 2335 5842 lle~terni,
2378 5773 2682 5845 inquiebat,
2725 5784 2939 5834 sumus,
2990 5777 3043 5822 et
3096 5773 3274 5820 vestra
3307 5763 3429 5816 utne

1841 5873 1927 5930 nia
1973 5869 2346 5942 implevimus,
2407 5869 2600 5936 urbes,
2649 5862 2884 5930 insulas,
2937 5859 3191 5927 castella,
3251 5872 3426 5912 lliunl-
