3802 6276
434 324 551 386 335

442 540 731 614 palatium,
778 546 1056 602 senatum,
1104 534 1312 599 forum,
1361 534 1472 590 sola
1525 532 1677 588 vobis
1713 527 2034 599 reliquimus

443 630 659 700 templa.
685 648 704 683 ι
737 627 803 683 Ει
823 625 959 683 infra
985 624 1159 700 (Idem
1186 625 1312 681 ibid.
1342 641 1459 696 cap.
1491 622 1584 695 η)
1614 642 1627 678 :
1662 641 1680 673 ι
1704 622 1892 692 Itaque
1923 634 2031 674 non

440 723 561 779 sine
594 720 738 785 foro,
772 734 879 774 non
931 718 1048 776 sine
1085 719 1344 785 macello,
1393 731 1501 773 non
1531 716 1648 772 sine
1677 713 1921 779 balneis,
1953 722 2033 767 ta-

439 810 660 878 bernis,
705 809 970 880 ofﬁcinis,
1011 811 1272 878 stabulis,
1307 810 1561 866 nundinis
1594 809 1822 876 vestris,
1872 814 2033 863 cmte—

436 903 621 972 risque
671 903 1012 960 commerciis
1043 903 1415 960 cohabitamus
1457 903 1559 959 hoc
1603 900 1884 957 saeculum.
1931 897 2034 953 Na-

436 996 679 1068 vigamus
726 1004 783 1053 et
808 1011 907 1053 nos
947 996 1222 1053 vobiscum
1245 1036 1261 1060 ,
1310 1006 1365 1053 ct
1401 995 1674 1051 vobiscum
1705 993 2030 1057 militamus,

438 1095 496 1144 et
523 1087 878 1157 rusticamur,
910 1097 965 1144 et
1011 1104 1346 1155 mercamur;
1379 1087 1603 1157 proinde
1632 1087 1923 1143 miscemus
1946 1098 2034 1138 ar-

444 1190 563 1247 tes,
616 1195 810 1253 operas
862 1190 1075 1238 nostras
1122 1182 1455 1253 publicamus
1494 1180 1611 1235 usui
1660 1187 1859 1235 vestro.
1890 1176 2033 1243 Quo-

441 1273 606 1330 modo
654 1272 970 1330 infructuosi
1024 1274 1300 1331 videamur
1348 1272 1577 1344 negotiis
1629 1271 1857 1334 vestris,
1908 1282 2030 1324 cum

438 1366 657 1438 quibus,
697 1376 751 1423 et
779 1366 847 1424 de
876 1367 1071 1439 quibus
1119 1368 1378 1432 vivimus,
1426 1382 1531 1423 non
1563 1367 1695 1423 scio.
1739 1363 1843 1422 Sed
1875 1377 2029 1421 cere-

436 1461 648 1518 monias
690 1469 809 1516 tuas
855 1476 961 1517 non
1012 1461 1331 1534 frequento,
1379 1472 1475 1517 etc.
1505 1479 1524 1514 ι

510 1554 681 1623 Quam
706 1555 789 1626 pie
808 1565 986 1612 autem
1012 1564 1067 1611 et
1102 1566 1283 1612 sancte
1311 1564 1492 1625 postea
1523 1554 1782 1611 Minucius
1808 1552 2026 1619 vixerit,

435 1644 524 1701 his
574 1645 870 1702 Eucherius
909 1646 1280 1718 Lugdunensis
1308 1648 1592 1719 episcopus
1642 1646 1802 1703 docet
1848 1644 2029 1700 verbis

432 1735 680 1807 (Eae/ter.
704 1736 945 1808 Lngdun.
971 1740 1125 1807 epist.
1166 1739 1234 1793 ad
1261 1737 1614 1808 Valerianum)
1647 1755 1661 1794 :
1692 1756 1712 1790 ι
1753 1737 1824 1793 Et
1859 1752 2029 1808 quan-

1736 319 1822 374 DE
1844 311 2117 387 ,umucu
2152 311 2451 371 ocravno
3543 330 3609 391 εει

441 447 579 517 cinia
599 487 613 511 ,
665 440 1051 511 conciliabula,
1098 449 1273 497 castra
1311 441 1421 513 ipsa
1443 481 1459 507 ,
1514 438 1715 504 tribus,
1747 434 2027 498 decurias,
2055 435 2111 496 Α
2134 444 2254 487 esse
2273 430 2528 486 Octavius
2555 430 2721 502 probe
2749 437 2986 497 noverat,
3013 428 3113 501 ipsi
3134 428 3202 485 ita
3223 437 3488 503 respondit:
3514 463 3528 497 ‹
3551 448 3610 509 sse

2136 523 2204 579 de
2236 524 2337 577 isto
2364 532 2418 578 et
2447 531 2566 579 tuus
2587 522 2807 591 Fronto,
2843 536 2947 578 non
2972 529 3033 577 ut
3047 520 3327 579 affirmatur
3348 529 3608 598 testimonium

2134 613 2281 683 fecit,
2333 615 2427 672 sed
2473 617 2773 672 convicium
2822 624 2878 671 ut
2916 624 3099 671 orator
3153 618 3381 686 aspersit.
3416 623 3609 686 over-um.

2138 719 2313 767 tamen
2342 711 2596 783 quoniam
2648 710 2894 766 Caecilius
2941 708 3262 765 Frontonem
3307 711 3396 767 alia
3428 716 3481 772 de
3507 735 3609 781 causa

2134 817 2290 859 suum
2319 804 2501 861 dicere
2526 803 2717 875 potuit,
2751 803 2935 873 quanti
2975 800 3079 857 hoc
3106 815 3442 874 argumentum
3463 810 3516 865 sit
3528 827 3611 883 pou.

2134 895 2301 965 deris,
2325 897 2554 952 aliorum
2583 907 2698 953 esto
2723 896 3001 968 judicium.

2206 988 2474 1060 Quidquid
2523 1004 2684 1059 porro
2721 988 2790 1046 de
2815 988 2960 1044 illius
2985 987 3156 1059 patria
3198 996 3453 1058 statuatur,
3485 996 3611 1058 scimus

2135 1094 2266 1137 sane
2305 1080 2478 1150 ipsum
2502 1079 2690 1134 Ruina:
2732 1078 2843 1144 diu,
2872 1087 3033 1150 atque
3063 1077 3116 1134 in
3146 1077 3348 1145 eadem,
3387 1098 3471 1152 qua
3501 1084 3610 1144 Μῖιηι.

2142 1169 2279 1237 eius,
2313 1168 2583 1226 habitasse
2599 1169 2782 1225 domo.
2835 1167 2913 1223 lbi
2949 1176 3129 1224 autem
3172 1178 3307 1224 tanta
3332 1171 3449 1228 inter
3481 1183 3613 1234 utrum-

2133 1278 2238 1335 que
2281 1264 2661 1320 intercesserat
2693 1262 2943 1318 amicitiae
2974 1262 3329 1328 necessitudo,
3372 1274 3422 1319 ut
3452 1264 3614 1330 (ἔπηξας

2133 1372 2161 1411 a
2212 1355 2434 1412 Minucii
2469 1355 2638 1414 latere
2677 1370 2967 1427 numquam
2995 1354 3311 1412 discederet.
3360 1355 3552 1416 Octavius
3572 1366 3616 1420 si-

2133 1450 2349 1519 quidem
2376 1460 2561 1521 aperte
2588 1449 2828 1508 declarat
2851 1465 2974 1506 eum
3007 1449 3173 1505 fuisse
3219 1468 3238 1503 ι
3274 1448 3500 1509 hominem
3520 1455 3611 1517 domi

2129 1539 2368 1614 forisque
2418 1542 2573 1599 lateri
2629 1561 2649 1595 ›
2694 1542 2908 1598 Minucii
2959 1540 3157 1597 Felicis
3201 1558 3221 1592 ι
3269 1541 3610 1601 ἰιιιιτειιθηιθιιι.»

2131 1631 2470 1705 Quapropter
2517 1649 2638 1689 cum
2682 1632 2929 1691 Ctecilius
2968 1632 3244 1703 Serapidis
3293 1633 3519 1692 adorasset
3547 1640 3613 1696 elli-

2129 1727 2271 1799 giem
2306 1768 2321 1793 ,
2355 1736 2483 1784 tunc
2507 1727 2763 1784 continuo
2792 1727 3050 1785 Octavius
3079 1727 3353 1784 Minucium
3391 1729 3614 1802 increpatio

433 1825 506 1883 do
531 1828 859 1884 clarissimos
886 1828 1130 1886 facundia
1185 1829 1542 1898 Firmianutn,
1586 1830 1895 1894 Minucium,
1924 1830 2028 1901 Cy-
2056 1832 2104 1893 B
2131 1819 2311 1876 ἀίιῖιέ
2342 1839 2362 1873 ί
2400 1820 2552 1878 δείδιε
2598 1820 2757 1892 huius
2803 1821 3008 1878 θιτοτῖε
3068 1834 3172 1877 "0"
3235 1822 3463 1878 πιῖηοΐθηι
3497 1824 3543 1880 ad
3568 1836 3613 1897 le.

434 1919 714 1990 prianum,
761 1919 1017 1977 llilarium
1039 1964 1055 1988 ,
1091 1921 1388 1990 Joannem,
1441 1922 1783 1979 Ambrosium
1820 1937 1886 1977 ex
1938 1921 2029 1977 illo

433 2012 707 2070 volumine
744 2016 1139 2071 numerositatis
1168 2016 1460 2072 evolvam?
1514 2016 1787 2084 Dixeraut,
1820 2015 2024 2083 credo;

434 2102 572 2173 Quid
598 2103 700 2162 hoc
726 2106 848 2161 est?
898 2106 1133 2177 Surgunt
1163 2109 1361 2165 indocti
1387 2119 1439 2166 et
1465 2108 1662 2166 caelum
1689 2108 1939 2190 rapiunt:
1975 2116 2031 2164 et

434 2209 536 2252 nos
559 2211 683 2252 cum
728 2197 992 2256 doctrinis
1037 2202 1237 2256 nostris
1260 2216 1387 2258 ecce
1414 2201 1506 2257 ubi
1534 2204 1587 2258 in
1640 2215 1825 2257 errore
1874 2200 2026 2255 volu-

434 2296 611 2344 tamur
634 2297 691 2345 et
745 2290 1026 2360 sanguine.
1086 2291 1341 2349 Dixerant
1392 2291 1575 2361 istud;
1620 2302 1676 2351 et
1698 2292 1898 2350 idcirco
1927 2291 2028 2364 ipsi

431 2388 618 2452 postea
648 2381 754 2437 vim
778 2381 1071 2440 intulerunt
1097 2399 1283 2456 regno.
1334 2406 1353 2438 ι

1031 2514 1322 2555 Ακτιευιυδ
1350 2514 1427 2555 Ill.

436 2604 540 2675 Qui
586 2609 775 2681 fuerint
825 2608 1079 2678 Ceciliae,
1131 2620 1178 2666 et
1219 2610 1479 2679 Octavius,
1530 2612 1618 2679 qui
1654 2613 1710 2668 in
1752 2612 1847 2667 hoc
1903 2611 2031 2667 libro

854 2703 1169 2774 disputantes
1195 2703 1601 2760 introducantur.

504 2834 641 2892 Cum
679 2836 768 2893 hic
791 2836 923 2894 liber
953 2839 1085 2895 nihil
1115 2838 1289 2906 aliud,
1343 2840 1419 2895 uti
1451 2839 1699 2905 vidimus,
1757 2838 2033 2895 contineat

434 2935 632 2996 praeter
674 2926 872 2984 Caecilii
928 2938 983 2985 et
1031 2929 1231 2986 Octavii
1281 2930 1348 2985 de
1400 2930 1613 2985 ethnica
1639 2938 1697 2985 et
1743 2928 2031 2985 christiana

440 3019 702 3091 religione
744 3020 1127 3091 disputantium
1157 3022 1446 3092 dialogum,
1503 3036 1533 3075 a
1576 3020 1729 3075 nobis
1767 3020 1904 3075 haud
1928 3021 2031 3075 du-

2130 1927 2289 1984 quam
2318 1912 2385 1968 ad
2415 1913 2586 1983 ipsum
2614 1912 2887 1968 infamiam
2919 1911 3275 1969 redundare.»

2203 2006 2465 2061 Caeterum
2499 2006 2588 2062 ille
2617 2005 2995 2078 philosophus,
3052 2004 3260 2062 videtur
3284 2014 3333 2061 et
3366 2007 3611 2065 Academico

2131 2111 2286 2163 rum,
2352 2097 2443 2168 qui
2494 2097 2674 2153 omnia
2743 2096 2902 2153 dubia
2972 2105 3137 2169 atque
3197 2097 3415 2162 incerta,
3466 2099 3616 2170 nihilque

2131 2201 2191 2244 se
2254 2189 2395 2245 scire
2438 2189 2783 2258 asserebant,
2828 2199 3039 2247 sectam
3105 2200 3331 2247 secutus.
3396 2192 3480 2249 Sua
3529 2196 3614 2250 enim

2129 2295 2260 2336 vero
2322 2282 2374 2337 iu
2457 2282 2703 2339 oratione
2759 2297 2865 2339 non
2910 2283 3085 2350 alias,
3140 2298 3293 2353 quam
3354 2282 3615 2353 hujuscemodi

2130 2372 2424 2429 academici
2468 2373 2571 2429 viri
2620 2382 2800 2444 partes
2846 2375 2984 2446 agit,
3019 2373 3098 2430 uti
3159 2373 3225 2429 ab
3253 2373 3360 2444 ipso
3394 2389 3480 2429 non
3509 2376 3613 2432 solum

2133 2465 2277 2525 illius
2312 2466 2559 2533 exordio,
2614 2465 2710 2523 sed
2737 2466 2842 2523 ﬁne
2877 2467 3047 2523 etiam
3079 2466 3475 2522 manifestissime
3508 2470 3613 2522 omni-

2133 2557 2238 2615 bus
2264 2568 2428 2629 patet.
2472 2559 2609 2628 Quid
2655 2575 2783 2616 vero
2806 2560 2949 2633 quod
2975 2562 3099 2632 ipse
3122 2560 3303 2617 eadem
3325 2562 3523 2617 oratione
3546 2577 3615 2632 pro-

2135 2652 2270 2710 bare
2295 2653 2480 2709 nititur
2504 2655 2765 2710 incertum
2793 2657 3024 2711 omnino
3062 2670 3202 2720 esse,
3233 2670 3326 2711 nec
3343 2656 3445 2723 sibi,
3477 2671 3547 2711 nec
3563 2658 3614 2711 u‘li

2133 2741 2398 2800 hactenus
2445 2744 2647 2801 homini
2699 2745 3063 2817 exploratum.
3117 2754 3289 2802 utrum
3318 2761 3436 2801 unus
3459 2747 3615 2818 pluresve

2134 2833 2246 2890 siut
2284 2836 2376 2902 dii,
2405 2847 2564 2909 atque
2603 2832 2805 2894 idcirco
2824 2840 2994 2894 satius
3023 2853 3144 2896 esse
3168 2840 3218 2895 in
3244 2856 3299 2895 re
3325 2850 3416 2894 tam
3433 2840 3549 2895 dubi:
3565 2855 3614 2895 sc-

2134 2928 2229 2998 qui
2274 2943 2522 3003 acceptas
2564 2947 2595 2988 a
2643 2932 2934 3004 majoribus
2971 2932 3046 2990 de
3081 2935 3264 2989 iisdem
3299 2933 3389 2989 diis
3420 2948 3615 3003 eorumque

2133 3022 2277 3078 cultu
2309 3023 2658 3081 traditiones?
2705 3025 2811 3083 Sed
2838 3026 2924 3082 ubi
2943 3026 3189 3082 veritatis
3219 3027 3382 3082 lumen
3406 3026 3445 3082 ei
3463 3025 3609 3087 adulat,

439 3110 529 3168 hie
550 3111 744 3182 aliquis
772 3113 1132 3171 sciscitabitur
1156 3114 1373 3183 quinam
1402 3111 1478 3167 illi
1502 3110 1718 3167 fuerint.
1776 3111 1881 3167 Sed
1909 3112 2035 3168 huic
2137 3124 2262 3172 tunc
2292 3118 2534 3188 protinus
2564 3119 2876 3190 repudiatis,
2917 3129 2974 3175 ut
3005 3119 3255 3188 vidimus,
3290 3117 3512 3175 erroribus
3527 3116 3609 3185 pris-

435 3203 669 3276 ingenue
699 3205 1143 3276 respondebimus
1165 3205 1299 3260 nihil
1327 3205 1393 3260 de
1423 3205 1488 3261 iis
1516 3204 1739 3267 certius,
1777 3221 1935 3276 quam
1963 3221 2027 3260 ex
2056 3225 2102 3289 ρ
2139 3208 2282 3276 tinis,
2318 3211 2482 3266 Deum
2526 3228 2689 3267 unum
2719 3214 2954 3284 agnovit,
2989 3213 3341 3284 crediditque,
3377 3225 3430 3267 ac
3452 3208 3609 3266 ειιήδιὶα-

436 3295 541 3352 hoc
561 3298 696 3352 libro
725 3312 881 3368 posse
909 3297 1158 3368 proferri.
1207 3296 1456 3353 Caecilius
1478 3306 1681 3362 autem,
1702 3299 1788 3367 qui
1811 3312 2026 3354 causam

436 3397 556 3445 orat
585 3387 944 3459 ethnicorum,
1003 3390 1072 3446 ibi
1101 3390 1206 3445 alio
1236 3390 1451 3445 nomine
1488 3389 1696 3444 Natalis
1716 3390 1783 3445 ab
1808 3389 2029 3447 Octavio

437 3494 797 3551 nuncupatur.
867 3501 885 3535 ι
926 3482 1033 3538 Nec
1087 3483 1464 3553 dissimulabo,
1520 3484 1708 3554 inquit,
1769 3485 2029 3556 principio

437 3572 511 3628 ita
534 3571 734 3628 Natalis
785 3575 891 3630 mei
921 3584 1210 3641 errantem,
1261 3591 1468 3647 vagam,
1522 3575 1780 3632 lubricam
1811 3585 2027 3634 nutasse

435 3663 846 3721 sententiam...
903 3666 995 3723 sed
1046 3667 1097 3722 in
1150 3667 1321 3723 Natali
1378 3682 1499 3723 meo
1539 3669 1825 3724 versutiam
1879 3669 2026 3736 nolo,

441 3770 553 3812 non
581 3756 764 3823 credo,
814 3758 999 3828 procul
1029 3759 1097 3814 ab
1117 3759 1234 3829 ejus
1262 3759 1604 3830 simplicitate
1633 3761 1842 3816 subtilis
1870 3761 2028 3817 urba-

435 3847 598 3904 nitas.
637 3866 656 3900 ι
706 3849 908 3917 Quibus
948 3866 1012 3906 ex
1060 3851 1239 3907 verbis
1290 3861 1551 3921 prmterea
1579 3853 1877 3925 colligimus
1904 3869 2025 3910 eum

434 3942 608 3998 virum
640 3942 860 4010 bonum,
893 3954 1121 4012 rectum,
1162 3945 1432 4002 sincerum
1463 3956 1516 4003 et
1546 3946 1802 4018 simplicis
1827 3948 2027 4003 verita-

433 4034 503 4090 tis
531 4035 761 4090 amicum
787 4034 973 4092 fuisse.

502 4130 686 4203 Neque
730 4131 948 4187 dubium
979 4132 1070 4189 ulli
1098 4149 1217 4190 esse
1264 4142 1459 4206 potest,
1491 4135 1619 4207 quin
1666 4133 1754 4190 ille
1796 4134 2024 4203 primum

432 4222 650 4295 quidem
676 4225 1007 4296 mancipatus
1053 4225 1209 4282 fuerit
1253 4226 1533 4297 gentilium
1559 4226 1825 4297 religioni,
1864 4240 2023 4295 quam

433 4315 575 4372 hana
603 4317 732 4386 ﬁde,
763 4320 993 4391 totisque
1022 4321 1221 4392 ingenii
1266 4321 1471 4376 viribus
1513 4320 1565 4375 in
1616 4320 1718 4376 hoc
1749 4320 1887 4376 libro
1925 4319 2023 4375 de-

429 4407 655 4467 fendere
682 4413 993 4469 conuititur.
1052 4414 1118 4468 Et
1146 4428 1275 4470 vero
1304 4414 1394 4469 ubi
1422 4415 1684 4470 intellexit
1715 4431 1775 4472 se
1804 4430 1900 4485 per
1926 4413 2024 4469 Mi-

434 4501 576 4556 nucii
627 4502 765 4558 latus
781 4504 849 4558 ab
888 4504 1110 4559 Octavio
1136 4506 1302 4569 feriri,
1330 4507 1453 4574 quia
1482 4505 1760 4576 Serapidis
1795 4507 2022 4564 simula-

2135 3317 2259 3359 uam
2291 3304 2603 3375 religionem
2637 3306 2911 3377 professus
2951 3317 3061 3363 est.

2203 3398 2427 3465 Quidam
2460 3415 2588 3455 vero
2621 3415 2685 3456 ex
2731 3400 3030 3471 Lampridii
3062 3401 3274 3473 scriptis
3320 3399 3478 3457 confici
3518 3411 3610 3469 posse

2132 3501 2455 3563 putaverunt
2487 3492 2629 3549 hunc
2661 3493 2936 3550 Caecilium
2966 3495 3190 3551 natione
3219 3493 3406 3559 Afrum,
3432 3493 3607 3547 rhetorem

2129 3584 2482 3654 professione,
2512 3600 2576 3641 ac
2619 3586 2954 3653 Diadumeni,
3009 3589 3103 3659 qui
3148 3586 3355 3643 Macriui
3383 3587 3492 3640 filius
3524 3594 3605 3645 erat,

2128 3675 2295 3733 fuisse
2342 3688 2749 3751 praeceptorem.
2800 3681 2907 3738 Sed
2951 3681 3073 3738 hmc
3091 3682 3270 3753 opinio
3297 3681 3420 3737 nulla
3446 3691 3605 3749 prorsus,

2129 3784 2232 3826 nec
2276 3786 2404 3827 vero
2451 3772 2668 3844 quidem
2715 3774 2874 3831 simili
2919 3776 3167 3845 ratione,
3232 3776 3383 3831 immo
3430 3788 3501 3828 nec
3534 3771 3601 3839 ipso

2128 3863 2289 3918 ctiam
2319 3864 2538 3920 nomine
2580 3864 2849 3922 fundatur.
2893 3868 3101 3936 Quibus
3126 3869 3265 3925 enim
3291 3864 3604 3937 Lampridium.

2128 3955 2432 4026 nuscriptos
2473 3956 2685 4014 codices
2734 3959 2912 4031 legere
2961 3961 3132 4025 licuit,
3178 3960 3229 4016 hi
3258 3958 3603 4017 Diadumcuima-

2125 4049 2351 4118 gistrum
2375 4048 2427 4103 iu
2454 4049 2560 4104 illis
2587 4052 2855 4118 omnibus,
2890 4068 3063 4124 neque
3089 4053 3371 4121 Caecilium,
3393 4064 3522 4121 neque
3537 4047 3605 4102 Cr-

2128 4138 2418 4207 ciliauum,
2468 4141 2563 4197 sed
2616 4141 2906 4199 Caelianum
2955 4147 3138 4201 vocari
3191 4151 3475 4202 asseverant.
3514 4135 3604 4205 θυοδ

2129 4243 2262 4286 vero
2286 4232 2375 4287 alii
2420 4231 2634 4303 quidam
2661 4235 2808 4289 illum
2857 4234 3103 4293 Natalem
3159 4236 3315 4294 fuisse
3352 4234 3603 4305 suspicantur.

2126 4323 2218 4394 qui
2260 4322 2462 4380 Severo
2493 4325 2808 4396 imperante,
2832 4325 3107 4384 Christum
3134 4328 3407 4392 confessus,
3426 4323 3477 4380 ad
3494 4320 3602 4376 Theo-

2125 4415 2372 4473 d0tianos
2419 4417 2700 4475 haereticos
2747 4429 2927 4488 postea
2957 4419 3175 4488 defecit,
3208 4420 3260 4476 hi
3286 4417 3487 4493 profecto
3517 4424 3605 4467 nter!

2125 4521 2191 4565 ac
2229 4522 2449 4579 prorsus
2500 4510 2659 4566 debili
2710 4511 3039 4583 conjectura,
3095 4513 3321 4570 nominis
3363 4509 3519 4568 scilicet
3537 4500 3603 4559 sol:

429 4606 605 4658 crum,
652 4608 804 4650 more
844 4596 1145 4666 gentilium,
1175 4599 1247 4652 uti
1295 4597 1496 4652 dictum
1526 4607 1627 4664 est,
1672 4600 2016 4670 salutaverat,
2043 4620 2098 4682 ι)
2126 4598 2475 4658 similitudine
2505 4603 2761 4660 nituntur.

430 4691 580 4738 tanto
604 4682 792 4740 dolore
816 4696 1093 4756 correptus
1119 4696 1219 4753 est,
1255 4696 1309 4742 ut
1337 4688 1389 4743 in
1412 4687 1526 4743 haec
1551 4690 1785 4760 eruperit
1812 4692 1970 4748 verba
2002 4708 2016 4747 :

435 4792 455 4828 ι
502 4774 824 4832 Iamdudum
869 4792 955 4833 me
999 4777 1203 4833 Octavii
1256 4781 1419 4834 nostri
1450 4781 1645 4837 acriter
1685 4784 1829 4854 angit
1856 4793 1912 4839 et
1938 4799 2023 4841 re-

429 4866 638 4924 mordet
687 4871 883 4935 oratio,
916 4886 1019 4941 qua
1047 4872 1099 4926 in
1134 4880 1185 4927 te
1230 4871 1492 4940 invectus,
1532 4875 1833 4947 objurgavit
1858 4879 2025 4949 negli-

427 4960 643 5031 gemine,
680 4973 734 5018 ut
761 4979 846 5018 me
866 4963 1265 5020 dissimulanter
1284 4967 1498 5037 gravius
1520 4978 1772 5041 argueret
1795 4971 2024 5028 inscien-

430 5052 536 5108 tiae.
563 5072 582 5106 ι
607 5053 843 5126 Denique
855 5070 916 5109 ca
933 5056 1029 5110 fuit
1045 5055 1190 5110 illiUs
1207 5058 1442 5128 probitas
1462 5068 1517 5114 et
1532 5063 1850 5131 ingenuitas,
1871 5064 2021 5134 isque

426 5144 590 5200 animi
615 5145 847 5212 candor,
876 5158 932 5202 ut
956 5146 1158 5203 Octavii
1176 5151 1418 5206 oratione
1437 5153 1789 5210 attentissime
1816 5157 2018 5223 audita,

427 5236 626 5292 victum
661 5252 717 5293 se
741 5238 919 5293 statim
943 5239 1189 5312 ultroque
1218 5245 1516 5310 confessus,
1572 5246 1825 5318 pristinos
1844 5247 2021 5319 ejura—

430 5328 573 5385 verit
599 5344 816 5385 errores
835 5372 851 5396 ,
894 5347 957 5388 ac
981 5332 1323 5393 christiauam
1354 5336 1512 5395 ﬁdem
1554 5342 1832 5410 amplexus
1853 5341 1941 5396 sit.

500 5421 636 5476 Eum
662 5437 790 5479 vero
820 5424 988 5494 patria
1019 5425 1339 5497 Cirtensem,
1368 5447 1463 5488 seu
1484 5431 1651 5501 Cirta,
1683 5434 2019 5490 nobilissimo

425 5510 693 5570 Numidiae
721 5517 920 5588 oppido
959 5520 1277 5589 oriundum,
1325 5539 1393 5580 ex
1444 5526 1526 5581 his
1581 5527 1795 5597 quidam
1839 5527 2021 5599 colligi

425 5620 589 5680 posse
634 5618 820 5679 putant
866 5612 1007 5670 illius
1037 5617 1248 5687 verbis,
1300 5619 1492 5690 quibus
1539 5620 1863 5677 Frontonem
1907 5622 2024 5678 Cir-

428 5708 634 5756 tensem
662 5713 928 5762 amtorem
957 5722 1113 5764 suum
1140 5711 1371 5781 appellat
1400 5728 1413 5765 :
1449 5728 1469 5768 ς
1531 5710 1587 5767 id
1627 5713 1789 5771 etiam
1814 5711 2025 5770 Cirten-

429 5789 504 5850 sis
527 5792 693 5848 nostri
725 5801 949 5855 testatur
976 5800 1171 5860 oratio.
1215 5819 1234 5852 ι
1269 5800 1423 5871 Quod
1444 5801 1660 5871 quidem
1683 5804 1807 5874 quia
1836 5820 2020 5862 verum

2201 4695 2270 4748 At
2289 4710 2414 4751 vero
2442 4696 2619 4768 itaque
2659 4700 2875 4770 propius
2904 4700 3095 4757 abesse
3118 4700 3405 4763 creduntur,
3439 4693 3505 4765 qui
3530 4700 3600 4745 eum

2128 4800 2248 4841 esse
2277 4796 2524 4856 censent,
2572 4789 2661 4861 qui
2692 4789 2744 4845 iu
2770 4790 3005 4848 Africam
3037 4808 3300 4857 reversus,
3332 4799 3381 4846 et
3416 4784 3604 4860 preébf‘"

2124 4877 2320 4935 deinde
2363 4889 2594 4943 creatus,
2649 4881 2970 4954 Cyprianum
2997 4883 3438 4957 Carthaginiensem
3466 4875 3603 4946 episco-

2126 4988 2251 5045 Dum
2279 4973 2344 5028 ad
2386 4974 2554 5045 ipsam
2612 4975 2958 5033 Christianam
2994 4978 3297 5050 religionem
3336 4970 3525 5029 adduxit.
3560 4964 3603 5016 De

2125 5066 2219 5122 illo
2246 5083 2475 5139 namque
2505 5068 2620 5125 haec
2656 5072 2876 5126 Pontius
2923 5071 3185 5127 Diaconos
3230 5071 3279 5126 in
3305 5064 3501 5139 ejusdem
3537 5055 3600 5127 Ci‘

2123 5158 2291 5230 priani
2327 5160 2430 5215 vita
2466 5170 2647 5216 narrat
2676 5161 2696 5235 (
2727 5161 2879 5218 Pont.
2926 5162 3037 5219 Vita
3063 5161 3323 5235 Cyprium)
3352 5177 3365 5214 :
3394 5176 3412 5211 ι
3443 5154 3535 5210 Erat
3552 5160 3601 5200 53'

2123 5264 2193 5306 ne
2219 5250 2291 5306 illi
2315 5251 2476 5307 etiam
2502 5252 2583 5324 ,de
2608 5253 2762 5311 nobis
2791 5255 3199 5312 contubernium
3228 5253 3317 5309 viri
3338 5248 3446 5323 justi
3477 5253 3515 5299 et
3532 5240 3600 5295 lana

2121 5342 2314 5399 dabitis
2369 5348 2644 5401 memoriae
2686 5346 2912 5415 Caecilii,
2961 5358 3017 5405 et
3062 5358 3217 5403 :etate
3263 5353 3376 5400 tunc
3396 5348 3442 5395 et
3469 5336 3599 5425 1'9"“?

2123 5435 2446 5508 presbyteri,
2490 5437 2579 5508 qui
2622 5453 2744 5494 eum
2790 5439 2856 5494 ad
2889 5439 3209 5511 agnitionem
3251 5447 3378 5492 verm
3397 5423 3598 5486 diviniulis

2125 5541 2156 5582 a
2185 5527 2427 5584 saeculari
2466 5544 2651 5586 errore
2677 5542 3006 5588 cor-rexerat.
3069 5531 3218 5586 lluuc
3250 5538 3350 5584 toto
3379 5515 3596 5578 bonorcal'

2126 5635 2230 5691 que
2255 5621 2403 5676 omni
2432 5622 2773 5683 observantia
2816 5624 3086 5697 diligebat,
3131 5616 3415 5693 obsequenti
3453 5615 3598 5665 venera-

2126 5716 2275 5779 tione
2319 5716 2637 5787 Suscipiens,
2690 5733 2795 5775 non
2831 5719 2943 5791 jam
2991 5725 3048 5780 ut
3102 5715 3318 5776 amicum
3343 5707 3600 5791 anituve

2130 5808 2374 5882 qualem,
2432 5809 2527 5866 sed
2577 5781 2852 5888 tamquam
2888 5827 3037 5871 novae
3100 5810 3222 5867 vitae
3257 5809 3499 5884 parentem.
3533 5781 3605 5840 t’"

3692 3510 3705 3545 lt

3692 3592 3705 3639 l
