3802 6276
151 328 250 388 383

1516 326 1984 388 DISSERTATIO.

3307 343 3415 405 386

155 447 266 504 tanti
293 454 456 501 autem
518 443 764 501 beneﬁcii
816 445 1129 501 memoriam
1173 444 1475 519 Cyprianus
1529 447 1714 517 procul
1743 446 1790 504 A
1819 442 2142 501 desiderium
2175 447 2328 504 nobis
2372 447 2607 520 reliquit.
2657 465 2675 502 ι
2715 449 3097 511 Verumtamen
3130 457 3253 528 quia
3283 457 3413 513 sim-

155 542 292 598 dubio
309 554 590 611 cognomen
609 538 808 594 Carcilii
851 541 1157 609 assumpsit.
1209 541 1348 610 Quid
1370 541 1532 608 enim,
1568 556 1712 608 qua:-

159 650 232 702 ευ,
267 632 391 688 aliud
436 632 735 702 signiﬁcant
777 631 894 686 haec
935 631 1243 704 Hieronymi
1290 633 1450 688 verba
1496 632 1710 706 (Hiero-

165 745 288 802 ηψπ.
315 729 367 784 de
392 727 570 797 Script.
599 726 796 782 Eccles.
825 743 942 799 cap.
977 727 1044 783 67
1069 729 1088 793 )
1116 745 1130 782 :
1163 751 1180 780 ι
1220 727 1424 783 Exinde
1452 729 1710 785 suadente

171 823 445 895 presbytero
489 818 702 885 Csecilio,
753 833 784 873 a
828 834 937 889 quo
963 828 1017 876 et
1045 832 1457 891 cognomentum
1488 821 1710 876 sortitus

173 926 272 981 est,
331 913 630 970 Christianus
677 912 885 967 factus?
927 931 947 964 ι
1003 912 1250 969 Caecilius
1297 927 1427 969 vero
1473 913 1705 969 vicissim

183 1017 306 1065 tamo
349 1006 638 1078 Cyprianum
691 1013 747 1060 et
800 1018 987 1060 amore
1033 1014 1086 1059 et
1144 1005 1345 1060 honore
1395 1015 1709 1076 prosecutus

175 1109 260 1166 est,
290 1107 352 1162 ut,
399 1107 515 1152 teste
537 1095 712 1151 adhuc
731 1095 947 1159 Pontio.
981 1097 1262 1168 conjugem
1290 1112 1440 1153 suam
1485 1109 1540 1153 et
1578 1098 1708 1154 libe-

181 1208 256 1249 ros
292 1191 353 1245 illi
394 1187 611 1243 moriens
665 1189 1140 1246 commendaverit.
1189 1209 1208 1242 ι
1263 1190 1540 1246 Demulsus
1591 1190 1706 1259 ejus

171 1283 408 1350 obsequiis,
430 1282 499 1335 ait
515 1280 736 1336 Pontius
759 1279 941 1353 (Pont.
968 1279 1072 1335 Vit.
1091 1280 1300 1354 Cypra),
1326 1282 1376 1337 in
1399 1291 1603 1337 tantum
1626 1282 1705 1336 di-

166 1376 370 1434 lectionis
390 1375 652 1430 immensa!
673 1375 866 1430 merito
893 1386 1206 1443 provocatus
1230 1385 1334 1438 est.
1361 1375 1492 1432 utde
1507 1375 1705 1454 szectrlo

171 1468 417 1535 excedens,
443 1466 789 1522 accersitione
803 1467 914 1537 jam
933 1467 1192 1538 proxima,
1218 1468 1702 1524 commendaretilli

168 1562 397 1633 conjugem
423 1574 482 1616 ac
520 1559 719 1616 liberos
757 1575 905 1626 suos,
953 1571 1006 1616 et
1035 1576 1191 1633 quem
1224 1561 1421 1618 fecerat
1448 1563 1515 1617 de
1541 1571 1702 1617 sectae

173 1653 489 1710 communione
524 1651 861 1722 participem,
893 1651 1226 1722 postmodum
1258 1652 1458 1709 faceret
1492 1653 1700 1724 pietatis

179 1745 408 1801 liaredem.
445 1762 462 1795 ι
495 1745 560 1798 At
587 1743 730 1800 hunc
749 1759 887 1809 esse,
921 1745 987 1800 de
1017 1761 1123 1816 quo
1162 1748 1392 1817 agimus,
1425 1747 1697 1803 Czecilium

1817 536 1942 606 plici
1978 540 2146 594 verbo
2176 540 2435 595 discedens
2480 542 2667 607 utitur,
2701 543 2854 598 nobis
2877 544 3020 601 dictu
3053 563 3156 603 non
3181 550 3248 602 ita
3277 549 3409 605 faci-

1814 627 1866 685 le
1912 630 2142 697 videtur,
2194 641 2369 688 utrum
2418 633 2545 689 illud
2597 633 2664 689 de
2713 635 2916 691 Oetavii
2959 646 3166 706 morte,
3205 641 3290 694 vel
3343 641 3412 698 de

1815 720 1960 776 illius
1985 723 2054 777 ab
2104 724 2220 794 ipso
2263 736 2318 780 et
2371 725 2542 781 Roma
2573 726 2812 782 discessu
2863 729 3262 799 intelligendum
3315 733 3404 788 sit.

1811 811 1996 884 Neque
2033 827 2208 872 tamen
2233 817 2542 888 ignoramus
2569 818 2685 874 haec
2710 819 2872 889 priori
2901 821 3199 889 significatu
3226 838 3258 878 a
3279 822 3409 879 doc-

1811 906 1881 960 tis
1917 907 2228 976 quibusdam
2263 911 2394 966 viris
2443 911 2721 980 explicari,
2772 911 2911 968 haud
2941 912 3103 970 dubie
3155 916 3409 986 quoniam

1811 997 2074 1056 Minucius
2121 1001 2354 1072 adjecit:
2391 1023 2410 1056 ι
2454 1004 2778 1060 Immensum
2827 1006 2913 1062 sui
2942 1007 3268 1065 desiderium
3313 1027 3411 1068 no-

1810 1089 1892 1147 bis
1923 1093 2156 1164 reliquit.
2218 1113 2238 1147 ι
2285 1099 2354 1151 At
2383 1108 2530 1153 certe
2577 1106 2754 1152 utrum
2797 1099 2867 1155 de
2895 1102 3012 1157 viro
3032 1103 3132 1158 sibi
3181 1105 3410 1176 conjun-

1809 1184 2048 1239 ctissimo
2070 1195 2124 1241 et
2152 1187 2502 1256 amicissimo,
2534 1205 2763 1260 quocum
2789 1208 2889 1246 una
2916 1193 3015 1263 ipsi
3039 1205 3156 1250 erat
3184 1212 3335 1252 mens
3356 1205 3412 1253 et

1808 1273 2006 1343 anima,
2048 1279 2244 1349 quique
2265 1279 2424 1351 longo
2448 1291 2710 1337 terrarum
2734 1283 3015 1339 intervallo
3038 1285 3149 1356 jam
3177 1303 3207 1341 a
3235 1302 3295 1344 se
3322 1304 3409 1346 se-

1807 1376 2022 1435 paratus
2049 1378 2184 1431 erat.
2225 1370 2408 1426 dicere
2459 1372 2510 1428 id
2556 1373 2648 1430 ille
2686 1391 2792 1429 non
2851 1379 3104 1447 potuerit,
3135 1388 3283 1436 tuum
3308 1381 3402 1451 sit,

1807 1457 1979 1515 lector
2006 1463 2237 1530 erudite,
2263 1463 2546 1535 judicium.

1876 1551 2102 1623 Quoquo
2130 1566 2309 1612 autem
2352 1559 2516 1613 modo
2570 1576 2657 1617 res
2699 1576 2759 1618 se
2810 1563 3022 1632 habeat,
3074 1582 3180 1623 non
3208 1568 3407 1626 desunt

1805 1643 2055 1711 quidam,
2133 1647 2224 1717 qui
2285 1650 2624 1719 suspicantur
2670 1653 2946 1712 Octavium
3011 1668 3065 1714 et
3134 1662 3406 1720 Caecilium

1806 1731 1962 1790 (ictos
2009 1748 2430 1812 personatosque
2485 1757 2606 1800 esse
2655 1744 2921 1815 homines,
2958 1751 3046 1820 qui
3093 1768 3124 1807 a
3175 1752 3405 1812 Minucio

179 1839 280 1895 inde
329 1836 436 1891 haud
466 1836 644 1906 inepte
689 1837 991 1893 conﬁrmari
1037 1839 1390 1907 arbitrantur,
1442 1841 1582 1911 quod
1611 1856 1700 1896 ea-
1729 1837 1778 1898 B
1806 1836 1993 1884 nostro
2029 1830 2079 1884 in
2121 1831 2223 1888 hoc
2260 1834 2398 1890 libro
2440 1835 2771 1907 disputantes
2805 1840 3232 1902 iutroducuntur.
3297 1848 3404 1904 Sed

181 1929 282 1987 dem
301 1930 420 1985 fuerit
443 1929 594 1998 hujus
630 1939 686 1984 et
712 1930 963 2001 Cypriani
996 1941 1147 1997 aetas,
1196 1942 1358 2003 atque
1385 1933 1594 1999 eadem,
1624 1937 1698 1992 uti

171 2032 363 2096 apparet,
397 2022 577 2093 patria,
609 2024 662 2080 in
688 2040 848 2096 quam
877 2024 1119 2081 Carcilius
1147 2038 1266 2096 post
1289 2027 1470 2084 datum
1499 2027 1698 2085 Christi

158 2131 318 2170 nomen
352 2115 582 2171 redierat.
639 2115 754 2172 Huc
792 2117 1016 2181 accedit,
1045 2119 1186 2189 quod
1216 2119 1386 2189 plura,
1409 2121 1475 2177 de
1502 2122 1698 2192 quibus

147 2222 229 2262 nos
272 2207 486 2271 inferius,
541 2207 766 2280 hujusce
805 2209 922 2293 libri
976 2210 1294 2283 fragmenta,
1333 2214 1552 2271 totidem
1575 2232 1696 2272 ver-

140 2299 210 2356 bis
255 2301 570 2372 transcripsit
619 2300 941 2374 Cyprianus.
1019 2303 1215 2360 Verum
1279 2305 1492 2362 etiamsi
1549 2308 1696 2365 hisce

131 2393 373 2449 rationum
423 2396 704 2450 momentis
761 2394 885 2450 huic
941 2393 1187 2466 opinioni
1247 2395 1377 2452 nihil
1425 2414 1690 2469 repugna-

127 2488 527 2555 reprubaveris;
573 2485 773 2543 nemini
815 2497 990 2544 tamen
1019 2503 1267 2559 umquam
1318 2491 1690 2558 persuadebis,

121 2575 301 2646 aliquid
331 2593 537 2649 prorsus
561 2578 692 2635 certi
719 2586 774 2634 et.
818 2578 1102 2634 indubitati
1145 2593 1307 2650 posse
1336 2595 1401 2636 ex
1429 2581 1510 2636 eis
1556 2595 1692 2636 con-

126 2669 272 2726 cludi.

127 2775 136 2821 ί
191 2763 416 2819 Octavius
457 2779 607 2832 vero,
641 2765 731 2837 qui
758 2772 814 2820 et
855 2764 1140 2822 Ianuarius
1177 2780 1208 2821 a
1235 2764 1452 2822 C:ecilio
1486 2781 1690 2838 cogno-

131 2852 355 2920 minatur,
383 2855 461 2910 vir
490 2855 610 2920 fuit,
661 2864 716 2911 ut
762 2857 836 2911 ait
861 2856 1142 2924 Minucius,
1190 2857 1426 2913 eximius
1452 2866 1508 2913 et
1559 2873 1686 2913 san-

130 2955 247 3012 ctus,
291 2949 481 3019 ipsique
530 2949 906 3005 amicissimus.
969 2949 1040 3005 Et
1089 2959 1237 3005 certe
1293 2959 1439 3005 tanto
1468 2961 1690 3022 uterque

126 3038 171 3093 in
190 3057 250 3098 se
268 3042 478 3097 invicem
501 3057 692 3098 amore
709 3042 986 3113 flagrabat,
1016 3059 1035 3092 ι
1070 3051 1127 3097 ut
1152 3042 1398 3099 crederes
1425 3059 1584 3099 unam
1614 3084 1628 3110 ,
1663 3064 1681 3097 ι

121 3131 268 3203 inquit
323 3135 454 3190 idem
513 3133 795 3202 Minucius,
832 3152 852 3186 ‹
902 3143 1137 3190 mentem
1185 3135 1235 3190 in
1267 3135 1476 3191 duobus
1519 3136 1687 3193 fuisse

114 3224 342 3282 divisam.
372 3247 390 3280 ι
430 3226 665 3297 Uterque
717 3230 899 3294 etiam,
949 3236 1008 3282 ut
1044 3230 1444 3294 annotavimus,
1492 3244 1685 3285 causa-
1713 3229 1760 3294 C

105 3331 206 3374 rum
250 3319 426 3376 fuerat
469 3329 728 3391 patronus
772 3327 828 3375 et
877 3317 1145 3381 ethnicus,
1195 3329 1248 3374 et
1294 3319 1454 3376 ambo
1503 3320 1684 3389 simul,

102 3412 298 3478 ejurato
352 3413 516 3482 impio
560 3411 835 3482 gentilium
889 3412 1054 3478 cultu,
1103 3411 1414 3468 chrisﬁanre
1443 3414 1687 3484 religioni

101 3499 278 3558 initiati
324 3513 469 3560 sunt.
532 3503 682 3560 Tunc
721 3512 896 3560 autem
949 3504 1202 3560 Octavius
1231 3503 1446 3560 Minucii
1491 3505 1688 3562 fidelis-

103 3592 278 3660 simus,
312 3597 380 3650 ita
421 3597 566 3652 enim
597 3595 862 3651 Minucius
885 3597 998 3666 ipse
1027 3596 1284 3666 loquitur,
1317 3597 1684 3653 contuberna-

101 3683 156 3740 lis
179 3699 318 3754 erat,
366 3689 417 3744 id
447 3698 549 3756 est,
592 3689 778 3744 Roma:
804 3704 923 3745 cum
956 3706 1020 3744 eo
1049 3689 1501 3746 commorabatur.
1553 3690 1682 3746 lude

103 3790 271 3846 postea
304 3783 464 3839 rediit
493 3784 545 3840 in
577 3783 822 3854 patriam,
869 3783 1318 3855 matrimonioque
1354 3784 1425 3839 ibi
1463 3785 1682 3854 copula-

102 3874 198 3939 tus,
253 3873 433 3945 plures
482 3875 680 3930 liberos
730 3876 989 3945 suscepit.
1050 3875 1155 3932 Sed
1205 3876 1237 3930 ii
1283 3875 1459 3931 adimo
1507 3877 1682 3932 infan-

100 3961 250 4032 tibus,
297 3978 352 4023 et
399 3968 674 4024 dimidiata
733 3969 894 4024 verba
937 3969 1262 4024 tentantibus
1305 3969 1527 4037 relictis,
1577 3969 1683 4025 Ro-

98 4067 234 4114 mam
280 4062 470 4134 negotii
518 4070 574 4118 et
604 4061 808 4117 visendi
832 4061 1046 4116 Minucii
1073 4061 1242 4132 gratia
1291 4061 1483 4118 iterum
1516 4063 1678 4128 venit,

98 4145 188 4204 Ubi
210 4167 412 4207 summo
438 4169 558 4208 cum
597 4153 794 4224 gaudio
836 4154 905 4210 ab
945 4153 1036 4208 illo
1062 4161 1322 4223 exceptus
1347 4163 1448 4209 est.
1501 4153 1681 4210 Pieta-

102 4243 213 4297 tem
241 4261 355 4300 vero
391 4249 839 4317 sanctitatemque
867 4248 984 4317 ejus
1013 4247 1143 4300 satis
1174 4244 1503 4316 patefaciunt
1527 4261 1680 4302 men-

102 4330 188 4390 tis
211 4340 352 4394 ardor
374 4350 421 4395 et
447 4341 706 4408 studium,
745 4356 852 4411 quo
881 4341 932 4395 in
954 4339 1236 4410 gentilium
1267 4339 1678 4410 superstitiones

99 4433 315 4496 raptus,
340 4429 618 4501 Caecilium,
672 4441 831 4504 atque
857 4433 1020 4488 etiam
1069 4433 1243 4502 ipsum
1274 4431 1582 4499 Minucium,
1612 4432 1681 4488 ob

91 4516 375 4576 adoratam
409 4525 599 4590 abillo,
651 4525 790 4581 sicut
833 4525 1083 4591 vidimus,
1132 4524 1406 4594 Serapidis
1446 4524 1676 4595 elﬁgiem

85 4609 226 4664 Lam
281 4614 453 4672 acriter
517 4616 820 4688 castigavit.

109 4700 184 4754 ἱιί
232 4715 441 4778 tempore
495 4710 759 4782 quasdam
823 4710 874 4764 in
934 4709 1109 4765 Africa
1178 4709 1422 4765 extitisse
1470 4710 1678 4780 episco-

136 4805 242 4862 Ροε,
274 4818 482 4873 quorum
547 4820 686 4860 unus
741 4803 976 4869 Natalis,
1030 4804 1166 4859 alter
1215 4819 1345 4859 vero
1395 4803 1678 4860 Januarius

138 4894 397 4956 appellatur.
457 4893 578 4953 'Sed
643 4896 858 4953 eosdem
923 4897 1041 4952 illos
1097 4911 1250 4964 esse,
1315 4896 1404 4968 qui
1469 4897 1521 4952 in
1577 4897 1680 4953 hoc

137 4974 301 5042 Minucii
364 4989 499 5045 libro
557 4989 850 5059 disputant,
907 4989 1230 5060 quicumque
1282 4987 1548 5056 dixerint,
1624 4990 1680 5046 hi

135 5073 242 5133 nulla
286 5096 494 5149 prorsus
540 5081 624 5138 vel
666 5081 886 5136 minima
935 5081 1144 5137 ratione
1193 5080 1340 5146 fulti,
1397 5097 1495 5152 pro
1527 5082 1680 5140 libito

136 5159 397 5228 divinabunt
409 5214 423 5229 .

191 5255 327 5320 Porro
349 5275 525 5321 autem
544 5265 804 5322 Minucius
828 5266 1049 5336 hujusce
1078 5266 1198 5322 libri
1231 5266 1388 5323 initio
1417 5267 1682 5338 significa.

129 5358 182 5400 τε
218 5357 407 5414 videtur
446 5358 728 5415 Octavium
756 5375 824 5414 ex
865 5359 965 5414 hac
1003 5359 1108 5413 vita
1150 5358 1482 5429 migravisse,
1513 5375 1684 5430 quan-

127 5435 187 5489 do
225 5450 348 5508 hunc
369 5453 510 5508 illius
560 5467 684 5508 cum
738 5451 954 5508 Caecilio
1005 5450 1273 5522 dialogum
1312 5452 1532 5522 scriptis
1573 5463 1681 5506 tra-

116 5526 254 5598 ditiit.
317 5546 482 5616 Quam
513 5557 661 5618 grata
686 5546 882 5602 etenim
909 5545 1006 5602 sibi
1040 5555 1183 5601 esset
1234 5545 1376 5601 illius
1403 5546 1678 5613 memoria,

100 5633 451 5713 {li'Qntnmque
499 5641 709 5696 intimis
736 5639 846 5696 suis
899 5639 1146 5696 sensibus
1211 5639 1298 5695 ille
1373 5638 1682 5710 inhaereret,

83 5708 154 5806 {ibi
225 5708 481 5806 explicat,
538 5733 899 5804 centinuoque
946 5731 1136 5787 addit:
1178 5751 1195 5784 ι
1263 5729 1372 5788 Nec
1423 5732 1686 5790 immerito

64 5798 366 5886 discedens
417 5827 502 5882 vir
557 5825 786 5884 eximius
811 5798 888 5884 vet
937 5833 1176 5891 sanctus,
1225 5824 1545 5881 immensum
1603 5824 1685 5881 stti

1813 1922 1898 1978 isti
1930 1937 2144 1994 quoque
2196 1925 2395 1980 nullam
2426 1929 2646 1984 omnino
2693 1931 3015 2002 conjecturae
3067 1951 3179 1991 sua:
3227 1941 3405 2010 profc-

1801 2024 1928 2069 runt
1958 2017 2039 2070 vel
2087 2015 2412 2072 levissimam
2458 2022 2940 2081 confirmationem.
3016 2027 3194 2085 Nescii
3241 2047 3402 2102 porro

1801 2121 1907 2161 non
1953 2122 2140 2163 sumus
2167 2109 2364 2180 saepius
2392 2127 2424 2166 a
2480 2113 2637 2169 variis
2679 2115 3051 2187 scriptoribus,
3102 2137 3171 2178 ex
3206 2124 3403 2194 quibus

1799 2194 1938 2252 hanc
1958 2207 2146 2254 auctor
2174 2210 2360 2256 noster
2389 2201 2581 2275 dialogi
2615 2203 2844 2262 formam
2874 2208 3038 2266 dubio
3065 2216 3249 2280 procul
3279 2232 3400 2272 mu-

1798 2295 1977 2344 tuatus
2002 2301 2106 2356 est,
2150 2294 2261 2346 suis
2308 2295 2358 2347 in
2410 2295 2562 2350 libris
2591 2297 2875 2355 simulatos
2918 2300 3226 2372 hujusmodi
3255 2308 3400 2365 viros

1804 2383 2004 2440 induci.
2051 2386 2121 2441 At
2173 2385 2333 2458 hujus
2382 2389 2613 2445 fictiouis
2644 2403 2736 2448 aut
2785 2399 3054 2466 expressis
3087 2402 3400 2474 plerumque

1797 2475 1974 2532 verbis
2018 2477 2370 2550 lectoresipsi
2388 2495 2516 2536 suos
2539 2482 2847 2553 admonent,
2891 2499 2983 2544 aut
3020 2491 3070 2545 id
3099 2509 3166 2548 ex
3210 2511 3396 2553 eorum

1797 2584 2045 2625 sermone
2075 2571 2231 2627 facile
2257 2572 2595 2646 intelligitur.
2629 2577 2824 2633 Contra
2849 2596 2977 2637 vero
2999 2583 3049 2637 in
3081 2584 3181 2642 hoc
3209 2598 3396 2645 aucto-

1796 2662 1872 2716 ris
1897 2663 2064 2718 nostri
2096 2663 2232 2718 libro
2254 2667 2386 2721 nihil
2412 2669 2700 2739 quidquam
2726 2675 2998 2743 occurrit,
3037 2693 3145 2747 quo
3173 2696 3272 2737 nec
3308 2698 3396 2738 vc-

1794 2768 1886 2809 ros
1913 2754 2159 2810 homines
2183 2755 2508 2827 disputasse,
2554 2777 2654 2817 nec
2694 2778 2757 2818 ea
2801 2767 3001 2832 omnia,
3026 2785 3148 2839 quae
3174 2788 3396 2828 narran-

1795 2854 1899 2914 tur,
1924 2863 2048 2902 vera
2077 2848 2209 2905 esse
2233 2851 2535 2909 credamus.
2578 2853 2844 2912 Cancrum
2868 2859 3124 2932 quidquid
3152 2879 3212 2918 ea
3237 2864 3304 2920 de
3334 2882 3394 2923 re

1793 2937 2012 3002 dixeris,
2049 2942 2251 3014 integra
2293 2959 2526 3016 semper,
2577 2958 2631 3002 et
2651 2948 2893 3020 ejusdem
2942 2955 3196 3023 ponderis
3234 2969 3394 3015 erunt

1790 3029 2002 3088 Minucii
2038 3045 2224 3090 contra
2245 3037 2520 3109 gentilium
2543 3041 2700 3110 ritus,
2739 3057 2803 3099 ac
2830 3060 2926 3115 pro
2953 3046 3262 3107 Christianae
3306 3067 3392 3108 re-

1791 3125 2003 3196 ligionis
2033 3128 2348 3188 defensione
2377 3145 2711 3205 argumenta.

2419 3269 2648 3327 CAPUT
2689 3271 2753 3327 ll.

1790 3391 1857 3432 DE
1918 3393 2077 3434 HUIUS
2107 3396 2244 3436 LIBRI
2296 3399 2509 3450 ETATE,
2556 3400 2739 3453 STYLO,
2783 3405 2998 3459 τιτυιο,
3043 3410 3386 3469 ARCUNENTO,

1862 3486 2221 3537 DIVISIONIBUS,
2252 3490 2634 3535 HANUSCRIPTIS
2684 3496 2975 3552 CODICIBUS,
3010 3503 3078 3542 ΕΤ
3123 3505 3389 3548 EDITIONI-

1861 3577 1990 3628 BUS,
2041 3581 2106 3620 DE
2147 3581 2420 3624 VARIORUII
2475 3586 2527 3624 IN
2580 3587 2690 3627 EUM
2749 3589 3262 3650 OBSERVATIONIBUS,
3322 3601 3388 3642 DE

1861 3670 2153 3713 C(IRRUPTIS
2205 3675 2371 3726 LOCIS,
2433 3678 2502 3717 ET
2550 3679 2673 3728 QUID
2714 3683 2960 3727 MINUCIUS
3008 3689 3077 3729 EX
3105 3691 3259 3748 Αιης,
3317 3694 3388 3734 ΕΤ

1860 3765 1998 3807 Λιιιε
2033 3767 2104 3808 EX
2146 3769 2260 3811 IPSO
2294 3772 2707 3816 DELIBAVERINT.

2295 3907 2590 3951 ARTICULUS
2627 3910 2839 3954 PRIMUS.

2073 4022 2186 4091 Quo
2210 4033 2433 4098 tempore
2464 4028 2544 4084 hic
2572 4029 2698 4085 liber
2736 4032 2902 4087 editus
2926 4034 3098 4102 fuerit.

1865 4153 1982 4223 Quo
2029 4163 2272 4228 tempore
2316 4159 2445 4216 illud
2493 4162 2690 4219 Caecilii
2715 4175 2768 4220 et
2815 4165 3018 4222 Octavii
3059 4167 3382 4240 colloquium

1796 4244 1992 4304 litteris
2020 4248 2282 4306 Minucius
2334 4254 2689 4322 mandaverit,
2724 4259 2777 4313 in
2795 4273 3040 4329 eamque,
3085 4277 3242 4332 quam
3277 4279 3386 4334 pra:

1783 4351 1844 4396 se
1873 4339 1996 4407 fert,
2046 4340 2169 4396 libri
2195 4341 2420 4398 formam
2464 4346 2748 4415 redegerit,
2787 4363 2874 4404 res
2916 4351 3156 4408 estinter
3180 4354 3384 4412 doetis—

1783 4430 1950 4486 simos
1974 4430 2134 4501 hujus
2176 4434 2352 4488 astatis
2399 4435 2694 4506 scriptores
2733 4448 3100 4498 controversa.
3153 4445 3384 4513 Quidam

1784 4522 1926 4578 enim
1951 4523 2093 4579 hunc
2121 4523 2313 4580 librum
2341 4541 2370 4579 a
2397 4526 2630 4584 Minucio
2654 4529 2794 4587 circa
2821 4547 3021 4590 annum
3041 4535 3240 4592 Christi
3273 4540 3379 4595 160

903 4617 1114 4672 Scimus
1178 4616 1393 4687 quidem
1457 4615 1758 4688 Cypria-1)
1784 4616 2042 4685 scriptum
2081 4617 2245 4673 fuisse
2274 4618 2582 4689 opinantur.
2633 4620 2742 4679 Sed
2764 4623 2818 4680 hi
2845 4626 2987 4682 nulla
3027 4629 3130 4685 alia
3170 4630 3378 4688 ducun-

1782 4717 1869 4764 tur
1899 4711 2138 4778 ratione,
2187 4727 2347 4783 quam
2380 4715 2502 4784 quia
2551 4715 2603 4770 in
2633 4718 2872 4775 animum
2914 4721 3014 4777 sibi
3058 4723 3386 4782 induxerunt

1781 4802 2111 4861 Frontonem
2127 4805 2431 4863 Cirtensem
2451 4818 2740 4878 oratorem,
2767 4828 2925 4882 quem
2945 4813 3013 4867 Μ.
3051 4816 3253 4872 Aurelii
3281 4818 3382 4872 im-

1782 4897 2042 4967 peratoris
2071 4900 2381 4970 magistrum
2417 4900 2622 4965 dicunt.
2655 4903 2757 4960 hoc
2785 4905 2838 4960 in
2865 4906 3001 4960 libro
3041 4907 3214 4966 citari.
3274 4911 3381 4967 Sed

1787 4991 2051 5048 incertum
2099 4994 2320 5050 omnino
2343 5004 2426 5051 est
2446 5011 2514 5051 an
2557 4997 2758 5054 Fronto
2788 5015 2817 5052 a
2859 4997 3092 5055 Minucio
3135 5003 3382 5063 laudatus

1785 5083 1988 5140 Aurelii
2030 5102 2216 5142 revera
2255 5086 2415 5143 fuerit
2438 5099 2753 5160 prteceptor.
2809 5092 3013 5150 Deinde
3041 5097 3166 5166 quid
3198 5101 3380 5169 prohi-

1787 5177 1896 5241 bet,
1943 5181 2229 5249 quominus
2278 5179 2504 5248 Fronto,
2545 5191 2702 5238 antea
2734 5194 3000 5253 mortuus,
3051 5188 3120 5243 ab
3161 5199 3384 5249 auctore

1787 5279 1982 5327 nostro
2006 5272 2344 5342 postmodum
2373 5275 2523 5329 citari
2555 5277 2823 5345 potuerit?
2854 5279 3090 5351 Denique
3121 5282 3384 5358 Hierony-

1787 5377 1906 5418 mus
1932 5363 1983 5418 in
2012 5362 2269 5435 Catalogo
2313 5365 2648 5436 Scriptorum
2678 5369 3179 5431 Ecclesiasticorum
3222 5377 3385 5444 (Hic-

1788 5471 1988 5527 ronym.
2025 5455 2258 5528 Catalog.
2303 5455 2331 5529 ς
2386 5457 2456 5514 55
2479 5467 2533 5513 et
2552 5457 2682 5530 584)
2719 5460 3070 5532 Tertulliano,
3101 5483 3258 5537 quem
3289 5472 3386 5528 Se-

1788 5562 1915 5603 vero
1942 5562 1991 5604 et
2015 5549 2287 5606 Caracalla
2316 5551 2698 5621 imperantibus
2723 5569 2996 5624 regnasse,
3024 5560 3160 5615 sient
3190 5572 3246 5617 et
3269 5564 3384 5634 alii,

1789 5640 2058 5713 perhibet,
2115 5642 2273 5714 longe
2324 5643 2680 5714 antiquiorem
2728 5660 2888 5716 quam
2931 5647 3162 5706 Minucio
3207 5653 3384 5713 locum

1788 5732 2048 5802 assignat.

1852 5822 2077 5891 Quidam
2107 5841 2138 5882 e
2175 5827 2446 5884 contrario
2493 5829 2694 5900 Opinati
2721 5840 2845 5889 sunt
2876 5831 3166 5891 Minucium
3208 5847 3388 5911 poste.
