3774 6270
429 287 535 350 387

1711 289 1799 349 DE
1841 284 2101 349 MINUCH
2135 284 2436 345 OCTAVIO
3539 305 3610 365 7,33

431 410 629 464 riorem
668 420 786 463 esse
812 404 1096 478 Cypriane,
1122 404 1211 476 qui
1242 417 1384 460 anno
1409 405 1608 462 Christi
1637 405 1743 462 258
1762 406 2019 478 martyrio
2047 407 2100 464 Α
2125 413 2178 459 et
2207 402 2476 457 Adrianus
2501 400 2768 472 cogitasse
2799 400 2987 468 fertur,
3029 400 3118 474 qui
3147 405 3325 485 templa
3350 407 3395 464 in
3427 418 3609 474 omnibus

433 503 598 556 vitam
639 500 824 554 finivit.
868 499 1223 570 Hieronymus
1265 499 1445 565 enim,
1503 500 1778 571 inquiunt,
1833 501 1886 554 in
1939 516 2035 556 sua

441 593 703 648 adversus
723 591 1059 646 Jovinianum
1092 591 1370 661 Apologia,
1407 592 1517 647 sive
1539 594 1605 646 ad
1633 592 2031 648 l’ammachium

431 683 683 754 Epistola,
704 681 988 738 Minucium
1019 691 1259 736 nostrum
1290 693 1408 753 post
1425 684 1672 740 eumdem
1695 684 2028 756 Cyprianum

435 776 750 832 nominavit.
819 775 944 830 lndc
988 785 1166 830 autem
1216 777 1324 832 duo
1377 779 1562 834 confici
1612 795 1768 848 po~se
1813 788 2028 848 putant,

428 884 491 923 ac
516 868 688 938 primo
715 867 953 934 quidem,
981 869 1048 923 ab
1076 869 1192 938 ipso
1220 869 1469 935 Minucio,
1501 871 1670 926 uhide
1701 872 2033 927 Christiane-

427 979 544 1018 rum
565 961 849 1018 vexatione
866 962 1119 1032 diSputat.
1148 963 1217 1018 ibi
1267 965 1550 1020 excitatam
1597 981 1626 1020 a
1669 966 1830 1021 Decio
1858 966 2031 1036 Impe—

426 1066 608 1112 ratere
663 1054 1093 1124 persecutionem
1123 1055 1386 1110 indicari:
1437 1057 1693 1122 secundo,
1744 1056 2029 1111 Minucium

427 1152 530 1207 hoc
574 1153 626 1205 in
671 1149 808 1205 libro
836 1148 984 1219 plura
1027 1165 1092 1204 ex
1143 1150 1394 1222 Cypriani
1432 1150 1702 1206 delibasse
1752 1165 2030 1205 commen-

426 1243 735 1300 lotionibus.

506 1338 706 1394 Verum
739 1349 847 1396 tota
881 1342 997 1396 haec
1035 1339 1423 1410 argumentatio
1455 1338 1505 1392 in
1537 1337 1649 1391 sola
1689 1337 1875 1391 nititur
1907 1335 2030 1391 Hie-

424 1436 635 1505 ronymi
667 1435 949 1505 Apologia.
992 1433 1097 1490 Sed
1147 1434 1216 1489 ibi
1252 1434 1341 1487 ille
1371 1432 1548 1486 varios
1591 1431 1893 1499 Scriptores
1927 1444 2025 1498 ap-

425 1527 679 1596 pellando
705 1571 720 1594 ,
764 1538 1064 1599 temporum
1118 1543 1223 1582 non
1253 1526 1494 1597 sequitur
1529 1526 1792 1580 ordinem.
1827 1525 2026 1578 Everso

424 1621 583 1689 igitur
613 1620 770 1691 hujus
798 1622 1067 1690 cpiniouis
1111 1620 1476 1681 fundamento,
1512 1617 1624 1685 ipsa
1655 1633 1868 1687 quoque
1905 1621 2026 1670 ruat

426 1727 648 1769 necesse
675 1723 777 1769 est.
808 1713 990 1783 Neque
1027 1713 1188 1768 etiam
1245 1710 1507 1765 Minucius
1558 1710 1625 1763 de
1654 1707 2024 1778 persecutione

2138 495 2442 550 civitatibus
2469 494 2586 549 sine
2609 493 2912 550 simulacris
2955 495 3179 565 jusserat
3206 498 3329 554 ﬁeri.
3359 522 3375 553 ›
3401 502 3610 576 (Lamprid.

2135 589 2190 642 in
2222 579 2337 642 Vita
2366 588 2512 642 Alex.
2548 588 2667 643 Seu.
2727 598 2840 657 post
2887 590 3044 660 tried.)
3073 590 3339 647 Christiani
3367 595 3493 664 igitur
3509 603 3613 656 ebla-

2142 691 2247 736 tam
2305 683 2404 737 sibi
2445 681 2754 740 Alexandro
2791 684 3130 740 conSIruendi
3182 686 3410 742 ecclesias
3450 695 3615 750 iii-casio.

2137 792 2259 831 nem
2288 778 2472 846 procul
2501 777 2663 830 dubio
2703 792 2811 831 non
2849 778 3159 836 amiserunt.
3204 779 3302 834 Sed
3345 796 3442 846 cur,
3474 801 3612 854 quaso,

2135 870 2314 924 datam
2341 872 2442 925 sibi
2475 872 2625 940 prius
2654 871 2722 926 ab
2745 871 3001 937 Adriano,
3035 873 3106 927 uti
3130 873 3312 928 ibidem
3341 887 3489 933 narrat
3510 880 3614 937 Lam-

2135 961 2360 1031 pridius.
2384 963 2614 1016 similem
2641 963 2980 1047 occasionem
3014 965 3340 1024 amisissent?
3363 967 3492 1023 Natat
3513 972 3615 1042 igitur

2135 1051 2251 1106 hare
2280 1053 2695 1123 argumentatio,
2733 1053 2974 1124 nihilque
3002 1069 3070 1110 ex
3096 1070 3158 1111 ea
3184 1057 3307 1112 certi
3333 1062 3511 1116 omnino
3529 1079 3616 1118 con-

2132 1143 2219 1199 ﬁci
2251 1154 2448 1215 potest.

2205 1235 2409 1306 Urgent
2433 1246 2609 1294 tamen
2637 1238 2915 1302 Caecilium
2954 1239 3203 1297 audacter
3235 1243 3488 1299 asseruisse
3506 1244 3616 1302 Citri-

2131 1331 2337 1386 stianos
2362 1347 2426 1386 ex
2457 1333 2646 1387 ultima
2688 1333 2820 1389 lace
2870 1333 3041 1403 plebis
3084 1333 3244 1390 fuisse
3285 1335 3619 1404 humanarum-

2133 1424 2342 1494 misque
2370 1427 2602 1480 miseriis
2645 1441 2710 1485 ac
2739 1436 3050 1496 paupertate
3099 1427 3290 1498 ubique
3312 1444 3554 1498 oppressos.
3576 1435 3618 1486 At

2131 1514 2236 1572 hoc
2261 1518 2365 1571 dici
2399 1534 2504 1572 non
2535 1519 2738 1588 potuit,
2786 1523 2888 1576 nisi
2923 1521 3082 1589 paulo
3123 1532 3245 1578 ante
3281 1524 3512 1591 imperium
3535 1525 3617 1578 Ale-
3700 1563 3701 1570 η

2129 1608 2320 1664 xandri
2356 1607 2576 1675 Severi,
2607 1611 2762 1678 cujus
2806 1612 3060 1680 palatium
3105 1612 3401 1668 Christianis
3436 1612 3616 1681 repletum
3700 1607 3701 1678 ᾖ

2128 1711 2266 1767 erat,
2300 1705 2388 1774 qui
2435 1705 2596 1759 vitam
2627 1704 2812 1774 procul
2845 1705 3008 1762 dubio
3038 1707 3089 1760 in
3133 1708 3344 1762 sutumis
3381 1706 3557 1762 miseriis
3579 1720 3617 1760 ac

423 1806 650 1861 Deciana
671 1849 684 1869 ,
720 1805 812 1860 sed
843 1806 944 1859 alia
973 1803 1275 1875 antiquiore
1297 1802 1440 1871 loqui
1472 1801 1698 1854 videtur.
1728 1797 2028 1870 Cyprianus
2059 1797 2107 1858 Β
2137 1806 2450 1865 paupertate
2479 1811 2582 1850 non
2611 1795 2860 1864 agebant.

424 1900 585 1954 etiam
633 1913 728 1953 sua
759 1914 789 1952 a
816 1898 1047 1952 Minucio
1074 1939 1087 1959 ,
1140 1898 1315 1965 potius
1354 1909 1512 1964 quam
1559 1891 1821 1946 Minucius
1857 1890 1925 1944 ab
1959 1906 2025 1946 eo

423 1988 563 2043 haud
593 1988 756 2043 dubie
782 1987 1073 2056 excerpsit.

494 2079 857 2145 Quamobrem
903 2077 993 2132 alii
1021 2085 1244 2132 censent
1299 2076 1439 2130 hunc
1478 2074 1688 2130 Minucii
1742 2075 1910 2129 nostri
1957 2076 2022 2128 li-

423 2175 580 2228 brum
603 2172 806 2227 editum
851 2171 1016 2226 fuisse
1043 2171 1196 2226 initio
1223 2171 1364 2225 tertii
1390 2169 1643 2224 Ecclesiu-
1670 2169 1871 2228 surculi,
1902 2183 2022 2222 cum

421 2273 550 2336 post
596 2264 719 2319 data
761 2279 790 2318 a
841 2263 1044 2320 Severo
1088 2263 1412 2332 imperatore
1455 2260 1666 2327 edicta,
1698 2261 1926 2332 gentiles
1972 2261 2024 2314 in

418 2357 757 2413 Christianos
796 2357 1108 2412 smviebaut.
1139 2355 1270 2410 Nam
1300 2354 1659 2426 Hieronymus
1689 2355 1741 2408 in
1768 2354 2022 2423 Catalogo

419 2448 754 2519 Scriptorum
785 2448 1287 2502 Ecclesiasticorum
1334 2445 1527 2518 (Idem,
1557 2443 1790 2516 C-atolog.
1825 2445 2018 2516 Script.

417 2539 620 2594 Eccles.
668 2539 697 2612 §
732 2539 802 2596 58
833 2550 888 2595 et
919 2539 1037 2610 59),
1071 2539 1157 2594 ubi
1187 2539 1428 2594 ordinem
1473 2547 1772 2609 temporum
1798 2552 2020 2593 accura-

417 2631 521 2688 tius
542 2632 813 2697 observat,
839 2632 1128 2687 Minucium
1154 2638 1399 2686 nostrum
1429 2631 1604 2700 posuit
1632 2631 1872 2700 proxime
1895 2638 2022 2685 ante

417 2723 623 2785 Caium.
659 2735 715 2778 ut
745 2723 796 2777 in
830 2723 1084 2778 omnibus
1113 2722 1255 2777 illius
1296 2723 1532 2794 Catalogi
1561 2724 1902 2790 editionibus,
1935 2723 2022 2778 vel

413 2815 661 2880 proxime
694 2823 814 2884 post
841 2814 1040 2882 ipsum,
1067 2825 1122 2869 ut
1151 2815 1201 2868 iu
1228 2815 1592 2869 vetustissimo
1621 2815 1806 2870 codice
1836 2824 2020 2868 nostro

412 2907 886 2979 Sangermanensi,
919 2909 1342 2978 Loiigohardicis
1373 2909 1567 2963 litteris
1603 2917 1727 2963 ante
1753 2909 1894 2961 mille
1924 2923 2019 2960 an-

413 3015 513 3054 nos
541 3001 842 3070 descripto.
885 3002 954 3055 At
999 3003 1050 3054 in
1102 3002 1352 3054 omnibus
1385 3001 1540 3071 hujus
1569 2999 1686 3054 libri
1720 3001 1832 3053 sive
1861 2999 2018 3053 editis

413 3094 529 3150 sive
549 3095 762 3150 ineditis
777 3093 1052 3149 codicibus
1070 3091 1370 3163 Cyprianus
1389 3092 1544 3162 longe
1560 3099 1681 3161 post
1704 3100 2014 3159 utrumque,

2201 1887 2310 1942 Sed
2341 1886 2504 1956 hujus
2528 1887 3020 1956 argumentationis
3051 1904 3152 1948 non
3183 1890 3345 1958 majus
3369 1889 3554 1957 proiecto
3571 1898 3619 1944 est

2129 1978 2336 2047 pondus
2367 1987 2423 2034 et
2466 1978 2646 2032 robur.
2677 1977 2795 2033 Jam
2823 1980 2966 2033 enim
3010 1979 3303 2048 audivimus
3330 1979 3618 2036 Tertullianutn

2128 2077 2400 2142 dicentem
2444 2077 2623 2142 urbes,
2656 2077 2898 2143 castella,
2927 2077 3125 2142 forum,
3171 2086 3416 2140 senatum,
3443 2076 3617 2145 palatium

2128 2168 2341 2238 oppleta
2379 2167 2542 2223 fuisse
2588 2169 2929 2236 Christianis,
2958 2171 3049 2240 qui
3074 2170 3351 2239 gentilibus
3383 2168 3489 2224 nihil
3511 2167 3618 2229 aliud,

2127 2275 2284 2333 quant
2319 2261 2574 2316 falsorum
2604 2262 2827 2318 deorum
2870 2265 3070 2333 templa
3103 2263 3424 2332 reliquerant.
3450 2260 3545 2328 Quis
3561 2275 3620 2312 au-

2128 2365 2234 2410 tem
2264 2356 2578 2410 dil'litehitnr
2605 2355 2726 2418 hos,
2752 2357 2891 2410 sicut
2918 2357 3188 2422 ethniCos,
3213 2373 3312 2410 non
3336 2370 3494 2410 omnes
3515 2351 3619 2406 sortis
3700 2353 3701 2396 ἲ

2127 2448 2345 2512 inlimre,
2380 2449 2472 2503 sed
2501 2447 2788 2517 cujuslibet
2814 2447 2979 2502 fuisse
3005 2447 3362 2504 Conditionis?
3700 2441 3701 2500 ἐ

2196 2539 2330 2608 Quid
2374 2555 2537 2607 vero,
2585 2539 2728 2607 quod
2779 2540 3006 2610 ipsemet
3084 2540 3333 2598 Minucius
3375 2546 3522 2592 neSIer
3549 2540 3624 2604 post

2123 2633 2426 2687 christiana:
2450 2632 2720 2700 religionis
2753 2631 3143 2700 professionem
3174 2647 3272 2684 non
3299 2630 3501 2692 minoris,
3521 2639 3623 2695 quam
3700 2685 3701 2698 χ

2123 2735 2276 2781 antea
2320 2724 2645 2780 conditionis
2690 2723 2788 2778 fuit
2832 2723 2974 2780 :sed
3011 2724 3232 2794 insignis
3277 2731 3396 2785 erat,
3425 2723 3485 2774 uti
3520 2728 3620 2783 supra

2124 2834 2151 2869 a
2181 2817 2334 2871 nobis
2363 2817 2704 2870 observatum
2731 2855 2745 2879 ,
2791 2829 3079 2870 causarum
3135 2812 3410 2884 patronus?
3449 2807 3624 2876 Quamvis
3700 2849 3701 2862 χ

2129 2923 2308 2966 autem
2333 2910 2583 2966 Ctrcilius
2599 2921 2672 2976 ,et
2693 2911 2782 2963 alii
2808 2910 2988 2975 etiam,
3011 2909 3295 2964 utinlerius
3315 2905 3624 2976 explicabimus:
3700 2907 3701 2912 “

2123 3003 2357 3058 dixerint
2407 3004 2582 3072 plures
2635 3019 2698 3058 ex
2756 3001 3086 3058 Christianis
3132 3016 3381 3072 pauperes
3405 3005 3625 3068 egenusque

2122 3095 2303 3163 fuisse,
2340 3109 2445 3148 non
2478 3103 2673 3162 negant
2705 3105 2885 3150 tamen
2935 3111 3048 3157 non
3078 3108 3272 3164 paucos
3312 3108 3368 3148 ex
3408 3090 3488 3144 illis
3509 3087 3624 3139 abun-

413 3185 659 3240 videlicet
719 3194 840 3254 post
894 3194 1102 3252 septem
1164 3183 1300 3248 alios
1340 3184 1652 3250 scriptores,
1705 3183 2014 3237 collocatur.
2045 3188 2090 3252 C
2125 3185 2285 3241 dasse
2337 3187 2544 3257 magnis
2590 3185 2789 3240 divitiis
2835 3200 2898 3239 ac
2945 3185 3309 3246 tacultatibus.
3359 3178 3624 3250 Quamobrem
3700 3199 3701 3257 ξ

411 3277 603 3332 Nonne
628 3289 807 3331 autem
839 3277 964 3332 inde
988 3276 1240 3345 colligere
1270 3277 1395 3331 licet
1420 3275 1705 3330 Minucium
1735 3285 1790 3330 et
1825 3275 2012 3330 Caium

413 3369 578 3424 fuisse
626 3379 932 3424 coaetaneos
963 3409 978 3434 ,
1030 3377 1084 3422 et
1127 3367 1396 3442 Cypriane
1444 3367 1807 3424 vetustiores?
1855 3368 2012 3445 Atqui

419 3481 437 3514 ι
474 3462 637 3517 Caius
690 3463 791 3517 sub
856 3449 1466 3534 Zephyrinoi‘tomanre
1512 3465 1655 3518 urbis
1701 3464 1948 3533 t‘piSCopO
1987 3482 2006 3514 ι

413 3554 584 3624 inquit
615 3553 754 3608 idem
789 3555 1162 3627 Hieronymus,
1196 3575 1214 3608 ε
1253 3555 1304 3610 id
1327 3568 1430 3622 est,
1461 3556 1562 3610 sub
1591 3555 1882 3622 Antonino,
1910 3556 2010 3609 Se-

417 3647 530 3700 veri
578 3647 705 3712 tilio,
736 3646 1150 3716 disputationem
1200 3647 1483 3704 adversum
1526 3649 1828 3715 Proculum,
1862 3648 2012 3702 Mon-

412 3738 524 3792 tani
550 3747 870 3794 sectatorem
903 3739 1056 3793 valde
1101 3739 1362 3809 insignem
1391 3739 1598 3796 habuit.
1638 3760 1656 3792 ›
1691 3740 1842 3794 Prius
1881 3753 2010 3795 vero

409 3833 673 3890 Eusebius
702 3835 870 3890 semel
893 3845 946 3889 et
972 3835 1166 3889 iterum
1189 3834 1400 3890 dixerat
1429 3835 1573 3889 hunc
1601 3834 1786 3888 tlaium
1813 3834 2010 3890 vixisse

408 3928 508 3982 Sllb
560 3926 853 3999 Zephyrini
907 3926 1222 3998 pontiﬁcatu
1277 3926 1516 3999 (Euseb.
1551 3927 1668 3981 libr.
1715 3942 1751 3981 tt
1803 3925 2002 3980 Hister.

407 4017 608 4074 Eccles.
663 4035 778 4089 cap.
815 4019 918 4087 25,
947 4030 996 4075 et
1028 4019 1116 4073 lib.
1145 4035 1218 4086 vr,
1247 4035 1366 4089 cap.
1395 4016 1507 4091 20).
1541 4020 1607 4073 At
1639 4017 1723 4072 hic
1751 4019 2006 4074 Romana:

415 4113 673 4168 Ecclesiae
701 4113 768 4166 ab
797 4127 938 4166 anno
958 4112 1060 4168 20!
1110 4122 1201 4168 aut
1225 4113 1331 4169 202
1373 4113 1651 4183 put-fuisse
1674 4113 2002 4182 perhibetur.

407 4205 594 4262 Severi
625 4215 804 4261 autem
839 4206 1000 4270 ﬁlius,
1031 4207 1145 4260 sive
1188 4205 1485 4270 Caracalla,
1533 4204 1686 4274 cuius
1736 4202 2003 4275 Hierony-

404 4314 524 4353 mus
571 4299 900 4354 mentionem
950 4297 1097 4364 facit,
1128 4283 1262 4368 post
1301 4297 1561 4353 Severum
1593 4307 1798 4366 patrem
1847 4311 2006 4350 suum

403 4391 471 4446 ab
498 4405 638 4445 anno
657 4391 756 4446 ΞΗ
792 4391 859 4445 ad
888 4405 1086 4445 annum
1114 4391 1219 4445 217
1249 4389 1546 4459 imperavit.
1595 4388 1781 4442 Nonne
1822 4397 2006 4443 autem

403 4483 526 4540 inde
556 4483 802 4539 concludi
835 4492 1005 4552 potest
1039 4483 1253 4537 Minucii
1288 4483 1455 4536 nostri
1489 4481 1682 4535 libr-um
1714 4480 1914 4535 editum
1945 4481 1998 4535 in

2118 3280 2371 3334 Octavius
2389 3279 2629 3341 Caecilio,
2663 3279 3106 3334 Christianorum
3149 3271 3622 3348 βειψθειιιῑωιινίεθθ·

2117 3374 2401 3440 hilitatem,
2449 3385 2504 3429 et
2547 3375 2900 3430 humilitatem
2952 3375 3336 3446 exprobranti,
3379 3365 3623 3438 respondet:
3700 3361 3701 3370 ‘

2124 3487 2143 3519 ι
2179 3467 2294 3522 Non
2322 3468 2391 3523 de
2419 3469 2600 3522 ultima
2633 3469 2811 3522 statim
2844 3467 3004 3538 plebe
3029 3470 3379 3532 consistimus,
3397 3464 3438 3518 si
3460 3462 3622 3514 honores

2116 3570 2324 3616 vestros
2375 3569 2429 3614 et
2480 3575 2781 3630 purpuras,
2823 3578 2843 3612 ι
2893 3561 3116 3629 quando
3165 3561 3361 3616 scilicet
3395 3554 3624 3610 christiana

2116 3655 2385 3708 sanctitati
2417 3654 2806 3724 repugnabant,
2841 3669 3184 3710 recusamus.

2185 3746 2321 3812 Quid
2352 3761 2500 3815 ergo,
2534 3746 2738 3814 inquiet
2789 3746 3003 3815 aliquis.
3056 3748 3259 3802 nihilne
3288 3744 3406 3802 certi
3435 3733 3626 3802 dehnius
3700 3787 3701 3809 ι

2114 3837 2234 3892 libri
2277 3847 2440 3891 :rtate
2489 3838 2699 3890 deliniri
2753 3839 2970 3906 potest?
3021 3839 3453 3910 Respondebimus
3491 3829 3626 3882 Minu-

2113 3929 2253 3984 cium
2295 3927 2432 3983 haud
2479 3929 2707 3984 obscure
2737 3929 2959 3985 inliciari
2995 3933 3260 4000 publicas,
3289 3945 3392 3987 cuin
3412 3925 3505 3978 bac
3525 3915 3628 3973 seri-

2112 4022 2282 4088 beret,
2313 4037 2341 4075 a
2367 4021 2689 4076 Christianis
2731 4022 3026 4078 aedilicatas
3066 4025 3339 4085 ecclesias,
3366 4027 3444 4074 aut
3478 4021 3522 4067 ul
3545 4011 3627 4075 ίβδθ

2112 4113 2370 4184 loquitur,
2402 4113 2511 4168 ulla
2566 4113 2734 4170 luisse
2769 4114 2964 4182 templa
2999 4116 3234 4185 publica,
3267 4115 3316 4169 in
3360 4123 3460 4181 quae
3500 4101 3626 4174 iam

2109 4209 2402 4263 convenire
2447 4207 2738 4277 potuerint.
2792 4207 2863 4262 At
2890 4207 3015 4263 inde
3069 4227 3178 4268 non
3219 4209 3390 4276 inepte
3423 4194 3624 4264 collisit“?

2110 4299 2254 4354 hunc
2284 4300 2477 4354 librum
2507 4299 2657 4368 prius
2695 4298 2896 4354 editum
2923 4299 3108 4368 fuisse,
3142 4314 3300 4370 quam
3339 4294 3624 4352 Βοιιιπιιοτυῐη
3700 4347 3701 4352 η

2107 4391 2334 4460 imperio
2361 4392 2621 4460 potiretur
2640 4390 2942 4446 Alexander
2969 4390 3234 4458 Severus,
3251 4390 3392 4458 cujus
3417 4378 3620 4454 palatium,
3700 4421 3701 4442 i

2107 4483 2265 4537 sicuti
2293 4483 2548 4547 dixi-mus,
2568 4481 2785 4551 plenum
2810 4490 2923 4537 erat
2949 4480 3292 4550 Christianis,
3322 4485 3520 4550 quorum
3547 4467 3624 4520 ι)ῡο
3700 4481 3701 4486 ‘

404 4575 580 4630 lucem
629 4575 794 4629 fuisse
842 4575 942 4628 sub
969 4575 1259 4629 Caracallaa
1287 4573 1532 4643 imperio,
1567 4583 1622 4627 et
1647 4588 1768 4628 cum
1799 4573 2000 4628 ethnici
2025 4578 2080 4638 Β
2104 4577 2220 4648 ipse
2250 4579 2510 4648 templum
2533 4588 2848 4633 construere
2876 4576 3216 4634 decreverat.
3251 4576 3362 4643 Quo
3385 4579 3530 4628 autem
3556 4571 3624 4628 ρο·
3700 4633 3701 4642 1

401 4667 454 4722 in
485 4665 824 4723 Christianos
848 4664 1023 4720 adhuc
1037 4665 1416 4736 grassabantur
1441 4666 1465 4719 ἲ

472 4759 582 4817 Sed
611 4760 873 4822 obiiciunt
901 4759 1098 4815 eruditi
1127 4760 1227 4814 viri
1266 4758 1539 4814 Carciliuin
1588 4758 2000 4828 exprehravisse

403 4851 629 4908 Octavio
679 4853 822 4907 nulla
856 4863 980 4908 tunc
1020 4851 1182 4907 fuisse
1221 4851 1540 4907 Christianis
1568 4854 1787 4921 templa,
1817 4868 1916 4908 nec
1945 4853 1998 4910 id

403 4943 583 5013 utique
625 4943 694 4999 ab
744 4943 966 4999 Octavio
1018 4952 1287 5015 nega-tum.
1349 4944 1506 5014 Atqui
1567 4944 1856 5015 Origenes,
1916 4945 1998 4999 in-

397 5038 605 5110 quiunt,
639 5041 690 5094 in
719 5039 854 5104 suis,
869 5055 989 5109 qua:
1017 5038 1264 5109 Philippo
1293 5047 1571 5108 regnante,
1592 5039 1695 5094 hoc
1722 5048 1826 5104 est,
1853 5040 1996 5094 circa

396 5146 595 5187 annum
635 5132 742 5187 ‘2“
770 5133 1141 5202 composuisse
1179 5131 1370 5194 fertur,
1404 5131 1456 5185 in
1487 5131 1794 5185 Matthreum
1841 5146 1992 5185 com-

397 5227 677 5282 mentariis
728 5225 971 5297 (Origen.
1008 5224 1180 5280 Tract.
1236 5227 1290 5279 in
1331 5224 1522 5279 Matth.
1579 5239 1699 5293 cap.
1753 5221 1995 5293 28),te—.

395 5327 594 5374 statum
626 5318 782 5373 nobis
812 5317 936 5373 fecit
968 5320 1215 5374 incensas
1241 5317 1405 5376 fuisse
1441 5317 1865 5372 Christianorum
1896 5329 1988 5369 ec-

394 5414 606 5469 clesias.
641 5417 808 5470 Antea
835 5429 966 5484 ergo
1013 5413 1237 5483 publicis
1266 5415 1318 5467 in
1371 5411 1504 5470 locis
1533 5419 1821 5466 exstructa:
1870 5410 1987 5463 fue-

348 5567 354 5574 ,
393 5515 546 5571 rant,
598 5506 692 5561 sed
733 5522 839 5561 non
892 5507 1110 5578 longum
1153 5517 1280 5561 ante
1329 5514 1562 5574 tempus,
1593 5519 1654 5558 ac
1710 5502 1989 5556 dumtaxat

391 5615 515 5656 eum
545 5601 850 5656 AleXander
872 5599 1123 5666 Severus,
1156 5601 1296 5655 circa
1349 5613 1549 5653 annum
1583 5596 1711 5664 322,
1735 5595 1990 5652 Romanii:

393 5696 714 5766 imperabat.
754 5696 883 5750 Nam
920 5696 986 5760 is,
1042 5703 1180 5749 teste
1209 5692 1534 5761 Lampridio,
1572 5711 1590 5743 ι
1619 5692 1832 5746 Christo
1858 5703 1990 5744 let-n-

393 5787 538 5868 plum
567 5787 743 5844 facere
771 5786 960 5854 voluit,
981 5799 1214 5856 eumque
1240 5784 1378 5840 inter
1405 5783 1536 5839 deos
1560 5785 1824 5856 recipere,
1845 5785 1988 5857 quod

2106 4671 2367 4726 tissimum
2393 4680 2633 4741 tempore
2657 4669 2893 4725 liberille
2915 4668 3224 4740 divulgatus
3245 4669 3334 4732 sit,
3358 4679 3452 4720 non
3467 4648 3628 4741 aliunde

2100 4763 2322 4824 certius,
2349 4739 2517 4816 sicuti
2547 4761 2847 4831 opinamur,
2877 4760 3056 4831 colligi
3077 4739 3080 4740 ν
3100 4770 3276 4830 potest
3332 4769 3474 4828 quam
3496 4762 3545 4803 ex
3568 4739 3624 4796 εἰ·

2104 4863 2213 4910 tato
2250 4854 2561 4926 Hieronymi
2604 4854 2671 4910 de
2699 4853 3064 4924 Scriptoribus
3092 4847 3468 4909 Ecclesiasticis
3509 4837 3624 4894 CN“
3700 4887 3701 4910 ξ

2099 4948 2242 5019 lego.
2273 4948 2526 5017 Quamvis
2570 4947 2710 5004 enim
2748 4947 3064 5016 probaretur
3109 4963 3218 5002 non
3251 4959 3427 5004 omnes
3461 4931 3628 5024 omni"0

2101 5049 2429 5095 memoratos
2459 5039 2526 5095 ab
2574 5055 2640 5096 eo
2680 5041 2971 5109 scriptores
2999 5041 3069 5094 ibi
3099 5049 3318 5094 servato
3341 5035 3402 5089 ad
3429 5021 3626 5088 amastrim

2099 5142 2340 5202 tempore
2382 5135 2648 5188 rectinseri
2677 5149 2691 5198 ;
2723 5133 2898 5203 plures
2918 5133 3265 5189 nihilominus
3305 5148 3331 5185 a
3361 5119 3626 5184 Tertulliano

2095 5227 2159 5279 ad
2193 5224 2475 5280 Minucium
2509 5233 2776 5291 nostrum,
2803 5236 2854 5280 et
2900 5225 2968 5280 ab
3002 5226 3192 5282 eodem
3233 5221 3446 5278 Minucio
3475 5213 3529 5269 ad
3553 5207 3624 5275 Cl"

2095 5319 2342 5388 priauum
2392 5331 2798 5382 enumerantur,
2831 5333 2988 5387 quam
3017 5329 3072 5374 ttt
3107 5317 3231 5372 inde
3258 5309 3486 5372 concludi
3519 5295 3626 5357 haud

2093 5411 2320 5466 absurde
2341 5428 2446 5465 non
2474 5415 2640 5480 possit
2663 5411 2801 5466 hunc
2819 5413 3008 5468 librum
3023 5429 3047 5463 a
3066 5407 3297 5464 Minucio
3313 5406 3497 5462 editunt
3519 5404 3624 5450 esst.

2095 5519 2213 5575 p0st
2261 5505 2578 5560 Tertulliani
2621 5517 2674 5560 et
2714 5516 2838 5560 ante
2883 5505 3131 5577 Cypriani
3185 5501 3371 5557 eodem
3413 5497 3471 5550 de
3509 5497 3626 5554 πεπι-

2094 5609 2275 5652 mento
2343 5598 2740 5654 lucubrationes
2795 5599 3147 5668 (llieronym.
3201 5593 3425 5659 Cutalog.
3473 5579 3624 5668 Sari??-

2094 5689 2293 5746 Eccles.
2344 5690 2490 5761 §',5‘5
2517 5734 2530 5756 ,
2583 5709 2704 5762 pag.
2740 5691 2883 5755 “5;
2917 5690 2946 5760 δ
2993 5667 3080 5752 58,
3117 5705 3242 5757 pag.
3293 5685 3412 5748 M7,
3447 5689 3488 5733 et
3517 5667 3624 5744 §67i

2093 5802 2212 5858 pag.
2250 5786 2396 5855 Mil).
2429 5785 2585 5856 Atqui
2636 5785 3000 5842 Tertullianus
3043 5780 3440 5856 Apologeticutn
3485 5776 3624 5832 ευυωι
