  <div class='ocr_page' id='page_1' title='image "/cluster/home/n/w/nwhite01/storage/ocr_20150623/3/uva.x000669812/246.png"; bbox 0 0 3802 6276; ppageno 0'>
   <div class='ocr_carea' id='block_1_1' title="bbox 215 272 1978 338">
    <p class='ocr_par' dir='ltr' id='par_1_1' title="bbox 215 272 1978 338">
     <span class='ocr_line' id='line_1_1' title="bbox 215 272 1978 338; baseline 0.003 -8"><span class='ocrx_word' id='word_1_1' title='bbox 215 272 284 330; x_wconf 78' lang='lat'><strong>389</strong></span> <span class='ocrx_word' id='word_1_2' title='bbox 1508 275 1978 338; x_wconf 79' lang='lat' dir='ltr'><strong>DISSERTATIO.</strong></span> 
     </span>
    </p>
   </div>
   <div class='ocr_carea' id='block_1_2' title="bbox 3310 298 3420 358">
    <p class='ocr_par' dir='ltr' id='par_1_2' title="bbox 3310 298 3420 358">
     <span class='ocr_line' id='line_1_2' title="bbox 3310 298 3420 358; baseline 0.027 -3"><span class='ocrx_word' id='word_1_3' title='bbox 3310 298 3420 358; x_wconf 78' lang='lat'><strong>390&#39;</strong></span> 
     </span>
    </p>
   </div>
   <div class='ocr_carea' id='block_1_3' title="bbox 207 381 3414 479">
    <p class='ocr_par' dir='ltr' id='par_1_3' title="bbox 207 381 3414 479">
     <span class='ocr_line' id='line_1_3' title="bbox 207 381 3414 479; baseline 0.009 -40"><span class='ocrx_word' id='word_1_4' title='bbox 207 386 250 440; x_wconf 84' lang='lat' dir='ltr'><strong>dc</strong></span> <span class='ocrx_word' id='word_1_5' title='bbox 266 381 468 454; x_wconf 84' lang='lat' dir='ltr'><strong>qttoinfra</strong></span> <span class='ocrx_word' id='word_1_6' title='bbox 496 383 900 452; x_wconf 87' lang='lat' dir='ltr'><strong>disputandum,</strong></span> <span class='ocrx_word' id='word_1_7' title='bbox 934 384 984 439; x_wconf 93' lang='lat' dir='ltr'><strong>in</strong></span> <span class='ocrx_word' id='word_1_8' title='bbox 1009 385 1180 442; x_wconf 86' lang='lat' dir='ltr'><strong>lucem</strong></span> <span class='ocrx_word' id='word_1_9' title='bbox 1205 392 1426 458; x_wconf 93' lang='lat' dir='ltr'><strong>protulit</strong></span> <span class='ocrx_word' id='word_1_10' title='bbox 1455 393 1593 446; x_wconf 85' lang='lat' dir='ltr'><strong>circa</strong></span> <span class='ocrx_word' id='word_1_11' title='bbox 1614 410 1710 447; x_wconf 87' lang='lat' dir='ltr'><strong>an-</strong></span> <span class='ocrx_word' id='word_1_12' title='bbox 1739 397 1785 456; x_wconf 73' lang='grc' dir='ltr'><strong>Α</strong></span> <span class='ocrx_word' id='word_1_13' title='bbox 1817 395 2025 461; x_wconf 80' lang='lat' dir='ltr'><strong>ginibus</strong></span> <span class='ocrx_word' id='word_1_14' title='bbox 2055 398 2292 467; x_wconf 85' lang='lat' dir='ltr'><strong>apposita</strong></span> <span class='ocrx_word' id='word_1_15' title='bbox 2316 408 2459 456; x_wconf 84' lang='lat' dir='ltr'><strong>sunt.</strong></span> <span class='ocrx_word' id='word_1_16' title='bbox 2489 400 2595 458; x_wconf 84' lang='lat' dir='ltr'><strong>Sed</strong></span> <span class='ocrx_word' id='word_1_17' title='bbox 2634 401 2716 459; x_wconf 68' lang='lat' dir='ltr'><strong>hat</strong></span> <span class='ocrx_word' id='word_1_18' title='bbox 2745 403 3033 464; x_wconf 69' lang='lat' dir='ltr'><strong>divisiones</strong></span> <span class='ocrx_word' id='word_1_19' title='bbox 3056 409 3252 479; x_wconf 65' lang='lat' dir='ltr'><strong>sacpius</strong></span> <span class='ocrx_word' id='word_1_20' title='bbox 3283 415 3414 468; x_wconf 83' lang='lat' dir='ltr'><strong>satis</strong></span> 
     </span>
    </p>
   </div>
   <div class='ocr_carea' id='block_1_4' title="bbox 203 475 1714 545">
    <p class='ocr_par' dir='ltr' id='par_1_4' title="bbox 203 475 1714 545">
     <span class='ocr_line' id='line_1_4' title="bbox 203 475 1714 545; baseline 0.006 -14"><span class='ocrx_word' id='word_1_21' title='bbox 203 494 286 531; x_wconf 85' lang='lat' dir='ltr'><strong>num</strong></span> <span class='ocrx_word' id='word_1_22' title='bbox 306 476 386 532; x_wconf 71' lang='lat'><strong>900</strong></span> <span class='ocrx_word' id='word_1_23' title='bbox 426 493 442 540; x_wconf 84' lang='lat'><strong>;</strong></span> <span class='ocrx_word' id='word_1_24' title='bbox 477 475 782 545; x_wconf 61' lang='lat' dir='ltr'><strong>Cyprianus</strong></span> <span class='ocrx_word' id='word_1_25' title='bbox 815 493 940 533; x_wconf 88' lang='lat' dir='ltr'><strong>vero</strong></span> <span class='ocrx_word' id='word_1_26' title='bbox 998 494 1153 534; x_wconf 89' lang='lat' dir='ltr'><strong>suum</strong></span> <span class='ocrx_word' id='word_1_27' title='bbox 1196 480 1261 534; x_wconf 90' lang='lat' dir='ltr'><strong>ad</strong></span> <span class='ocrx_word' id='word_1_28' title='bbox 1317 482 1714 540; x_wconf 87' lang='lat' dir='ltr'><strong>Demetrianutn</strong></span> 
     </span>
    </p>
   </div>
   <div class='ocr_carea' id='block_1_5' title="bbox 200 567 1714 645">
    <p class='ocr_par' dir='ltr' id='par_1_5' title="bbox 200 567 1714 645">
     <span class='ocr_line' id='line_1_5' title="bbox 200 567 1714 645; baseline 0.003 -18"><span class='ocrx_word' id='word_1_29' title='bbox 200 572 296 627; x_wconf 78' lang='lat' dir='ltr'><strong>circa</strong></span> <span class='ocrx_word' id='word_1_30' title='bbox 315 585 484 624; x_wconf 84' lang='lat' dir='ltr'><strong>annum</strong></span> <span class='ocrx_word' id='word_1_31' title='bbox 528 567 634 622; x_wconf 74' lang='lat'><strong>257</strong></span> <span class='ocrx_word' id='word_1_32' title='bbox 671 569 960 638; x_wconf 68' lang='lat' dir='ltr'><strong>scripsisse</strong></span> <span class='ocrx_word' id='word_1_33' title='bbox 989 571 1320 640; x_wconf 72' lang='lat' dir='ltr'><strong>perhibetur.</strong></span> <span class='ocrx_word' id='word_1_34' title='bbox 1352 573 1526 629; x_wconf 77' lang='lat' dir='ltr'><strong>Medio</strong></span> <span class='ocrx_word' id='word_1_35' title='bbox 1554 577 1714 645; x_wconf 93' lang='lat' dir='ltr'><strong>igitur</strong></span> 
     </span>
    </p>
   </div>
   <div class='ocr_carea' id='block_1_6' title="bbox 200 663 1711 738">
    <p class='ocr_par' dir='ltr' id='par_1_6' title="bbox 200 663 1711 738">
     <span class='ocr_line' id='line_1_6' title="bbox 200 663 1711 738; baseline 0 -16"><span class='ocrx_word' id='word_1_36' title='bbox 200 667 300 722; x_wconf 78' lang='lat' dir='ltr'><strong>intra</strong></span> <span class='ocrx_word' id='word_1_37' title='bbox 313 665 391 720; x_wconf 82' lang='lat' dir='ltr'><strong>hos</strong></span> <span class='ocrx_word' id='word_1_38' title='bbox 415 679 572 720; x_wconf 75' lang='lat' dir='ltr'><strong>annos</strong></span> <span class='ocrx_word' id='word_1_39' title='bbox 619 663 904 718; x_wconf 84' lang='lat' dir='ltr'><strong>intervallo</strong></span> <span class='ocrx_word' id='word_1_40' title='bbox 937 665 1197 720; x_wconf 80' lang='lat' dir='ltr'><strong>Minucius</strong></span> <span class='ocrx_word' id='word_1_41' title='bbox 1228 667 1419 721; x_wconf 89' lang='lat' dir='ltr'><strong>librum</strong></span> <span class='ocrx_word' id='word_1_42' title='bbox 1445 669 1582 722; x_wconf 91' lang='lat' dir='ltr'><strong>hunc</strong></span> <span class='ocrx_word' id='word_1_43' title='bbox 1612 686 1711 738; x_wconf 83' lang='lat' dir='ltr'><strong>pu-</strong></span> 
     </span>
    </p>
   </div>
   <div class='ocr_carea' id='block_1_7' title="bbox 201 756 1714 828">
    <p class='ocr_par' dir='ltr' id='par_1_7' title="bbox 201 756 1714 828">
     <span class='ocr_line' id='line_1_7' title="bbox 201 756 1714 828; baseline 0.001 -13"><span class='ocrx_word' id='word_1_44' title='bbox 201 759 295 815; x_wconf 73' lang='lat' dir='ltr'><strong>bliri</strong></span> <span class='ocrx_word' id='word_1_45' title='bbox 312 758 422 828; x_wconf 81' lang='lat' dir='ltr'><strong>juris</strong></span> <span class='ocrx_word' id='word_1_46' title='bbox 446 757 620 814; x_wconf 80' lang='lat' dir='ltr'><strong>fecisse</strong></span> <span class='ocrx_word' id='word_1_47' title='bbox 643 756 909 812; x_wconf 79' lang='lat' dir='ltr'><strong>dicendus</strong></span> <span class='ocrx_word' id='word_1_48' title='bbox 937 768 1040 814; x_wconf 85' lang='lat' dir='ltr'><strong>est.</strong></span> <span class='ocrx_word' id='word_1_49' title='bbox 1101 759 1300 814; x_wconf 80' lang='lat' dir='ltr'><strong>Deinde</strong></span> <span class='ocrx_word' id='word_1_50' title='bbox 1354 775 1481 816; x_wconf 89' lang='lat' dir='ltr'><strong>vero</strong></span> <span class='ocrx_word' id='word_1_51' title='bbox 1531 763 1572 816; x_wconf 89' lang='lat' dir='ltr'><strong>si</strong></span> <span class='ocrx_word' id='word_1_52' title='bbox 1623 761 1714 818; x_wconf 88' lang='lat' dir='ltr'><strong>ille</strong></span> 
     </span>
    </p>
   </div>
   <div class='ocr_carea' id='block_1_8' title="bbox 198 850 1712 919">
    <p class='ocr_par' dir='ltr' id='par_1_8' title="bbox 198 850 1712 919">
     <span class='ocr_line' id='line_1_8' title="bbox 198 850 1712 919; baseline 0 -9"><span class='ocrx_word' id='word_1_53' title='bbox 198 869 359 919; x_wconf 81' lang='lat' dir='ltr'><strong>revera,</strong></span> <span class='ocrx_word' id='word_1_54' title='bbox 397 852 519 907; x_wconf 90' lang='lat' dir='ltr'><strong>sicut</strong></span> <span class='ocrx_word' id='word_1_55' title='bbox 545 850 694 919; x_wconf 84' lang='lat' dir='ltr'><strong>paulo</strong></span> <span class='ocrx_word' id='word_1_56' title='bbox 745 859 872 906; x_wconf 86' lang='lat' dir='ltr'><strong>ante</strong></span> <span class='ocrx_word' id='word_1_57' title='bbox 909 851 1242 918; x_wconf 71' lang='lat' dir='ltr'><strong>dicebamus,</strong></span> <span class='ocrx_word' id='word_1_58' title='bbox 1286 863 1492 908; x_wconf 85' lang='lat' dir='ltr'><strong>asserat</strong></span> <span class='ocrx_word' id='word_1_59' title='bbox 1537 855 1712 910; x_wconf 89' lang='lat' dir='ltr'><strong>nullas</strong></span> 
     </span>
    </p>
   </div>
   <div class='ocr_carea' id='block_1_9' title="bbox 198 943 1712 1013">
    <p class='ocr_par' dir='ltr' id='par_1_9' title="bbox 198 943 1712 1013">
     <span class='ocr_line' id='line_1_9' title="bbox 198 943 1712 1013; baseline 0 -11"><span class='ocrx_word' id='word_1_60' title='bbox 198 956 298 1003; x_wconf 86' lang='lat' dir='ltr'><strong>tunc</strong></span> <span class='ocrx_word' id='word_1_61' title='bbox 318 948 455 1002; x_wconf 83' lang='lat' dir='ltr'><strong>luisse</strong></span> <span class='ocrx_word' id='word_1_62' title='bbox 477 943 702 1013; x_wconf 76' lang='lat' dir='ltr'><strong>publicas</strong></span> <span class='ocrx_word' id='word_1_63' title='bbox 723 943 1152 1000; x_wconf 84' lang='lat' dir='ltr'><strong>Christianorum</strong></span> <span class='ocrx_word' id='word_1_64' title='bbox 1172 946 1446 1011; x_wconf 83' lang='lat' dir='ltr'><strong>ecclesias,</strong></span> <span class='ocrx_word' id='word_1_65' title='bbox 1466 946 1588 1001; x_wconf 88' lang='lat' dir='ltr'><strong>inde</strong></span> <span class='ocrx_word' id='word_1_66' title='bbox 1617 946 1712 1002; x_wconf 84' lang='lat' dir='ltr'><strong>atl-</strong></span> 
     </span>
    </p>
   </div>
   <div class='ocr_carea' id='block_1_10' title="bbox 193 1037 1710 1110">
    <p class='ocr_par' dir='ltr' id='par_1_10' title="bbox 193 1037 1710 1110">
     <span class='ocr_line' id='line_1_10' title="bbox 193 1037 1710 1110; baseline 0.001 -16"><span class='ocrx_word' id='word_1_67' title='bbox 193 1040 278 1096; x_wconf 89' lang='lat' dir='ltr'><strong>huc</strong></span> <span class='ocrx_word' id='word_1_68' title='bbox 296 1039 559 1096; x_wconf 72' lang='lat' dir='ltr'><strong>conficiatur</strong></span> <span class='ocrx_word' id='word_1_69' title='bbox 586 1037 729 1092; x_wconf 88' lang='lat' dir='ltr'><strong>hunc</strong></span> <span class='ocrx_word' id='word_1_70' title='bbox 761 1037 962 1098; x_wconf 85' lang='lat' dir='ltr'><strong>librum</strong></span> <span class='ocrx_word' id='word_1_71' title='bbox 991 1040 1044 1092; x_wconf 90' lang='lat' dir='ltr'><strong>in</strong></span> <span class='ocrx_word' id='word_1_72' title='bbox 1072 1038 1264 1108; x_wconf 77' lang='lat' dir='ltr'><strong>vulgus</strong></span> <span class='ocrx_word' id='word_1_73' title='bbox 1296 1041 1555 1110; x_wconf 85' lang='lat' dir='ltr'><strong>prodiissc</strong></span> <span class='ocrx_word' id='word_1_74' title='bbox 1584 1049 1710 1096; x_wconf 86' lang='lat' dir='ltr'><strong>ante</strong></span> 
     </span>
    </p>
   </div>
   <div class='ocr_carea' id='block_1_11' title="bbox 188 1131 1711 1203">
    <p class='ocr_par' dir='ltr' id='par_1_11' title="bbox 188 1131 1711 1203">
     <span class='ocr_line' id='line_1_11' title="bbox 188 1131 1711 1203; baseline -0.002 -12"><span class='ocrx_word' id='word_1_75' title='bbox 188 1150 342 1191; x_wconf 83' lang='lat' dir='ltr'><strong>annum</strong></span> <span class='ocrx_word' id='word_1_76' title='bbox 359 1131 466 1192; x_wconf 69' lang='lat'><strong>220.</strong></span> <span class='ocrx_word' id='word_1_77' title='bbox 488 1144 589 1200; x_wconf 87' lang='lat' dir='ltr'><strong>quo</strong></span> <span class='ocrx_word' id='word_1_78' title='bbox 611 1131 920 1186; x_wconf 80' lang='lat' dir='ltr'><strong>Alexander</strong></span> <span class='ocrx_word' id='word_1_79' title='bbox 938 1132 1176 1186; x_wconf 82' lang='lat' dir='ltr'><strong>Severus</strong></span> <span class='ocrx_word' id='word_1_80' title='bbox 1197 1133 1261 1186; x_wconf 89' lang='lat' dir='ltr'><strong>ad</strong></span> <span class='ocrx_word' id='word_1_81' title='bbox 1283 1136 1560 1203; x_wconf 85' lang='lat' dir='ltr'><strong>imperium</strong></span> <span class='ocrx_word' id='word_1_82' title='bbox 1583 1148 1711 1188; x_wconf 88' lang='lat' dir='ltr'><strong>eve-</strong></span> 
     </span>
    </p>
   </div>
   <div class='ocr_carea' id='block_1_12' title="bbox 179 1224 1713 1296">
    <p class='ocr_par' dir='ltr' id='par_1_12' title="bbox 179 1224 1713 1296">
     <span class='ocr_line' id='line_1_12' title="bbox 179 1224 1713 1296; baseline -0.001 -12"><span class='ocrx_word' id='word_1_83' title='bbox 179 1239 270 1284; x_wconf 82' lang='lat' dir='ltr'><strong>ctus</strong></span> <span class='ocrx_word' id='word_1_84' title='bbox 289 1236 370 1282; x_wconf 73' lang='lat' dir='ltr'><strong>est.</strong></span> <span class='ocrx_word' id='word_1_85' title='bbox 400 1227 463 1280; x_wconf 77' lang='lat' dir='ltr'><strong>At</strong></span> <span class='ocrx_word' id='word_1_86' title='bbox 511 1225 622 1280; x_wconf 65' lang='lat' dir='ltr'><strong>haec</strong></span> <span class='ocrx_word' id='word_1_87' title='bbox 669 1241 832 1294; x_wconf 88' lang='lat' dir='ltr'><strong>porro</strong></span> <span class='ocrx_word' id='word_1_88' title='bbox 864 1224 1040 1285; x_wconf 88' lang='lat' dir='ltr'><strong>omnia</strong></span> <span class='ocrx_word' id='word_1_89' title='bbox 1069 1226 1112 1282; x_wconf 90' lang='lat' dir='ltr'><strong>si</strong></span> <span class='ocrx_word' id='word_1_90' title='bbox 1143 1241 1324 1290; x_wconf 81' lang='lat' dir='ltr'><strong>set-um</strong></span> <span class='ocrx_word' id='word_1_91' title='bbox 1380 1242 1713 1296; x_wconf 84' lang='lat' dir='ltr'><strong>componan—</strong></span> 
     </span>
    </p>
   </div>
   <div class='ocr_carea' id='block_1_13' title="bbox 168 1323 1711 1393">
    <p class='ocr_par' dir='ltr' id='par_1_13' title="bbox 168 1323 1711 1393">
     <span class='ocr_line' id='line_1_13' title="bbox 168 1323 1711 1393; baseline 0 -13"><span class='ocrx_word' id='word_1_92' title='bbox 168 1335 253 1389; x_wconf 90' lang='lat' dir='ltr'><strong>tur,</strong></span> <span class='ocrx_word' id='word_1_93' title='bbox 278 1339 432 1378; x_wconf 88' lang='lat' dir='ltr'><strong>nonne</strong></span> <span class='ocrx_word' id='word_1_94' title='bbox 469 1323 791 1393; x_wconf 81' lang='lat' dir='ltr'><strong>probabilius</strong></span> <span class='ocrx_word' id='word_1_95' title='bbox 828 1324 930 1378; x_wconf 86' lang='lat' dir='ltr'><strong>diei</strong></span> <span class='ocrx_word' id='word_1_96' title='bbox 963 1334 1137 1393; x_wconf 84' lang='lat' dir='ltr'><strong>potest</strong></span> <span class='ocrx_word' id='word_1_97' title='bbox 1169 1325 1319 1379; x_wconf 84' lang='lat' dir='ltr'><strong>hunc</strong></span> <span class='ocrx_word' id='word_1_98' title='bbox 1347 1325 1536 1379; x_wconf 86' lang='lat' dir='ltr'><strong>librum</strong></span> <span class='ocrx_word' id='word_1_99' title='bbox 1560 1341 1589 1379; x_wconf 90' lang='lat' dir='ltr'><strong>a</strong></span> <span class='ocrx_word' id='word_1_100' title='bbox 1613 1325 1711 1380; x_wconf 76' lang='lat' dir='ltr'><strong>Mi-</strong></span> 
     </span>
    </p>
   </div>
   <div class='ocr_carea' id='block_1_14' title="bbox 163 1415 1708 1486">
    <p class='ocr_par' dir='ltr' id='par_1_14' title="bbox 163 1415 1708 1486">
     <span class='ocr_line' id='line_1_14' title="bbox 163 1415 1708 1486; baseline -0.001 -12"><span class='ocrx_word' id='word_1_101' title='bbox 163 1418 296 1474; x_wconf 78' lang='lat' dir='ltr'><strong>ttueio</strong></span> <span class='ocrx_word' id='word_1_102' title='bbox 325 1417 510 1472; x_wconf 85' lang='lat' dir='ltr'><strong>editum</strong></span> <span class='ocrx_word' id='word_1_103' title='bbox 534 1430 655 1470; x_wconf 87' lang='lat' dir='ltr'><strong>esse</strong></span> <span class='ocrx_word' id='word_1_104' title='bbox 679 1417 823 1470; x_wconf 87' lang='lat' dir='ltr'><strong>circa</strong></span> <span class='ocrx_word' id='word_1_105' title='bbox 850 1430 1050 1472; x_wconf 86' lang='lat' dir='ltr'><strong>annum</strong></span> <span class='ocrx_word' id='word_1_106' title='bbox 1075 1415 1276 1471; x_wconf 83' lang='lat' dir='ltr'><strong>Christi</strong></span> <span class='ocrx_word' id='word_1_107' title='bbox 1307 1417 1435 1482; x_wconf 72' lang='lat' dir='ltr'><strong>2H,</strong></span> <span class='ocrx_word' id='word_1_108' title='bbox 1470 1433 1576 1486; x_wconf 90' lang='lat' dir='ltr'><strong>quo</strong></span> <span class='ocrx_word' id='word_1_109' title='bbox 1601 1416 1708 1472; x_wconf 87' lang='lat' dir='ltr'><strong>Ca-</strong></span> 
     </span>
    </p>
   </div>
   <div class='ocr_carea' id='block_1_15' title="bbox 165 1508 1705 1580">
    <p class='ocr_par' dir='ltr' id='par_1_15' title="bbox 165 1508 1705 1580">
     <span class='ocr_line' id='line_1_15' title="bbox 165 1508 1705 1580; baseline -0.003 -12"><span class='ocrx_word' id='word_1_110' title='bbox 165 1510 550 1568; x_wconf 68' lang='lat' dir='ltr'><strong>nullaoccisus</strong></span> <span class='ocrx_word' id='word_1_111' title='bbox 593 1508 693 1566; x_wconf 88' lang='lat' dir='ltr'><strong>fuit</strong></span> <span class='ocrx_word' id='word_1_112' title='bbox 743 1510 826 1564; x_wconf 87' lang='lat' dir='ltr'><strong>vel</strong></span> <span class='ocrx_word' id='word_1_113' title='bbox 852 1525 976 1566; x_wconf 90' lang='lat' dir='ltr'><strong>cum</strong></span> <span class='ocrx_word' id='word_1_114' title='bbox 1005 1520 1252 1579; x_wconf 82' lang='lat' dir='ltr'><strong>regnaret</strong></span> <span class='ocrx_word' id='word_1_115' title='bbox 1304 1510 1705 1580; x_wconf 69' lang='lat' dir='ltr'><strong>Heliogabalus,</strong></span> 
     </span>
    </p>
   </div>
   <div class='ocr_carea' id='block_1_16' title="bbox 172 1601 1711 1673">
    <p class='ocr_par' dir='ltr' id='par_1_16' title="bbox 172 1601 1711 1673">
     <span class='ocr_line' id='line_1_16' title="bbox 172 1601 1711 1673; baseline 0 -13"><span class='ocrx_word' id='word_1_116' title='bbox 172 1619 225 1662; x_wconf 71' lang='lat' dir='ltr'><strong>ac</strong></span> <span class='ocrx_word' id='word_1_117' title='bbox 249 1618 329 1673; x_wconf 86' lang='lat' dir='ltr'><strong>per</strong></span> <span class='ocrx_word' id='word_1_118' title='bbox 348 1603 502 1656; x_wconf 83' lang='lat' dir='ltr'><strong>varias</strong></span> <span class='ocrx_word' id='word_1_119' title='bbox 532 1601 760 1656; x_wconf 78' lang='lat' dir='ltr'><strong>Romani</strong></span> <span class='ocrx_word' id='word_1_120' title='bbox 793 1603 999 1671; x_wconf 88' lang='lat' dir='ltr'><strong>imperii</strong></span> <span class='ocrx_word' id='word_1_121' title='bbox 1051 1613 1398 1672; x_wconf 84' lang='lat' dir='ltr'><strong>tempestates</strong></span> <span class='ocrx_word' id='word_1_122' title='bbox 1423 1604 1711 1660; x_wconf 80' lang='lat' dir='ltr'><strong>Christiani</strong></span> 
     </span>
    </p>
   </div>
   <div class='ocr_carea' id='block_1_17' title="bbox 173 1693 1710 1768">
    <p class='ocr_par' dir='ltr' id='par_1_17' title="bbox 173 1693 1710 1768">
     <span class='ocr_line' id='line_1_17' title="bbox 173 1693 1710 1768; baseline 0.001 -18"><span class='ocrx_word' id='word_1_123' title='bbox 173 1696 229 1750; x_wconf 81' lang='lat' dir='ltr'><strong>ab</strong></span> <span class='ocrx_word' id='word_1_124' title='bbox 251 1695 442 1750; x_wconf 80' lang='lat' dir='ltr'><strong>ethnicis</strong></span> <span class='ocrx_word' id='word_1_125' title='bbox 475 1693 690 1762; x_wconf 80' lang='lat' dir='ltr'><strong>impune</strong></span> <span class='ocrx_word' id='word_1_126' title='bbox 739 1693 1138 1750; x_wconf 78' lang='lat' dir='ltr'><strong>divexarcntur.</strong></span> <span class='ocrx_word' id='word_1_127' title='bbox 1181 1695 1291 1751; x_wconf 81' lang='lat' dir='ltr'><strong>Nos</strong></span> <span class='ocrx_word' id='word_1_128' title='bbox 1343 1707 1520 1752; x_wconf 85' lang='lat' dir='ltr'><strong>tamen</strong></span> <span class='ocrx_word' id='word_1_129' title='bbox 1570 1698 1710 1768; x_wconf 87' lang='lat' dir='ltr'><strong>peri-</strong></span> 
     </span>
    </p>
   </div>
   <div class='ocr_carea' id='block_1_18' title="bbox 187 1787 1414 1859">
    <p class='ocr_par' dir='ltr' id='par_1_18' title="bbox 187 1787 1414 1859">
     <span class='ocr_line' id='line_1_18' title="bbox 187 1787 1414 1859; baseline -0.002 -15"><span class='ocrx_word' id='word_1_130' title='bbox 187 1790 292 1844; x_wconf 87' lang='lat' dir='ltr'><strong>tiori</strong></span> <span class='ocrx_word' id='word_1_131' title='bbox 312 1803 402 1844; x_wconf 86' lang='lat' dir='ltr'><strong>non</strong></span> <span class='ocrx_word' id='word_1_132' title='bbox 417 1787 698 1842; x_wconf 80' lang='lat' dir='ltr'><strong>invidemus</strong></span> <span class='ocrx_word' id='word_1_133' title='bbox 721 1789 812 1858; x_wconf 86' lang='lat' dir='ltr'><strong>qui</strong></span> <span class='ocrx_word' id='word_1_134' title='bbox 833 1787 1052 1844; x_wconf 86' lang='lat' dir='ltr'><strong>meliora</strong></span> <span class='ocrx_word' id='word_1_135' title='bbox 1069 1792 1414 1859; x_wconf 82' lang='lat' dir='ltr'><strong>suggesserit.</strong></span> 
     </span>
    </p>
   </div>
   <div class='ocr_carea' id='block_1_19' title="bbox 700 1915 1090 1957">
    <p class='ocr_par' dir='ltr' id='par_1_19' title="bbox 700 1915 1090 1957">
     <span class='ocr_line' id='line_1_19' title="bbox 700 1915 1090 1957; baseline 0.003 -2"><span class='ocrx_word' id='word_1_136' title='bbox 700 1915 993 1957; x_wconf 77' lang='lat' dir='ltr'><strong>ARTICULUS</strong></span> <span class='ocrx_word' id='word_1_137' title='bbox 1031 1918 1090 1957; x_wconf 84' lang='lat' dir='ltr'><strong>ll.</strong></span> 
     </span>
    </p>
   </div>
   <div class='ocr_carea' id='block_1_20' title="bbox 165 2018 1712 2090">
    <p class='ocr_par' dir='ltr' id='par_1_20' title="bbox 165 2018 1712 2090">
     <span class='ocr_line' id='line_1_20' title="bbox 165 2018 1712 2090; baseline 0.001 -17"><span class='ocrx_word' id='word_1_138' title='bbox 165 2019 307 2090; x_wconf 72' lang='lat' dir='ltr'><strong>Cujus</strong></span> <span class='ocrx_word' id='word_1_139' title='bbox 337 2018 482 2077; x_wconf 63' lang='lat' dir='ltr'><strong>verbis.</strong></span> <span class='ocrx_word' id='word_1_140' title='bbox 513 2033 669 2088; x_wconf 75' lang='lat' dir='ltr'><strong>quove</strong></span> <span class='ocrx_word' id='word_1_141' title='bbox 694 2018 826 2089; x_wconf 81' lang='lat' dir='ltr'><strong>style</strong></span> <span class='ocrx_word' id='word_1_142' title='bbox 873 2019 953 2071; x_wconf 82' lang='lat' dir='ltr'><strong>hic</strong></span> <span class='ocrx_word' id='word_1_143' title='bbox 992 2020 1117 2072; x_wconf 84' lang='lat' dir='ltr'><strong>liber</strong></span> <span class='ocrx_word' id='word_1_144' title='bbox 1151 2021 1457 2090; x_wconf 85' lang='lat' dir='ltr'><strong>compositus</strong></span> <span class='ocrx_word' id='word_1_145' title='bbox 1488 2021 1573 2090; x_wconf 78' lang='lat' dir='ltr'><strong>sit,</strong></span> <span class='ocrx_word' id='word_1_146' title='bbox 1601 2021 1712 2089; x_wconf 80' lang='lat' dir='ltr'><strong>quis</strong></span> 
     </span>
    </p>
   </div>
   <div class='ocr_carea' id='block_1_21' title="bbox 215 2110 1710 2183">
    <p class='ocr_par' dir='ltr' id='par_1_21' title="bbox 215 2110 1710 2183">
     <span class='ocr_line' id='line_1_21' title="bbox 215 2110 1710 2183; baseline 0.003 -20"><span class='ocrx_word' id='word_1_147' title='bbox 215 2114 315 2179; x_wconf 75' lang='lat' dir='ltr'><strong>ejus</strong></span> <span class='ocrx_word' id='word_1_148' title='bbox 358 2111 531 2176; x_wconf 75' lang='lat' dir='ltr'><strong>titulus,</strong></span> <span class='ocrx_word' id='word_1_149' title='bbox 572 2113 686 2180; x_wconf 79' lang='lat' dir='ltr'><strong>quis</strong></span> <span class='ocrx_word' id='word_1_150' title='bbox 737 2110 950 2166; x_wconf 74' lang='lat' dir='ltr'><strong>Minucii</strong></span> <span class='ocrx_word' id='word_1_151' title='bbox 981 2111 1172 2166; x_wconf 78' lang='lat' dir='ltr'><strong>Felicis</strong></span> <span class='ocrx_word' id='word_1_152' title='bbox 1225 2115 1277 2166; x_wconf 90' lang='lat' dir='ltr'><strong>in</strong></span> <span class='ocrx_word' id='word_1_153' title='bbox 1323 2131 1380 2168; x_wconf 86' lang='lat' dir='ltr'><strong>eo</strong></span> <span class='ocrx_word' id='word_1_154' title='bbox 1429 2131 1632 2183; x_wconf 78' lang='lat' dir='ltr'><strong>scapus,</strong></span> <span class='ocrx_word' id='word_1_155' title='bbox 1664 2121 1710 2168; x_wconf 84' lang='lat' dir='ltr'><strong>cl</strong></span> 
     </span>
    </p>
   </div>
   <div class='ocr_carea' id='block_1_22' title="bbox 207 2202 1711 2280">
    <p class='ocr_par' dir='ltr' id='par_1_22' title="bbox 207 2202 1711 2280">
     <span class='ocr_line' id='line_1_22' title="bbox 207 2202 1711 2280; baseline 0.003 -22"><span class='ocrx_word' id='word_1_156' title='bbox 207 2214 369 2258; x_wconf 83' lang='lat' dir='ltr'><strong>utrum</strong></span> <span class='ocrx_word' id='word_1_157' title='bbox 410 2205 486 2258; x_wconf 79' lang='lat' dir='ltr'><strong>ille</strong></span> <span class='ocrx_word' id='word_1_158' title='bbox 509 2202 911 2259; x_wconf 82' lang='lat' dir='ltr'><strong>Christianorum</strong></span> <span class='ocrx_word' id='word_1_159' title='bbox 954 2223 1157 2260; x_wconf 81' lang='lat' dir='ltr'><strong>causam</strong></span> <span class='ocrx_word' id='word_1_160' title='bbox 1203 2206 1348 2276; x_wconf 76' lang='lat' dir='ltr'><strong>plene</strong></span> <span class='ocrx_word' id='word_1_161' title='bbox 1397 2211 1711 2280; x_wconf 65' lang='lat' dir='ltr'><strong>perfectaque</strong></span> 
     </span>
    </p>
   </div>
   <div class='ocr_carea' id='block_1_23' title="bbox 199 2297 511 2368">
    <p class='ocr_par' dir='ltr' id='par_1_23' title="bbox 199 2297 511 2368">
     <span class='ocr_line' id='line_1_23' title="bbox 199 2297 511 2368; baseline -0.006 -17"><span class='ocrx_word' id='word_1_162' title='bbox 199 2297 511 2368; x_wconf 79' lang='lat' dir='ltr'><strong>perorareril.</strong></span> 
     </span>
    </p>
   </div>
   <div class='ocr_carea' id='block_1_24' title="bbox 195 2431 1699 2503">
    <p class='ocr_par' dir='ltr' id='par_1_24' title="bbox 195 2431 1699 2503">
     <span class='ocr_line' id='line_1_24' title="bbox 195 2431 1699 2503; baseline 0.003 -17"><span class='ocrx_word' id='word_1_163' title='bbox 195 2433 308 2487; x_wconf 84' lang='lat' dir='ltr'><strong>Etsi</strong></span> <span class='ocrx_word' id='word_1_164' title='bbox 339 2433 580 2487; x_wconf 78' lang='lat' dir='ltr'><strong>Minucius</strong></span> <span class='ocrx_word' id='word_1_165' title='bbox 603 2431 753 2487; x_wconf 80' lang='lat' dir='ltr'><strong>Felix</strong></span> <span class='ocrx_word' id='word_1_166' title='bbox 783 2433 1121 2503; x_wconf 80' lang='lat' dir='ltr'><strong>apertissime</strong></span> <span class='ocrx_word' id='word_1_167' title='bbox 1149 2433 1389 2490; x_wconf 86' lang='lat' dir='ltr'><strong>declaret</strong></span> <span class='ocrx_word' id='word_1_168' title='bbox 1434 2433 1640 2490; x_wconf 92' lang='lat' dir='ltr'><strong>editum</strong></span> <span class='ocrx_word' id='word_1_169' title='bbox 1669 2450 1699 2490; x_wconf 89' lang='lat' dir='ltr'><strong>a</strong></span> 
     </span>
    </p>
   </div>
   <div class='ocr_carea' id='block_1_25' title="bbox 122 2525 1706 2597">
    <p class='ocr_par' dir='ltr' id='par_1_25' title="bbox 122 2525 1706 2597">
     <span class='ocr_line' id='line_1_25' title="bbox 122 2525 1706 2597; baseline 0.002 -17"><span class='ocrx_word' id='word_1_170' title='bbox 122 2541 180 2581; x_wconf 89' lang='lat' dir='ltr'><strong>se</strong></span> <span class='ocrx_word' id='word_1_171' title='bbox 206 2526 378 2582; x_wconf 83' lang='lat' dir='ltr'><strong>fuisse</strong></span> <span class='ocrx_word' id='word_1_172' title='bbox 406 2525 536 2584; x_wconf 86' lang='lat' dir='ltr'><strong>hunc</strong></span> <span class='ocrx_word' id='word_1_173' title='bbox 582 2527 776 2587; x_wconf 81' lang='lat' dir='ltr'><strong>librum</strong></span> <span class='ocrx_word' id='word_1_174' title='bbox 804 2542 869 2581; x_wconf 79' lang='lat' dir='ltr'><strong>ex</strong></span> <span class='ocrx_word' id='word_1_175' title='bbox 917 2527 1157 2582; x_wconf 83' lang='lat' dir='ltr'><strong>instituta</strong></span> <span class='ocrx_word' id='word_1_176' title='bbox 1189 2569 1204 2593; x_wconf 91' lang='lat'><strong>,</strong></span> <span class='ocrx_word' id='word_1_177' title='bbox 1250 2528 1706 2597; x_wconf 83' lang='lat' dir='ltr'><strong>quemadmodum</strong></span> 
     </span>
    </p>
   </div>
   <div class='ocr_carea' id='block_1_26' title="bbox 117 2617 1711 2688">
    <p class='ocr_par' dir='ltr' id='par_1_26' title="bbox 117 2617 1711 2688">
     <span class='ocr_line' id='line_1_26' title="bbox 117 2617 1711 2688; baseline 0.001 -16"><span class='ocrx_word' id='word_1_178' title='bbox 117 2619 367 2688; x_wconf 74' lang='lat' dir='ltr'><strong>superius</strong></span> <span class='ocrx_word' id='word_1_179' title='bbox 391 2617 582 2674; x_wconf 89' lang='lat' dir='ltr'><strong>dictum</strong></span> <span class='ocrx_word' id='word_1_180' title='bbox 614 2629 736 2683; x_wconf 88' lang='lat' dir='ltr'><strong>est,</strong></span> <span class='ocrx_word' id='word_1_181' title='bbox 771 2619 909 2674; x_wconf 90' lang='lat' dir='ltr'><strong>inter</strong></span> <span class='ocrx_word' id='word_1_182' title='bbox 947 2618 1221 2676; x_wconf 82' lang='lat' dir='ltr'><strong>Cat-cilium</strong></span> <span class='ocrx_word' id='word_1_183' title='bbox 1243 2629 1296 2674; x_wconf 87' lang='lat' dir='ltr'><strong>et</strong></span> <span class='ocrx_word' id='word_1_184' title='bbox 1323 2620 1606 2676; x_wconf 87' lang='lat' dir='ltr'><strong>Octavium</strong></span> <span class='ocrx_word' id='word_1_185' title='bbox 1626 2620 1711 2676; x_wconf 83' lang='lat' dir='ltr'><strong>di-</strong></span> 
     </span>
    </p>
   </div>
   <div class='ocr_carea' id='block_1_27' title="bbox 108 2711 1708 2782">
    <p class='ocr_par' dir='ltr' id='par_1_27' title="bbox 108 2711 1708 2782">
     <span class='ocr_line' id='line_1_27' title="bbox 108 2711 1708 2782; baseline 0.003 -18"><span class='ocrx_word' id='word_1_186' title='bbox 108 2711 449 2778; x_wconf 79' lang='lat' dir='ltr'><strong>Sputatione;</strong></span> <span class='ocrx_word' id='word_1_187' title='bbox 501 2711 700 2768; x_wconf 86' lang='lat' dir='ltr'><strong>nemini</strong></span> <span class='ocrx_word' id='word_1_188' title='bbox 744 2721 922 2772; x_wconf 77' lang='lat' dir='ltr'><strong>tamen,</strong></span> <span class='ocrx_word' id='word_1_189' title='bbox 964 2711 1184 2770; x_wconf 85' lang='lat' dir='ltr'><strong>dubium</strong></span> <span class='ocrx_word' id='word_1_190' title='bbox 1211 2727 1334 2768; x_wconf 88' lang='lat' dir='ltr'><strong>esse</strong></span> <span class='ocrx_word' id='word_1_191' title='bbox 1374 2712 1554 2776; x_wconf 86' lang='lat' dir='ltr'><strong>debet.</strong></span> <span class='ocrx_word' id='word_1_192' title='bbox 1579 2714 1708 2782; x_wconf 87' lang='lat' dir='ltr'><strong>quin</strong></span> 
     </span>
    </p>
   </div>
   <div class='ocr_carea' id='block_1_28' title="bbox 103 2803 1706 2874">
    <p class='ocr_par' dir='ltr' id='par_1_28' title="bbox 103 2803 1706 2874">
     <span class='ocr_line' id='line_1_28' title="bbox 103 2803 1706 2874; baseline 0.002 -19"><span class='ocrx_word' id='word_1_193' title='bbox 103 2817 226 2856; x_wconf 87' lang='lat' dir='ltr'><strong>eum</strong></span> <span class='ocrx_word' id='word_1_194' title='bbox 253 2817 367 2855; x_wconf 88' lang='lat' dir='ltr'><strong>non</strong></span> <span class='ocrx_word' id='word_1_195' title='bbox 389 2813 486 2855; x_wconf 87' lang='lat' dir='ltr'><strong>tam</strong></span> <span class='ocrx_word' id='word_1_196' title='bbox 519 2803 755 2867; x_wconf 89' lang='lat' dir='ltr'><strong>illorum,</strong></span> <span class='ocrx_word' id='word_1_197' title='bbox 787 2819 950 2873; x_wconf 84' lang='lat' dir='ltr'><strong>quam</strong></span> <span class='ocrx_word' id='word_1_198' title='bbox 981 2803 1093 2860; x_wconf 89' lang='lat' dir='ltr'><strong>suis</strong></span> <span class='ocrx_word' id='word_1_199' title='bbox 1121 2805 1296 2860; x_wconf 87' lang='lat' dir='ltr'><strong>verbis</strong></span> <span class='ocrx_word' id='word_1_200' title='bbox 1323 2807 1706 2874; x_wconf 63' lang='lat' dir='ltr'><strong>composui-rit.</strong></span> 
     </span>
    </p>
   </div>
   <div class='ocr_carea' id='block_1_29' title="bbox 103 2895 1708 2968">
    <p class='ocr_par' dir='ltr' id='par_1_29' title="bbox 103 2895 1708 2968">
     <span class='ocr_line' id='line_1_29' title="bbox 103 2895 1708 2968; baseline 0.002 -20"><span class='ocrx_word' id='word_1_201' title='bbox 103 2895 243 2960; x_wconf 73' lang='lat' dir='ltr'><strong>Qua:</strong></span> <span class='ocrx_word' id='word_1_202' title='bbox 271 2895 410 2952; x_wconf 77' lang='lat' dir='ltr'><strong>enim</strong></span> <span class='ocrx_word' id='word_1_203' title='bbox 440 2895 508 2950; x_wconf 85' lang='lat' dir='ltr'><strong>ab</strong></span> <span class='ocrx_word' id='word_1_204' title='bbox 541 2896 647 2950; x_wconf 87' lang='lat' dir='ltr'><strong>illis</strong></span> <span class='ocrx_word' id='word_1_205' title='bbox 677 2898 1018 2966; x_wconf 88' lang='lat' dir='ltr'><strong>pronuntiata</strong></span> <span class='ocrx_word' id='word_1_206' title='bbox 1052 2907 1195 2963; x_wconf 90' lang='lat' dir='ltr'><strong>sunt,</strong></span> <span class='ocrx_word' id='word_1_207' title='bbox 1224 2914 1290 2953; x_wconf 88' lang='lat' dir='ltr'><strong>eo</strong></span> <span class='ocrx_word' id='word_1_208' title='bbox 1314 2898 1581 2953; x_wconf 82' lang='lat' dir='ltr'><strong>difﬁcilius</strong></span> <span class='ocrx_word' id='word_1_209' title='bbox 1609 2914 1708 2968; x_wconf 88' lang='lat' dir='ltr'><strong>po-</strong></span> 
     </span>
    </p>
   </div>
   <div class='ocr_carea' id='block_1_30' title="bbox 114 2991 1710 3062">
    <p class='ocr_par' dir='ltr' id='par_1_30' title="bbox 114 2991 1710 3062">
     <span class='ocr_line' id='line_1_30' title="bbox 114 2991 1710 3062; baseline 0.004 -19"><span class='ocrx_word' id='word_1_210' title='bbox 114 2991 226 3044; x_wconf 81' lang='lat' dir='ltr'><strong>tuit</strong></span> <span class='ocrx_word' id='word_1_211' title='bbox 254 2993 556 3048; x_wconf 84' lang='lat' dir='ltr'><strong>memoriter</strong></span> <span class='ocrx_word' id='word_1_212' title='bbox 584 2994 838 3058; x_wconf 85' lang='lat' dir='ltr'><strong>retinere,</strong></span> <span class='ocrx_word' id='word_1_213' title='bbox 866 2993 1006 3061; x_wconf 89' lang='lat' dir='ltr'><strong>quod</strong></span> <span class='ocrx_word' id='word_1_214' title='bbox 1039 3009 1146 3048; x_wconf 87' lang='lat' dir='ltr'><strong>non</strong></span> <span class='ocrx_word' id='word_1_215' title='bbox 1179 2995 1377 3058; x_wconf 80' lang='lat' dir='ltr'><strong>statim,</strong></span> <span class='ocrx_word' id='word_1_216' title='bbox 1411 2992 1504 3048; x_wconf 87' lang='lat' dir='ltr'><strong>sed</strong></span> <span class='ocrx_word' id='word_1_217' title='bbox 1527 2995 1710 3062; x_wconf 90' lang='lat' dir='ltr'><strong>elapso</strong></span> 
     </span>
    </p>
   </div>
   <div class='ocr_carea' id='block_1_31' title="bbox 104 3083 1706 3155">
    <p class='ocr_par' dir='ltr' id='par_1_31' title="bbox 104 3083 1706 3155">
     <span class='ocr_line' id='line_1_31' title="bbox 104 3083 1706 3155; baseline 0.004 -20"><span class='ocrx_word' id='word_1_218' title='bbox 104 3083 344 3150; x_wconf 80' lang='lat' dir='ltr'><strong>quodam</strong></span> <span class='ocrx_word' id='word_1_219' title='bbox 386 3095 647 3155; x_wconf 87' lang='lat' dir='ltr'><strong>tempore.</strong></span> <span class='ocrx_word' id='word_1_220' title='bbox 678 3095 730 3140; x_wconf 91' lang='lat' dir='ltr'><strong>et</strong></span> <span class='ocrx_word' id='word_1_221' title='bbox 774 3095 894 3154; x_wconf 85' lang='lat' dir='ltr'><strong>post</strong></span> <span class='ocrx_word' id='word_1_222' title='bbox 923 3086 1126 3141; x_wconf 84' lang='lat' dir='ltr'><strong>Octavii</strong></span> <span class='ocrx_word' id='word_1_223' title='bbox 1171 3100 1201 3139; x_wconf 88' lang='lat' dir='ltr'><strong>a</strong></span> <span class='ocrx_word' id='word_1_224' title='bbox 1228 3101 1288 3142; x_wconf 86' lang='lat' dir='ltr'><strong>se</strong></span> <span class='ocrx_word' id='word_1_225' title='bbox 1322 3085 1623 3142; x_wconf 82' lang='lat' dir='ltr'><strong>discessum</strong></span> <span class='ocrx_word' id='word_1_226' title='bbox 1655 3087 1706 3141; x_wconf 92' lang='lat' dir='ltr'><strong>in</strong></span> 
     </span>
    </p>
   </div>
   <div class='ocr_carea' id='block_1_32' title="bbox 1817 492 3411 571">
    <p class='ocr_par' dir='ltr' id='par_1_32' title="bbox 1817 492 3411 571">
     <span class='ocr_line' id='line_1_32' title="bbox 1817 492 3411 571; baseline 0.012 -31"><span class='ocrx_word' id='word_1_227' title='bbox 1817 500 2080 544; x_wconf 52' lang='lat' dir='ltr'><strong>accurata:</strong></span> <span class='ocrx_word' id='word_1_228' title='bbox 2109 507 2214 545; x_wconf 90' lang='lat' dir='ltr'><strong>non</strong></span> <span class='ocrx_word' id='word_1_229' title='bbox 2250 492 2516 548; x_wconf 87' lang='lat' dir='ltr'><strong>videnlur.</strong></span> <span class='ocrx_word' id='word_1_230' title='bbox 2581 494 2640 550; x_wconf 82' lang='grc' dir='ltr'><strong>ιιι</strong></span> <span class='ocrx_word' id='word_1_231' title='bbox 2695 499 2863 565; x_wconf 88' lang='lat' dir='ltr'><strong>majus</strong></span> <span class='ocrx_word' id='word_1_232' title='bbox 2901 510 3079 556; x_wconf 82' lang='lat' dir='ltr'><strong>autem</strong></span> <span class='ocrx_word' id='word_1_233' title='bbox 3125 503 3411 571; x_wconf 66' lang='lat' dir='ltr'><strong>legentium</strong></span> 
     </span>
    </p>
   </div>
   <div class='ocr_carea' id='block_1_33' title="bbox 1818 582 3420 664">
    <p class='ocr_par' dir='ltr' id='par_1_33' title="bbox 1818 582 3420 664">
     <span class='ocr_line' id='line_1_33' title="bbox 1818 582 3420 664; baseline 0.012 -30"><span class='ocrx_word' id='word_1_234' title='bbox 1818 582 2159 638; x_wconf 89' lang='lat' dir='ltr'><strong>commodum</strong></span> <span class='ocrx_word' id='word_1_235' title='bbox 2208 593 2347 640; x_wconf 87' lang='lat' dir='ltr'><strong>totus</strong></span> <span class='ocrx_word' id='word_1_236' title='bbox 2402 587 2538 646; x_wconf 77' lang='lat' dir='ltr'><strong>liber</strong></span> <span class='ocrx_word' id='word_1_237' title='bbox 2568 589 2618 643; x_wconf 89' lang='lat' dir='ltr'><strong>in</strong></span> <span class='ocrx_word' id='word_1_238' title='bbox 2650 592 2794 646; x_wconf 89' lang='lat' dir='ltr'><strong>varia</strong></span> <span class='ocrx_word' id='word_1_239' title='bbox 2824 594 2994 663; x_wconf 91' lang='lat' dir='ltr'><strong>capita</strong></span> <span class='ocrx_word' id='word_1_240' title='bbox 3039 605 3214 664; x_wconf 90' lang='lat' dir='ltr'><strong>potest</strong></span> <span class='ocrx_word' id='word_1_241' title='bbox 3260 597 3420 660; x_wconf 82' lang='lat' dir='ltr'><strong>facile</strong></span> 
     </span>
    </p>
   </div>
   <div class='ocr_carea' id='block_1_34' title="bbox 1815 671 2087 744">
    <p class='ocr_par' dir='ltr' id='par_1_34' title="bbox 1815 671 2087 744">
     <span class='ocr_line' id='line_1_34' title="bbox 1815 671 2087 744; baseline 0.011 -19"><span class='ocrx_word' id='word_1_242' title='bbox 1815 671 2087 744; x_wconf 80' lang='lat' dir='ltr'><strong>distingui.</strong></span> 
     </span>
    </p>
   </div>
   <div class='ocr_carea' id='block_1_35' title="bbox 1849 765 3415 844">
    <p class='ocr_par' dir='ltr' id='par_1_35' title="bbox 1849 765 3415 844">
     <span class='ocr_line' id='line_1_35' title="bbox 1849 765 3415 844; baseline 0.011 -25"><span class='ocrx_word' id='word_1_243' title='bbox 1849 765 2062 824; x_wconf 51' lang='lat' dir='ltr'><strong>*Verus</strong></span> <span class='ocrx_word' id='word_1_244' title='bbox 2111 777 2290 824; x_wconf 89' lang='lat' dir='ltr'><strong>autem</strong></span> <span class='ocrx_word' id='word_1_245' title='bbox 2332 779 2384 827; x_wconf 89' lang='lat' dir='ltr'><strong>et</strong></span> <span class='ocrx_word' id='word_1_246' title='bbox 2430 773 2692 842; x_wconf 87' lang='lat' dir='ltr'><strong>genuinus</strong></span> <span class='ocrx_word' id='word_1_247' title='bbox 2725 774 2882 844; x_wconf 89' lang='lat' dir='ltr'><strong>hujus</strong></span> <span class='ocrx_word' id='word_1_248' title='bbox 2931 777 3051 832; x_wconf 91' lang='lat' dir='ltr'><strong>libri</strong></span> <span class='ocrx_word' id='word_1_249' title='bbox 3100 778 3286 836; x_wconf 88' lang='lat' dir='ltr'><strong>titulus</strong></span> <span class='ocrx_word' id='word_1_250' title='bbox 3331 788 3415 836; x_wconf 89' lang='lat' dir='ltr'><strong>est</strong></span> 
     </span>
    </p>
   </div>
   <div class='ocr_carea' id='block_1_36' title="bbox 1818 855 3413 942">
    <p class='ocr_par' dir='ltr' id='par_1_36' title="bbox 1818 855 3413 942">
     <span class='ocr_line' id='line_1_36' title="bbox 1818 855 3413 942; baseline 0.011 -32"><span class='ocrx_word' id='word_1_251' title='bbox 1818 855 2078 922; x_wconf 77' lang='lat' dir='ltr'><strong>Octavius,</strong></span> <span class='ocrx_word' id='word_1_252' title='bbox 2106 877 2266 930; x_wconf 84' lang='lat' dir='ltr'><strong>quem</strong></span> <span class='ocrx_word' id='word_1_253' title='bbox 2320 864 2393 920; x_wconf 93' lang='lat' dir='ltr'><strong>illi</strong></span> <span class='ocrx_word' id='word_1_254' title='bbox 2431 866 2500 919; x_wconf 88' lang='lat' dir='ltr'><strong>ab</strong></span> <span class='ocrx_word' id='word_1_255' title='bbox 2548 867 2779 936; x_wconf 81' lang='lat' dir='ltr'><strong>ipsumet</strong></span> <span class='ocrx_word' id='word_1_256' title='bbox 2821 868 3055 926; x_wconf 82' lang='lat' dir='ltr'><strong>Minucio</strong></span> <span class='ocrx_word' id='word_1_257' title='bbox 3101 873 3413 942; x_wconf 87' lang='lat' dir='ltr'><strong>impositum</strong></span> 
     </span>
    </p>
   </div>
   <div class='ocr_carea' id='block_1_37' title="bbox 1813 950 3412 1026">
    <p class='ocr_par' dir='ltr' id='par_1_37' title="bbox 1813 950 3412 1026">
     <span class='ocr_line' id='line_1_37' title="bbox 1813 950 3412 1026; baseline 0.012 -23"><span class='ocrx_word' id='word_1_258' title='bbox 1813 950 1959 1004; x_wconf 85' lang='lat' dir='ltr'><strong>citati</strong></span> <span class='ocrx_word' id='word_1_259' title='bbox 1987 968 2016 1005; x_wconf 88' lang='lat' dir='ltr'><strong>a</strong></span> <span class='ocrx_word' id='word_1_260' title='bbox 2047 953 2202 1007; x_wconf 89' lang='lat' dir='ltr'><strong>nobis</strong></span> <span class='ocrx_word' id='word_1_261' title='bbox 2231 955 2638 1026; x_wconf 86' lang='lat' dir='ltr'><strong>locupletissimi</strong></span> <span class='ocrx_word' id='word_1_262' title='bbox 2671 970 2836 1015; x_wconf 85' lang='lat' dir='ltr'><strong>testes</strong></span> <span class='ocrx_word' id='word_1_263' title='bbox 2867 961 3176 1018; x_wconf 84' lang='lat' dir='ltr'><strong>Lactantius</strong></span> <span class='ocrx_word' id='word_1_264' title='bbox 3210 976 3263 1020; x_wconf 90' lang='lat' dir='ltr'><strong>et</strong></span> <span class='ocrx_word' id='word_1_265' title='bbox 3289 966 3412 1021; x_wconf 84' lang='lat' dir='ltr'><strong>Ilie-</strong></span> 
     </span>
    </p>
   </div>
   <div class='ocr_carea' id='block_1_38' title="bbox 1813 1048 3415 1120">
    <p class='ocr_par' dir='ltr' id='par_1_38' title="bbox 1813 1048 3415 1120">
     <span class='ocr_line' id='line_1_38' title="bbox 1813 1048 3415 1120; baseline 0.011 -24"><span class='ocrx_word' id='word_1_266' title='bbox 1813 1058 2070 1114; x_wconf 87' lang='lat' dir='ltr'><strong>ronymns</strong></span> <span class='ocrx_word' id='word_1_267' title='bbox 2119 1048 2454 1114; x_wconf 81' lang='lat' dir='ltr'><strong>apertissime</strong></span> <span class='ocrx_word' id='word_1_268' title='bbox 2504 1055 2869 1120; x_wconf 88' lang='lat' dir='ltr'><strong>pronuntiant.</strong></span> <span class='ocrx_word' id='word_1_269' title='bbox 2920 1054 3052 1110; x_wconf 87' lang='lat' dir='ltr'><strong>Eum</strong></span> <span class='ocrx_word' id='word_1_270' title='bbox 3099 1067 3277 1112; x_wconf 88' lang='lat' dir='ltr'><strong>autetn</strong></span> <span class='ocrx_word' id='word_1_271' title='bbox 3316 1058 3415 1114; x_wconf 81' lang='lat' dir='ltr'><strong>Mi-</strong></span> 
     </span>
    </p>
   </div>
   <div class='ocr_carea' id='block_1_39' title="bbox 1814 1138 3413 1220">
    <p class='ocr_par' dir='ltr' id='par_1_39' title="bbox 1814 1138 3413 1220">
     <span class='ocr_line' id='line_1_39' title="bbox 1814 1138 3413 1220; baseline 0.013 -32"><span class='ocrx_word' id='word_1_272' title='bbox 1814 1139 2002 1192; x_wconf 88' lang='lat' dir='ltr'><strong>nucius</strong></span> <span class='ocrx_word' id='word_1_273' title='bbox 2035 1138 2106 1192; x_wconf 89' lang='lat' dir='ltr'><strong>ita</strong></span> <span class='ocrx_word' id='word_1_274' title='bbox 2154 1140 2518 1211; x_wconf 82' lang='lat' dir='ltr'><strong>inscribenda,</strong></span> <span class='ocrx_word' id='word_1_275' title='bbox 2551 1145 2850 1203; x_wconf 83' lang='lat' dir='ltr'><strong>Platonem.</strong></span> <span class='ocrx_word' id='word_1_276' title='bbox 2881 1145 3326 1220; x_wconf 79' lang='lat' dir='ltr'><strong>Ciceronemque,</strong></span> <span class='ocrx_word' id='word_1_277' title='bbox 3357 1162 3413 1214; x_wconf 87' lang='lat' dir='ltr'><strong>et</strong></span> 
     </span>
    </p>
   </div>
   <div class='ocr_carea' id='block_1_40' title="bbox 1811 1229 3411 1315">
    <p class='ocr_par' dir='ltr' id='par_1_40' title="bbox 1811 1229 3411 1315">
     <span class='ocr_line' id='line_1_40' title="bbox 1811 1229 3411 1315; baseline 0.011 -33"><span class='ocrx_word' id='word_1_278' title='bbox 1811 1229 1948 1284; x_wconf 89' lang='lat' dir='ltr'><strong>alios</strong></span> <span class='ocrx_word' id='word_1_279' title='bbox 1995 1232 2236 1301; x_wconf 80' lang='lat' dir='ltr'><strong>imitatus</strong></span> <span class='ocrx_word' id='word_1_280' title='bbox 2281 1237 2500 1304; x_wconf 78' lang='lat' dir='ltr'><strong>eSI,qui</strong></span> <span class='ocrx_word' id='word_1_281' title='bbox 2542 1238 2869 1305; x_wconf 79' lang='lat' dir='ltr'><strong>ejuscemodi</strong></span> <span class='ocrx_word' id='word_1_282' title='bbox 2924 1241 3096 1306; x_wconf 81' lang='lat' dir='ltr'><strong>libris,</strong></span> <span class='ocrx_word' id='word_1_283' title='bbox 3132 1244 3182 1297; x_wconf 90' lang='lat' dir='ltr'><strong>in</strong></span> <span class='ocrx_word' id='word_1_284' title='bbox 3213 1243 3411 1315; x_wconf 78' lang='lat' dir='ltr'><strong>dialogi</strong></span> 
     </span>
    </p>
   </div>
   <div class='ocr_carea' id='block_1_41' title="bbox 1813 1320 3410 1406">
    <p class='ocr_par' dir='ltr' id='par_1_41' title="bbox 1813 1320 3410 1406">
     <span class='ocr_line' id='line_1_41' title="bbox 1813 1320 3410 1406; baseline 0.011 -31"><span class='ocrx_word' id='word_1_285' title='bbox 1813 1320 2040 1376; x_wconf 91' lang='lat' dir='ltr'><strong>formam</strong></span> <span class='ocrx_word' id='word_1_286' title='bbox 2092 1326 2426 1395; x_wconf 87' lang='lat' dir='ltr'><strong>compositis,</strong></span> <span class='ocrx_word' id='word_1_287' title='bbox 2482 1329 2625 1383; x_wconf 90' lang='lat' dir='ltr'><strong>illius</strong></span> <span class='ocrx_word' id='word_1_288' title='bbox 2675 1347 2870 1386; x_wconf 90' lang='lat' dir='ltr'><strong>nomen</strong></span> <span class='ocrx_word' id='word_1_289' title='bbox 2915 1336 3287 1403; x_wconf 73' lang='lat' dir='ltr'><strong>prtulixerunt,</strong></span> <span class='ocrx_word' id='word_1_290' title='bbox 3317 1337 3410 1406; x_wconf 88' lang='lat' dir='ltr'><strong>qui</strong></span> 
     </span>
    </p>
   </div>
   <div class='ocr_carea' id='block_1_42' title="bbox 1813 1418 3397 1491">
    <p class='ocr_par' dir='ltr' id='par_1_42' title="bbox 1813 1418 3397 1491">
     <span class='ocr_line' id='line_1_42' title="bbox 1813 1418 3397 1491; baseline 0.009 -22"><span class='ocrx_word' id='word_1_291' title='bbox 1813 1418 2106 1487; x_wconf 75' lang='lat' dir='ltr'><strong>praecipuas</strong></span> <span class='ocrx_word' id='word_1_292' title='bbox 2138 1419 2188 1473; x_wconf 92' lang='lat' dir='ltr'><strong>in</strong></span> <span class='ocrx_word' id='word_1_293' title='bbox 2211 1421 2290 1474; x_wconf 91' lang='lat' dir='ltr'><strong>eis</strong></span> <span class='ocrx_word' id='word_1_294' title='bbox 2307 1422 2414 1491; x_wconf 84' lang='lat' dir='ltr'><strong>agit</strong></span> <span class='ocrx_word' id='word_1_295' title='bbox 2449 1431 2643 1485; x_wconf 83' lang='lat' dir='ltr'><strong>partes.</strong></span> <span class='ocrx_word' id='word_1_296' title='bbox 2670 1423 2814 1478; x_wconf 89' lang='lat' dir='ltr'><strong>Talis</strong></span> <span class='ocrx_word' id='word_1_297' title='bbox 2845 1435 3020 1480; x_wconf 89' lang='lat' dir='ltr'><strong>autem</strong></span> <span class='ocrx_word' id='word_1_298' title='bbox 3047 1428 3096 1480; x_wconf 88' lang='lat' dir='ltr'><strong>itt</strong></span> <span class='ocrx_word' id='word_1_299' title='bbox 3127 1427 3228 1483; x_wconf 90' lang='lat' dir='ltr'><strong>hoc</strong></span> <span class='ocrx_word' id='word_1_300' title='bbox 3258 1429 3397 1484; x_wconf 89' lang='lat' dir='ltr'><strong>libro</strong></span> 
     </span>
    </p>
   </div>
   <div class='ocr_carea' id='block_1_43' title="bbox 1812 1509 3408 1586">
    <p class='ocr_par' dir='ltr' id='par_1_43' title="bbox 1812 1509 3408 1586">
     <span class='ocr_line' id='line_1_43' title="bbox 1812 1509 3408 1586; baseline 0.008 -22"><span class='ocrx_word' id='word_1_301' title='bbox 1812 1509 2065 1567; x_wconf 81' lang='lat' dir='ltr'><strong>Octavius</strong></span> <span class='ocrx_word' id='word_1_302' title='bbox 2114 1525 2547 1582; x_wconf 64' lang='lat' dir='ltr'><strong>reprmsentatur,</strong></span> <span class='ocrx_word' id='word_1_303' title='bbox 2579 1517 2668 1586; x_wconf 92' lang='lat' dir='ltr'><strong>qui</strong></span> <span class='ocrx_word' id='word_1_304' title='bbox 2710 1517 2778 1572; x_wconf 87' lang='lat' dir='ltr'><strong>de</strong></span> <span class='ocrx_word' id='word_1_305' title='bbox 2833 1532 2931 1572; x_wconf 91' lang='lat' dir='ltr'><strong>suo</strong></span> <span class='ocrx_word' id='word_1_306' title='bbox 2963 1520 3292 1582; x_wconf 84' lang='lat' dir='ltr'><strong>adversario.</strong></span> <span class='ocrx_word' id='word_1_307' title='bbox 3326 1522 3408 1576; x_wconf 88' lang='lat' dir='ltr'><strong>ni-</strong></span> 
     </span>
    </p>
   </div>
   <div class='ocr_carea' id='block_1_44' title="bbox 1813 1605 3408 1681">
    <p class='ocr_par' dir='ltr' id='par_1_44' title="bbox 1813 1605 3408 1681">
     <span class='ocr_line' id='line_1_44' title="bbox 1813 1605 3408 1681; baseline 0.008 -23"><span class='ocrx_word' id='word_1_308' title='bbox 1813 1605 2010 1660; x_wconf 91' lang='lat' dir='ltr'><strong>mirttm</strong></span> <span class='ocrx_word' id='word_1_309' title='bbox 2060 1607 2317 1673; x_wconf 76' lang='lat' dir='ltr'><strong>Ctecilio,</strong></span> <span class='ocrx_word' id='word_1_310' title='bbox 2366 1610 2737 1678; x_wconf 78' lang='lat' dir='ltr'><strong>triumphavit,</strong></span> <span class='ocrx_word' id='word_1_311' title='bbox 2780 1627 2952 1681; x_wconf 88' lang='lat' dir='ltr'><strong>eoque</strong></span> <span class='ocrx_word' id='word_1_312' title='bbox 2990 1616 3202 1669; x_wconf 89' lang='lat' dir='ltr'><strong>tandem</strong></span> <span class='ocrx_word' id='word_1_313' title='bbox 3259 1616 3408 1671; x_wconf 89' lang='lat' dir='ltr'><strong>illum</strong></span> 
     </span>
    </p>
   </div>
   <div class='ocr_carea' id='block_1_45' title="bbox 1811 1697 3406 1777">
    <p class='ocr_par' dir='ltr' id='par_1_45' title="bbox 1811 1697 3406 1777">
     <span class='ocr_line' id='line_1_45' title="bbox 1811 1697 3406 1777; baseline 0.008 -27"><span class='ocrx_word' id='word_1_314' title='bbox 1811 1697 2012 1766; x_wconf 85' lang='lat' dir='ltr'><strong>adegit,</strong></span> <span class='ocrx_word' id='word_1_315' title='bbox 2049 1707 2103 1752; x_wconf 92' lang='lat' dir='ltr'><strong>ut</strong></span> <span class='ocrx_word' id='word_1_316' title='bbox 2133 1714 2292 1768; x_wconf 87' lang='lat' dir='ltr'><strong>quam</strong></span> <span class='ocrx_word' id='word_1_317' title='bbox 2327 1700 2670 1770; x_wconf 85' lang='lat' dir='ltr'><strong>impugnabat</strong></span> <span class='ocrx_word' id='word_1_318' title='bbox 2697 1702 3046 1759; x_wconf 73' lang='lat' dir='ltr'><strong>christianum</strong></span> <span class='ocrx_word' id='word_1_319' title='bbox 3072 1707 3406 1777; x_wconf 76' lang='lat' dir='ltr'><strong>religionem,</strong></span> 
     </span>
    </p>
   </div>
   <div class='ocr_carea' id='block_1_46' title="bbox 1736 1791 3412 1866">
    <p class='ocr_par' dir='ltr' id='par_1_46' title="bbox 1736 1791 3412 1866">
     <span class='ocr_line' id='line_1_46' title="bbox 1736 1791 3412 1866; baseline 0.007 -22"><span class='ocrx_word' id='word_1_320' title='bbox 1736 1791 1786 1856; x_wconf 82' lang='lat' dir='ltr'><strong>B</strong></span> <span class='ocrx_word' id='word_1_321' title='bbox 1815 1805 1994 1845; x_wconf 80' lang='lat' dir='ltr'><strong>veram</strong></span> <span class='ocrx_word' id='word_1_322' title='bbox 2063 1806 2184 1846; x_wconf 79' lang='lat' dir='ltr'><strong>esse</strong></span> <span class='ocrx_word' id='word_1_323' title='bbox 2229 1805 2582 1861; x_wconf 85' lang='lat' dir='ltr'><strong>agnosceret,</strong></span> <span class='ocrx_word' id='word_1_324' title='bbox 2637 1795 2892 1866; x_wconf 88' lang='lat' dir='ltr'><strong>illamque</strong></span> <span class='ocrx_word' id='word_1_325' title='bbox 2953 1799 3238 1858; x_wconf 76' lang='lat' dir='ltr'><strong>confestim</strong></span> <span class='ocrx_word' id='word_1_326' title='bbox 3296 1815 3412 1855; x_wconf 88' lang='lat' dir='ltr'><strong>am-</strong></span> 
     </span>
    </p>
   </div>
   <div class='ocr_carea' id='block_1_47' title="bbox 1816 1882 2140 1950">
    <p class='ocr_par' dir='ltr' id='par_1_47' title="bbox 1816 1882 2140 1950">
     <span class='ocr_line' id='line_1_47' title="bbox 1816 1882 2140 1950; baseline 0.003 -14"><span class='ocrx_word' id='word_1_327' title='bbox 1816 1882 2140 1950; x_wconf 80' lang='lat' dir='ltr'><strong>plexarelur.</strong></span> 
     </span>
    </p>
   </div>
   <div class='ocr_carea' id='block_1_48' title="bbox 1886 1976 3410 2054">
    <p class='ocr_par' dir='ltr' id='par_1_48' title="bbox 1886 1976 3410 2054">
     <span class='ocr_line' id='line_1_48' title="bbox 1886 1976 3410 2054; baseline 0.007 -24"><span class='ocrx_word' id='word_1_328' title='bbox 1886 1976 2001 2031; x_wconf 79' lang='lat' dir='ltr'><strong>Non</strong></span> <span class='ocrx_word' id='word_1_329' title='bbox 2052 1977 2190 2032; x_wconf 90' lang='lat' dir='ltr'><strong>alius</strong></span> <span class='ocrx_word' id='word_1_330' title='bbox 2237 1993 2398 2048; x_wconf 88' lang='lat' dir='ltr'><strong>porro</strong></span> <span class='ocrx_word' id='word_1_331' title='bbox 2427 1978 2642 2040; x_wconf 82' lang='lat' dir='ltr'><strong>Minucii</strong></span> <span class='ocrx_word' id='word_1_332' title='bbox 2681 1989 2793 2036; x_wconf 86' lang='lat' dir='ltr'><strong>toto</strong></span> <span class='ocrx_word' id='word_1_333' title='bbox 2823 1980 2926 2036; x_wconf 85' lang='lat' dir='ltr'><strong>hoc</strong></span> <span class='ocrx_word' id='word_1_334' title='bbox 2955 1981 3006 2038; x_wconf 92' lang='lat' dir='ltr'><strong>in</strong></span> <span class='ocrx_word' id='word_1_335' title='bbox 3031 1983 3170 2040; x_wconf 86' lang='lat' dir='ltr'><strong>libro</strong></span> <span class='ocrx_word' id='word_1_336' title='bbox 3191 1999 3410 2054; x_wconf 87' lang='lat' dir='ltr'><strong>scopus,</strong></span> 
     </span>
    </p>
   </div>
   <div class='ocr_carea' id='block_1_49' title="bbox 1817 2067 3407 2147">
    <p class='ocr_par' dir='ltr' id='par_1_49' title="bbox 1817 2067 3407 2147">
     <span class='ocr_line' id='line_1_49' title="bbox 1817 2067 3407 2147; baseline 0.008 -27"><span class='ocrx_word' id='word_1_337' title='bbox 1817 2067 2043 2136; x_wconf 88' lang='lat' dir='ltr'><strong>finisque</strong></span> <span class='ocrx_word' id='word_1_338' title='bbox 2071 2068 2192 2136; x_wconf 88' lang='lat' dir='ltr'><strong>fuit,</strong></span> <span class='ocrx_word' id='word_1_339' title='bbox 2221 2085 2381 2139; x_wconf 89' lang='lat' dir='ltr'><strong>quam</strong></span> <span class='ocrx_word' id='word_1_340' title='bbox 2416 2080 2472 2130; x_wconf 87' lang='lat' dir='ltr'><strong>ut</strong></span> <span class='ocrx_word' id='word_1_341' title='bbox 2522 2071 2807 2132; x_wconf 74' lang='lat' dir='ltr'><strong>falsitatem</strong></span> <span class='ocrx_word' id='word_1_342' title='bbox 2843 2073 3074 2139; x_wconf 65' lang='lat' dir='ltr'><strong>ethnicae</strong></span> <span class='ocrx_word' id='word_1_343' title='bbox 3115 2077 3407 2147; x_wconf 73' lang='lat' dir='ltr'><strong>religionis,</strong></span> 
     </span>
    </p>
   </div>
   <div class='ocr_carea' id='block_1_50' title="bbox 1813 2162 3412 2237">
    <p class='ocr_par' dir='ltr' id='par_1_50' title="bbox 1813 2162 3412 2237">
     <span class='ocr_line' id='line_1_50' title="bbox 1813 2162 3412 2237; baseline 0.008 -22"><span class='ocrx_word' id='word_1_344' title='bbox 1813 2170 1867 2215; x_wconf 90' lang='lat' dir='ltr'><strong>et</strong></span> <span class='ocrx_word' id='word_1_345' title='bbox 1897 2162 2204 2219; x_wconf 58' lang='lat' dir='ltr'><strong>christiana</strong></span> <span class='ocrx_word' id='word_1_346' title='bbox 2248 2165 2528 2220; x_wconf 75' lang='lat' dir='ltr'><strong>veritatem</strong></span> <span class='ocrx_word' id='word_1_347' title='bbox 2557 2165 2972 2228; x_wconf 82' lang='lat' dir='ltr'><strong>demonstraret.</strong></span> <span class='ocrx_word' id='word_1_348' title='bbox 2999 2169 3108 2230; x_wconf 74' lang='lat' dir='ltr'><strong>Sed</strong></span> <span class='ocrx_word' id='word_1_349' title='bbox 3145 2172 3266 2237; x_wconf 85' lang='lat' dir='ltr'><strong>quia</strong></span> <span class='ocrx_word' id='word_1_350' title='bbox 3296 2171 3412 2228; x_wconf 69' lang='lat' dir='ltr'><strong>haec</strong></span> 
     </span>
    </p>
   </div>
   <div class='ocr_carea' id='block_1_51' title="bbox 1813 2251 3410 2332">
    <p class='ocr_par' dir='ltr' id='par_1_51' title="bbox 1813 2251 3410 2332">
     <span class='ocr_line' id='line_1_51' title="bbox 1813 2251 3410 2332; baseline 0.008 -26"><span class='ocrx_word' id='word_1_351' title='bbox 1813 2251 2203 2309; x_wconf 79' lang='lat' dir='ltr'><strong>demonstratio</strong></span> <span class='ocrx_word' id='word_1_352' title='bbox 2259 2257 2422 2313; x_wconf 86' lang='lat' dir='ltr'><strong>variis</strong></span> <span class='ocrx_word' id='word_1_353' title='bbox 2469 2261 2824 2327; x_wconf 73' lang='lat' dir='ltr'><strong>argumentis,</strong></span> <span class='ocrx_word' id='word_1_354' title='bbox 2875 2260 3211 2332; x_wconf 81' lang='lat' dir='ltr'><strong>diversisque</strong></span> <span class='ocrx_word' id='word_1_355' title='bbox 3235 2263 3410 2318; x_wconf 87' lang='lat' dir='ltr'><strong>modis</strong></span> 
     </span>
    </p>
   </div>
   <div class='ocr_carea' id='block_1_52' title="bbox 1814 2344 3412 2422">
    <p class='ocr_par' dir='ltr' id='par_1_52' title="bbox 1814 2344 3412 2422">
     <span class='ocr_line' id='line_1_52' title="bbox 1814 2344 3412 2422; baseline 0.009 -26"><span class='ocrx_word' id='word_1_356' title='bbox 1814 2344 1926 2398; x_wconf 79' lang='lat' dir='ltr'><strong>fieri</strong></span> <span class='ocrx_word' id='word_1_357' title='bbox 1953 2355 2148 2413; x_wconf 80' lang='lat' dir='ltr'><strong>potest,</strong></span> <span class='ocrx_word' id='word_1_358' title='bbox 2171 2346 2430 2403; x_wconf 88' lang='lat' dir='ltr'><strong>Minucius</strong></span> <span class='ocrx_word' id='word_1_359' title='bbox 2454 2349 2508 2403; x_wconf 89' lang='lat' dir='ltr'><strong>in</strong></span> <span class='ocrx_word' id='word_1_360' title='bbox 2535 2365 2594 2406; x_wconf 90' lang='lat' dir='ltr'><strong>se</strong></span> <span class='ocrx_word' id='word_1_361' title='bbox 2622 2351 2895 2420; x_wconf 75' lang='lat' dir='ltr'><strong>dumtaxat</strong></span> <span class='ocrx_word' id='word_1_362' title='bbox 2928 2354 3260 2422; x_wconf 76' lang='lat' dir='ltr'><strong>probandum</strong></span> <span class='ocrx_word' id='word_1_363' title='bbox 3293 2371 3412 2410; x_wconf 69' lang='lat' dir='ltr'><strong>suso</strong></span> 
     </span>
    </p>
   </div>
   <div class='ocr_carea' id='block_1_53' title="bbox 1811 2437 3408 2516">
    <p class='ocr_par' dir='ltr' id='par_1_53' title="bbox 1811 2437 3408 2516">
     <span class='ocr_line' id='line_1_53' title="bbox 1811 2437 3408 2516; baseline 0.01 -28"><span class='ocrx_word' id='word_1_364' title='bbox 1811 2437 1952 2505; x_wconf 84' lang='lat' dir='ltr'><strong>cepit</strong></span> <span class='ocrx_word' id='word_1_365' title='bbox 2001 2437 2164 2492; x_wconf 85' lang='lat' dir='ltr'><strong>falsos</strong></span> <span class='ocrx_word' id='word_1_366' title='bbox 2207 2443 2714 2512; x_wconf 75' lang='lat' dir='ltr'><strong>commentitiostjue</strong></span> <span class='ocrx_word' id='word_1_367' title='bbox 2763 2459 2886 2500; x_wconf 84' lang='lat' dir='ltr'><strong>esse</strong></span> <span class='ocrx_word' id='word_1_368' title='bbox 2922 2447 3206 2516; x_wconf 71' lang='lat' dir='ltr'><strong>gentilium</strong></span> <span class='ocrx_word' id='word_1_369' title='bbox 3256 2450 3408 2514; x_wconf 86' lang='lat' dir='ltr'><strong>deos,</strong></span> 
     </span>
    </p>
   </div>
   <div class='ocr_carea' id='block_1_54' title="bbox 1812 2531 3413 2606">
    <p class='ocr_par' dir='ltr' id='par_1_54' title="bbox 1812 2531 3413 2606">
     <span class='ocr_line' id='line_1_54' title="bbox 1812 2531 3413 2606; baseline 0.008 -22"><span class='ocrx_word' id='word_1_370' title='bbox 1812 2531 2006 2600; x_wconf 90' lang='lat' dir='ltr'><strong>impios</strong></span> <span class='ocrx_word' id='word_1_371' title='bbox 2055 2533 2275 2588; x_wconf 91' lang='lat' dir='ltr'><strong>omnino</strong></span> <span class='ocrx_word' id='word_1_372' title='bbox 2315 2543 2370 2588; x_wconf 92' lang='lat' dir='ltr'><strong>et</strong></span> <span class='ocrx_word' id='word_1_373' title='bbox 2418 2534 2682 2590; x_wconf 85' lang='lat' dir='ltr'><strong>absurdos</strong></span> <span class='ocrx_word' id='word_1_374' title='bbox 2722 2537 2933 2592; x_wconf 88' lang='lat' dir='ltr'><strong>illorum</strong></span> <span class='ocrx_word' id='word_1_375' title='bbox 2981 2540 3196 2606; x_wconf 81' lang='lat' dir='ltr'><strong>cultus,</strong></span> <span class='ocrx_word' id='word_1_376' title='bbox 3245 2556 3413 2597; x_wconf 90' lang='lat' dir='ltr'><strong>unum</strong></span> 
     </span>
    </p>
   </div>
   <div class='ocr_carea' id='block_1_55' title="bbox 1814 2626 3412 2699">
    <p class='ocr_par' dir='ltr' id='par_1_55' title="bbox 1814 2626 3412 2699">
     <span class='ocr_line' id='line_1_55' title="bbox 1814 2626 3412 2699; baseline 0.006 -22"><span class='ocrx_word' id='word_1_377' title='bbox 1814 2627 2184 2678; x_wconf 90' lang='lat' dir='ltr'><strong>tantummodo</strong></span> <span class='ocrx_word' id='word_1_378' title='bbox 2229 2640 2349 2681; x_wconf 82' lang='lat' dir='ltr'><strong>esse</strong></span> <span class='ocrx_word' id='word_1_379' title='bbox 2383 2626 2570 2693; x_wconf 83' lang='lat' dir='ltr'><strong>Deum,</strong></span> <span class='ocrx_word' id='word_1_380' title='bbox 2601 2629 2796 2697; x_wconf 79' lang='lat' dir='ltr'><strong>ubique</strong></span> <span class='ocrx_word' id='word_1_381' title='bbox 2823 2642 3165 2699; x_wconf 67' lang='lat' dir='ltr'><strong>prwsetttettt,</strong></span> <span class='ocrx_word' id='word_1_382' title='bbox 3194 2643 3249 2690; x_wconf 87' lang='lat' dir='ltr'><strong>et</strong></span> <span class='ocrx_word' id='word_1_383' title='bbox 3291 2649 3412 2687; x_wconf 90' lang='lat' dir='ltr'><strong>om-</strong></span> 
     </span>
    </p>
   </div>
   <div class='ocr_carea' id='block_1_56' title="bbox 1814 2715 3414 2795">
    <p class='ocr_par' dir='ltr' id='par_1_56' title="bbox 1814 2715 3414 2795">
     <span class='ocr_line' id='line_1_56' title="bbox 1814 2715 3414 2795; baseline 0.009 -29"><span class='ocrx_word' id='word_1_384' title='bbox 1814 2715 1970 2767; x_wconf 88' lang='lat' dir='ltr'><strong>nibus</strong></span> <span class='ocrx_word' id='word_1_385' title='bbox 1996 2729 2061 2769; x_wconf 89' lang='lat' dir='ltr'><strong>ac</strong></span> <span class='ocrx_word' id='word_1_386' title='bbox 2107 2716 2331 2786; x_wconf 79' lang='lat' dir='ltr'><strong>singulis</strong></span> <span class='ocrx_word' id='word_1_387' title='bbox 2358 2719 2768 2788; x_wconf 82' lang='lat' dir='ltr'><strong>providentem;</strong></span> <span class='ocrx_word' id='word_1_388' title='bbox 2798 2732 3036 2790; x_wconf 73' lang='lat' dir='ltr'><strong>sane-tos,</strong></span> <span class='ocrx_word' id='word_1_389' title='bbox 3072 2724 3414 2795; x_wconf 72' lang='lat' dir='ltr'><strong>illibatosque</strong></span> 
     </span>
    </p>
   </div>
   <div class='ocr_carea' id='block_1_57' title="bbox 1813 2805 3416 2880">
    <p class='ocr_par' dir='ltr' id='par_1_57' title="bbox 1813 2805 3416 2880">
     <span class='ocr_line' id='line_1_57' title="bbox 1813 2805 3416 2880; baseline 0.006 -20"><span class='ocrx_word' id='word_1_390' title='bbox 1813 2805 2241 2860; x_wconf 86' lang='lat' dir='ltr'><strong>Christianorum</strong></span> <span class='ocrx_word' id='word_1_391' title='bbox 2283 2823 2464 2863; x_wconf 90' lang='lat' dir='ltr'><strong>mores</strong></span> <span class='ocrx_word' id='word_1_392' title='bbox 2499 2820 2553 2865; x_wconf 92' lang='lat' dir='ltr'><strong>et</strong></span> <span class='ocrx_word' id='word_1_393' title='bbox 2597 2823 2916 2876; x_wconf 83' lang='lat' dir='ltr'><strong>conventus,</strong></span> <span class='ocrx_word' id='word_1_394' title='bbox 2951 2813 3197 2874; x_wconf 81' lang='lat' dir='ltr'><strong>ethnicos</strong></span> <span class='ocrx_word' id='word_1_395' title='bbox 3225 2832 3416 2880; x_wconf 81' lang='lat' dir='ltr'><strong>eorum</strong></span> 
     </span>
    </p>
   </div>
   <div class='ocr_carea' id='block_1_58' title="bbox 1811 2898 3412 2972">
    <p class='ocr_par' dir='ltr' id='par_1_58' title="bbox 1811 2898 3412 2972">
     <span class='ocr_line' id='line_1_58' title="bbox 1811 2898 3412 2972; baseline 0.005 -18"><span class='ocrx_word' id='word_1_396' title='bbox 1811 2898 2094 2954; x_wconf 90' lang='lat' dir='ltr'><strong>criminum</strong></span> <span class='ocrx_word' id='word_1_397' title='bbox 2127 2916 2246 2954; x_wconf 89' lang='lat' dir='ltr'><strong>reos</strong></span> <span class='ocrx_word' id='word_1_398' title='bbox 2295 2917 2436 2966; x_wconf 89' lang='lat' dir='ltr'><strong>esse,</strong></span> <span class='ocrx_word' id='word_1_399' title='bbox 2465 2919 2692 2972; x_wconf 86' lang='lat' dir='ltr'><strong>quorum</strong></span> <span class='ocrx_word' id='word_1_400' title='bbox 2725 2906 2856 2960; x_wconf 87' lang='lat' dir='ltr'><strong>falso</strong></span> <span class='ocrx_word' id='word_1_401' title='bbox 2885 2908 3213 2962; x_wconf 84' lang='lat' dir='ltr'><strong>accusabant</strong></span> <span class='ocrx_word' id='word_1_402' title='bbox 3251 2909 3412 2964; x_wconf 89' lang='lat' dir='ltr'><strong>Chri-</strong></span> 
     </span>
    </p>
   </div>
   <div class='ocr_carea' id='block_1_59' title="bbox 1811 2991 3415 3070">
    <p class='ocr_par' dir='ltr' id='par_1_59' title="bbox 1811 2991 3415 3070">
     <span class='ocr_line' id='line_1_59' title="bbox 1811 2991 3415 3070; baseline 0.009 -26"><span class='ocrx_word' id='word_1_403' title='bbox 1811 2991 2034 3056; x_wconf 90' lang='lat' dir='ltr'><strong>stianos,</strong></span> <span class='ocrx_word' id='word_1_404' title='bbox 2056 3008 2297 3062; x_wconf 87' lang='lat' dir='ltr'><strong>quosque</strong></span> <span class='ocrx_word' id='word_1_405' title='bbox 2324 3007 2512 3050; x_wconf 86' lang='lat' dir='ltr'><strong>contra</strong></span> <span class='ocrx_word' id='word_1_406' title='bbox 2531 2997 2621 3066; x_wconf 88' lang='lat' dir='ltr'><strong>jus</strong></span> <span class='ocrx_word' id='word_1_407' title='bbox 2643 3013 2802 3052; x_wconf 71' lang='lat' dir='ltr'><strong>omne</strong></span> <span class='ocrx_word' id='word_1_408' title='bbox 2822 3009 2872 3054; x_wconf 89' lang='lat' dir='ltr'><strong>et</strong></span> <span class='ocrx_word' id='word_1_409' title='bbox 2905 2999 2982 3055; x_wconf 86' lang='lat' dir='ltr'><strong>fas</strong></span> <span class='ocrx_word' id='word_1_410' title='bbox 3015 3011 3230 3069; x_wconf 81' lang='lat' dir='ltr'><strong>propter</strong></span> <span class='ocrx_word' id='word_1_411' title='bbox 3256 3017 3415 3070; x_wconf 83' lang='lat' dir='ltr'><strong>suum</strong></span> 
     </span>
    </p>
   </div>
   <div class='ocr_carea' id='block_1_60' title="bbox 1811 3083 3416 3162">
    <p class='ocr_par' dir='ltr' id='par_1_60' title="bbox 1811 3083 3416 3162">
     <span class='ocr_line' id='line_1_60' title="bbox 1811 3083 3416 3162; baseline 0.004 -26"><span class='ocrx_word' id='word_1_412' title='bbox 1811 3083 1984 3138; x_wconf 88' lang='lat' dir='ltr'><strong>solum</strong></span> <span class='ocrx_word' id='word_1_413' title='bbox 2042 3099 2239 3139; x_wconf 88' lang='lat' dir='ltr'><strong>nomen</strong></span> <span class='ocrx_word' id='word_1_414' title='bbox 2286 3085 2527 3154; x_wconf 87' lang='lat' dir='ltr'><strong>quolibet</strong></span> <span class='ocrx_word' id='word_1_415' title='bbox 2581 3087 2858 3144; x_wconf 87' lang='lat' dir='ltr'><strong>dirissimo</strong></span> <span class='ocrx_word' id='word_1_416' title='bbox 2899 3090 3286 3160; x_wconf 76' lang='lat' dir='ltr'><strong>suppliciorum</strong></span> <span class='ocrx_word' id='word_1_417' title='bbox 3322 3109 3416 3162; x_wconf 43' lang='lat' dir='ltr'><strong>ge.</strong></span> 
     </span>
    </p>
   </div>
   <div class='ocr_carea' id='block_1_61' title="bbox 96 3175 3416 3253">
    <p class='ocr_par' dir='ltr' id='par_1_61' title="bbox 96 3175 3416 3253">
     <span class='ocr_line' id='line_1_61' title="bbox 96 3175 3416 3253; baseline 0.009 -44"><span class='ocrx_word' id='word_1_418' title='bbox 96 3175 274 3244; x_wconf 53' lang='lat' dir='ltr'><strong>huc,</strong></span> <span class='ocrx_word' id='word_1_419' title='bbox 305 3195 468 3248; x_wconf 64' lang='lat' dir='ltr'><strong>quam</strong></span> <span class='ocrx_word' id='word_1_420' title='bbox 519 3180 782 3247; x_wconf 49' lang='lat' dir='ltr'><strong>videmus,</strong></span> <span class='ocrx_word' id='word_1_421' title='bbox 818 3181 940 3234; x_wconf 63' lang='lat' dir='ltr'><strong>“bri</strong></span> <span class='ocrx_word' id='word_1_422' title='bbox 992 3180 1218 3234; x_wconf 67' lang='lat' dir='ltr'><strong>forma&quot;.</strong></span> <span class='ocrx_word' id='word_1_423' title='bbox 1242 3195 1300 3235; x_wconf 73' lang='lat' dir='ltr'><strong>se</strong></span> <span class='ocrx_word' id='word_1_424' title='bbox 1326 3181 1598 3251; x_wconf 58' lang='lat' dir='ltr'><strong>redegisse</strong></span> <span class='ocrx_word' id='word_1_425' title='bbox 1627 3190 1702 3236; x_wconf 75' lang='lat' dir='ltr'><strong>te-</strong></span> <span class='ocrx_word' id='word_1_426' title='bbox 1731 3179 1776 3243; x_wconf 73' lang='grc' dir='ltr'><strong>ρ</strong></span> <span class='ocrx_word' id='word_1_427' title='bbox 1813 3190 1944 3230; x_wconf 89' lang='lat' dir='ltr'><strong>nere</strong></span> <span class='ocrx_word' id='word_1_428' title='bbox 1972 3176 2428 3240; x_wconf 76' lang='lat' dir='ltr'><strong>exettrnificabant</strong></span> <span class='ocrx_word' id='word_1_429' title='bbox 2454 3188 2509 3232; x_wconf 85' lang='lat' dir='ltr'><strong>et</strong></span> <span class='ocrx_word' id='word_1_430' title='bbox 2540 3178 2899 3246; x_wconf 83' lang='lat' dir='ltr'><strong>trucidabant.</strong></span> <span class='ocrx_word' id='word_1_431' title='bbox 2930 3184 3060 3249; x_wconf 64' lang='lat' dir='ltr'><strong>Quae</strong></span> <span class='ocrx_word' id='word_1_432' title='bbox 3099 3183 3316 3253; x_wconf 75' lang='lat' dir='ltr'><strong>quidem</strong></span> <span class='ocrx_word' id='word_1_433' title='bbox 3345 3184 3416 3240; x_wconf 87' lang='lat' dir='ltr'><strong>ah</strong></span> 
     </span>
    </p>
   </div>
   <div class='ocr_carea' id='block_1_62' title="bbox 88 3272 1705 3344">
    <p class='ocr_par' dir='ltr' id='par_1_62' title="bbox 88 3272 1705 3344">
     <span class='ocr_line' id='line_1_62' title="bbox 88 3272 1705 3344; baseline 0.002 -19"><span class='ocrx_word' id='word_1_434' title='bbox 88 3272 386 3328; x_wconf 81' lang='lat' dir='ltr'><strong>stilieetur.</strong></span> <span class='ocrx_word' id='word_1_435' title='bbox 421 3272 691 3329; x_wconf 71' lang='lat' dir='ltr'><strong>Praeterea</strong></span> <span class='ocrx_word' id='word_1_436' title='bbox 733 3272 876 3328; x_wconf 87' lang='lat' dir='ltr'><strong>idem</strong></span> <span class='ocrx_word' id='word_1_437' title='bbox 907 3273 1060 3341; x_wconf 87' lang='lat' dir='ltr'><strong>plane</strong></span> <span class='ocrx_word' id='word_1_438' title='bbox 1085 3283 1166 3326; x_wconf 83' lang='lat' dir='ltr'><strong>cst</strong></span> <span class='ocrx_word' id='word_1_439' title='bbox 1195 3275 1357 3328; x_wconf 91' lang='lat' dir='ltr'><strong>totius</strong></span> <span class='ocrx_word' id='word_1_440' title='bbox 1396 3275 1554 3344; x_wconf 82' lang='lat' dir='ltr'><strong>hujus</strong></span> <span class='ocrx_word' id='word_1_441' title='bbox 1584 3273 1705 3329; x_wconf 87' lang='lat' dir='ltr'><strong>libri</strong></span> 
     </span>
    </p>
   </div>
   <div class='ocr_carea' id='block_1_63' title="bbox 82 3363 1706 3435">
    <p class='ocr_par' dir='ltr' id='par_1_63' title="bbox 82 3363 1706 3435">
     <span class='ocr_line' id='line_1_63' title="bbox 82 3363 1706 3435; baseline 0.001 -17"><span class='ocrx_word' id='word_1_442' title='bbox 82 3364 288 3434; x_wconf 71' lang='lat' dir='ltr'><strong>styltrs.</strong></span> <span class='ocrx_word' id='word_1_443' title='bbox 340 3364 478 3432; x_wconf 85' lang='lat' dir='ltr'><strong>Quis</strong></span> <span class='ocrx_word' id='word_1_444' title='bbox 521 3374 702 3418; x_wconf 85' lang='lat' dir='ltr'><strong>autem</strong></span> <span class='ocrx_word' id='word_1_445' title='bbox 749 3363 907 3419; x_wconf 82' lang='lat' dir='ltr'><strong>facile</strong></span> <span class='ocrx_word' id='word_1_446' title='bbox 959 3365 1192 3433; x_wconf 87' lang='lat' dir='ltr'><strong>patietur</strong></span> <span class='ocrx_word' id='word_1_447' title='bbox 1239 3365 1342 3419; x_wconf 89' lang='lat' dir='ltr'><strong>sibi</strong></span> <span class='ocrx_word' id='word_1_448' title='bbox 1393 3365 1706 3435; x_wconf 85' lang='lat' dir='ltr'><strong>persuaderi</strong></span> 
     </span>
    </p>
   </div>
   <div class='ocr_carea' id='block_1_64' title="bbox 80 3456 1706 3528">
    <p class='ocr_par' dir='ltr' id='par_1_64' title="bbox 80 3456 1706 3528">
     <span class='ocr_line' id='line_1_64' title="bbox 80 3456 1706 3528; baseline 0 -16"><span class='ocrx_word' id='word_1_449' title='bbox 80 3456 372 3514; x_wconf 73' lang='lat' dir='ltr'><strong>Caecilium</strong></span> <span class='ocrx_word' id='word_1_450' title='bbox 404 3467 463 3512; x_wconf 87' lang='lat' dir='ltr'><strong>et</strong></span> <span class='ocrx_word' id='word_1_451' title='bbox 489 3456 790 3513; x_wconf 87' lang='lat' dir='ltr'><strong>Octavium.</strong></span> <span class='ocrx_word' id='word_1_452' title='bbox 824 3472 889 3512; x_wconf 79' lang='lat' dir='ltr'><strong>ex</strong></span> <span class='ocrx_word' id='word_1_453' title='bbox 932 3467 1175 3526; x_wconf 87' lang='lat' dir='ltr'><strong>tempore</strong></span> <span class='ocrx_word' id='word_1_454' title='bbox 1212 3457 1570 3528; x_wconf 88' lang='lat' dir='ltr'><strong>disputantes,</strong></span> <span class='ocrx_word' id='word_1_455' title='bbox 1611 3471 1706 3512; x_wconf 83' lang='lat' dir='ltr'><strong>eo-</strong></span> 
     </span>
    </p>
   </div>
   <div class='ocr_carea' id='block_1_65' title="bbox 80 3548 1707 3618">
    <p class='ocr_par' dir='ltr' id='par_1_65' title="bbox 80 3548 1707 3618">
     <span class='ocr_line' id='line_1_65' title="bbox 80 3548 1707 3618; baseline 0.001 -14"><span class='ocrx_word' id='word_1_456' title='bbox 80 3548 202 3604; x_wconf 84' lang='lat' dir='ltr'><strong>dem</strong></span> <span class='ocrx_word' id='word_1_457' title='bbox 269 3564 508 3618; x_wconf 80' lang='lat' dir='ltr'><strong>prorsus</strong></span> <span class='ocrx_word' id='word_1_458' title='bbox 569 3550 731 3604; x_wconf 88' lang='lat' dir='ltr'><strong>modo</strong></span> <span class='ocrx_word' id='word_1_459' title='bbox 783 3563 904 3605; x_wconf 84' lang='lat' dir='ltr'><strong>esse</strong></span> <span class='ocrx_word' id='word_1_460' title='bbox 968 3550 1217 3605; x_wconf 84' lang='lat' dir='ltr'><strong>locutos?</strong></span> <span class='ocrx_word' id='word_1_461' title='bbox 1270 3550 1352 3605; x_wconf 85' lang='lat' dir='ltr'><strong>Ad</strong></span> <span class='ocrx_word' id='word_1_462' title='bbox 1409 3550 1525 3606; x_wconf 74' lang='lat' dir='ltr'><strong>htec</strong></span> <span class='ocrx_word' id='word_1_463' title='bbox 1574 3564 1707 3606; x_wconf 85' lang='lat' dir='ltr'><strong>vero</strong></span> 
     </span>
    </p>
   </div>
   <div class='ocr_carea' id='block_1_66' title="bbox 80 3639 1709 3710">
    <p class='ocr_par' dir='ltr' id='par_1_66' title="bbox 80 3639 1709 3710">
     <span class='ocr_line' id='line_1_66' title="bbox 80 3639 1709 3710; baseline 0.004 -18"><span class='ocrx_word' id='word_1_464' title='bbox 80 3639 224 3695; x_wconf 83' lang='lat' dir='ltr'><strong>idem</strong></span> <span class='ocrx_word' id='word_1_465' title='bbox 257 3656 494 3710; x_wconf 78' lang='lat' dir='ltr'><strong>quoque</strong></span> <span class='ocrx_word' id='word_1_466' title='bbox 529 3653 613 3696; x_wconf 75' lang='lat' dir='ltr'><strong>eat</strong></span> <span class='ocrx_word' id='word_1_467' title='bbox 650 3641 704 3696; x_wconf 87' lang='lat' dir='ltr'><strong>itt</strong></span> <span class='ocrx_word' id='word_1_468' title='bbox 746 3640 1060 3710; x_wconf 71' lang='lat' dir='ltr'><strong>prtefatione</strong></span> <span class='ocrx_word' id='word_1_469' title='bbox 1102 3643 1225 3698; x_wconf 89' lang='lat' dir='ltr'><strong>huic</strong></span> <span class='ocrx_word' id='word_1_470' title='bbox 1250 3642 1709 3710; x_wconf 73' lang='lat' dir='ltr'><strong>distuttationi,ah</strong></span> 
     </span>
    </p>
   </div>
   <div class='ocr_carea' id='block_1_67' title="bbox 85 3732 1704 3803">
    <p class='ocr_par' dir='ltr' id='par_1_67' title="bbox 85 3732 1704 3803">
     <span class='ocr_line' id='line_1_67' title="bbox 85 3732 1704 3803; baseline 0.002 -18"><span class='ocrx_word' id='word_1_471' title='bbox 85 3732 322 3801; x_wconf 78' lang='lat' dir='ltr'><strong>ipsumet</strong></span> <span class='ocrx_word' id='word_1_472' title='bbox 378 3733 618 3789; x_wconf 68' lang='lat' dir='ltr'><strong>Minucio</strong></span> <span class='ocrx_word' id='word_1_473' title='bbox 673 3734 998 3803; x_wconf 66' lang='lat' dir='ltr'><strong>praeposita,</strong></span> <span class='ocrx_word' id='word_1_474' title='bbox 1047 3750 1109 3788; x_wconf 89' lang='lat' dir='ltr'><strong>ac</strong></span> <span class='ocrx_word' id='word_1_475' title='bbox 1152 3743 1265 3790; x_wconf 89' lang='lat' dir='ltr'><strong>toto</strong></span> <span class='ocrx_word' id='word_1_476' title='bbox 1313 3735 1364 3788; x_wconf 87' lang='lat' dir='ltr'><strong>itt</strong></span> <span class='ocrx_word' id='word_1_477' title='bbox 1397 3735 1535 3790; x_wconf 87' lang='lat' dir='ltr'><strong>libro</strong></span> <span class='ocrx_word' id='word_1_478' title='bbox 1584 3749 1704 3789; x_wconf 85' lang='lat' dir='ltr'><strong>mo-</strong></span> 
     </span>
    </p>
   </div>
   <div class='ocr_carea' id='block_1_68' title="bbox 87 3826 1705 3899">
    <p class='ocr_par' dir='ltr' id='par_1_68' title="bbox 87 3826 1705 3899">
     <span class='ocr_line' id='line_1_68' title="bbox 87 3826 1705 3899; baseline 0.004 -18"><span class='ocrx_word' id='word_1_479' title='bbox 87 3826 500 3899; x_wconf 75' lang='lat' dir='ltr'><strong>dusJoqnendi</strong></span> <span class='ocrx_word' id='word_1_480' title='bbox 532 3870 546 3894; x_wconf 93' lang='lat'><strong>,</strong></span> <span class='ocrx_word' id='word_1_481' title='bbox 589 3829 887 3898; x_wconf 77' lang='lat' dir='ltr'><strong>eademque</strong></span> <span class='ocrx_word' id='word_1_482' title='bbox 927 3830 1142 3885; x_wconf 89' lang='lat' dir='ltr'><strong>dicendi</strong></span> <span class='ocrx_word' id='word_1_483' title='bbox 1174 3831 1327 3885; x_wconf 91' lang='lat' dir='ltr'><strong>ratio.</strong></span> <span class='ocrx_word' id='word_1_484' title='bbox 1359 3829 1467 3886; x_wconf 82' lang='lat' dir='ltr'><strong>Sed</strong></span> <span class='ocrx_word' id='word_1_485' title='bbox 1498 3832 1645 3886; x_wconf 89' lang='lat' dir='ltr'><strong>illum</strong></span> <span class='ocrx_word' id='word_1_486' title='bbox 1675 3848 1705 3888; x_wconf 68' lang='grc' dir='ltr'><strong>ι</strong></span> 
     </span>
    </p>
   </div>
   <div class='ocr_carea' id='block_1_69' title="bbox 88 3916 1704 3996">
    <p class='ocr_par' dir='ltr' id='par_1_69' title="bbox 88 3916 1704 3996">
     <span class='ocr_line' id='line_1_69' title="bbox 88 3916 1704 3996; baseline 0.004 -25"><span class='ocrx_word' id='word_1_487' title='bbox 88 3916 326 3974; x_wconf 70' lang='lat' dir='ltr'><strong>Minucio</strong></span> <span class='ocrx_word' id='word_1_488' title='bbox 379 3919 692 3976; x_wconf 84' lang='lat' dir='ltr'><strong>confectum</strong></span> <span class='ocrx_word' id='word_1_489' title='bbox 739 3920 772 3972; x_wconf 89' lang='lat' dir='ltr'><strong>ii</strong></span> <span class='ocrx_word' id='word_1_490' title='bbox 811 3919 966 3996; x_wconf 87' lang='lat' dir='ltr'><strong>longe</strong></span> <span class='ocrx_word' id='word_1_491' title='bbox 1007 3921 1214 3975; x_wconf 77' lang='lat' dir='ltr'><strong>facilius</strong></span> <span class='ocrx_word' id='word_1_492' title='bbox 1256 3922 1575 3985; x_wconf 77' lang='lat' dir='ltr'><strong>concedent,</strong></span> <span class='ocrx_word' id='word_1_493' title='bbox 1615 3924 1704 3992; x_wconf 89' lang='lat' dir='ltr'><strong>qui</strong></span> 
     </span>
    </p>
   </div>
   <div class='ocr_carea' id='block_1_70' title="bbox 87 4009 1704 4080">
    <p class='ocr_par' dir='ltr' id='par_1_70' title="bbox 87 4009 1704 4080">
     <span class='ocr_line' id='line_1_70' title="bbox 87 4009 1704 4080; baseline -0.001 -10"><span class='ocrx_word' id='word_1_494' title='bbox 87 4009 372 4070; x_wconf 65' lang='lat' dir='ltr'><strong>(Ia-cilium</strong></span> <span class='ocrx_word' id='word_1_495' title='bbox 398 4022 458 4068; x_wconf 85' lang='lat' dir='ltr'><strong>et</strong></span> <span class='ocrx_word' id='word_1_496' title='bbox 485 4012 760 4070; x_wconf 86' lang='lat' dir='ltr'><strong>Octavium</strong></span> <span class='ocrx_word' id='word_1_497' title='bbox 789 4021 1104 4080; x_wconf 82' lang='lat' dir='ltr'><strong>personatos</strong></span> <span class='ocrx_word' id='word_1_498' title='bbox 1134 4012 1376 4070; x_wconf 85' lang='lat' dir='ltr'><strong>homines</strong></span> <span class='ocrx_word' id='word_1_499' title='bbox 1427 4013 1590 4070; x_wconf 84' lang='lat' dir='ltr'><strong>fuisse</strong></span> <span class='ocrx_word' id='word_1_500' title='bbox 1617 4030 1704 4069; x_wconf 86' lang='lat' dir='ltr'><strong>ar-</strong></span> 
     </span>
    </p>
   </div>
   <div class='ocr_carea' id='block_1_71' title="bbox 89 4100 385 4162">
    <p class='ocr_par' dir='ltr' id='par_1_71' title="bbox 89 4100 385 4162">
     <span class='ocr_line' id='line_1_71' title="bbox 89 4100 385 4162; baseline 0.007 -6"><span class='ocrx_word' id='word_1_501' title='bbox 89 4100 385 4162; x_wconf 81' lang='lat' dir='ltr'><strong>hitrantur.</strong></span> 
     </span>
    </p>
   </div>
   <div class='ocr_carea' id='block_1_72' title="bbox 157 4195 1712 4268">
    <p class='ocr_par' dir='ltr' id='par_1_72' title="bbox 157 4195 1712 4268">
     <span class='ocr_line' id='line_1_72' title="bbox 157 4195 1712 4268; baseline 0.003 -17"><span class='ocrx_word' id='word_1_502' title='bbox 157 4195 377 4254; x_wconf 80' lang='lat' dir='ltr'><strong>Omnes</strong></span> <span class='ocrx_word' id='word_1_503' title='bbox 407 4214 567 4266; x_wconf 83' lang='lat' dir='ltr'><strong>porro</strong></span> <span class='ocrx_word' id='word_1_504' title='bbox 615 4213 810 4267; x_wconf 88' lang='lat' dir='ltr'><strong>magno</strong></span> <span class='ocrx_word' id='word_1_505' title='bbox 838 4198 992 4268; x_wconf 86' lang='lat' dir='ltr'><strong>plane</strong></span> <span class='ocrx_word' id='word_1_506' title='bbox 1021 4214 1307 4266; x_wconf 87' lang='lat' dir='ltr'><strong>consensu,</strong></span> <span class='ocrx_word' id='word_1_507' title='bbox 1343 4213 1556 4268; x_wconf 90' lang='lat' dir='ltr'><strong>unaque</strong></span> <span class='ocrx_word' id='word_1_508' title='bbox 1578 4213 1712 4256; x_wconf 88' lang='lat' dir='ltr'><strong>voce</strong></span> 
     </span>
    </p>
   </div>
   <div class='ocr_carea' id='block_1_73' title="bbox 98 4286 1712 4361">
    <p class='ocr_par' dir='ltr' id='par_1_73' title="bbox 98 4286 1712 4361">
     <span class='ocr_line' id='line_1_73' title="bbox 98 4286 1712 4361; baseline 0.006 -23"><span class='ocrx_word' id='word_1_509' title='bbox 98 4286 365 4352; x_wconf 83' lang='lat' dir='ltr'><strong>fatentur,</strong></span> <span class='ocrx_word' id='word_1_510' title='bbox 398 4288 610 4343; x_wconf 78' lang='lat' dir='ltr'><strong>Minucii</strong></span> <span class='ocrx_word' id='word_1_511' title='bbox 653 4289 708 4342; x_wconf 92' lang='lat' dir='ltr'><strong>in</strong></span> <span class='ocrx_word' id='word_1_512' title='bbox 758 4290 858 4342; x_wconf 88' lang='lat' dir='ltr'><strong>hoc</strong></span> <span class='ocrx_word' id='word_1_513' title='bbox 891 4289 1110 4360; x_wconf 84' lang='lat' dir='ltr'><strong>Dialogo</strong></span> <span class='ocrx_word' id='word_1_514' title='bbox 1147 4290 1359 4346; x_wconf 90' lang='lat' dir='ltr'><strong>dicendi</strong></span> <span class='ocrx_word' id='word_1_515' title='bbox 1391 4306 1560 4361; x_wconf 85' lang='lat' dir='ltr'><strong>genus</strong></span> <span class='ocrx_word' id='word_1_516' title='bbox 1589 4305 1712 4349; x_wconf 83' lang='lat' dir='ltr'><strong>esse</strong></span> 
     </span>
    </p>
   </div>
   <div class='ocr_carea' id='block_1_74' title="bbox 103 4381 1708 4450">
    <p class='ocr_par' dir='ltr' id='par_1_74' title="bbox 103 4381 1708 4450">
     <span class='ocr_line' id='line_1_74' title="bbox 103 4381 1708 4450; baseline 0.001 -18"><span class='ocrx_word' id='word_1_517' title='bbox 103 4393 302 4446; x_wconf 69' lang='lat' dir='ltr'><strong>grave.</strong></span> <span class='ocrx_word' id='word_1_518' title='bbox 327 4391 588 4449; x_wconf 79' lang='lat' dir='ltr'><strong>argutum,</strong></span> <span class='ocrx_word' id='word_1_519' title='bbox 639 4381 883 4450; x_wconf 86' lang='lat' dir='ltr'><strong>elegans,</strong></span> <span class='ocrx_word' id='word_1_520' title='bbox 915 4383 1136 4450; x_wconf 89' lang='lat' dir='ltr'><strong>politum</strong></span> <span class='ocrx_word' id='word_1_521' title='bbox 1159 4426 1172 4445; x_wconf 95' lang='lat'><strong>,</strong></span> <span class='ocrx_word' id='word_1_522' title='bbox 1226 4398 1370 4449; x_wconf 79' lang='lat' dir='ltr'><strong>acrc,</strong></span> <span class='ocrx_word' id='word_1_523' title='bbox 1395 4385 1708 4450; x_wconf 73' lang='lat' dir='ltr'><strong>vehemens,</strong></span> 
     </span>
    </p>
   </div>
   <div class='ocr_carea' id='block_1_75' title="bbox 111 4474 1712 4545">
    <p class='ocr_par' dir='ltr' id='par_1_75' title="bbox 111 4474 1712 4545">
     <span class='ocr_line' id='line_1_75' title="bbox 111 4474 1712 4545; baseline 0.004 -23"><span class='ocrx_word' id='word_1_524' title='bbox 111 4486 409 4542; x_wconf 73' lang='lat' dir='ltr'><strong>pressum,</strong></span> <span class='ocrx_word' id='word_1_525' title='bbox 441 4474 730 4540; x_wconf 83' lang='lat' dir='ltr'><strong>concisum,</strong></span> <span class='ocrx_word' id='word_1_526' title='bbox 761 4474 1030 4542; x_wconf 73' lang='lat' dir='ltr'><strong>pra-claris</strong></span> <span class='ocrx_word' id='word_1_527' title='bbox 1054 4474 1410 4545; x_wconf 83' lang='lat' dir='ltr'><strong>gravibusque</strong></span> <span class='ocrx_word' id='word_1_528' title='bbox 1431 4475 1712 4534; x_wconf 86' lang='lat' dir='ltr'><strong>sententiis</strong></span> 
     </span>
    </p>
   </div>
   <div class='ocr_carea' id='block_1_76' title="bbox 1809 3271 3414 3342">
    <p class='ocr_par' dir='ltr' id='par_1_76' title="bbox 1809 3271 3414 3342">
     <span class='ocr_line' id='line_1_76' title="bbox 1809 3271 3414 3342; baseline 0.005 -18"><span class='ocrx_word' id='word_1_529' title='bbox 1809 3285 1875 3324; x_wconf 89' lang='lat' dir='ltr'><strong>eo</strong></span> <span class='ocrx_word' id='word_1_530' title='bbox 1931 3271 2015 3324; x_wconf 87' lang='lat' dir='ltr'><strong>vel</strong></span> <span class='ocrx_word' id='word_1_531' title='bbox 2054 3271 2404 3340; x_wconf 75' lang='lat' dir='ltr'><strong>argumentis,</strong></span> <span class='ocrx_word' id='word_1_532' title='bbox 2451 3278 2508 3328; x_wconf 90' lang='lat' dir='ltr'><strong>ut</strong></span> <span class='ocrx_word' id='word_1_533' title='bbox 2554 3271 2738 3338; x_wconf 81' lang='lat' dir='ltr'><strong>aiunt,</strong></span> <span class='ocrx_word' id='word_1_534' title='bbox 2769 3272 2838 3332; x_wconf 83' lang='lat' dir='ltr'><strong>ad</strong></span> <span class='ocrx_word' id='word_1_535' title='bbox 2870 3273 3287 3340; x_wconf 83' lang='lat' dir='ltr'><strong>hominctn,hoc</strong></span> <span class='ocrx_word' id='word_1_536' title='bbox 3307 3285 3414 3342; x_wconf 83' lang='lat' dir='ltr'><strong>est.</strong></span> 
     </span>
    </p>
   </div>
   <div class='ocr_carea' id='block_1_77' title="bbox 1815 3360 3418 3436">
    <p class='ocr_par' dir='ltr' id='par_1_77' title="bbox 1815 3360 3418 3436">
     <span class='ocr_line' id='line_1_77' title="bbox 1815 3360 3418 3436; baseline 0.004 -22"><span class='ocrx_word' id='word_1_537' title='bbox 1815 3360 2154 3418; x_wconf 88' lang='lat' dir='ltr'><strong>ethnicorum</strong></span> <span class='ocrx_word' id='word_1_538' title='bbox 2211 3362 2563 3432; x_wconf 89' lang='lat' dir='ltr'><strong>ipsorummet</strong></span> <span class='ocrx_word' id='word_1_539' title='bbox 2593 3366 2916 3435; x_wconf 84' lang='lat' dir='ltr'><strong>scriptorum</strong></span> <span class='ocrx_word' id='word_1_540' title='bbox 2973 3366 3302 3434; x_wconf 75' lang='lat' dir='ltr'><strong>teatituonio,</strong></span> <span class='ocrx_word' id='word_1_541' title='bbox 3331 3365 3418 3436; x_wconf 73' lang='lat' dir='ltr'><strong>vel</strong></span> 
     </span>
    </p>
   </div>
   <div class='ocr_carea' id='block_1_78' title="bbox 1807 3451 3414 3529">
    <p class='ocr_par' dir='ltr' id='par_1_78' title="bbox 1807 3451 3414 3529">
     <span class='ocr_line' id='line_1_78' title="bbox 1807 3451 3414 3529; baseline 0.004 -22"><span class='ocrx_word' id='word_1_542' title='bbox 1807 3451 1927 3507; x_wconf 86' lang='lat' dir='ltr'><strong>aliis</strong></span> <span class='ocrx_word' id='word_1_543' title='bbox 1955 3454 2024 3507; x_wconf 90' lang='lat' dir='ltr'><strong>ab</strong></span> <span class='ocrx_word' id='word_1_544' title='bbox 2065 3455 2177 3524; x_wconf 70' lang='lat' dir='ltr'><strong>ipsa</strong></span> <span class='ocrx_word' id='word_1_545' title='bbox 2208 3457 2436 3509; x_wconf 91' lang='lat' dir='ltr'><strong>naturali</strong></span> <span class='ocrx_word' id='word_1_546' title='bbox 2480 3457 2692 3511; x_wconf 86' lang='lat' dir='ltr'><strong>ratione</strong></span> <span class='ocrx_word' id='word_1_547' title='bbox 2719 3467 2772 3510; x_wconf 91' lang='lat' dir='ltr'><strong>et</strong></span> <span class='ocrx_word' id='word_1_548' title='bbox 2814 3457 3066 3528; x_wconf 66' lang='lat' dir='ltr'><strong>aequitate</strong></span> <span class='ocrx_word' id='word_1_549' title='bbox 3099 3461 3298 3529; x_wconf 87' lang='lat' dir='ltr'><strong>petitis,</strong></span> <span class='ocrx_word' id='word_1_550' title='bbox 3329 3461 3414 3516; x_wconf 85' lang='lat' dir='ltr'><strong>itt-</strong></span> 
     </span>
    </p>
   </div>
   <div class='ocr_carea' id='block_1_79' title="bbox 1810 3548 2448 3617">
    <p class='ocr_par' dir='ltr' id='par_1_79' title="bbox 1810 3548 2448 3617">
     <span class='ocr_line' id='line_1_79' title="bbox 1810 3548 2448 3617; baseline 0.002 -16"><span class='ocrx_word' id='word_1_551' title='bbox 1810 3548 2105 3603; x_wconf 83' lang='lat' dir='ltr'><strong>victissime</strong></span> <span class='ocrx_word' id='word_1_552' title='bbox 2131 3549 2448 3617; x_wconf 88' lang='lat' dir='ltr'><strong>probantur.</strong></span> 
     </span>
    </p>
   </div>
   <div class='ocr_carea' id='block_1_80' title="bbox 1881 3639 3421 3718">
    <p class='ocr_par' dir='ltr' id='par_1_80' title="bbox 1881 3639 3421 3718">
     <span class='ocr_line' id='line_1_80' title="bbox 1881 3639 3421 3718; baseline 0.008 -24"><span class='ocrx_word' id='word_1_553' title='bbox 1881 3639 1953 3694; x_wconf 83' lang='lat' dir='ltr'><strong>At</strong></span> <span class='ocrx_word' id='word_1_554' title='bbox 1979 3641 2020 3694; x_wconf 90' lang='lat' dir='ltr'><strong>si</strong></span> <span class='ocrx_word' id='word_1_555' title='bbox 2051 3656 2139 3694; x_wconf 87' lang='lat' dir='ltr'><strong>res</strong></span> <span class='ocrx_word' id='word_1_556' title='bbox 2170 3643 2236 3694; x_wconf 91' lang='lat' dir='ltr'><strong>ita</strong></span> <span class='ocrx_word' id='word_1_557' title='bbox 2266 3656 2324 3696; x_wconf 89' lang='lat' dir='ltr'><strong>se</strong></span> <span class='ocrx_word' id='word_1_558' title='bbox 2353 3641 2565 3705; x_wconf 83' lang='lat' dir='ltr'><strong>habeat,</strong></span> <span class='ocrx_word' id='word_1_559' title='bbox 2593 3657 2718 3714; x_wconf 89' lang='lat' dir='ltr'><strong>qua,</strong></span> <span class='ocrx_word' id='word_1_560' title='bbox 2741 3644 2945 3714; x_wconf 88' lang='lat' dir='ltr'><strong>inquiet</strong></span> <span class='ocrx_word' id='word_1_561' title='bbox 2971 3645 3186 3718; x_wconf 80' lang='lat' dir='ltr'><strong>aliquis,</strong></span> <span class='ocrx_word' id='word_1_562' title='bbox 3210 3649 3421 3707; x_wconf 79' lang='lat' dir='ltr'><strong>ratione</strong></span> 
     </span>
    </p>
   </div>
   <div class='ocr_carea' id='block_1_81' title="bbox 1809 3729 3420 3797">
    <p class='ocr_par' dir='ltr' id='par_1_81' title="bbox 1809 3729 3420 3797">
     <span class='ocr_line' id='line_1_81' title="bbox 1809 3729 3420 3797; baseline 0.009 -14"><span class='ocrx_word' id='word_1_563' title='bbox 1809 3729 2122 3784; x_wconf 86' lang='lat' dir='ltr'><strong>Lactantius</strong></span> <span class='ocrx_word' id='word_1_564' title='bbox 2154 3731 2442 3786; x_wconf 86' lang='lat' dir='ltr'><strong>Minucium</strong></span> <span class='ocrx_word' id='word_1_565' title='bbox 2487 3745 2730 3788; x_wconf 88' lang='lat' dir='ltr'><strong>nostrum</strong></span> <span class='ocrx_word' id='word_1_566' title='bbox 2758 3750 2820 3791; x_wconf 85' lang='lat' dir='ltr'><strong>ex</strong></span> <span class='ocrx_word' id='word_1_567' title='bbox 2854 3736 2934 3791; x_wconf 92' lang='lat' dir='ltr'><strong>his</strong></span> <span class='ocrx_word' id='word_1_568' title='bbox 2972 3737 3284 3796; x_wconf 66' lang='lat' dir='ltr'><strong>Christianae</strong></span> <span class='ocrx_word' id='word_1_569' title='bbox 3331 3757 3420 3797; x_wconf 85' lang='lat' dir='ltr'><strong>re-</strong></span> 
     </span>
    </p>
   </div>
   <div class='ocr_carea' id='block_1_82' title="bbox 1811 3821 3416 3898">
    <p class='ocr_par' dir='ltr' id='par_1_82' title="bbox 1811 3821 3416 3898">
     <span class='ocr_line' id='line_1_82' title="bbox 1811 3821 3416 3898; baseline 0.006 -23"><span class='ocrx_word' id='word_1_570' title='bbox 1811 3821 2024 3890; x_wconf 80' lang='lat' dir='ltr'><strong>ligionis</strong></span> <span class='ocrx_word' id='word_1_571' title='bbox 2055 3822 2432 3880; x_wconf 82' lang='lat' dir='ltr'><strong>defensoribus</strong></span> <span class='ocrx_word' id='word_1_572' title='bbox 2464 3842 2629 3880; x_wconf 87' lang='lat' dir='ltr'><strong>unum</strong></span> <span class='ocrx_word' id='word_1_573' title='bbox 2673 3841 2792 3882; x_wconf 90' lang='lat' dir='ltr'><strong>esse</strong></span> <span class='ocrx_word' id='word_1_574' title='bbox 2837 3827 2988 3891; x_wconf 89' lang='lat' dir='ltr'><strong>dicit,</strong></span> <span class='ocrx_word' id='word_1_575' title='bbox 3044 3831 3135 3898; x_wconf 86' lang='lat' dir='ltr'><strong>qui</strong></span> <span class='ocrx_word' id='word_1_576' title='bbox 3170 3848 3189 3884; x_wconf 74' lang='grc' dir='ltr'>ί</span> <span class='ocrx_word' id='word_1_577' title='bbox 3227 3832 3416 3886; x_wconf 88' lang='lat' dir='ltr'><strong>defen-</strong></span> 
     </span>
    </p>
   </div>
   <div class='ocr_carea' id='block_1_83' title="bbox 1811 3913 3417 3992">
    <p class='ocr_par' dir='ltr' id='par_1_83' title="bbox 1811 3913 3417 3992">
     <span class='ocr_line' id='line_1_83' title="bbox 1811 3913 3417 3992; baseline 0.004 -23"><span class='ocrx_word' id='word_1_578' title='bbox 1811 3913 1949 3969; x_wconf 92' lang='lat' dir='ltr'><strong>sioni</strong></span> <span class='ocrx_word' id='word_1_579' title='bbox 2000 3915 2119 3984; x_wconf 88' lang='lat' dir='ltr'><strong>ejus</strong></span> <span class='ocrx_word' id='word_1_580' title='bbox 2162 3930 2269 3970; x_wconf 88' lang='lat' dir='ltr'><strong>non</strong></span> <span class='ocrx_word' id='word_1_581' title='bbox 2311 3917 2678 3973; x_wconf 80' lang='lat' dir='ltr'><strong>suffecerunt?</strong></span> <span class='ocrx_word' id='word_1_582' title='bbox 2708 3935 2727 3970; x_wconf 75' lang='grc' dir='ltr'><strong>ι</strong></span> <span class='ocrx_word' id='word_1_583' title='bbox 2766 3917 3031 3992; x_wconf 76' lang='lat' dir='ltr'><strong>(Lactant.</strong></span> <span class='ocrx_word' id='word_1_584' title='bbox 3066 3919 3155 3975; x_wconf 85' lang='lat' dir='ltr'><strong>lib.</strong></span> <span class='ocrx_word' id='word_1_585' title='bbox 3185 3937 3216 3974; x_wconf 89' lang='lat' dir='ltr'><strong>v</strong></span> <span class='ocrx_word' id='word_1_586' title='bbox 3240 3920 3417 3982; x_wconf 82' lang='lat' dir='ltr'><strong>Divin.</strong></span> 
     </span>
    </p>
   </div>
   <div class='ocr_carea' id='block_1_84' title="bbox 1812 4005 3417 4081">
    <p class='ocr_par' dir='ltr' id='par_1_84' title="bbox 1812 4005 3417 4081">
     <span class='ocr_line' id='line_1_84' title="bbox 1812 4005 3417 4081; baseline 0.006 -21"><span class='ocrx_word' id='word_1_587' title='bbox 1812 4005 1989 4060; x_wconf 83' lang='lat' dir='ltr'><strong>Instit.</strong></span> <span class='ocrx_word' id='word_1_588' title='bbox 2032 4023 2150 4078; x_wconf 82' lang='lat' dir='ltr'><strong>cap.</strong></span> <span class='ocrx_word' id='word_1_589' title='bbox 2184 4009 2206 4064; x_wconf 83' lang='lat' dir='ltr'><strong>l</strong></span> <span class='ocrx_word' id='word_1_590' title='bbox 2242 4007 2283 4081; x_wconf 95' lang='lat'><strong>).</strong></span> <span class='ocrx_word' id='word_1_591' title='bbox 2315 4009 2426 4064; x_wconf 91' lang='lat' dir='ltr'><strong>Cur</strong></span> <span class='ocrx_word' id='word_1_592' title='bbox 2471 4013 2632 4065; x_wconf 90' lang='lat' dir='ltr'><strong>etiam</strong></span> <span class='ocrx_word' id='word_1_593' title='bbox 2661 4009 2802 4066; x_wconf 85' lang='lat' dir='ltr'><strong>haud</strong></span> <span class='ocrx_word' id='word_1_594' title='bbox 2832 4011 3142 4067; x_wconf 87' lang='lat' dir='ltr'><strong>dubitanter</strong></span> <span class='ocrx_word' id='word_1_595' title='bbox 3197 4028 3417 4070; x_wconf 78' lang='lat' dir='ltr'><strong>aSscve-</strong></span> 
     </span>
    </p>
   </div>
   <div class='ocr_carea' id='block_1_85' title="bbox 1812 4099 3418 4174">
    <p class='ocr_par' dir='ltr' id='par_1_85' title="bbox 1812 4099 3418 4174">
     <span class='ocr_line' id='line_1_85' title="bbox 1812 4099 3418 4174; baseline 0.005 -22"><span class='ocrx_word' id='word_1_596' title='bbox 1812 4106 1894 4152; x_wconf 86' lang='lat' dir='ltr'><strong>rat</strong></span> <span class='ocrx_word' id='word_1_597' title='bbox 1921 4099 2021 4152; x_wconf 91' lang='lat' dir='ltr'><strong>hoc</strong></span> <span class='ocrx_word' id='word_1_598' title='bbox 2067 4099 2209 4153; x_wconf 89' lang='lat' dir='ltr'><strong>illius</strong></span> <span class='ocrx_word' id='word_1_599' title='bbox 2251 4114 2416 4168; x_wconf 91' lang='lat' dir='ltr'><strong>opere</strong></span> <span class='ocrx_word' id='word_1_600' title='bbox 2443 4102 2703 4162; x_wconf 84' lang='lat' dir='ltr'><strong>declarari</strong></span> <span class='ocrx_word' id='word_1_601' title='bbox 2727 4119 2746 4152; x_wconf 86' lang='grc'><em>‹</em></span> <span class='ocrx_word' id='word_1_602' title='bbox 2780 4117 2940 4174; x_wconf 90' lang='lat' dir='ltr'><strong>quam</strong></span> <span class='ocrx_word' id='word_1_603' title='bbox 2971 4101 3197 4160; x_wconf 85' lang='lat' dir='ltr'><strong>idoneus</strong></span> <span class='ocrx_word' id='word_1_604' title='bbox 3221 4104 3418 4160; x_wconf 88' lang='lat' dir='ltr'><strong>verita-</strong></span> 
     </span>
    </p>
   </div>
   <div class='ocr_carea' id='block_1_86' title="bbox 1815 4190 3417 4257">
    <p class='ocr_par' dir='ltr' id='par_1_86' title="bbox 1815 4190 3417 4257">
     <span class='ocr_line' id='line_1_86' title="bbox 1815 4190 3417 4257; baseline 0.004 -15"><span class='ocrx_word' id='word_1_605' title='bbox 1815 4191 1882 4244; x_wconf 93' lang='lat' dir='ltr'><strong>tis</strong></span> <span class='ocrx_word' id='word_1_606' title='bbox 1912 4203 2150 4244; x_wconf 89' lang='lat' dir='ltr'><strong>asscrtor</strong></span> <span class='ocrx_word' id='word_1_607' title='bbox 2181 4190 2389 4257; x_wconf 82' lang='lat' dir='ltr'><strong>fuisset,</strong></span> <span class='ocrx_word' id='word_1_608' title='bbox 2422 4193 2469 4247; x_wconf 91' lang='lat' dir='ltr'><strong>si</strong></span> <span class='ocrx_word' id='word_1_609' title='bbox 2523 4208 2582 4248; x_wconf 89' lang='lat' dir='ltr'><strong>se</strong></span> <span class='ocrx_word' id='word_1_610' title='bbox 2615 4202 2784 4246; x_wconf 90' lang='lat' dir='ltr'><strong>totum</strong></span> <span class='ocrx_word' id='word_1_611' title='bbox 2825 4195 2892 4247; x_wconf 88' lang='lat' dir='ltr'><strong>ad</strong></span> <span class='ocrx_word' id='word_1_612' title='bbox 2919 4195 2969 4248; x_wconf 86' lang='lat' dir='ltr'><strong>id</strong></span> <span class='ocrx_word' id='word_1_613' title='bbox 3001 4194 3235 4250; x_wconf 79' lang='lat' dir='ltr'><strong>Studium</strong></span> <span class='ocrx_word' id='word_1_614' title='bbox 3283 4211 3417 4252; x_wconf 57' lang='lat' dir='ltr'><strong>con.</strong></span> 
     </span>
    </p>
   </div>
   <div class='ocr_carea' id='block_1_87' title="bbox 1816 4282 3420 4358">
    <p class='ocr_par' dir='ltr' id='par_1_87' title="bbox 1816 4282 3420 4358">
     <span class='ocr_line' id='line_1_87' title="bbox 1816 4282 3420 4358; baseline 0.006 -20"><span class='ocrx_word' id='word_1_615' title='bbox 1816 4283 2079 4338; x_wconf 75' lang='lat' dir='ltr'><strong>tulisset?</strong></span> <span class='ocrx_word' id='word_1_616' title='bbox 2115 4302 2134 4334; x_wconf 74' lang='grc' dir='ltr'><strong>ι</strong></span> <span class='ocrx_word' id='word_1_617' title='bbox 2181 4282 2368 4338; x_wconf 85' lang='lat' dir='ltr'><strong>Nonne</strong></span> <span class='ocrx_word' id='word_1_618' title='bbox 2421 4285 2502 4338; x_wconf 90' lang='lat' dir='ltr'><strong>his</strong></span> <span class='ocrx_word' id='word_1_619' title='bbox 2529 4285 2707 4339; x_wconf 80' lang='lat' dir='ltr'><strong>verbis</strong></span> <span class='ocrx_word' id='word_1_620' title='bbox 2737 4286 2866 4339; x_wconf 85' lang='lat' dir='ltr'><strong>satis</strong></span> <span class='ocrx_word' id='word_1_621' title='bbox 2912 4295 3097 4354; x_wconf 82' lang='lat' dir='ltr'><strong>aperte</strong></span> <span class='ocrx_word' id='word_1_622' title='bbox 3151 4288 3420 4358; x_wconf 78' lang='lat' dir='ltr'><strong>significat</strong></span> 
     </span>
    </p>
   </div>
   <div class='ocr_carea' id='block_1_88' title="bbox 1816 4372 3418 4450">
    <p class='ocr_par' dir='ltr' id='par_1_88' title="bbox 1816 4372 3418 4450">
     <span class='ocr_line' id='line_1_88' title="bbox 1816 4372 3418 4450; baseline 0.007 -24"><span class='ocrx_word' id='word_1_623' title='bbox 1816 4372 1918 4426; x_wconf 87' lang='lat' dir='ltr'><strong>hoc</strong></span> <span class='ocrx_word' id='word_1_624' title='bbox 1947 4382 2324 4444; x_wconf 88' lang='lat' dir='ltr'><strong>argumentum</strong></span> <span class='ocrx_word' id='word_1_625' title='bbox 2353 4391 2381 4428; x_wconf 91' lang='lat' dir='ltr'><strong>a</strong></span> <span class='ocrx_word' id='word_1_626' title='bbox 2411 4374 2662 4438; x_wconf 80' lang='lat' dir='ltr'><strong>Mmucio,</strong></span> <span class='ocrx_word' id='word_1_627' title='bbox 2694 4383 2784 4430; x_wconf 91' lang='lat' dir='ltr'><strong>aut</strong></span> <span class='ocrx_word' id='word_1_628' title='bbox 2811 4375 3106 4450; x_wconf 74' lang='lat' dir='ltr'><strong>levissime,</strong></span> <span class='ocrx_word' id='word_1_629' title='bbox 3133 4389 3223 4434; x_wconf 88' lang='lat' dir='ltr'><strong>aut</strong></span> <span class='ocrx_word' id='word_1_630' title='bbox 3251 4380 3418 4436; x_wconf 84' lang='lat' dir='ltr'><strong>animi</strong></span> 
     </span>
    </p>
   </div>
   <div class='ocr_carea' id='block_1_89' title="bbox 1814 4464 3419 4540">
    <p class='ocr_par' dir='ltr' id='par_1_89' title="bbox 1814 4464 3419 4540">
     <span class='ocr_line' id='line_1_89' title="bbox 1814 4464 3419 4540; baseline 0.005 -21"><span class='ocrx_word' id='word_1_631' title='bbox 1814 4464 2090 4520; x_wconf 85' lang='lat' dir='ltr'><strong>dumtaxat</strong></span> <span class='ocrx_word' id='word_1_632' title='bbox 2151 4465 2425 4521; x_wconf 80' lang='lat' dir='ltr'><strong>relaxandi</strong></span> <span class='ocrx_word' id='word_1_633' title='bbox 2467 4468 2852 4538; x_wconf 73' lang='lat' dir='ltr'><strong>recreandique</strong></span> <span class='ocrx_word' id='word_1_634' title='bbox 2902 4469 3072 4539; x_wconf 86' lang='lat' dir='ltr'><strong>gratia</strong></span> <span class='ocrx_word' id='word_1_635' title='bbox 3121 4479 3419 4540; x_wconf 85' lang='lat' dir='ltr'><strong>pertracta-</strong></span> 
     </span>
    </p>
   </div>
   <div class='ocr_carea' id='block_1_90' title="bbox 99 4556 3419 4638">
    <p class='ocr_par' dir='ltr' id='par_1_90' title="bbox 99 4556 3419 4638">
     <span class='ocr_line' id='line_1_90' title="bbox 99 4556 3419 4638; baseline 0.003 -20"><span class='ocrx_word' id='word_1_636' title='bbox 99 4565 320 4634; x_wconf 76' lang='lat' dir='ltr'><strong>passim</strong></span> <span class='ocrx_word' id='word_1_637' title='bbox 369 4563 550 4636; x_wconf 79' lang='lat' dir='ltr'><strong>ubique</strong></span> <span class='ocrx_word' id='word_1_638' title='bbox 625 4565 920 4636; x_wconf 87' lang='lat' dir='ltr'><strong>repletum.</strong></span> <span class='ocrx_word' id='word_1_639' title='bbox 989 4566 1046 4620; x_wconf 90' lang='lat' dir='ltr'><strong>In</strong></span> <span class='ocrx_word' id='word_1_640' title='bbox 1101 4582 1168 4622; x_wconf 86' lang='lat' dir='ltr'><strong>eo</strong></span> <span class='ocrx_word' id='word_1_641' title='bbox 1221 4569 1382 4623; x_wconf 86' lang='lat' dir='ltr'><strong>etiam</strong></span> <span class='ocrx_word' id='word_1_642' title='bbox 1441 4570 1714 4638; x_wconf 85' lang='lat' dir='ltr'><strong>elegantes</strong></span> <span class='ocrx_word' id='word_1_643' title='bbox 1739 4571 1792 4632; x_wconf 94' lang='lat' dir='ltr'><strong>D</strong></span> <span class='ocrx_word' id='word_1_644' title='bbox 1822 4566 1933 4611; x_wconf 67' lang='lat'><strong>&quot;1&#39;&quot;</strong></span> <span class='ocrx_word' id='word_1_645' title='bbox 1960 4559 1984 4610; x_wconf 69' lang='lat'><strong>?</strong></span> <span class='ocrx_word' id='word_1_646' title='bbox 2011 4556 2228 4612; x_wconf 75' lang='grc' dir='ltr'><strong>Μί¹¹ί¹¹¹θ</strong></span> <span class='ocrx_word' id='word_1_647' title='bbox 2252 4558 2489 4627; x_wconf 72' lang='grc' dir='ltr'><strong>(Ιυίάθωο</strong></span> <span class='ocrx_word' id='word_1_648' title='bbox 2529 4559 2601 4613; x_wconf 78' lang='grc' dir='ltr'>Ε³</span> <span class='ocrx_word' id='word_1_649' title='bbox 2633 4559 2831 4630; x_wconf 75' lang='grc' dir='ltr'><strong>σιυίρυθ</strong></span> <span class='ocrx_word' id='word_1_650' title='bbox 2857 4562 3152 4630; x_wconf 75' lang='lat' dir='ltr'><strong>disputatio</strong></span> <span class='ocrx_word' id='word_1_651' title='bbox 3184 4572 3287 4624; x_wconf 77' lang='grc' dir='ltr'>ωιιι</span> <span class='ocrx_word' id='word_1_652' title='bbox 3329 4577 3419 4620; x_wconf 71' lang='grc' dir='ltr'><strong>εθσ</strong></span> 
     </span>
    </p>
   </div>
   <div class='ocr_carea' id='block_1_91' title="bbox 96 4656 1714 4732">
    <p class='ocr_par' dir='ltr' id='par_1_91' title="bbox 96 4656 1714 4732">
     <span class='ocr_line' id='line_1_91' title="bbox 96 4656 1714 4732; baseline 0.006 -22"><span class='ocrx_word' id='word_1_653' title='bbox 96 4656 380 4727; x_wconf 51' lang='lat' dir='ltr'><strong>quaedam,</strong></span> <span class='ocrx_word' id='word_1_654' title='bbox 405 4660 704 4726; x_wconf 70' lang='lat' dir='ltr'><strong>concinnae,</strong></span> <span class='ocrx_word' id='word_1_655' title='bbox 731 4669 786 4714; x_wconf 92' lang='lat' dir='ltr'><strong>et</strong></span> <span class='ocrx_word' id='word_1_656' title='bbox 817 4660 930 4728; x_wconf 86' lang='lat' dir='ltr'><strong>ipsa</strong></span> <span class='ocrx_word' id='word_1_657' title='bbox 979 4676 1070 4713; x_wconf 87' lang='lat' dir='ltr'><strong>sua</strong></span> <span class='ocrx_word' id='word_1_658' title='bbox 1113 4662 1371 4724; x_wconf 86' lang='lat' dir='ltr'><strong>brevitate</strong></span> <span class='ocrx_word' id='word_1_659' title='bbox 1393 4665 1714 4732; x_wconf 62' lang='lat' dir='ltr'><strong>gratissima:</strong></span> 
     </span>
    </p>
   </div>
   <div class='ocr_carea' id='block_1_92' title="bbox 93 4749 1713 4822">
    <p class='ocr_par' dir='ltr' id='par_1_92' title="bbox 93 4749 1713 4822">
     <span class='ocr_line' id='line_1_92' title="bbox 93 4749 1713 4822; baseline 0.004 -19"><span class='ocrx_word' id='word_1_660' title='bbox 93 4749 500 4820; x_wconf 74' lang='lat' dir='ltr'><strong>descriptiones</strong></span> <span class='ocrx_word' id='word_1_661' title='bbox 521 4761 836 4814; x_wconf 84' lang='lat' dir='ltr'><strong>occurrunt,</strong></span> <span class='ocrx_word' id='word_1_662' title='bbox 871 4761 1028 4821; x_wconf 81' lang='lat' dir='ltr'><strong>atque</strong></span> <span class='ocrx_word' id='word_1_663' title='bbox 1055 4767 1116 4804; x_wconf 87' lang='lat' dir='ltr'><strong>ea</strong></span> <span class='ocrx_word' id='word_1_664' title='bbox 1165 4753 1218 4806; x_wconf 89' lang='lat' dir='ltr'><strong>in</strong></span> <span class='ocrx_word' id='word_1_665' title='bbox 1251 4755 1454 4822; x_wconf 85' lang='lat' dir='ltr'><strong>primis,</strong></span> <span class='ocrx_word' id='word_1_666' title='bbox 1489 4764 1713 4809; x_wconf 84' lang='lat' dir='ltr'><strong>cuncte-</strong></span> 
     </span>
    </p>
   </div>
   <div class='ocr_carea' id='block_1_93' title="bbox 93 4842 1710 4913">
    <p class='ocr_par' dir='ltr' id='par_1_93' title="bbox 93 4842 1710 4913">
     <span class='ocr_line' id='line_1_93' title="bbox 93 4842 1710 4913; baseline 0.004 -15"><span class='ocrx_word' id='word_1_667' title='bbox 93 4857 227 4898; x_wconf 86' lang='lat' dir='ltr'><strong>rum</strong></span> <span class='ocrx_word' id='word_1_668' title='bbox 277 4857 376 4897; x_wconf 83' lang='lat' dir='ltr'><strong>ore</strong></span> <span class='ocrx_word' id='word_1_669' title='bbox 417 4842 690 4900; x_wconf 81' lang='lat' dir='ltr'><strong>celebrata</strong></span> <span class='ocrx_word' id='word_1_670' title='bbox 722 4885 736 4909; x_wconf 96' lang='lat'><strong>,</strong></span> <span class='ocrx_word' id='word_1_671' title='bbox 784 4857 888 4913; x_wconf 82' lang='lat' dir='ltr'><strong>qua</strong></span> <span class='ocrx_word' id='word_1_672' title='bbox 952 4857 1236 4913; x_wconf 83' lang='lat' dir='ltr'><strong>puerorum</strong></span> <span class='ocrx_word' id='word_1_673' title='bbox 1288 4861 1410 4902; x_wconf 89' lang='lat' dir='ltr'><strong>sese</strong></span> <span class='ocrx_word' id='word_1_674' title='bbox 1455 4855 1710 4904; x_wconf 86' lang='lat' dir='ltr'><strong>testarum</strong></span> 
     </span>
    </p>
   </div>
   <div class='ocr_carea' id='block_1_94' title="bbox 94 4936 1711 5006">
    <p class='ocr_par' dir='ltr' id='par_1_94' title="bbox 94 4936 1711 5006">
     <span class='ocr_line' id='line_1_94' title="bbox 94 4936 1711 5006; baseline 0.002 -16"><span class='ocrx_word' id='word_1_675' title='bbox 94 4938 153 4991; x_wconf 89' lang='lat' dir='ltr'><strong>in</strong></span> <span class='ocrx_word' id='word_1_676' title='bbox 189 4950 344 5002; x_wconf 64' lang='lat' dir='ltr'><strong>mare</strong></span> <span class='ocrx_word' id='word_1_677' title='bbox 378 4936 801 5006; x_wconf 72' lang='lat' dir='ltr'><strong>jaculationibus</strong></span> <span class='ocrx_word' id='word_1_678' title='bbox 849 4936 1236 4994; x_wconf 89' lang='lat' dir='ltr'><strong>oblectantium</strong></span> <span class='ocrx_word' id='word_1_679' title='bbox 1286 4938 1440 5000; x_wconf 85' lang='lat' dir='ltr'><strong>ludus</strong></span> <span class='ocrx_word' id='word_1_680' title='bbox 1501 4939 1711 4996; x_wconf 88' lang='lat' dir='ltr'><strong>descri-</strong></span> 
     </span>
    </p>
   </div>
   <div class='ocr_carea' id='block_1_95' title="bbox 94 5030 271 5086">
    <p class='ocr_par' dir='ltr' id='par_1_95' title="bbox 94 5030 271 5086">
     <span class='ocr_line' id='line_1_95' title="bbox 94 5030 271 5086; baseline -0.023 0"><span class='ocrx_word' id='word_1_681' title='bbox 94 5030 271 5086; x_wconf 79' lang='lat' dir='ltr'><strong>bitur.</strong></span> 
     </span>
    </p>
   </div>
   <div class='ocr_carea' id='block_1_96' title="bbox 165 5115 1712 5192">
    <p class='ocr_par' dir='ltr' id='par_1_96' title="bbox 165 5115 1712 5192">
     <span class='ocr_line' id='line_1_96' title="bbox 165 5115 1712 5192; baseline 0.001 -14"><span class='ocrx_word' id='word_1_682' title='bbox 165 5121 350 5181; x_wconf 74' lang='lat' dir='ltr'><strong>Nemo</strong></span> <span class='ocrx_word' id='word_1_683' title='bbox 373 5131 456 5178; x_wconf 82' lang='lat' dir='ltr'><strong>est</strong></span> <span class='ocrx_word' id='word_1_684' title='bbox 486 5120 675 5189; x_wconf 82' lang='lat' dir='ltr'><strong>etiam,</strong></span> <span class='ocrx_word' id='word_1_685' title='bbox 705 5115 796 5192; x_wconf 88' lang='lat' dir='ltr'><strong>qui</strong></span> <span class='ocrx_word' id='word_1_686' title='bbox 843 5138 947 5179; x_wconf 92' lang='lat' dir='ltr'><strong>non</strong></span> <span class='ocrx_word' id='word_1_687' title='bbox 971 5122 1150 5178; x_wconf 87' lang='lat' dir='ltr'><strong>videat</strong></span> <span class='ocrx_word' id='word_1_688' title='bbox 1194 5121 1336 5178; x_wconf 90' lang='lat' dir='ltr'><strong>hunc</strong></span> <span class='ocrx_word' id='word_1_689' title='bbox 1363 5122 1554 5178; x_wconf 90' lang='lat' dir='ltr'><strong>librum</strong></span> <span class='ocrx_word' id='word_1_690' title='bbox 1579 5123 1712 5189; x_wconf 81' lang='lat' dir='ltr'><strong>duas</strong></span> 
     </span>
    </p>
   </div>
   <div class='ocr_carea' id='block_1_97' title="bbox 92 5219 1713 5289">
    <p class='ocr_par' dir='ltr' id='par_1_97' title="bbox 92 5219 1713 5289">
     <span class='ocr_line' id='line_1_97' title="bbox 92 5219 1713 5289; baseline -0.001 -13"><span class='ocrx_word' id='word_1_691' title='bbox 92 5219 421 5276; x_wconf 83' lang='lat' dir='ltr'><strong>distinctum</strong></span> <span class='ocrx_word' id='word_1_692' title='bbox 447 5233 572 5274; x_wconf 81' lang='lat' dir='ltr'><strong>esse</strong></span> <span class='ocrx_word' id='word_1_693' title='bbox 605 5222 655 5274; x_wconf 86' lang='lat' dir='ltr'><strong>in</strong></span> <span class='ocrx_word' id='word_1_694' title='bbox 690 5226 890 5288; x_wconf 84' lang='lat' dir='ltr'><strong>partes,</strong></span> <span class='ocrx_word' id='word_1_695' title='bbox 919 5234 1142 5289; x_wconf 83' lang='lat' dir='ltr'><strong>quarum</strong></span> <span class='ocrx_word' id='word_1_696' title='bbox 1175 5219 1343 5288; x_wconf 77' lang='lat' dir='ltr'><strong>prima</strong></span> <span class='ocrx_word' id='word_1_697' title='bbox 1371 5219 1569 5274; x_wconf 81' lang='lat' dir='ltr'><strong>Ca-cilii</strong></span> <span class='ocrx_word' id='word_1_698' title='bbox 1617 5235 1713 5288; x_wconf 88' lang='lat' dir='ltr'><strong>pro</strong></span> 
     </span>
    </p>
   </div>
   <div class='ocr_carea' id='block_1_98' title="bbox 93 5309 1715 5380">
    <p class='ocr_par' dir='ltr' id='par_1_98' title="bbox 93 5309 1715 5380">
     <span class='ocr_line' id='line_1_98' title="bbox 93 5309 1715 5380; baseline -0.001 -14"><span class='ocrx_word' id='word_1_699' title='bbox 93 5310 363 5367; x_wconf 85' lang='lat' dir='ltr'><strong>ethnicis.</strong></span> <span class='ocrx_word' id='word_1_700' title='bbox 396 5320 453 5366; x_wconf 88' lang='lat' dir='ltr'><strong>et</strong></span> <span class='ocrx_word' id='word_1_701' title='bbox 501 5313 737 5366; x_wconf 84' lang='lat' dir='ltr'><strong>secunda</strong></span> <span class='ocrx_word' id='word_1_702' title='bbox 787 5310 990 5376; x_wconf 83' lang='lat' dir='ltr'><strong>Octavii</strong></span> <span class='ocrx_word' id='word_1_703' title='bbox 1037 5326 1135 5380; x_wconf 86' lang='lat' dir='ltr'><strong>pro</strong></span> <span class='ocrx_word' id='word_1_704' title='bbox 1165 5309 1487 5374; x_wconf 87' lang='lat' dir='ltr'><strong>Christianis</strong></span> <span class='ocrx_word' id='word_1_705' title='bbox 1513 5311 1715 5365; x_wconf 87' lang='lat' dir='ltr'><strong>oratio-</strong></span> 
     </span>
    </p>
   </div>
   <div class='ocr_carea' id='block_1_99' title="bbox 102 5402 1708 5471">
    <p class='ocr_par' dir='ltr' id='par_1_99' title="bbox 102 5402 1708 5471">
     <span class='ocr_line' id='line_1_99' title="bbox 102 5402 1708 5471; baseline 0 -14"><span class='ocrx_word' id='word_1_706' title='bbox 102 5419 238 5458; x_wconf 83' lang='lat' dir='ltr'><strong>nem</strong></span> <span class='ocrx_word' id='word_1_707' title='bbox 277 5403 678 5471; x_wconf 80' lang='lat' dir='ltr'><strong>complectitur.</strong></span> <span class='ocrx_word' id='word_1_708' title='bbox 706 5402 906 5468; x_wconf 74' lang='lat' dir='ltr'><strong>Verum</strong></span> <span class='ocrx_word' id='word_1_709' title='bbox 961 5403 1138 5458; x_wconf 85' lang='lat' dir='ltr'><strong>otnnia</strong></span> <span class='ocrx_word' id='word_1_710' title='bbox 1171 5405 1222 5458; x_wconf 92' lang='lat' dir='ltr'><strong>in</strong></span> <span class='ocrx_word' id='word_1_711' title='bbox 1255 5418 1321 5458; x_wconf 90' lang='lat' dir='ltr'><strong>eo</strong></span> <span class='ocrx_word' id='word_1_712' title='bbox 1350 5403 1708 5469; x_wconf 79' lang='lat' dir='ltr'><strong>continenter,</strong></span> 
     </span>
    </p>
   </div>
   <div class='ocr_carea' id='block_1_100' title="bbox 102 5494 1716 5565">
    <p class='ocr_par' dir='ltr' id='par_1_100' title="bbox 102 5494 1716 5565">
     <span class='ocr_line' id='line_1_100' title="bbox 102 5494 1716 5565; baseline 0.001 -14"><span class='ocrx_word' id='word_1_713' title='bbox 102 5505 167 5551; x_wconf 88' lang='lat' dir='ltr'><strong>et</strong></span> <span class='ocrx_word' id='word_1_714' title='bbox 197 5494 303 5546; x_wconf 86' lang='lat' dir='ltr'><strong>ulla</strong></span> <span class='ocrx_word' id='word_1_715' title='bbox 331 5496 534 5565; x_wconf 82' lang='lat' dir='ltr'><strong>absque</strong></span> <span class='ocrx_word' id='word_1_716' title='bbox 577 5498 844 5551; x_wconf 78' lang='lat' dir='ltr'><strong>sermonis</strong></span> <span class='ocrx_word' id='word_1_717' title='bbox 878 5496 1245 5561; x_wconf 76' lang='lat' dir='ltr'><strong>distint-tiOtte,</strong></span> <span class='ocrx_word' id='word_1_718' title='bbox 1281 5511 1403 5550; x_wconf 92' lang='lat' dir='ltr'><strong>cum</strong></span> <span class='ocrx_word' id='word_1_719' title='bbox 1448 5497 1498 5550; x_wconf 89' lang='lat' dir='ltr'><strong>in</strong></span> <span class='ocrx_word' id='word_1_720' title='bbox 1528 5495 1716 5553; x_wconf 83' lang='lat' dir='ltr'><strong>codice</strong></span> 
     </span>
    </p>
   </div>
   <div class='ocr_carea' id='block_1_101' title="bbox 97 5588 1711 5660">
    <p class='ocr_par' dir='ltr' id='par_1_101' title="bbox 97 5588 1711 5660">
     <span class='ocr_line' id='line_1_101' title="bbox 97 5588 1711 5660; baseline -0.002 -12"><span class='ocrx_word' id='word_1_721' title='bbox 97 5590 504 5659; x_wconf 79' lang='lat' dir='ltr'><strong>manuscripto,</strong></span> <span class='ocrx_word' id='word_1_722' title='bbox 537 5600 649 5646; x_wconf 90' lang='lat' dir='ltr'><strong>tum</strong></span> <span class='ocrx_word' id='word_1_723' title='bbox 695 5591 748 5648; x_wconf 90' lang='lat' dir='ltr'><strong>in</strong></span> <span class='ocrx_word' id='word_1_724' title='bbox 789 5590 950 5654; x_wconf 85' lang='lat' dir='ltr'><strong>editis</strong></span> <span class='ocrx_word' id='word_1_725' title='bbox 979 5591 1176 5660; x_wconf 77' lang='lat' dir='ltr'><strong>scripta</strong></span> <span class='ocrx_word' id='word_1_726' title='bbox 1217 5605 1431 5659; x_wconf 82' lang='lat' dir='ltr'><strong>semper</strong></span> <span class='ocrx_word' id='word_1_727' title='bbox 1469 5588 1711 5645; x_wconf 89' lang='lat' dir='ltr'><strong>fuerunt.</strong></span> 
     </span>
    </p>
   </div>
   <div class='ocr_carea' id='block_1_102' title="bbox 91 5683 1714 5754">
    <p class='ocr_par' dir='ltr' id='par_1_102' title="bbox 91 5683 1714 5754">
     <span class='ocr_line' id='line_1_102' title="bbox 91 5683 1714 5754; baseline -0.002 -14"><span class='ocrx_word' id='word_1_728' title='bbox 91 5684 156 5740; x_wconf 79' lang='grc' dir='ltr'><strong>ιιι</strong></span> <span class='ocrx_word' id='word_1_729' title='bbox 217 5683 404 5738; x_wconf 87' lang='lat' dir='ltr'><strong>ultima</strong></span> <span class='ocrx_word' id='word_1_730' title='bbox 445 5683 718 5754; x_wconf 86' lang='lat' dir='ltr'><strong>siquidem</strong></span> <span class='ocrx_word' id='word_1_731' title='bbox 763 5693 968 5738; x_wconf 83' lang='lat' dir='ltr'><strong>tantum</strong></span> <span class='ocrx_word' id='word_1_732' title='bbox 1019 5683 1158 5736; x_wconf 83' lang='lat' dir='ltr'><strong>illius</strong></span> <span class='ocrx_word' id='word_1_733' title='bbox 1201 5683 1436 5738; x_wconf 86' lang='lat' dir='ltr'><strong>editione</strong></span> <span class='ocrx_word' id='word_1_734' title='bbox 1468 5683 1714 5753; x_wconf 72' lang='lat' dir='ltr'><strong>quaedam</strong></span> 
     </span>
    </p>
   </div>
   <div class='ocr_carea' id='block_1_103' title="bbox 94 5776 1715 5850">
    <p class='ocr_par' dir='ltr' id='par_1_103' title="bbox 94 5776 1715 5850">
     <span class='ocr_line' id='line_1_103' title="bbox 94 5776 1715 5850; baseline -0.005 -10"><span class='ocrx_word' id='word_1_735' title='bbox 94 5789 288 5840; x_wconf 71' lang='lat' dir='ltr'><strong>textus</strong></span> <span class='ocrx_word' id='word_1_736' title='bbox 325 5777 384 5834; x_wconf 85' lang='lat' dir='ltr'><strong>in</strong></span> <span class='ocrx_word' id='word_1_737' title='bbox 413 5777 593 5850; x_wconf 83' lang='lat' dir='ltr'><strong>capita</strong></span> <span class='ocrx_word' id='word_1_738' title='bbox 644 5776 915 5834; x_wconf 75' lang='lat' dir='ltr'><strong>dividendi</strong></span> <span class='ocrx_word' id='word_1_739' title='bbox 963 5787 1104 5834; x_wconf 71' lang='lat' dir='ltr'><strong>nota:</strong></span> <span class='ocrx_word' id='word_1_740' title='bbox 1125 5791 1219 5834; x_wconf 87' lang='lat' dir='ltr'><strong>seu</strong></span> <span class='ocrx_word' id='word_1_741' title='bbox 1253 5776 1462 5834; x_wconf 88' lang='lat' dir='ltr'><strong>numeri</strong></span> <span class='ocrx_word' id='word_1_742' title='bbox 1487 5777 1541 5832; x_wconf 91' lang='lat' dir='ltr'><strong>in</strong></span> <span class='ocrx_word' id='word_1_743' title='bbox 1570 5789 1715 5832; x_wconf 74' lang='lat' dir='ltr'><strong>mar.-</strong></span> 
     </span>
    </p>
   </div>
   <div class='ocr_carea' id='block_1_104' title="bbox 1821 4650 3422 4724">
    <p class='ocr_par' dir='ltr' id='par_1_104' title="bbox 1821 4650 3422 4724">
     <span class='ocr_line' id='line_1_104' title="bbox 1821 4650 3422 4724; baseline 0.004 -22"><span class='ocrx_word' id='word_1_744' title='bbox 1821 4650 1926 4718; x_wconf 80' lang='lat' dir='ltr'><strong>rio,</strong></span> <span class='ocrx_word' id='word_1_745' title='bbox 1956 4658 2213 4720; x_wconf 84' lang='lat' dir='ltr'><strong>tantoque</strong></span> <span class='ocrx_word' id='word_1_746' title='bbox 2235 4651 2414 4707; x_wconf 90' lang='lat' dir='ltr'><strong>studio</strong></span> <span class='ocrx_word' id='word_1_747' title='bbox 2437 4652 2504 4708; x_wconf 91' lang='lat' dir='ltr'><strong>ab</strong></span> <span class='ocrx_word' id='word_1_748' title='bbox 2545 4653 2662 4724; x_wconf 85' lang='lat' dir='ltr'><strong>ipso</strong></span> <span class='ocrx_word' id='word_1_749' title='bbox 2694 4654 2934 4708; x_wconf 77' lang='lat' dir='ltr'><strong>instituta</strong></span> <span class='ocrx_word' id='word_1_750' title='bbox 2967 4663 3068 4722; x_wconf 88' lang='lat' dir='ltr'><strong>est,</strong></span> <span class='ocrx_word' id='word_1_751' title='bbox 3093 4666 3149 4710; x_wconf 92' lang='lat' dir='ltr'><strong>ut</strong></span> <span class='ocrx_word' id='word_1_752' title='bbox 3188 4656 3278 4711; x_wconf 91' lang='lat' dir='ltr'><strong>illa</strong></span> <span class='ocrx_word' id='word_1_753' title='bbox 3305 4655 3422 4720; x_wconf 84' lang='lat' dir='ltr'><strong>sola</strong></span> 
     </span>
    </p>
   </div>
   <div class='ocr_carea' id='block_1_105' title="bbox 1817 4743 3421 4820">
    <p class='ocr_par' dir='ltr' id='par_1_105' title="bbox 1817 4743 3421 4820">
     <span class='ocr_line' id='line_1_105' title="bbox 1817 4743 3421 4820; baseline 0.004 -23"><span class='ocrx_word' id='word_1_754' title='bbox 1817 4743 2069 4806; x_wconf 65' lang='lat' dir='ltr'><strong>Caecilius</strong></span> <span class='ocrx_word' id='word_1_755' title='bbox 2090 4760 2148 4800; x_wconf 92' lang='lat' dir='ltr'><strong>se</strong></span> <span class='ocrx_word' id='word_1_756' title='bbox 2178 4746 2400 4813; x_wconf 85' lang='lat' dir='ltr'><strong>victum,</strong></span> <span class='ocrx_word' id='word_1_757' title='bbox 2425 4756 2584 4817; x_wconf 89' lang='lat' dir='ltr'><strong>atque</strong></span> <span class='ocrx_word' id='word_1_758' title='bbox 2634 4746 2704 4804; x_wconf 88' lang='lat' dir='ltr'><strong>ad</strong></span> <span class='ocrx_word' id='word_1_759' title='bbox 2728 4748 3006 4818; x_wconf 88' lang='lat' dir='ltr'><strong>gentilium</strong></span> <span class='ocrx_word' id='word_1_760' title='bbox 3048 4763 3261 4806; x_wconf 87' lang='lat' dir='ltr'><strong>errores</strong></span> <span class='ocrx_word' id='word_1_761' title='bbox 3304 4748 3421 4820; x_wconf 88' lang='lat' dir='ltr'><strong>eju-</strong></span> 
     </span>
    </p>
   </div>
   <div class='ocr_carea' id='block_1_106' title="bbox 1818 4837 3422 4912">
    <p class='ocr_par' dir='ltr' id='par_1_106' title="bbox 1818 4837 3422 4912">
     <span class='ocr_line' id='line_1_106' title="bbox 1818 4837 3422 4912; baseline 0.001 -20"><span class='ocrx_word' id='word_1_762' title='bbox 1818 4837 2039 4905; x_wconf 88' lang='lat' dir='ltr'><strong>randos,</strong></span> <span class='ocrx_word' id='word_1_763' title='bbox 2065 4839 2586 4910; x_wconf 84' lang='lat' dir='ltr'><strong>amplexandamque</strong></span> <span class='ocrx_word' id='word_1_764' title='bbox 2602 4839 2952 4896; x_wconf 88' lang='lat' dir='ltr'><strong>christianam</strong></span> <span class='ocrx_word' id='word_1_765' title='bbox 2984 4841 3296 4912; x_wconf 82' lang='lat' dir='ltr'><strong>religionem</strong></span> <span class='ocrx_word' id='word_1_766' title='bbox 3323 4856 3422 4898; x_wconf 70' lang='lat' dir='ltr'><strong>CO-v</strong></span> 
     </span>
    </p>
   </div>
   <div class='ocr_carea' id='block_1_107' title="bbox 1815 4931 3421 5004">
    <p class='ocr_par' dir='ltr' id='par_1_107' title="bbox 1815 4931 3421 5004">
     <span class='ocr_line' id='line_1_107' title="bbox 1815 4931 3421 5004; baseline 0.005 -20"><span class='ocrx_word' id='word_1_767' title='bbox 1815 4940 1991 4988; x_wconf 86' lang='lat' dir='ltr'><strong>actum</strong></span> <span class='ocrx_word' id='word_1_768' title='bbox 2042 4931 2209 4988; x_wconf 86' lang='lat' dir='ltr'><strong>fuisse</strong></span> <span class='ocrx_word' id='word_1_769' title='bbox 2238 4934 2410 5004; x_wconf 88' lang='lat' dir='ltr'><strong>palam</strong></span> <span class='ocrx_word' id='word_1_770' title='bbox 2461 4933 2733 5002; x_wconf 83' lang='lat' dir='ltr'><strong>professus</strong></span> <span class='ocrx_word' id='word_1_771' title='bbox 2758 4935 2848 4988; x_wconf 90' lang='lat' dir='ltr'><strong>sit.</strong></span> <span class='ocrx_word' id='word_1_772' title='bbox 2881 4931 3026 4987; x_wconf 79' lang='lat' dir='ltr'><strong>Nihil</strong></span> <span class='ocrx_word' id='word_1_773' title='bbox 3071 4933 3252 5003; x_wconf 84' lang='lat' dir='ltr'><strong>itaque</strong></span> <span class='ocrx_word' id='word_1_774' title='bbox 3274 4932 3421 4992; x_wconf 88' lang='lat' dir='ltr'><strong>aliud</strong></span> 
     </span>
    </p>
   </div>
   <div class='ocr_carea' id='block_1_108' title="bbox 1817 5023 3419 5090">
    <p class='ocr_par' dir='ltr' id='par_1_108' title="bbox 1817 5023 3419 5090">
     <span class='ocr_line' id='line_1_108' title="bbox 1817 5023 3419 5090; baseline 0.004 -12"><span class='ocrx_word' id='word_1_775' title='bbox 1817 5023 1919 5079; x_wconf 89' lang='lat' dir='ltr'><strong>sibi</strong></span> <span class='ocrx_word' id='word_1_776' title='bbox 1951 5025 2261 5079; x_wconf 86' lang='lat' dir='ltr'><strong>Lactantius</strong></span> <span class='ocrx_word' id='word_1_777' title='bbox 2302 5026 2534 5081; x_wconf 87' lang='lat' dir='ltr'><strong>voluisse</strong></span> <span class='ocrx_word' id='word_1_778' title='bbox 2575 5026 2803 5090; x_wconf 88' lang='lat' dir='ltr'><strong>videtur,</strong></span> <span class='ocrx_word' id='word_1_779' title='bbox 2837 5029 2938 5082; x_wconf 89' lang='lat' dir='ltr'><strong>nisi</strong></span> <span class='ocrx_word' id='word_1_780' title='bbox 2991 5027 3299 5086; x_wconf 76' lang='lat' dir='ltr'><strong>christiana:</strong></span> <span class='ocrx_word' id='word_1_781' title='bbox 3329 5043 3419 5084; x_wconf 85' lang='lat' dir='ltr'><strong>re-</strong></span> 
     </span>
    </p>
   </div>
   <div class='ocr_carea' id='block_1_109' title="bbox 1817 5114 3423 5186">
    <p class='ocr_par' dir='ltr' id='par_1_109' title="bbox 1817 5114 3423 5186">
     <span class='ocr_line' id='line_1_109' title="bbox 1817 5114 3423 5186; baseline 0.006 -19"><span class='ocrx_word' id='word_1_782' title='bbox 1817 5114 2030 5186; x_wconf 85' lang='lat' dir='ltr'><strong>ligionis</strong></span> <span class='ocrx_word' id='word_1_783' title='bbox 2056 5116 2424 5172; x_wconf 73' lang='lat' dir='ltr'><strong>defensionem</strong></span> <span class='ocrx_word' id='word_1_784' title='bbox 2462 5117 2564 5183; x_wconf 87' lang='lat' dir='ltr'><strong>hoc</strong></span> <span class='ocrx_word' id='word_1_785' title='bbox 2611 5119 2825 5173; x_wconf 83' lang='lat' dir='ltr'><strong>Minucii</strong></span> <span class='ocrx_word' id='word_1_786' title='bbox 2857 5121 2908 5174; x_wconf 92' lang='lat' dir='ltr'><strong>in</strong></span> <span class='ocrx_word' id='word_1_787' title='bbox 2965 5120 3100 5174; x_wconf 83' lang='lat' dir='ltr'><strong>libro</strong></span> <span class='ocrx_word' id='word_1_788' title='bbox 3128 5132 3312 5184; x_wconf 88' lang='lat' dir='ltr'><strong>totatn,</strong></span> <span class='ocrx_word' id='word_1_789' title='bbox 3339 5121 3423 5176; x_wconf 89' lang='lat' dir='ltr'><strong>in-</strong></span> 
     </span>
    </p>
   </div>
   <div class='ocr_carea' id='block_1_110' title="bbox 1821 5212 3422 5286">
    <p class='ocr_par' dir='ltr' id='par_1_110' title="bbox 1821 5212 3422 5286">
     <span class='ocr_line' id='line_1_110' title="bbox 1821 5212 3422 5286; baseline 0.004 -22"><span class='ocrx_word' id='word_1_790' title='bbox 1821 5220 2046 5281; x_wconf 87' lang='lat' dir='ltr'><strong>tegram,</strong></span> <span class='ocrx_word' id='word_1_791' title='bbox 2079 5221 2237 5281; x_wconf 87' lang='lat' dir='ltr'><strong>atque</strong></span> <span class='ocrx_word' id='word_1_792' title='bbox 2263 5212 2428 5272; x_wconf 88' lang='lat' dir='ltr'><strong>omni,</strong></span> <span class='ocrx_word' id='word_1_793' title='bbox 2459 5228 2561 5282; x_wconf 90' lang='lat' dir='ltr'><strong>qua</strong></span> <span class='ocrx_word' id='word_1_794' title='bbox 2611 5223 2841 5282; x_wconf 86' lang='lat' dir='ltr'><strong>poterat,</strong></span> <span class='ocrx_word' id='word_1_795' title='bbox 2869 5225 3018 5284; x_wconf 87' lang='lat' dir='ltr'><strong>parte</strong></span> <span class='ocrx_word' id='word_1_796' title='bbox 3053 5215 3343 5286; x_wconf 83' lang='lat' dir='ltr'><strong>perfectam</strong></span> <span class='ocrx_word' id='word_1_797' title='bbox 3365 5223 3422 5271; x_wconf 83' lang='lat' dir='ltr'><strong>et</strong></span> 
     </span>
    </p>
   </div>
   <div class='ocr_carea' id='block_1_111' title="bbox 1819 5305 3420 5363">
    <p class='ocr_par' dir='ltr' id='par_1_111' title="bbox 1819 5305 3420 5363">
     <span class='ocr_line' id='line_1_111' title="bbox 1819 5305 3420 5363; baseline 0.003 -5"><span class='ocrx_word' id='word_1_798' title='bbox 1819 5306 2117 5360; x_wconf 79' lang='lat' dir='ltr'><strong>abSolutam</strong></span> <span class='ocrx_word' id='word_1_799' title='bbox 2153 5322 2258 5360; x_wconf 89' lang='lat' dir='ltr'><strong>non</strong></span> <span class='ocrx_word' id='word_1_800' title='bbox 2313 5305 2577 5362; x_wconf 80' lang='lat' dir='ltr'><strong>exhiberi.</strong></span> <span class='ocrx_word' id='word_1_801' title='bbox 2608 5305 2930 5362; x_wconf 71' lang='lat' dir='ltr'><strong>Christiana:</strong></span> <span class='ocrx_word' id='word_1_802' title='bbox 2967 5309 3242 5362; x_wconf 72' lang='lat' dir='ltr'><strong>enimvero</strong></span> <span class='ocrx_word' id='word_1_803' title='bbox 3289 5307 3420 5363; x_wconf 76' lang='lat' dir='ltr'><strong>reli-</strong></span> 
     </span>
    </p>
   </div>
   <div class='ocr_carea' id='block_1_112' title="bbox 1817 5397 3420 5469">
    <p class='ocr_par' dir='ltr' id='par_1_112' title="bbox 1817 5397 3420 5469">
     <span class='ocr_line' id='line_1_112' title="bbox 1817 5397 3420 5469; baseline 0.003 -18"><span class='ocrx_word' id='word_1_804' title='bbox 1817 5399 1993 5469; x_wconf 85' lang='lat' dir='ltr'><strong>gionis</strong></span> <span class='ocrx_word' id='word_1_805' title='bbox 2037 5399 2238 5456; x_wconf 89' lang='lat' dir='ltr'><strong>veritas</strong></span> <span class='ocrx_word' id='word_1_806' title='bbox 2283 5397 2462 5462; x_wconf 81' lang='lat' dir='ltr'><strong>vat-its,</strong></span> <span class='ocrx_word' id='word_1_807' title='bbox 2495 5399 2567 5452; x_wconf 90' lang='lat' dir='ltr'><strong>uti</strong></span> <span class='ocrx_word' id='word_1_808' title='bbox 2615 5401 2725 5467; x_wconf 89' lang='lat' dir='ltr'><strong>jam</strong></span> <span class='ocrx_word' id='word_1_809' title='bbox 2775 5400 3082 5456; x_wconf 89' lang='lat' dir='ltr'><strong>monuimus</strong></span> <span class='ocrx_word' id='word_1_810' title='bbox 3127 5409 3181 5454; x_wconf 89' lang='lat' dir='ltr'><strong>et</strong></span> <span class='ocrx_word' id='word_1_811' title='bbox 3230 5413 3420 5456; x_wconf 84' lang='lat' dir='ltr'><strong>omnes</strong></span> 
     </span>
    </p>
   </div>
   <div class='ocr_carea' id='block_1_113' title="bbox 1821 5492 3421 5565">
    <p class='ocr_par' dir='ltr' id='par_1_113' title="bbox 1821 5492 3421 5565">
     <span class='ocr_line' id='line_1_113' title="bbox 1821 5492 3421 5565; baseline 0.001 -17"><span class='ocrx_word' id='word_1_812' title='bbox 1821 5493 1959 5548; x_wconf 90' lang='lat' dir='ltr'><strong>ultro</strong></span> <span class='ocrx_word' id='word_1_813' title='bbox 1981 5492 2214 5547; x_wconf 87' lang='lat' dir='ltr'><strong>fatentur</strong></span> <span class='ocrx_word' id='word_1_814' title='bbox 2242 5493 2591 5561; x_wconf 84' lang='lat' dir='ltr'><strong>argumentis,</strong></span> <span class='ocrx_word' id='word_1_815' title='bbox 2624 5507 2741 5562; x_wconf 69' lang='lat' dir='ltr'><strong>quae</strong></span> <span class='ocrx_word' id='word_1_816' title='bbox 2771 5493 2884 5547; x_wconf 88' lang='lat' dir='ltr'><strong>sola</strong></span> <span class='ocrx_word' id='word_1_817' title='bbox 2935 5503 3287 5565; x_wconf 89' lang='lat' dir='ltr'><strong>separataquc</strong></span> <span class='ocrx_word' id='word_1_818' title='bbox 3309 5494 3421 5550; x_wconf 77' lang='lat' dir='ltr'><strong>suf-</strong></span> 
     </span>
    </p>
   </div>
   <div class='ocr_carea' id='block_1_114' title="bbox 1823 5585 3421 5658">
    <p class='ocr_par' dir='ltr' id='par_1_114' title="bbox 1823 5585 3421 5658">
     <span class='ocr_line' id='line_1_114' title="bbox 1823 5585 3421 5658; baseline 0.001 -16"><span class='ocrx_word' id='word_1_819' title='bbox 1823 5587 2024 5650; x_wconf 88' lang='lat' dir='ltr'><strong>ficiunt,</strong></span> <span class='ocrx_word' id='word_1_820' title='bbox 2059 5585 2417 5640; x_wconf 84' lang='lat' dir='ltr'><strong>demonstrari</strong></span> <span class='ocrx_word' id='word_1_821' title='bbox 2449 5595 2645 5654; x_wconf 72' lang='lat' dir='ltr'><strong>potest.</strong></span> <span class='ocrx_word' id='word_1_822' title='bbox 2681 5586 2910 5648; x_wconf 87' lang='lat' dir='ltr'><strong>Minucio</strong></span> <span class='ocrx_word' id='word_1_823' title='bbox 2935 5588 3113 5658; x_wconf 88' lang='lat' dir='ltr'><strong>itaque</strong></span> <span class='ocrx_word' id='word_1_824' title='bbox 3135 5589 3312 5644; x_wconf 92' lang='lat' dir='ltr'><strong>nullus</strong></span> <span class='ocrx_word' id='word_1_825' title='bbox 3342 5589 3421 5644; x_wconf 88' lang='lat' dir='ltr'><strong>vi-</strong></span> 
     </span>
    </p>
   </div>
   <div class='ocr_carea' id='block_1_115' title="bbox 1821 5677 3423 5752">
    <p class='ocr_par' dir='ltr' id='par_1_115' title="bbox 1821 5677 3423 5752">
     <span class='ocr_line' id='line_1_115' title="bbox 1821 5677 3423 5752; baseline 0.001 -17"><span class='ocrx_word' id='word_1_826' title='bbox 1821 5681 1893 5735; x_wconf 88' lang='lat' dir='ltr'><strong>tio</strong></span> <span class='ocrx_word' id='word_1_827' title='bbox 1926 5694 2174 5748; x_wconf 83' lang='lat' dir='ltr'><strong>umquam</strong></span> <span class='ocrx_word' id='word_1_828' title='bbox 2210 5677 2331 5748; x_wconf 88' lang='lat' dir='ltr'><strong>jure</strong></span> <span class='ocrx_word' id='word_1_829' title='bbox 2379 5679 2572 5734; x_wconf 86' lang='lat' dir='ltr'><strong>merito</strong></span> <span class='ocrx_word' id='word_1_830' title='bbox 2622 5683 2864 5744; x_wconf 81' lang='lat' dir='ltr'><strong>verterit,</strong></span> <span class='ocrx_word' id='word_1_831' title='bbox 2893 5679 3030 5749; x_wconf 85' lang='lat' dir='ltr'><strong>quod</strong></span> <span class='ocrx_word' id='word_1_832' title='bbox 3071 5681 3137 5735; x_wconf 88' lang='lat' dir='ltr'><strong>ad</strong></span> <span class='ocrx_word' id='word_1_833' title='bbox 3181 5682 3423 5752; x_wconf 66' lang='lat' dir='ltr'><strong>funditus</strong></span> 
     </span>
    </p>
   </div>
   <div class='ocr_carea' id='block_1_116' title="bbox 1819 5769 3424 5848">
    <p class='ocr_par' dir='ltr' id='par_1_116' title="bbox 1819 5769 3424 5848">
     <span class='ocr_line' id='line_1_116' title="bbox 1819 5769 3424 5848; baseline -0.001 -17"><span class='ocrx_word' id='word_1_834' title='bbox 1819 5769 2145 5840; x_wconf 79' lang='lat' dir='ltr'><strong>evertendas</strong></span> <span class='ocrx_word' id='word_1_835' title='bbox 2194 5770 2473 5846; x_wconf 81' lang='lat' dir='ltr'><strong>gentilium</strong></span> <span class='ocrx_word' id='word_1_836' title='bbox 2511 5787 2747 5846; x_wconf 82' lang='lat' dir='ltr'><strong>errores,</strong></span> <span class='ocrx_word' id='word_1_837' title='bbox 2777 5771 2842 5828; x_wconf 89' lang='lat' dir='ltr'><strong>ad</strong></span> <span class='ocrx_word' id='word_1_838' title='bbox 2872 5771 3262 5848; x_wconf 71' lang='lat' dir='ltr'><strong>propulsandus</strong></span> <span class='ocrx_word' id='word_1_839' title='bbox 3301 5775 3424 5848; x_wconf 52' lang='lat' dir='ltr'><strong>illo:</strong></span> 
     </span>
    </p>
   </div>
  </div>
