3802 6276
416 325 521 384 591

1702 316 1790 372 DE
1843 309 2102 371 MINIICII
2143 310 2442 368 OCTAVIO
3591 318 3681 374 δεῖ

419 459 537 498 rum
571 443 620 496 in
657 440 990 497 Christianos
1021 436 1334 492 falsissimas
1365 437 1792 500 criminationes,
1825 450 1885 489 ac
1908 443 2012 489 sta-
2043 435 2092 492 Α
2122 432 2262 486 nncii
2284 430 2498 484 nomine
2537 427 2882 498 inscriptum,
2925 426 3132 484 curavit
3181 423 3538 496 lleidelherga:
3568 433 3684 501 ripis

421 534 707 590 bilienuam
733 530 1039 588 christiana:
1061 530 1338 600 religionis
1359 531 1664 594 veritatem,
1687 545 1752 584 ex
1774 528 2016 598 pluribus

418 626 746 700 argumentis
783 640 844 681 ea
879 624 1160 694 selegerit,
1196 625 1387 694 quibus
1419 626 1532 681 haec
1580 625 1709 681 Satis
1749 637 2015 693 superque

421 717 881 774 demonstrantur.
915 716 988 772 Ita
1034 732 1164 774 sane
1192 718 1352 788 aliqui
1394 717 1533 772 haud
1577 719 1732 789 plane
1759 716 2018 788 ignobiles

417 809 726 865 christiana:
757 808 1034 880 religionis
1061 809 1396 874 defensores,
1437 811 1582 865 illius
1611 810 1887 866 veritatem
1917 809 2015 864 de-

418 911 791 958 monstrarunt
828 918 895 959 ex
927 902 1231 973 adimpletis
1280 904 1583 958 divinorum
1633 904 2014 974 prophetarum

416 997 672 1063 oraculis,
699 997 789 1051 alii
820 1013 885 1052 ex
913 995 1112 1056 Christi
1164 996 1653 1066 discipulorumquc
1707 996 1824 1065 ejus
1857 995 2018 1049 mira-

416 1089 572 1156 culis,
601 1089 688 1144 alii
719 1103 850 1144 vero
876 1089 997 1144 aliis
1026 1090 1380 1159 argumentis,
1407 1105 1526 1159 qum
1552 1089 1638 1144 hic
1674 1089 2017 1144 dinumerare

416 1181 547 1236 nihil
588 1197 812 1238 necesse
878 1190 1000 1248 est,
1048 1182 1168 1254 quis
1214 1193 1389 1237 tamen
1447 1183 1566 1236 illos
1619 1197 1716 1236 suo
1763 1183 2016 1238 defenso-

416 1276 491 1332 ris
521 1292 743 1334 munere
771 1292 878 1332 non
927 1277 1030 1332 rite
1084 1276 1392 1347 perfunctos
1417 1275 1600 1332 dicere
1632 1291 1880 1347 umquam
1917 1291 2016 1328 au-

415 1381 508 1422 sus
533 1368 662 1423 est?

1028 1521 1318 1562 ARTICULUS
1348 1521 1426 1561 Ill.

357 1635 360 1640 ‘
416 1616 495 1674 De
538 1619 690 1687 huius
733 1619 850 1674 libri
899 1620 1257 1689 manuscriptis
1294 1619 1553 1676 codicibus
1601 1621 1853 1691 variisque
1908 1621 2015 1675 edi-

1097 1712 1337 1768 tionibus.

2122 522 2374 578 Ludovici
2421 521 2568 576 Lucii
2617 518 2830 574 excudi.

2192 614 2470 670 Tredecim
2501 621 2676 668 tamen
2699 622 2885 683 postea
2911 612 3086 679 annis,
3109 611 3363 667 nimirum
3391 624 3528 666 anno
3547 613 3678 684 1585,

2121 723 2256 764 nova
2304 708 2462 774 hujus
2510 707 2628 762 libri
2681 722 2804 762 cum
2859 716 3064 777 septem
3111 705 3436 762 Arnobiauis
3479 707 3624 762 editio
3655 729 3678 766 τι

2122 800 2311 856 Fulvio
2365 797 2562 854 Ursino
2613 799 2794 852 Roma:
2820 798 3076 853 adornata
3132 803 3252 861 est,
3310 798 3488 867 inqua
3534 799 3607 856 ille
3626 803 3676 859 sb

2121 892 2206 947 his
2234 893 2303 946 ita
2334 892 2609 961 sejunctus
2639 890 2768 958 fuit,
2806 902 3073 962 tamquam
3114 891 3348 947 Ursinus
3405 891 3457 946 id
3502 893 3673 954 fecisset

2120 986 2356 1040 omnium
2416 987 2648 1055 primus,
2699 999 2796 1041 nec
2826 985 2967 1040 ullus
2997 984 3066 1040 de
3116 984 3218 1040 hoc
3244 985 3459 1041 Minucii
3482 987 3671 1048 libroab

2121 1079 2442 1134 Arnobianis
2467 1079 2802 1150 sejungentlo
2831 1081 3092 1134 hactenus
3115 1081 3424 1150 cogitasset.
3453 1081 3550 1137 Sed
3578 1084 3673 1142 Bal-

2119 1169 2265 1225 duini
2307 1169 2598 1225 editionem
2619 1173 2661 1225 si
2708 1169 2951 1235 viderat,
3005 1171 3198 1225 bonam
3251 1171 3398 1226 illius
3427 1172 3597 1241 fidem;
3638 1180 3670 1232 si

2120 1278 2226 1318 non
2275 1273 2541 1332 noverat,
2583 1263 2923 1334 diligentiam
2947 1263 3092 1320 haud
3125 1265 3283 1336 plane
3337 1267 3674 1327 immeritode-

2120 1355 2402 1411 siderabis.

2195 1447 2456 1518 Deinceps
2481 1463 2610 1503 vero
2637 1463 2668 1502 a
2695 1449 2907 1504 czeteris
2936 1447 3186 1504 omnibus
3217 1448 3308 1506 hic
3327 1449 3462 1507 liber
3500 1453 3672 1512 Minucii

2119 1541 2338 1596 nomine
2398 1541 2573 1597 editus
2623 1550 2725 1597 est.
2788 1541 2920 1596 Nam
2970 1541 3212 1611 posthaec
3255 1543 3438 1599 studio
3485 1555 3535 1600 et
3575 1563 3672 1604 cura

2123 1632 2386 1689 Johannis
2413 1650 2443 1688 a
2465 1634 2687 1690 Wower
2713 1635 2936 1690 Basileai
2960 1649 3023 1689 ex
3071 1633 3319 1691 Frobenii
3375 1643 3671 1710 typographis

2121 1739 2266 1781 anno
2315 1727 2457 1782 1605
2511 1727 2725 1795 prodiit.
2770 1726 2878 1781 Nos
2921 1733 3100 1780 autem
3129 1727 3220 1782 ille
3268 1729 3674 1788 admonetselli-

487 1823 638 1880 Unus
665 1823 945 1894 nobisjam
1000 1839 1031 1878 a
1068 1825 1228 1896 longo
1259 1834 1500 1896 tempore
1539 1836 1742 1882 tantum
1771 1836 2018 1898 superest
2047 1831 2093 1892 Β
2121 1821 2331 1874 nuciani
2364 1831 2538 1876 textus
2565 1831 2738 1876 errata
2765 1824 3066 1880 correxisse
3093 1841 3157 1880 ex
3189 1825 3276 1886 illa
3323 1824 3494 1880 Fulvii
3535 1827 3674 1884 Ursini

418 1915 579 1988 hujus
602 1916 722 1972 libri
776 1919 1173 1986 manuscriptus
1224 1919 1418 1982 codex,
1453 1922 1778 1992 octingentis
1822 1921 2018 1977 abhinc

417 2012 573 2065 annis
634 2011 866 2082 eleganti
920 2025 1051 2068 sane
1101 2012 1441 2078 charactere,
1496 2015 1589 2068 sed
1646 2016 1714 2069 ab
1769 2016 2016 2085 imperito

414 2102 638 2157 librario
666 2103 990 2174 descriptus.
1017 2104 1237 2159 Arnobii
1269 2115 1447 2163 autem
1483 2107 1701 2162 nomine
1748 2117 1865 2175 post
1889 2122 2013 2176 sep-

415 2204 521 2251 lem
549 2196 688 2250 illius
713 2196 975 2252 adversus
994 2207 1186 2268 gentes
1206 2199 1372 2254 libros
1399 2199 1502 2254 hoc
1525 2201 1675 2254 titulo
1697 2201 2012 2254 exhibetur:

411 2292 627 2347 Αγηοὸἰὶ
652 2291 778 2347 liber
815 2290 882 2344 γι
895 2289 922 2344 Ι
952 2292 1198 2360 explicit:
1227 2291 1422 2362 Incipit
1453 2293 1580 2347 liber
1609 2292 1714 2346 VII
1726 2293 1749 2346 Ι
1777 2294 2010 2363 feliciter.

410 2386 664 2441 Summus
709 2395 886 2442 autem
936 2385 1188 2442 Pontifex
1239 2386 1380 2440 hunc
1417 2386 1692 2450 codicem,
1749 2387 1932 2442 Romae
1960 2390 2010 2442 iu

410 2477 738 2535 bibliotheca
805 2479 1058 2536 Vaticana
1131 2489 1437 2549 repertum,
1505 2480 1793 2535 Francisco
1842 2482 2014 2550 primo

410 2571 708 2628 Galliarum
773 2574 886 2645 regi
958 2588 1082 2629 cum
1151 2589 1259 2629 uno
1319 2575 1505 2644 primm
1567 2574 1709 2629 illius
1760 2575 2012 2630 editionis

410 2667 703 2737 exemplari
758 2665 902 2721 dono
954 2665 1137 2722 dedit:
1162 2666 1382 2738 jamque
1409 2667 1460 2722 in
1505 2668 1647 2738 regia
1691 2667 2011 2723 bibliotheca

411 2759 630 2816 Parisiis
674 2759 806 2816 olim
844 2766 1068 2816 numero
1093 2760 1267 2828 1544,
1315 2777 1454 2816 nunc
1477 2759 1650 2828 3975,
1685 2769 1899 2817 notatus
1920 2777 2006 2815 as—

409 2861 675 2907 servatur.

481 2944 638 2998 Falso
667 2944 826 3015 hujus
843 2944 1042 3000 codicis
1073 2946 1227 2999 titulo
1253 2944 1511 3015 deceptus
1535 2945 1765 2999 Faustus
1789 2945 2010 3000 Saba‘us

410 3035 698 3092 Brixiauus
718 3078 731 3100 ,
760 3053 904 3091 anno
932 3037 1072 3092 1542
1102 3052 1222 3092 cum
1253 3038 1472 3091 Arnobii
1506 3039 1753 3102 nomine,
1785 3047 1839 3093 et
1871 3049 2007 3092 tam-

407 3143 568 3200 quam
596 3140 844 3184 octavum
875 3129 1020 3185 illius
1046 3129 1241 3184 librum
1277 3128 1417 3200 typis
1446 3128 1532 3184 edi
1559 3131 1783 3184 curavit.
1811 3130 2009 3200 Elapso

406 3219 534 3278 inde
585 3221 854 3287 triennio,
902 3222 1004 3275 hoc
1057 3228 1168 3282 est,
1224 3234 1366 3274 anno
1417 3220 1580 3286 1545,
1639 3221 2082 3291 SigismnudusC

406 3312 660 3368 Gelenius
702 3327 894 3368 novam
946 3311 1105 3382 hujus
1138 3310 1296 3379 libri,
1357 3312 1546 3367 eodem
1598 3314 1755 3368 titulo
1811 3323 1866 3370 et
1911 3332 2009 3369 no-

406 3407 582 3473 mine,
635 3406 858 3461 Basilea:
903 3405 1044 3478 typis
1093 3405 1348 3462 Frobenii
1386 3405 1676 3464 editionem
1723 3408 1859 3478 juris
1885 3409 2012 3465 fecit

405 3498 623 3570 publici.

480 3592 681 3647 Eodem
732 3601 916 3663 postea
943 3607 1130 3648 errore
1173 3592 1314 3648 ducti
1354 3603 1512 3660 sunt,
1563 3593 1599 3650 ii
1644 3609 1673 3649 a
1700 3597 1891 3666 quibus
1921 3595 2010 3654 hic

403 3684 542 3740 liber
567 3683 757 3740 eodem
813 3685 975 3742 modo
1021 3687 1213 3742 iterum
1260 3687 1312 3741 in
1345 3688 1634 3744 Germania
1665 3705 1920 3760 excusus,
1953 3699 2008 3747 et

402 3777 707 3850 divulgatus
728 3787 829 3834 est.

481 3869 572 3925 Sic
616 3870 774 3941 igitur
805 3869 892 3926 hic
922 3870 1075 3936 liber,
1100 3870 1336 3927 Arnobio
1380 3884 1706 3944 prtepostere
1723 3874 2005 3944 ascriptus,

404 3961 608 4019 tamdiu
669 3967 884 4020 nemine
943 3965 1440 4033 animadvertente,
1497 3968 1659 4023 variis
1719 3968 1770 4021 in
1825 3969 2006 4022 mundi

401 4057 662 4129 partibus,
695 4058 867 4122 Italia,
895 4059 1086 4124 Gallia,
1119 4059 1406 4115 Germania
1437 4062 2008 4119 volutabatur.0mnes

401 4165 620 4220 quoque
680 4152 816 4206 alios
865 4153 1027 4207 etiam
1077 4152 1351 4207 doctiores
1403 4151 1649 4208 homines
1711 4153 1798 4209 hic
1857 4170 2010 4210 error

401 4241 538 4298 adeo
566 4243 862 4309 invaserat,
916 4254 976 4299 ut
1007 4243 1264 4300 Erasmus
1310 4245 1456 4315 ipse,
1491 4244 1541 4298 in
1577 4243 1818 4315 legendis
1848 4260 2006 4301 sanc-

404 4344 580 4391 torum
638 4339 897 4395 Ecclesia:
953 4338 1174 4394 Patrum
1216 4338 1366 4393 libris
1416 4341 1773 4404 exercitatus,
1823 4356 2006 4396 verum

402 4428 619 4488 Minucii
682 4431 950 4487 Octavium
1006 4447 1112 4486 non
1167 4431 1397 4502 amplius
1440 4443 1654 4487 exstare
1696 4434 2004 4489 asseruerit.

401 4519 507 4578 Sed
541 4524 584 4577 si
627 4523 906 4578 attentiori
933 4522 1024 4577 ille
1051 4524 1232 4578 animo
1263 4533 1318 4578 et
1360 4523 1503 4579 hunc
1533 4525 1771 4578 auctoris
1803 4525 2005 4590 nostri,

2121 1914 2391 1977 editione,
2454 1928 2615 1986 atque
2663 1931 2730 1971 ex
2771 1917 2877 1971 alio
2929 1918 3161 1989 quodam
3192 1919 3366 1986 libro,
3394 1919 3539 1989 cujus
3562 1937 3671 1976 mar-

2121 2007 2227 2077 gini
2261 2007 2534 2062 variantes
2565 2008 2824 2062 lectiones
2850 2025 2914 2063 ex
2959 2012 3324 2082 manuscripto
3356 2011 3527 2082 regio,
3552 2022 3675 2084 atque

2120 2097 2240 2152 aliis
2268 2115 2334 2154 ex
2387 2099 2536 2154 libris
2567 2100 2758 2154 Petrus
2813 2101 2994 2157 Daniel
3045 2104 3354 2172 collegerat.

2191 2191 2481 2262 llamburgi
2528 2207 2656 2246 vero
2703 2194 2870 2248 semel
2929 2206 2982 2250 et
3029 2197 3221 2250 iterum
3272 2195 3430 2250 annis
3485 2197 3599 2252 ltili)
3627 2208 3674 2254 et

2119 2285 2258 2340 1612
2312 2285 2450 2340 idem
2506 2285 2595 2341 ille
2643 2285 2856 2344 Minucii
2906 2290 3075 2344 nostri
3126 2289 3268 2345 liber
3314 2290 3382 2346 ab
3443 2290 3674 2347 Gebliarto

2119 2377 2515 2433 Elmenhorstio
2570 2395 2691 2435 eum
2741 2389 2952 2452 septem
3017 2383 3241 2439 Arnobii
3295 2384 3448 2439 libris
3478 2386 3670 2456 publica-

2119 2479 2202 2524 tus
2242 2469 2357 2524 fuit.

2187 2561 2355 2616 Simili
2379 2577 2592 2634 quoque
2619 2563 2779 2618 modo
2806 2566 2907 2620 alia
2933 2564 3080 2620 illius
3103 2565 3272 2621 editio
3323 2566 3538 2622 Parisiis
3557 2583 3665 2624 anno

2116 2657 2258 2712 1615
2303 2672 2332 2711 a
2367 2657 2641 2714 Desiderio
2694 2658 2947 2726 Heraldo,
2999 2661 3093 2716 sed
3140 2661 3266 2716 ullis
3292 2661 3497 2731 absque
3527 2663 3573 2716 in
3594 2665 3671 2717 υεο

2115 2749 2314 2804 tavium
2363 2750 2866 2819 observationibus,
2903 2753 2980 2808 uti
3011 2767 3136 2808 mox
3164 2753 3394 2822 dicetur,
3435 2753 3664 2817 adornata,

2114 2841 2166 2894 in
2223 2840 2488 2910 publicam
2533 2843 2704 2898 lucem
2743 2845 2938 2899 emissa
2966 2853 3070 2900 est.

2186 2933 2359 2986 Aliam
2414 2932 2570 3004 hujus
2617 2934 2738 2989 libri
2797 2935 3129 3003 editionem,
3190 2938 3260 2992 ab
3316 2937 3662 2994 Oxoniensiinu

2117 3028 2570 3093 typographorum
2601 3024 2816 3080 officina
2840 3026 3158 3096 profectam,
3183 3027 3281 3084 sed
3304 3029 3373 3084 ab
3386 3030 3501 3084 aliis
3525 3045 3664 3100 parum

2113 3116 2504 3186 discrepantem
2561 3119 2717 3174 nobis
2765 3119 3264 3176 indicatOuzelius.

2190 3208 2381 3264 P05tea
2420 3225 2547 3264 vero
2598 3209 2847 3266 Nicolaus
2892 3212 3154 3283 ltigaltius
3203 3213 3354 3269 illum
3398 3214 3465 3269 ad
3514 3215 3666 3271 codicis

2123 3299 2276 3370 Regii
2326 3301 2482 3356 ﬁdem
2528 3301 2706 3357 denuo
2741 3305 3080 3375 castigatum,
3134 3307 3406 3378 variisque
3449 3307 3500 3362 in
3547 3308 3659 3372 locis,

2115 3401 2176 3448 ut
2237 3393 2352 3462 ipse
2431 3395 2525 3460 ait,
2593 3407 2897 3451 correctum
2961 3407 3017 3452 et
3081 3399 3426 3454 emendatum
3493 3399 3660 3454 Lutetia:

2116 3485 2442 3542 Parisiorum
2472 3487 2610 3557 apud
2657 3487 2874 3543 viduam
2903 3489 3194 3546 Mathurini
3247 3491 3451 3563 anuis
3497 3494 3657 3563 protulit
3741 3485 3748 3560 1

2113 3579 2168 3634 in
2217 3580 2422 3650 vulgus.
2453 3580 2521 3636 Et
2551 3591 2700 3637 certe
2729 3583 2780 3636 in
2834 3581 2939 3638 hoc
2962 3585 3114 3655 regio
3142 3583 3333 3640 codice
3353 3587 3657 3654 manuscripto
3749 3585 3753 3656 g‘

2113 3671 2570 3743 deprehendimus
2602 3674 2818 3747 Rigaltii
2849 3686 3034 3742 notas,
3071 3677 3269 3748 quibus
3315 3677 3524 3734 Minucii
3541 3678 3653 3732 verba
3749 3657 3751 3699 ¹

2112 3770 2380 3836 separavit
2425 3770 2804 3840 eorrexitque,
2871 3784 2937 3825 ac
2995 3770 3170 3825 varias
3218 3771 3647 3844 interpunctiones.

2111 3859 2303 3930 quibus
2354 3871 2620 3916 commata
2667 3871 2722 3917 et
2773 3862 2999 3932 phrases
3045 3863 3276 3920 credidit
3325 3879 3452 3922 eSse
3508 3865 3644 3920 disiin-

2110 3951 2341 4024 guenda.
2385 3953 2466 4008 Ex
2514 3954 2617 4009 hac
2669 3965 2848 4010 autem
2905 3956 3142 4013 editione
3193 3958 3338 4013 idem
3393 3959 3517 4015 liber
3537 3958 3648 4012 Ams-

2113 4046 2363 4102 telndami
2395 4063 2538 4103 anno
2569 4049 2711 4106 1645
2731 4091 2745 4114 ,
2796 4061 2851 4105 et
2897 4052 3037 4107 inter
3062 4051 3319 4124 Cypriani
3357 4052 3522 4123 Opera
3553 4066 3647 4107 anno

2114 4138 2256 4196 1666
2302 4141 2644 4211 postmodum
2698 4157 2931 4198 excusas
2975 4153 3079 4199 est.
3112 4143 3314 4200 Verum
3360 4143 3643 4202 editioalli-

2109 4240 2272 4310 galtio
2345 4240 2604 4295 adornata
2670 4241 2906 4310 plurium
2955 4244 3411 4316 vituperationem
3473 4246 3643 4317 elfugerc

2112 4345 2217 4386 non
2270 4333 2460 4401 potuit.

2182 4423 2437 4491 Quamvis
2485 4427 2628 4482 enim
2673 4426 2906 4484 Jacobus
2968 4429 3222 4487 Ouzelius
3291 4447 3401 4489 non
3472 4429 3637 4488 minimis

2112 4517 2256 4573 illam
2311 4520 2536 4576 extollat
2584 4521 2864 4588 laudibus;
2912 4523 3071 4579 aliam
3099 4535 3320 4591 tamen,
3371 4527 3447 4581 uti
3471 4524 3636 4596 putabat.

400 4621 565 4684 atque
615 4613 754 4667 alios
798 4614 1020 4668 Arnobii
1049 4614 1214 4669 libros
1245 4613 1463 4683 legisset
1491 4655 1505 4678 ,
1538 4630 1642 4668 nou
1673 4616 1850 4670 minus
1880 4616 2003 4686 ipsi,
2033 4621 2085 4680 D
2115 4612 2391 4668 meliorem
2436 4614 2550 4684 ipse
2597 4613 2772 4670 adhuc
2819 4615 3136 4672 adolescens
3191 4633 3337 4673 anno
3388 4618 3514 4674 1652
3545 4616 3636 4682 ιιιε·

401 4722 562 4778 quam
590 4706 717 4761 olim
741 4705 1064 4776 Nepotiano,
1091 4716 1148 4761 ut
1187 4707 1544 4778 Hieronymus
1585 4717 1810 4763 testatur
1855 4709 2006 4780 (Hie-

401 4815 604 4870 ronym.
657 4799 806 4867 epist.
837 4799 931 4865 55,
976 4797 1043 4850 ad
1096 4797 1307 4852 Heliod.
1345 4815 1398 4868 p.
1443 4797 1595 4870 271),
1626 4799 1778 4855 facile
1820 4816 2001 4871 prom-

402 4897 626 4963 tumque
676 4891 892 4956 fuisset,
941 4889 1208 4947 diversam
1259 4890 1419 4960 plane
1462 4892 1736 4962 utriusque
1800 4893 2004 4949 discer-

403 4997 535 5040 nere
563 4983 775 5040 dicendi
818 4984 1106 5038 rationem.
1159 4983 1226 5039 Et
1252 4998 1381 5038 vero
1402 5025 1414 5037 .
1447 4985 1574 5054 quid
1603 4985 1825 5042 Erasmu
1846 4998 2004 5045 ecete-

401 5080 583 5151 risque
609 5079 859 5135 omnibus
884 5077 1112 5145 facilius,
1143 5095 1304 5150 quam
1333 5078 1472 5134 hunc
1495 5079 1686 5136 librum
1713 5083 1998 5152 volvendo,

402 5173 685 5230 confestim
721 5170 1129 5243 deprehendere
1169 5172 1392 5228 Arnobii
1421 5173 1586 5228 libros
1625 5189 1732 5229 non
1791 5176 1844 5230 in
1889 5177 2003 5231 dia-

399 5264 504 5336 logi
558 5265 816 5329 formam,
849 5265 991 5320 sicut
1039 5265 1127 5320 hic
1178 5264 1391 5320 Minucii
1447 5266 1716 5333 Octavius,
1755 5267 2002 5339 styloque

399 5362 558 5432 longe
610 5361 826 5416 diverso
876 5376 996 5418 esse
1035 5361 1382 5434 compositos.

470 5459 539 5512 At
585 5456 786 5526 Optime
825 5457 1040 5527 quidem
1089 5456 1139 5511 id
1193 5456 1460 5512 intellexit
1519 5454 1838 5511 Franciseus
1881 5455 1998 5511 Bal-

397 5548 633 5615 duinus,
682 5560 844 5620 atque
903 5551 1000 5604 hac
1051 5550 1163 5619 ipsa
1217 5549 1286 5605 de
1315 5564 1508 5610 causa.
1563 5549 1844 5614 Lactantii,
1876 5548 1999 5605 Hie-

395 5643 747 5715 ronymique,
779 5658 912 5712 quos
941 5658 1100 5714 supra
1133 5642 1439 5706 citavimus,
1474 5641 1792 5696 auctoritate
1810 5641 1997 5710 fretus,

398 5735 662 5790 Octavium
702 5734 843 5792 hunc
893 5737 1130 5808 genuino
1181 5749 1280 5789 suo
1331 5734 1538 5804 parenti
1573 5733 1805 5789 Minucio
1835 5734 1999 5790 Felici

393 5826 647 5889 restituit.
693 5827 1056 5900 Quamobrem
1115 5841 1257 5882 anno
1309 5825 1450 5882 1560
1511 5825 1690 5892 illttm,
1735 5826 1854 5898 ipso
1904 5826 2000 5882 Mi-

2107 4704 2233 4760 duni
2287 4705 2607 4761 Batavorum
2669 4709 2809 4778 apud
2865 4708 3166 4766 Johannem
3245 4711 3296 4766 le
3369 4712 3517 4767 Maire
3551 4721 3634 4778 pro-

2109 4798 2380 4868 mulgnvit.
2447 4798 2580 4853 Nam
2629 4799 2682 4854 in
2737 4799 2881 4854 illius
2930 4801 3244 4870 praefatione
3293 4804 3532 4859 monitum
3566 4798 3633 4852 Iec-

2109 4895 2279 4943 torem
2322 4889 2447 4945 facit
2491 4905 2550 4946 se
2601 4892 2837 4946 auctoris
2867 4893 3050 4957 verba,
3099 4893 3168 4948 ab
3197 4893 3324 4957 aliis
3344 4911 3409 4950 ex
3438 4892 3554 4961 regio
3572 4903 3632 4944 σου

2109 4981 2228 5036 dice
2288 4992 2434 5038 recte
2483 4983 2789 5049 emendata,
2858 4985 3166 5054 retinuisse,
3237 4987 3375 5042 alias
3439 4986 3630 5056 vulgatam

2105 5077 2405 5148 praetulisse
2445 5077 2752 5134 lectionem.
2779 5078 3126 5150 Coujecturas
3155 5095 3288 5136 vero
3308 5097 3450 5146 suas,
3474 5087 3626 5146 easque.

2106 5179 2166 5224 ut
2213 5171 2325 5239 ipse
2371 5170 2467 5238 ait,
2513 5171 2847 5228 certissimus
2899 5173 3068 5228 semel
3114 5183 3325 5230 tantum
3355 5185 3444 5231 aut
3469 5173 3533 5228 bis
3569 5166 3625 5222 llr

2107 5261 2335 5316 nuciano
2404 5263 2633 5318 inseruit
2700 5265 2901 5332 textui,
2979 5275 3207 5322 caeteras
3267 5270 3382 5324 suis
3434 5259 3622 5322 commisit

2105 5354 2682 5411 animadversiouibus.
2741 5357 2979 5428 Denique
3034 5360 3264 5429 plurima
3315 5360 3622 5430 inprat'arer'

2101 5446 2290 5501 borum
2324 5448 2759 5519 interpunctione
2793 5465 2858 5505 ac
2897 5449 3250 5508 distinctione
3277 5468 3337 5509 se
3387 5453 3618 5508 immutasse

2102 5541 2442 5597 testificatur.

2175 5636 2252 5692 Ea
2288 5648 2466 5693 autem
2516 5639 2719 5694 Ouzelii
2767 5639 2932 5697 editio
2989 5654 3180 5697 recusa
3234 5623 3321 5697 esi
3376 5641 3422 5695 in
3462 5631 3609 5690 ofﬁci!!!

2104 5729 2378 5784 Hackiana
2428 5731 2672 5802 Lugduni
2725 5732 3042 5788 Batavorum
3093 5749 3239 5790 anno
3266 5733 3416 5798 l672;
3443 5726 3518 5783 sed
3544 5731 3608 5790 quo

2103 5832 2347 5892 auctore,
2401 5824 2624 5896 cujusve
2677 5825 2854 5883 studio
2895 5838 2948 5885 et
2976 5827 3181 5898 labore,
3227 5829 3425 5902 penitus
3451 5827 3603 5878 ωαιπ.
