3802 6276
56 330 154 390 595

1442 321 1912 381 ΒΙΞΞΕΙΠΑΤΙΟ.

3229 294 3336 392 394

61 423 202 497 Bwvi
244 424 447 479 etcuim
496 432 709 480 tantum
756 426 961 481 monito
988 425 1263 484 declarant
1304 434 1640 504 typographi,
1669 437 1722 499 Α
1747 438 1815 493 ab
1861 454 2046 495 earum
2073 447 2249 495 tamen
2314 440 2836 498 animadversionum
2883 446 3234 516 scriptoribus
3259 451 3340 507 in-

64 547 109 587 se
157 516 344 573 dubios
404 518 713 588 anxiosque
781 517 1053 586 hausisse,
1091 520 1245 590 cujus
1310 524 1642 592 potissimum

72 608 331 681 scriptoris
390 622 558 678 opera
613 613 772 665 novis
830 611 969 682 typis
1038 611 1313 678 cudcriut,
1364 614 1643 671 ductorum

74 702 275 767 andem
317 700 551 754 virorum
627 702 861 756 consilio
934 701 1074 758 hunc
1151 704 1388 761 edidisse
1434 707 1646 762 Minucii

76 795 263 859 Felicis
302 793 590 856 Octavium,
618 796 895 861 munibus,
929 797 1001 849 uti
1047 798 1214 861 aiunt,
1247 799 1487 854 numeris
1532 801 1648 855 suis

77 885 402 951 absolutum,
456 900 517 940 ac
540 885 867 953 quibuslibet
932 889 1225 953 variorum,
1283 904 1403 960 quae
1466 889 1651 946 hacte-

82 997 183 1043 nus
230 978 542 1050 prodierant,
588 980 732 1035 notis
796 988 852 1035 et
884 979 1448 1041 animadversionibus
1490 984 1644 1041 illus-

84 1081 291 1134 ιηιιωι.

148 1171 209 1222 At
257 1162 549 1228 Gronovio,
604 1164 763 1220 siculi
811 1166 971 1235 paulo
1017 1176 1139 1237 post
1194 1168 1421 1234 dicetur,
1481 1171 1644 1242 longe

87 1261 221 1313 aliter
264 1254 433 1309 rismu
481 1261 586 1310 est.
615 1254 827 1310 Nullam
853 1258 1134 1316 enimvero
1163 1276 1284 1317 esse
1328 1272 1510 1331 putat,
1547 1262 1649 1318 hac

77 1351 173 1420 ipsa
214 1355 433 1414 propter
474 1346 701 1401 easdem
738 1344 942 1403 Ouzelii
975 1359 1133 1405 notas
1179 1350 1415 1419 pejor-cm
1446 1352 1648 1408 minus-

84 1455 173 1512 que
210 1436 567 1507 probandam.
625 1439 798 1494 Porro
824 1450 1004 1496 autem
1054 1443 1384 1498 tametsi‘illa
1434 1443 1649 1515 elegan-

80 1533 299 1596 tioribus,
349 1546 510 1600 quam
580 1542 794 1588 caeteras
845 1547 1072 1599 omnes,
1126 1535 1266 1607 typis
1323 1550 1518 1591 excusa
1566 1538 1648 1591 vi-

82 1625 264 1686 deatur,
328 1621 478 1691 plura
531 1622 884 1677 nihilominus
922 1638 987 1679 ac
1016 1625 1352 1693 potissimum
1375 1625 1430 1680 in
1458 1628 1644 1682 obser-

88 1711 367 1769 vationibus
416 1723 471 1767 et
512 1713 694 1780 notis,
738 1714 827 1770 ubi
886 1724 1165 1770 auctorum
1203 1716 1324 1771 libri
1382 1718 1648 1786 citantur,

1751 540 1887 585 tacta
1932 532 2180 596 omnino,
2233 546 2297 587 ac
2323 535 2684 604 praetermissa
2715 534 2949 591 fuerunt.

1820 622 1889 676 At
1940 634 2086 678 certe
2130 640 2237 678 non
2285 625 2393 679 alio
2439 624 2744 681 Gronovius
2783 629 2965 684 animo
2993 629 3178 687 harum
3205 635 3341 691 alia-

1749 730 1973 785 rumque
1997 715 2288 771 editionum
2345 718 2469 773 vitia
2521 734 2848 790 exaggerare
2884 722 3115 791 videtur,
3162 727 3343 783 nisiut

1750 804 2034 875 unicuique
2063 808 2378 874 persuadeat
2423 822 2574 863 suam
2620 812 2829 867 caneris
2872 813 2993 867 aliis
3032 828 3152 870 esse
3178 831 3342 886 pnes-

1751 896 2056 959 lautiorem,
2094 897 2453 968 omnibusque
2488 902 2727 954 numeris
2752 900 3077 957 absolutam.
3115 905 3342 961 Verum-

1751 994 1928 1040 tamen
1976 1001 2095 1056 qna:
2151 987 2203 1040 iu
2250 987 2467 1044 Minucii
2498 991 2668 1044 nostri
2724 999 2870 1046 textu
2915 995 3122 1049 mendis
3167 997 3346 1054 adhuc

1751 1077 1988 1146 pluribus
2023 1077 2237 1145 foedata,
2287 1092 2378 1133 aut
2418 1081 2725 1137 obscuriora
2783 1098 2905 1139 esse
2971 1096 3177 1153 censet,
3229 1088 3348 1144 hanc

1751 1171 1945 1225 nullius
1999 1172 2347 1239 manusuipti
2395 1173 2598 1227 codicis
2670 1177 3009 1239 auctoritate,
3080 1178 3177 1234 sed
3229 1180 3344 1236 suis

1753 1262 2143 1330 tantummodo,
2186 1262 2271 1318 vel
2296 1262 2531 1318 aliorum
2576 1264 2903 1335 conjecturis
2927 1269 3232 1334 enucleare,
3261 1271 3350 1327 vel

1750 1357 1892 1427 quod
1926 1359 2098 1412 rarius
2128 1367 2232 1424 est,
2272 1360 2562 1414 emendare
2589 1363 2903 1417 connititur.
2956 1363 3151 1432 Quanti
3188 1381 3348 1435 porro

1752 1449 1837 1504 hac
1882 1449 2207 1520 conjectum:
2249 1451 2354 1505 sint
2382 1454 2663 1519 momenti,
2712 1454 2850 1510 infra
2882 1471 2981 1511 suo
3005 1458 3126 1514 loco
3164 1468 3347 1514 osten-

1752 1540 1961 1597 demus.
2018 1542 2301 1613 palamque
2346 1559 2468 1599 mox
2498 1544 2754 1600 facit-mus
2783 1546 2934 1602 illum
2960 1564 3073 1603 SlllS
3113 1550 3163 1603 in
3208 1550 3351 1606 notis

1753 1631 1807 1687 in
1861 1631 2050 1688 eadem
2090 1633 2341 1689 incidisse
2385 1635 2536 1702 vitia,
2589 1652 2708 1707 qua:
2760 1636 2814 1692 in
2858 1639 2978 1694 aliis
3019 1648 3163 1696 tanta
3219 1655 3350 1697 con-

1753 1722 1971 1779 fidentia
2029 1725 2352 1795 redarguere
2402 1742 2563 1783 ausus
2615 1738 2716 1782 cst.

101 1805 516 1876 ministrantium
560 1814 741 1860 errata
788 1804 1266 1876 deprehendimus.
1320 1807 1475 1876 Quod
1526 1809 1650 1880 qui-
1681 1824 1731 1885 Β
1831 1817 2237 1873 Observandum
2284 1819 2462 1876 adhuc
2507 1832 2591 1877 est
2634 1822 2893 1893 quasdam
2960 1840 3026 1881 ex
3088 1826 3353 1884 hactenus

93 1896 199 1951 dcm
258 1896 441 1951 idcirco
476 1895 806 1951 monendum
845 1911 965 1952 esse
1017 1897 1292 1964 duximus,
1323 1915 1390 1953 ne
1416 1900 1536 1969 quis
1593 1901 1646 1956 in

98 2001 371 2061 posterum,
413 1988 479 2042 iis
520 2004 631 2043 non
685 1988 819 2045 satis
865 1987 1153 2060 diligenter
1202 1990 1551 2057 examinatis,
1594 1991 1651 2046 in

86 2097 302 2138 errorem
330 2081 629 2137 iuduratur.

146 2176 304 2230 Aliam
352 2184 613 2244 pmterea
660 2173 884 2245 hujusce
929 2173 1214 2230 Minuciani
1271 2174 1395 2230 libri
1460 2173 1656 2231 editio-

80 2286 185 2325 nent
231 2266 656 2338 Christopborus
703 2266 970 2322 Collarius
1021 2267 1075 2322 iu
1121 2268 1429 2323 christiana:
1461 2267 1656 2337 juven-

79 2361 187 2415 tutis
205 2359 434 2430 gratiam
460 2359 687 2421 curavit,
720 2356 886 2412 llalhe
911 2372 1053 2411 anno
1084 2356 1223 2413 1699
1242 2399 1257 2423 ,
1293 2357 1494 2425 perlici.
1526 2357 1654 2414 llaec

75 2453 200 2510 enim
242 2453 410 2519 illius,
467 2452 671 2506 utinam
711 2460 768 2505 et
822 2451 1085 2515 omnium,
1160 2449 1261 2505 fuit
1336 2452 1601 2506 sententia
1634 2490 1653 2518 ,

77 2546 293 2615 Optimos
342 2544 624 2598 latinitatis
665 2553 935 2607 auctores,
972 2539 1314 2608 Ciceronem,
1380 2542 1649 2611 olimque,

77 2638 162 2708 qui
179 2637 302 2692 nihil
321 2635 423 2690 nisi
444 2634 690 2704 pudicum
706 2642 760 2690 et
778 2635 1057 2689 honestum
1070 2634 1347 2700 exhibent,
1363 2634 1430 2689 ab
1443 2633 1656 2689 adoles-

75 2728 305 2784 centibus
343 2724 657 2782 christiauis
701 2725 960 2797 lrgendos
991 2741 1140 2789 sane,
1194 2725 1291 2781 sed
1340 2725 1403 2780 iis
1433 2724 1657 2791 conjun-

71 2821 260 2892 gemlos
323 2818 632 2875 chriStiana:
673 2818 933 2874 Ecclesia:
962 2818 1369 2889 antiquissimos
1395 2828 1446 2873 et
1478 2818 1659 2889 purio-

76 2916 156 2970 ris
178 2913 455 2969 latinitatis
500 2912 814 2982 scriptores.
876 2910 1197 2967 Persuasum
1249 2910 1514 2982 siquidem
1570 2910 1660 2967 ille

83 3022 180 3061 nec
205 3005 458 3061 immerito
482 3004 689 3067 habuit,
715 3002 816 3057 hac
834 3003 1066 3058 lectione
1090 3002 1464 3058 adolescentes
1494 3017 1655 3073 posse

84 3099 226 3154 latini
264 3100 529 3154 sermonis
568 3098 748 3153 nitore
786 3105 842 3152 et
877 3096 1163 3169 elegantia,
1212 3111 1277 3153 ac
1303 3097 1426 3151 fidei
1458 3108 1659 3152 nostra:

1755 1910 2042 1965 recensitis
2089 1910 2316 1980 hujusce
2365 1911 2650 1967 Minuciani
2703 1914 2825 1970 libri
2872 1916 3201 1974 cditionibns
3246 1935 3352 1975 non

1753 2002 1952 2066 semel,
2009 2000 2102 2055 sed
2153 2003 2411 2069 secundo,
2468 2005 2648 2071 tertio,
2697 2016 2859 2075 atque
2907 2009 3068 2063 etiam
3122 2011 3355 2080 amplius

1756 2096 1896 2167 typis
1921 2110 2150 2151 excusas
2176 2096 2360 2152 fuisse.
2393 2095 2497 2153 Sed
2526 2099 2648 2165 quia
2680 2097 2812 2153 nihil
2839 2101 2920 2154 eis
2947 2102 3072 2155 novi
3103 2105 3355 2172 accessit,

1756 2187 1875 2242 illas
1916 2188 2003 2245 hic
2044 2205 2403 2246 annumerare
2446 2201 2500 2246 et
2547 2206 2833 2249 recensere
2860 2210 3048 2263 parum
3083 2198 3234 2266 utile,
3263 2207 3358 2254 aut

1756 2281 1935 2351 potius
1966 2283 2123 2354 plane
2164 2297 2554 2355 supervacuum
2587 2285 2741 2342 nobis
2768 2285 2998 2342 videtur.

2325 2452 2619 2494 ARTICULUS
2663 2454 2737 2494 IV.

1758 2572 1839 2629 De
1880 2573 2137 2628 uariorum
2183 2574 2239 2627 in
2309 2573 2443 2628 hunc
2516 2573 2704 2627 librum
2755 2574 2889 2631 notis
2939 2585 2985 2630 et
3028 2576 3358 2633 animadver-

2438 2663 2683 2719 tionibus.

1833 2822 1912 2878 Ex
1967 2823 2035 2879 iis
2067 2822 2338 2888 omnibus,
2359 2837 2585 2893 quorum
2619 2836 2782 2892 opera
2826 2821 2967 2876 hunc
2994 2822 3189 2878 librum
3221 2827 3362 2897 typis

1760 2916 1965 2973 editum
2015 2915 2273 2979 diximus,
2337 2914 2488 2983 pauci
2536 2924 2682 2981 sunt,
2735 2913 2825 2984 qni
2885 2915 3082 2969 multas
3125 2915 3177 2968 in
3237 2932 3359 2972 eum

1761 3017 1916 3064 notas
1966 3018 2019 3062 et
2065 3005 2471 3062 observationes
2511 3019 2619 3059 non
2653 3003 3059 3072 publicaverint.
3112 3005 3242 3073 Quae
3264 3011 3363 3060 ita-

1761 3116 1885 3170 que,
1917 3100 2173 3171 qualesve
2222 3113 2285 3152 ac
2340 3097 2493 3168 cujus
2536 3099 2751 3168 generis
2805 3097 2934 3164 sint,
2962 3098 3072 3167 jam
3119 3115 3150 3154 a
3206 3101 3363 3156 nobis

80 3191 434 3259 documentis,
509 3206 721 3246 morum
784 3190 1102 3256 sanctitate,
1175 3205 1240 3246 ac
1291 3191 1516 3246 historia
1569 3205 1729 3275 ec-C
1762 3192 2135 3263 explicandum
2185 3200 2290 3247 est.
2338 3190 2518 3246 Primo
2546 3190 2762 3261 quidem
2815 3190 3052 3247 Joannes
3097 3191 3363 3248 Meursius

74 3284 360 3340 clesiastica
404 3283 566 3340 simul
612 3283 779 3338 imbui
826 3292 882 3338 et
930 3284 1226 3338 inlormari.

141 3378 375 3447 Denique
421 3377 510 3434 hic
564 3378 701 3432 liber
746 3391 890 3432 anno
948 3376 1090 3432 1709
1154 3375 1395 3447 Lugduni
1439 3377 1661 3432 Batavo-

72 3490 188 3529 rum
218 3492 241 3528 ι
274 3490 342 3530 ex
382 3473 702 3529 recensione
735 3471 921 3528 Jacobi
971 3469 1227 3527 Gronovii
1257 3489 1277 3522 ι
1327 3470 1465 3542 typis
1509 3485 1661 3525 man-

71 3564 224 3620 datus
261 3574 365 3621 est.
417 3564 623 3633 Quibus
674 3576 853 3619 autem
890 3561 1188 3617 rationibus
1222 3561 1290 3615 ad
1319 3576 1442 3616 eum
1477 3575 1662 3616 rursus

72 3656 447 3725 publicandam
481 3656 744 3712 adductus
791 3655 990 3719 fuerit,
1032 3653 1112 3709 sic
1139 3652 1229 3707 ille
1266 3651 1336 3707 ab
1378 3651 1498 3721 ipso
1525 3666 1664 3722 prte-

76 3746 287 3803 fationis
337 3763 451 3803 sure
515 3747 740 3803 exordio
785 3745 1044 3814 explicat:
1099 3763 1119 3796 ι
1174 3743 1484 3813 Repetenda
1547 3751 1663 3798 erat

78 3839 132 3893 in
174 3839 273 3896 hac
324 3840 459 3896 urbe
498 3838 666 3895 editio
717 3837 782 3893 Μ.
842 3835 1060 3892 Minucii
1101 3834 1325 3901 Felicis,
1364 3851 1485 3891 cum
1512 3836 1661 3890 vario

77 3945 316 3988 sentinae
341 3930 410 3988 ad
441 3930 786 3987 librariorum
818 3929 1065 3985 notitiam
1097 3927 1374 3984 venitmea
1406 3927 1662 3999 frequens

78 4022 233 4093 hujus
292 4024 460 4081 libelli
517 4021 952 4087 commendatio,
1019 4028 1075 4075 et
1149 4017 1276 4074 olim
1329 4032 1394 4074 ac
1445 4033 1663 4087 semper

80 4115 250 4183 lectio,
284 4125 344 4171 ut
384 4114 503 4172 ﬁeri
549 4114 817 4185 nequiret,
866 4112 993 4183 quin
1024 4111 1195 4166 iretur
1232 4111 1298 4165 ad
1331 4126 1439 4167 me.
1473 4130 1492 4164 ι
1526 4110 1662 4165 Mqu

88 4207 156 4263 tis
197 4209 368 4282 itaque
405 4208 716 4265 nominibus
764 4206 815 4262 ei
862 4205 1052 4277 procul
1080 4205 1245 4260 dubio
1293 4204 1549 4259 obstricta
1580 4213 1664 4260 est

88 4298 423 4358 litteratum
471 4299 801 4371 respublica,
843 4297 986 4367 quod
1016 4312 1168 4351 suam
1212 4295 1365 4352 hisce
1406 4294 1658 4361 librariis,

103 4404 198 4445 seu
219 4394 383 4461 potius
409 4389 782 4463 typograpbis,
806 4403 915 4445 non
955 4387 1230 4459 negaverit
1259 4402 1504 4457 operum.
1534 4385 1663 4442 Sine

101 4497 167 4538 ea
208 4485 459 4541 enimsero
499 4496 683 4542 actum
724 4492 842 4539 erat
881 4481 949 4538 de
990 4496 1128 4536 nova
1175 4478 1373 4535 Octavii
1401 4479 1660 4544 editione,

1763 3283 2049 3340 nonnullas
2101 3283 2153 3337 in
2188 3282 2329 3336 hunc
2376 3279 2656 3335 Octavium
2692 3280 2932 3347 protulit,
2959 3296 3095 3351 quas
3137 3282 3190 3336 iu
3223 3298 3359 3351 quo-

1761 3375 1884 3430 dam
1933 3373 2211 3445 opusculo,
2259 3370 2623 3442 Hypocriticus
2668 3369 3016 3435 Minuciauus,
3063 3373 3168 3427 sive
3211 3372 3368 3429 Criti~

1762 3486 1851 3525 cur
1897 3469 2207 3530 subseciva,
2251 3466 2526 3535 inscripto,
2572 3479 2798 3519 excusas
2868 3463 3146 3519 habemus.
3193 3463 3249 3520 In
3299 3465 3364 3521 iis

1763 3572 1943 3615 autem
2000 3556 2259 3613 nonnulla
2294 3556 2532 3611 auctoris
2578 3555 2773 3616 nostri,
2808 3569 2929 3623 qua:
2978 3565 3226 3624 corrupta
3261 3555 3363 3624 ipsi

1762 3649 2104 3711 videbantur,
2158 3648 2276 3703 loca
2342 3645 2668 3716 conjectnris
2731 3642 2846 3699 suis
2916 3645 3209 3716 corrigere,
3267 3645 3365 3703 sed

1765 3758 1908 3814 saepe
1958 3741 2156 3812 saepius
2208 3740 2386 3794 minus
2432 3738 2661 3795 feliciter
2722 3746 2778 3792 et
2827 3737 3071 3806 apposite
3137 3747 3366 3793 conatus

1763 3844 1867 3890 est.
1925 3834 2042 3891 Alia
2098 3847 2230 3887 vero
2276 3829 2521 3901 quaedam
2575 3842 2742 3898 pauca
2781 3825 3010 3882 aliorum
3037 3829 3363 3897 scriptorum

1763 3924 1946 3981 verbis
1974 3922 2209 3993 explicat
2253 3930 2309 3975 et
2351 3922 2754 3989 interpretatur.

1838 4015 2157 4073 Fraucism.‘
2187 4020 2368 4067 autem
2400 4010 2690 4064 Balduiuus
2717 4007 2771 4062 in
2790 4006 2903 4061 suis
2925 4007 2976 4061 in
3004 4006 3145 4060 hunc
3167 4004 3364 4061 librum

1765 4107 2189 4180 Prolegumenis,
2244 4112 2524 4173 postquam
2579 4100 2726 4155 illum
2768 4098 3000 4152 Minucio
3055 4096 3218 4152 Felici
3249 4097 3366 4150 vin-

1764 4201 1980 4265 dicavit,
2030 4196 2277 4269 quatdam
2346 4193 2414 4248 de
2473 4194 2592 4261 ejtts
2653 4199 2831 4254 :etate,
2892 4187 3112 4254 familia,
3162 4188 3363 4255 patria,

1765 4292 2124 4366 professione,
2171 4284 2479 4350 causidicis,
2530 4283 2878 4348 Romanoque
2938 4277 3058 4333 foro
3084 4278 3359 4347 praefatur.

1764 4386 1901 4443 Tum
1924 4381 2120 4439 deinde
2148 4376 2366 4432 disserit
2395 4374 2462 4429 de
2493 4373 2649 4442 hujus
2678 4371 2797 4425 libri
2828 4370 2990 4438 stylo,
3022 4379 3360 4441 argumento,

1766 4475 1912 4532 varia
1952 4470 2153 4529 Caecilii
2174 4465 2490 4537 Octaviique
2514 4461 2819 4531 disputandi
2859 4460 3089 4524 ratione,
3121 4475 3185 4515 ac
3213 4460 3365 4529 plura

100 4585 191 4631 aut
221 4579 395 4634 minus
439 4579 611 4634 doctis
666 4575 913 4633 manibus
968 4572 1242 4644 inquinata
1275 4572 1471 4642 potius,
1500 4585 1743 4654 quamn
1768 4569 1926 4640 hujus
1977 4560 2558 4654 disputationiscapita
2607 4555 2847 4654 breviter
2873 4551 3223 4654 exponit._Ea
3263 4568 3365 4608 au-

95 4681 358 4743 repurgata
396 4671 700 4743 prodiisset.

163 4762 345 4820 limites
390 4779 519 4820 vero
558 4764 829 4827 vituperat
867 4759 1174 4830 superiores
1201 4757 1361 4827 hujus
1410 4755 1531 4811 libri
1552 4755 1668 4812 edi-

100 4858 276 4929 tiones,
318 4861 635 4929 nullamque
681 4871 807 4913 esse
852 4856 1075 4918 asserit,
1122 4855 1176 4908 in
1231 4868 1333 4923 qua
1382 4851 1534 4921 plura
1565 4865 1669 4906 non

88 4947 463 5009 desiderentur.
511 4950 582 5008 At
625 4949 748 5004 illas
788 4948 841 5002 in
881 4946 1069 5018 primis
1098 4943 1358 4999 infamare
1419 4952 1664 5009 conatur,

90 5056 197 5111 quae
237 5044 398 5100 annis
459 5042 623 5108 1645,
697 5038 859 5105 1652.
913 5046 967 5094 et
1020 5035 1194 5102 1672,
1241 5049 1272 5089 a
1336 5033 1566 5104 Rigaltio
1614 5040 1671 5089 et

91 5128 292 5190 Ouzelio
318 5134 662 5191 concinnata:
717 5137 862 5185 sunt.
913 5126 1058 5183 Nihil
1114 5138 1293 5181 tamen
1315 5123 1459 5178 aliud
1484 5140 1667 5195 reprc-

94 5219 282 5293 hendit,
326 5226 428 5280 nisi
458 5222 604 5293 quod
626 5220 857 5292 Vulgata:
883 5220 937 5275 in
977 5221 1043 5274 iis
1080 5218 1458 5273 annotationes
1489 5234 1509 5267 ι
1563 5217 1673 5272 sint

93 5312 255 5380 nimis,
270 5317 460 5387 inquit,
486 5315 722 5385 copiosa:
738 5321 794 5368 et
818 5311 1090 5382 loquaces,
1114 5320 1206 5364 aut
1228 5307 1389 5363 nimis
1411 5322 1613 5378 paucae.
1646 5325 1666 5359 ι

100 5404 432 5482 longioribus
482 5409 681 5479 quippe
733 5422 838 5460 non
875 5403 1051 5459 solum
1098 5403 1417 5457 obscuratur
1465 5410 1519 5454 et
1544 5413 1672 5455 eva-

1768 4671 1876 4718 tein
1904 4674 1970 4715 ex
2014 4656 2132 4711 aliis
2158 4651 2476 4726 quibusdam
2515 4646 2901 4717 scriptoribus,
2936 4661 2999 4701 ac
3030 4645 3363 4716 potissimum

1767 4766 1833 4808 ex
1886 4746 2195 4805 christiana:
2236 4741 2513 4812 religionis
2538 4737 2935 4802 defensoribus,
2962 4735 3173 4791 Justino
3217 4750 3366 4790 mar-

1770 4856 1908 4918 tyre,
1943 4840 2302 4910 Athenagora,
2335 4832 2635 4905 TheOpbilo
2676 4829 3034 4893 Autiocheno,
3085 4826 3367 4882 Clemente

1770 4934 2164 4998 Alexandrino,
2203 4929 2464 4996 Arnobio,
2495 4924 2795 4990 Lactantio,
2826 4920 3134 4984 Ambrosio,
3160 4920 3368 4989 Augus-

1773 5034 1887 5090 tino
1931 5028 2248 5091 conlirmat;
2299 5021 2395 5077 sed
2447 5018 2633 5074 nullibi
2695 5016 2808 5070 fere
2855 5012 3052 5068 indicat
3094 5011 3367 5082 quibusin

1770 5123 1944 5189 libris,
1996 5120 2080 5176 vel
2112 5132 2215 5188 qua
2255 5114 2515 5168 librorum
2557 5110 2609 5163 in
2662 5114 2813 5176 parte
2852 5103 2968 5158 haec
3015 5117 3136 5172 qum
3183 5102 3374 5157 citavit

1774 5216 1891 5271 loca
1943 5210 2298 5282 reperiantur.
2355 5201 2598 5270 Denique
2637 5196 2706 5253 ad
2771 5193 3098 5266 prarfationis
3165 5194 3371 5250 calcem

1775 5305 2110 5362 Christianos
2161 5296 2229 5354 ad
2277 5288 2601 5349 veneranda:
2661 5285 2976 5343 cohortatur
3042 5282 3373 5353 antiquitatis

1777 5393 2159 5455 ecclesiastica:
2210 5385 2467 5443 studium.

1849 5486 2137 5544 Wuwerns
2179 5494 2310 5536 vero
2354 5477 2407 5532 in
2451 5472 2563 5527 suis
2616 5469 2756 5525 notis
2805 5466 3053 5524 brevitati
3083 5466 3215 5523 Satis
3243 5481 3378 5524 con-

1781 5580 1966 5638 suluit.
2019 5575 2112 5631 llis
2155 5580 2334 5628 autem
2382 5564 2467 5623 vel
2512 5571 2686 5619 textus
2742 5559 2935 5616 menda
2976 5560 3246 5630 corrigere
3294 5560 3380 5615 ni-

92 5693 131 5733 a
468 5646 1380 5758 perlegiwpotestal’luravinsuper
1409 5680 1525 5736 loca
1582 5693 1679 5734 su—
1785 5676 1935 5741 titur,
1994 5668 2076 5763 vel
2132 5662 2350 5763 Minucii
2397 5658 2592 5763 Felicis
2618 5653 2903 5763 ‘verba‘ac

92 5746 301 5844 messe
346 5746 503 5855 putat
540 5746 663 5847 qua:
722 5746 935 5832 tametsi
991 5746 1324 5832 correctione
1371 5769 1676 5842 indigeant,
1783 5767 1909 5826 dam
1958 5762 2182 5819 aliorum
2247 5754 2571 5826 scriptorum
2617 5746 2937 5855 testimoniis
2985 5746 3253 5817 explicare
3294 5752 3391 5804 aut

526 5835 807 5938 Ιίλτιιοι..
834 5868 950 5935 ΠΙ.
1489 5835 1514 5842 ⁷

2830 5835 2908 5900 13

104 5506 256 5560 nescit
293 5513 399 5562 tota
431 5501 721 5558 lliuuciaui
775 5498 1043 5556 sermonis
1106 5508 1381 5561 venustas,
1426 5494 1519 5551 sed
1560 5494 1678 5564 ejus

101 5594 247 5652 etiam
278 5608 448 5654 textus
470 5638 491 5665 ,
533 5596 588 5651 in
612 5595 717 5650 illis
748 5607 957 5650 mersus
976 5634 992 5659 ,
1038 5605 1235 5663 magno
1254 5589 1372 5644 sine
1400 5587 1558 5643 taedio
1588 5587 1677 5642 vix
