  <div class='ocr_page' id='page_1' title='image "/cluster/home/n/w/nwhite01/storage/ocr_20150623/3/uva.x000669812/249.png"; bbox 0 0 3774 6270; ppageno 0'>
   <div class='ocr_carea' id='block_1_1' title="bbox 408 333 517 391">
    <p class='ocr_par' dir='ltr' id='par_1_1' title="bbox 408 333 517 391">
     <span class='ocr_line' id='line_1_1' title="bbox 408 333 517 391; baseline -0.028 0"><span class='ocrx_word' id='word_1_1' title='bbox 408 333 517 391; x_wconf 79' lang='grc'><strong>595</strong></span> 
     </span>
    </p>
   </div>
   <div class='ocr_carea' id='block_1_2' title="bbox 1680 319 3661 386">
    <p class='ocr_par' dir='ltr' id='par_1_2' title="bbox 1680 319 3661 386">
     <span class='ocr_line' id='line_1_2' title="bbox 1680 319 3661 386; baseline 0.005 -10"><span class='ocrx_word' id='word_1_2' title='bbox 1680 323 1769 376; x_wconf 87' lang='lat' dir='ltr'><strong>DE</strong></span> <span class='ocrx_word' id='word_1_3' title='bbox 1807 319 2064 378; x_wconf 81' lang='lat' dir='ltr'><strong>MINUCII</strong></span> <span class='ocrx_word' id='word_1_4' title='bbox 2100 321 2402 378; x_wconf 80' lang='lat' dir='ltr'><strong>OCTAVIO</strong></span> <span class='ocrx_word' id='word_1_5' title='bbox 3577 330 3661 386; x_wconf 72' lang='lat'><strong>596</strong></span> 
     </span>
    </p>
   </div>
   <div class='ocr_carea' id='block_1_3' title="bbox 339 434 3667 511">
    <p class='ocr_par' dir='ltr' id='par_1_3' title="bbox 339 434 3667 511">
     <span class='ocr_line' id='line_1_3' title="bbox 339 434 3667 511; baseline -0.006 -7"><span class='ocrx_word' id='word_1_6' title='bbox 339 509 341 511; x_wconf 56' lang='grc'><strong><em>,</em></strong></span> <span class='ocrx_word' id='word_1_7' title='bbox 415 445 757 504; x_wconf 91' lang='lat' dir='ltr'><strong>conﬁrmare.</strong></span> <span class='ocrx_word' id='word_1_8' title='bbox 804 439 1001 496; x_wconf 83' lang='lat' dir='ltr'><strong>Verum</strong></span> <span class='ocrx_word' id='word_1_9' title='bbox 1059 437 1323 506; x_wconf 85' lang='lat' dir='ltr'><strong>majorem</strong></span> <span class='ocrx_word' id='word_1_10' title='bbox 1372 438 1426 491; x_wconf 90' lang='lat' dir='ltr'><strong>in</strong></span> <span class='ocrx_word' id='word_1_11' title='bbox 1474 436 1539 491; x_wconf 93' lang='lat' dir='ltr'><strong>iis</strong></span> <span class='ocrx_word' id='word_1_12' title='bbox 1609 435 1836 491; x_wconf 89' lang='lat' dir='ltr'><strong>citandis</strong></span> <span class='ocrx_word' id='word_1_13' title='bbox 1886 435 2006 504; x_wconf 88' lang='lat' dir='ltr'><strong>jure</strong></span> <span class='ocrx_word' id='word_1_14' title='bbox 2031 437 2084 497; x_wconf 87' lang='lat' dir='ltr'><strong>A</strong></span> <span class='ocrx_word' id='word_1_15' title='bbox 2109 436 2202 492; x_wconf 92' lang='lat' dir='ltr'><strong>illo</strong></span> <span class='ocrx_word' id='word_1_16' title='bbox 2229 442 2448 492; x_wconf 78' lang='lat' dir='ltr'><strong>omnino</strong></span> <span class='ocrx_word' id='word_1_17' title='bbox 2471 434 2833 507; x_wconf 55' lang='lat' dir='ltr'><strong>praetermissa</strong></span> <span class='ocrx_word' id='word_1_18' title='bbox 2851 476 2866 501; x_wconf 94' lang='lat'><strong>,</strong></span> <span class='ocrx_word' id='word_1_19' title='bbox 2893 449 3014 506; x_wconf 66' lang='lat' dir='ltr'><strong>qua:</strong></span> <span class='ocrx_word' id='word_1_20' title='bbox 3041 448 3150 490; x_wconf 91' lang='lat' dir='ltr'><strong>non</strong></span> <span class='ocrx_word' id='word_1_21' title='bbox 3178 434 3384 502; x_wconf 88' lang='lat' dir='ltr'><strong>minus,</strong></span> <span class='ocrx_word' id='word_1_22' title='bbox 3413 450 3553 506; x_wconf 87' lang='lat' dir='ltr'><strong>quam</strong></span> <span class='ocrx_word' id='word_1_23' title='bbox 3575 456 3667 496; x_wconf 68' lang='grc' dir='ltr'><strong>ωε-</strong></span> 
     </span>
    </p>
   </div>
   <div class='ocr_carea' id='block_1_4' title="bbox 416 526 2004 600">
    <p class='ocr_par' dir='ltr' id='par_1_4' title="bbox 416 526 2004 600">
     <span class='ocr_line' id='line_1_4' title="bbox 416 526 2004 600; baseline -0.01 -4"><span class='ocrx_word' id='word_1_24' title='bbox 416 549 564 595; x_wconf 87' lang='lat' dir='ltr'><strong>certe</strong></span> <span class='ocrx_word' id='word_1_25' title='bbox 619 535 809 590; x_wconf 90' lang='lat' dir='ltr'><strong>merito</strong></span> <span class='ocrx_word' id='word_1_26' title='bbox 869 530 1197 600; x_wconf 75' lang='lat' dir='ltr'><strong>diligentiam</strong></span> <span class='ocrx_word' id='word_1_27' title='bbox 1265 529 1332 583; x_wconf 89' lang='lat' dir='ltr'><strong>ab</strong></span> <span class='ocrx_word' id='word_1_28' title='bbox 1383 529 1498 598; x_wconf 88' lang='lat' dir='ltr'><strong>ipso</strong></span> <span class='ocrx_word' id='word_1_29' title='bbox 1557 527 1815 597; x_wconf 75' lang='lat' dir='ltr'><strong>requiras.</strong></span> <span class='ocrx_word' id='word_1_30' title='bbox 1869 526 2004 581; x_wconf 86' lang='lat' dir='ltr'><strong>Nam</strong></span> 
     </span>
    </p>
   </div>
   <div class='ocr_carea' id='block_1_5' title="bbox 420 617 2007 696">
    <p class='ocr_par' dir='ltr' id='par_1_5' title="bbox 420 617 2007 696">
     <span class='ocr_line' id='line_1_5' title="bbox 420 617 2007 696; baseline -0.009 -9"><span class='ocrx_word' id='word_1_31' title='bbox 420 629 616 686; x_wconf 76' lang='lat' dir='ltr'><strong>alicubi</strong></span> <span class='ocrx_word' id='word_1_32' title='bbox 660 624 894 696; x_wconf 78' lang='lat' dir='ltr'><strong>appellat</strong></span> <span class='ocrx_word' id='word_1_33' title='bbox 923 617 1438 691; x_wconf 60' lang='lat' dir='ltr'><strong>tantutn‘seriptoris</strong></span> <span class='ocrx_word' id='word_1_34' title='bbox 1464 634 1681 682; x_wconf 89' lang='lat' dir='ltr'><strong>nomen,</strong></span> <span class='ocrx_word' id='word_1_35' title='bbox 1711 618 1807 672; x_wconf 89' lang='lat' dir='ltr'><strong>sed</strong></span> <span class='ocrx_word' id='word_1_36' title='bbox 1864 618 2007 672; x_wconf 91' lang='lat' dir='ltr'><strong>illius</strong></span> 
     </span>
    </p>
   </div>
   <div class='ocr_carea' id='block_1_6' title="bbox 409 709 2006 781">
    <p class='ocr_par' dir='ltr' id='par_1_6' title="bbox 409 709 2006 781">
     <span class='ocr_line' id='line_1_6' title="bbox 409 709 2006 781; baseline -0.01 -3"><span class='ocrx_word' id='word_1_37' title='bbox 409 724 629 781; x_wconf 87' lang='lat' dir='ltr'><strong>librum,</strong></span> <span class='ocrx_word' id='word_1_38' title='bbox 670 717 752 772; x_wconf 87' lang='lat' dir='ltr'><strong>vel</strong></span> <span class='ocrx_word' id='word_1_39' title='bbox 803 716 926 770; x_wconf 88' lang='lat' dir='ltr'><strong>libri</strong></span> <span class='ocrx_word' id='word_1_40' title='bbox 977 715 1172 779; x_wconf 91' lang='lat' dir='ltr'><strong>locum,</strong></span> <span class='ocrx_word' id='word_1_41' title='bbox 1224 713 1313 768; x_wconf 93' lang='lat' dir='ltr'><strong>ubi</strong></span> <span class='ocrx_word' id='word_1_42' title='bbox 1362 713 1521 766; x_wconf 88' lang='lat' dir='ltr'><strong>citata</strong></span> <span class='ocrx_word' id='word_1_43' title='bbox 1581 709 1650 764; x_wconf 89' lang='lat' dir='ltr'><strong>ab</strong></span> <span class='ocrx_word' id='word_1_44' title='bbox 1697 709 1790 764; x_wconf 91' lang='lat' dir='ltr'><strong>illo</strong></span> <span class='ocrx_word' id='word_1_45' title='bbox 1842 709 2006 764; x_wconf 86' lang='lat' dir='ltr'><strong>verba</strong></span> 
     </span>
    </p>
   </div>
   <div class='ocr_carea' id='block_1_7' title="bbox 414 802 2006 875">
    <p class='ocr_par' dir='ltr' id='par_1_7' title="bbox 414 802 2006 875">
     <span class='ocr_line' id='line_1_7' title="bbox 414 802 2006 875; baseline -0.009 -5"><span class='ocrx_word' id='word_1_46' title='bbox 414 820 718 875; x_wconf 79' lang='lat' dir='ltr'><strong>occurrant,</strong></span> <span class='ocrx_word' id='word_1_47' title='bbox 764 809 1003 864; x_wconf 91' lang='lat' dir='ltr'><strong>indicare</strong></span> <span class='ocrx_word' id='word_1_48' title='bbox 1045 823 1150 862; x_wconf 92' lang='lat' dir='ltr'><strong>non</strong></span> <span class='ocrx_word' id='word_1_49' title='bbox 1193 813 1364 860; x_wconf 85' lang='lat' dir='ltr'><strong>curat.</strong></span> <span class='ocrx_word' id='word_1_50' title='bbox 1411 803 1564 872; x_wconf 84' lang='lat' dir='ltr'><strong>Quod</strong></span> <span class='ocrx_word' id='word_1_51' title='bbox 1594 802 1806 872; x_wconf 87' lang='lat' dir='ltr'><strong>quidem</strong></span> <span class='ocrx_word' id='word_1_52' title='bbox 1837 802 1904 856; x_wconf 88' lang='lat' dir='ltr'><strong>ab</strong></span> <span class='ocrx_word' id='word_1_53' title='bbox 1940 816 2006 856; x_wconf 92' lang='lat' dir='ltr'><strong>eo</strong></span> 
     </span>
    </p>
   </div>
   <div class='ocr_carea' id='block_1_8' title="bbox 410 895 2005 980">
    <p class='ocr_par' dir='ltr' id='par_1_8' title="bbox 410 895 2005 980">
     <span class='ocr_line' id='line_1_8' title="bbox 410 895 2005 980; baseline -0.01 -15"><span class='ocrx_word' id='word_1_54' title='bbox 410 911 468 966; x_wconf 88' lang='lat' dir='ltr'><strong>in</strong></span> <span class='ocrx_word' id='word_1_55' title='bbox 510 908 698 980; x_wconf 87' lang='lat' dir='ltr'><strong>primis</strong></span> <span class='ocrx_word' id='word_1_56' title='bbox 743 905 1034 960; x_wconf 82' lang='lat' dir='ltr'><strong>factitatum</strong></span> <span class='ocrx_word' id='word_1_57' title='bbox 1079 901 1572 963; x_wconf 82' lang='lat' dir='ltr'><strong>animadvertimus,</strong></span> <span class='ocrx_word' id='word_1_58' title='bbox 1629 897 1718 951; x_wconf 92' lang='lat' dir='ltr'><strong>ubi</strong></span> <span class='ocrx_word' id='word_1_59' title='bbox 1775 895 1842 950; x_wconf 89' lang='lat' dir='ltr'><strong>ad</strong></span> <span class='ocrx_word' id='word_1_60' title='bbox 1871 895 2005 950; x_wconf 84' lang='lat' dir='ltr'><strong>Ter-</strong></span> 
     </span>
    </p>
   </div>
   <div class='ocr_carea' id='block_1_9' title="bbox 412 989 2004 1065">
    <p class='ocr_par' dir='ltr' id='par_1_9' title="bbox 412 989 2004 1065">
     <span class='ocr_line' id='line_1_9' title="bbox 412 989 2004 1065; baseline -0.011 -7"><span class='ocrx_word' id='word_1_61' title='bbox 412 1001 620 1058; x_wconf 90' lang='lat' dir='ltr'><strong>tulliani</strong></span> <span class='ocrx_word' id='word_1_62' title='bbox 671 998 836 1054; x_wconf 90' lang='lat' dir='ltr'><strong>libros</strong></span> <span class='ocrx_word' id='word_1_63' title='bbox 863 1005 1022 1065; x_wconf 87' lang='lat' dir='ltr'><strong>atque</strong></span> <span class='ocrx_word' id='word_1_64' title='bbox 1074 995 1127 1048; x_wconf 91' lang='lat' dir='ltr'><strong>in</strong></span> <span class='ocrx_word' id='word_1_65' title='bbox 1179 993 1366 1062; x_wconf 88' lang='lat' dir='ltr'><strong>primis</strong></span> <span class='ocrx_word' id='word_1_66' title='bbox 1419 992 1557 1045; x_wconf 90' lang='lat' dir='ltr'><strong>illius</strong></span> <span class='ocrx_word' id='word_1_67' title='bbox 1601 989 2004 1058; x_wconf 87' lang='lat' dir='ltr'><strong>Apologeticutn</strong></span> 
     </span>
    </p>
   </div>
   <div class='ocr_carea' id='block_1_10' title="bbox 411 1087 2005 1160">
    <p class='ocr_par' dir='ltr' id='par_1_10' title="bbox 411 1087 2005 1160">
     <span class='ocr_line' id='line_1_10' title="bbox 411 1087 2005 1160; baseline -0.011 -10"><span class='ocrx_word' id='word_1_68' title='bbox 411 1110 513 1150; x_wconf 89' lang='lat' dir='ltr'><strong>nos</strong></span> <span class='ocrx_word' id='word_1_69' title='bbox 559 1092 738 1148; x_wconf 88' lang='lat' dir='ltr'><strong>mittit.</strong></span> <span class='ocrx_word' id='word_1_70' title='bbox 777 1087 1076 1160; x_wconf 76' lang='lat' dir='ltr'><strong>Aliquando</strong></span> <span class='ocrx_word' id='word_1_71' title='bbox 1117 1088 1278 1142; x_wconf 88' lang='lat' dir='ltr'><strong>etiam</strong></span> <span class='ocrx_word' id='word_1_72' title='bbox 1320 1091 1542 1154; x_wconf 82' lang='lat' dir='ltr'><strong>vagatur</strong></span> <span class='ocrx_word' id='word_1_73' title='bbox 1586 1090 1734 1137; x_wconf 80' lang='lat' dir='ltr'><strong>extra</strong></span> <span class='ocrx_word' id='word_1_74' title='bbox 1808 1095 2005 1149; x_wconf 89' lang='lat' dir='ltr'><strong>propo-</strong></span> 
     </span>
    </p>
   </div>
   <div class='ocr_carea' id='block_1_11' title="bbox 413 1173 2007 1253">
    <p class='ocr_par' dir='ltr' id='par_1_11' title="bbox 413 1173 2007 1253">
     <span class='ocr_line' id='line_1_11' title="bbox 413 1173 2007 1253; baseline -0.011 -10"><span class='ocrx_word' id='word_1_75' title='bbox 413 1189 600 1244; x_wconf 87' lang='lat' dir='ltr'><strong>situm.</strong></span> <span class='ocrx_word' id='word_1_76' title='bbox 629 1184 888 1253; x_wconf 77' lang='lat' dir='ltr'><strong>Exemplo</strong></span> <span class='ocrx_word' id='word_1_77' title='bbox 907 1184 978 1237; x_wconf 88' lang='lat' dir='ltr'><strong>sit</strong></span> <span class='ocrx_word' id='word_1_78' title='bbox 1024 1181 1115 1234; x_wconf 85' lang='lat' dir='ltr'><strong>ille</strong></span> <span class='ocrx_word' id='word_1_79' title='bbox 1133 1181 1304 1242; x_wconf 90' lang='lat' dir='ltr'><strong>locus,</strong></span> <span class='ocrx_word' id='word_1_80' title='bbox 1328 1178 1415 1232; x_wconf 91' lang='lat' dir='ltr'><strong>ubi</strong></span> <span class='ocrx_word' id='word_1_81' title='bbox 1444 1176 1697 1231; x_wconf 85' lang='lat' dir='ltr'><strong>Octavius</strong></span> <span class='ocrx_word' id='word_1_82' title='bbox 1728 1190 1758 1228; x_wconf 90' lang='lat' dir='ltr'><strong>a</strong></span> <span class='ocrx_word' id='word_1_83' title='bbox 1786 1173 2007 1229; x_wconf 82' lang='lat' dir='ltr'><strong>Caecilio</strong></span> 
     </span>
    </p>
   </div>
   <div class='ocr_carea' id='block_1_12' title="bbox 419 1266 2008 1351">
    <p class='ocr_par' dir='ltr' id='par_1_12' title="bbox 419 1266 2008 1351">
     <span class='ocr_line' id='line_1_12' title="bbox 419 1266 2008 1351; baseline -0.008 -19"><span class='ocrx_word' id='word_1_84' title='bbox 419 1298 440 1332; x_wconf 77' lang='grc' dir='ltr'><strong>ι</strong></span> <span class='ocrx_word' id='word_1_85' title='bbox 476 1281 737 1351; x_wconf 88' lang='lat' dir='ltr'><strong>pistorum</strong></span> <span class='ocrx_word' id='word_1_86' title='bbox 791 1275 1124 1346; x_wconf 64' lang='lat' dir='ltr'><strong>praecipuus,</strong></span> <span class='ocrx_word' id='word_1_87' title='bbox 1164 1292 1182 1325; x_wconf 75' lang='grc' dir='ltr'><strong>ι</strong></span> <span class='ocrx_word' id='word_1_88' title='bbox 1219 1287 1326 1326; x_wconf 82' lang='grc' dir='ltr'><strong>ηοη</strong></span> <span class='ocrx_word' id='word_1_89' title='bbox 1367 1271 1484 1325; x_wconf 86' lang='lat' dir='ltr'><strong>sine</strong></span> <span class='ocrx_word' id='word_1_90' title='bbox 1530 1269 1770 1324; x_wconf 91' lang='lat' dir='ltr'><strong>convicio</strong></span> <span class='ocrx_word' id='word_1_91' title='bbox 1823 1266 2008 1337; x_wconf 86' lang='lat' dir='ltr'><strong>appel-</strong></span> 
     </span>
    </p>
   </div>
   <div class='ocr_carea' id='block_1_13' title="bbox 409 1359 2007 1430">
    <p class='ocr_par' dir='ltr' id='par_1_13' title="bbox 409 1359 2007 1430">
     <span class='ocr_line' id='line_1_13' title="bbox 409 1359 2007 1430; baseline -0.009 -4"><span class='ocrx_word' id='word_1_92' title='bbox 409 1372 570 1426; x_wconf 86' lang='lat' dir='ltr'><strong>latur.</strong></span> <span class='ocrx_word' id='word_1_93' title='bbox 643 1370 720 1424; x_wconf 90' lang='lat' dir='ltr'><strong>lbi</strong></span> <span class='ocrx_word' id='word_1_94' title='bbox 773 1368 916 1424; x_wconf 90' lang='lat' dir='ltr'><strong>enim</strong></span> <span class='ocrx_word' id='word_1_95' title='bbox 985 1365 1271 1422; x_wconf 86' lang='lat' dir='ltr'><strong>Wuwerus</strong></span> <span class='ocrx_word' id='word_1_96' title='bbox 1319 1362 1524 1428; x_wconf 86' lang='lat' dir='ltr'><strong>multa,</strong></span> <span class='ocrx_word' id='word_1_97' title='bbox 1575 1375 1694 1430; x_wconf 77' lang='lat' dir='ltr'><strong>quae</strong></span> <span class='ocrx_word' id='word_1_98' title='bbox 1755 1359 1821 1412; x_wconf 91' lang='lat' dir='ltr'><strong>ad</strong></span> <span class='ocrx_word' id='word_1_99' title='bbox 1879 1373 2007 1412; x_wconf 75' lang='lat' dir='ltr'><strong>auc~</strong></span> 
     </span>
    </p>
   </div>
   <div class='ocr_carea' id='block_1_14' title="bbox 413 1451 2007 1531">
    <p class='ocr_par' dir='ltr' id='par_1_14' title="bbox 413 1451 2007 1531">
     <span class='ocr_line' id='line_1_14' title="bbox 413 1451 2007 1531; baseline -0.009 -15"><span class='ocrx_word' id='word_1_100' title='bbox 413 1463 552 1517; x_wconf 90' lang='lat' dir='ltr'><strong>toris</strong></span> <span class='ocrx_word' id='word_1_101' title='bbox 616 1459 948 1531; x_wconf 85' lang='lat' dir='ltr'><strong>propositum</strong></span> <span class='ocrx_word' id='word_1_102' title='bbox 1000 1453 1133 1511; x_wconf 89' lang='lat' dir='ltr'><strong>nihil</strong></span> <span class='ocrx_word' id='word_1_103' title='bbox 1178 1453 1388 1524; x_wconf 89' lang='lat' dir='ltr'><strong>penitus</strong></span> <span class='ocrx_word' id='word_1_104' title='bbox 1455 1451 1677 1517; x_wconf 90' lang='lat' dir='ltr'><strong>faciunt,</strong></span> <span class='ocrx_word' id='word_1_105' title='bbox 1727 1463 2007 1520; x_wconf 88' lang='lat' dir='ltr'><strong>perperam</strong></span> 
     </span>
    </p>
   </div>
   <div class='ocr_carea' id='block_1_15' title="bbox 411 1554 703 1624">
    <p class='ocr_par' dir='ltr' id='par_1_15' title="bbox 411 1554 703 1624">
     <span class='ocr_line' id='line_1_15' title="bbox 411 1554 703 1624; baseline -0.017 -14"><span class='ocrx_word' id='word_1_106' title='bbox 411 1554 703 1624; x_wconf 77' lang='lat' dir='ltr'><strong>congessit.</strong></span> 
     </span>
    </p>
   </div>
   <div class='ocr_carea' id='block_1_16' title="bbox 487 1634 2008 1705">
    <p class='ocr_par' dir='ltr' id='par_1_16' title="bbox 487 1634 2008 1705">
     <span class='ocr_line' id='line_1_16' title="bbox 487 1634 2008 1705; baseline -0.009 -5"><span class='ocrx_word' id='word_1_107' title='bbox 487 1643 870 1700; x_wconf 88' lang='lat' dir='ltr'><strong>Eltnenhorstii</strong></span> <span class='ocrx_word' id='word_1_108' title='bbox 898 1651 1073 1696; x_wconf 91' lang='lat' dir='ltr'><strong>autem</strong></span> <span class='ocrx_word' id='word_1_109' title='bbox 1126 1649 1266 1694; x_wconf 86' lang='lat' dir='ltr'><strong>notae</strong></span> <span class='ocrx_word' id='word_1_110' title='bbox 1291 1636 1653 1692; x_wconf 88' lang='lat' dir='ltr'><strong>Wowerianis</strong></span> <span class='ocrx_word' id='word_1_111' title='bbox 1680 1634 2008 1705; x_wconf 87' lang='lat' dir='ltr'><strong>prolixiores</strong></span> 
     </span>
    </p>
   </div>
   <div class='ocr_carea' id='block_1_17' title="bbox 411 1723 2007 1806">
    <p class='ocr_par' dir='ltr' id='par_1_17' title="bbox 411 1723 2007 1806">
     <span class='ocr_line' id='line_1_17' title="bbox 411 1723 2007 1806; baseline -0.009 -13"><span class='ocrx_word' id='word_1_112' title='bbox 411 1746 557 1802; x_wconf 90' lang='lat' dir='ltr'><strong>sunt,</strong></span> <span class='ocrx_word' id='word_1_113' title='bbox 609 1746 769 1806; x_wconf 92' lang='lat' dir='ltr'><strong>atque</strong></span> <span class='ocrx_word' id='word_1_114' title='bbox 817 1735 869 1788; x_wconf 92' lang='lat' dir='ltr'><strong>in</strong></span> <span class='ocrx_word' id='word_1_115' title='bbox 931 1733 996 1787; x_wconf 92' lang='lat' dir='ltr'><strong>iis</strong></span> <span class='ocrx_word' id='word_1_116' title='bbox 1069 1731 1236 1785; x_wconf 87' lang='lat' dir='ltr'><strong>multo</strong></span> <span class='ocrx_word' id='word_1_117' title='bbox 1290 1728 1596 1784; x_wconf 86' lang='lat' dir='ltr'><strong>accuratius</strong></span> <span class='ocrx_word' id='word_1_118' title='bbox 1671 1742 1830 1795; x_wconf 91' lang='lat' dir='ltr'><strong>quam</strong></span> <span class='ocrx_word' id='word_1_119' title='bbox 1875 1723 2007 1780; x_wconf 87' lang='lat' dir='ltr'><strong>Wo-</strong></span> 
     </span>
    </p>
   </div>
   <div class='ocr_carea' id='block_1_18' title="bbox 2071 527 3665 599">
    <p class='ocr_par' dir='ltr' id='par_1_18' title="bbox 2071 527 3665 599">
     <span class='ocr_line' id='line_1_18' title="bbox 2071 527 3665 599; baseline 0.004 -15"><span class='ocrx_word' id='word_1_120' title='bbox 2071 536 2075 540; x_wconf 81' lang='lat'>&#39;</span> <span class='ocrx_word' id='word_1_121' title='bbox 2113 540 2222 585; x_wconf 91' lang='lat' dir='ltr'><strong>tera</strong></span> <span class='ocrx_word' id='word_1_122' title='bbox 2246 570 2260 593; x_wconf 89' lang='lat'><strong>,</strong></span> <span class='ocrx_word' id='word_1_123' title='bbox 2293 529 2668 599; x_wconf 63' lang='lat' dir='ltr'><strong>explanatione</strong></span> <span class='ocrx_word' id='word_1_124' title='bbox 2694 529 2870 595; x_wconf 88' lang='lat' dir='ltr'><strong>aliqua</strong></span> <span class='ocrx_word' id='word_1_125' title='bbox 2902 543 3061 598; x_wconf 90' lang='lat' dir='ltr'><strong>egere</strong></span> <span class='ocrx_word' id='word_1_126' title='bbox 3091 527 3392 583; x_wconf 82' lang='lat' dir='ltr'><strong>videantur.</strong></span> <span class='ocrx_word' id='word_1_127' title='bbox 3425 529 3665 591; x_wconf 80' lang='lat' dir='ltr'><strong>Postremo</strong></span> 
     </span>
    </p>
   </div>
   <div class='ocr_carea' id='block_1_19' title="bbox 2108 619 3666 692">
    <p class='ocr_par' dir='ltr' id='par_1_19' title="bbox 2108 619 3666 692">
     <span class='ocr_line' id='line_1_19' title="bbox 2108 619 3666 692; baseline 0.004 -18"><span class='ocrx_word' id='word_1_128' title='bbox 2108 619 2336 690; x_wconf 86' lang='lat' dir='ltr'><strong>quilibet</strong></span> <span class='ocrx_word' id='word_1_129' title='bbox 2361 636 2430 674; x_wconf 83' lang='lat' dir='ltr'><strong>ex</strong></span> <span class='ocrx_word' id='word_1_130' title='bbox 2467 630 2651 688; x_wconf 86' lang='lat' dir='ltr'><strong>postea</strong></span> <span class='ocrx_word' id='word_1_131' title='bbox 2681 619 2924 674; x_wconf 90' lang='lat' dir='ltr'><strong>dicendis</strong></span> <span class='ocrx_word' id='word_1_132' title='bbox 2953 635 3249 688; x_wconf 83' lang='lat' dir='ltr'><strong>agnoscere</strong></span> <span class='ocrx_word' id='word_1_133' title='bbox 3276 620 3464 690; x_wconf 84' lang='lat' dir='ltr'><strong>poterit</strong></span> <span class='ocrx_word' id='word_1_134' title='bbox 3484 663 3496 685; x_wconf 85' lang='lat'><strong>.</strong></span> <span class='ocrx_word' id='word_1_135' title='bbox 3530 640 3666 692; x_wconf 85' lang='lat' dir='ltr'><strong>quam</strong></span> 
     </span>
    </p>
   </div>
   <div class='ocr_carea' id='block_1_20' title="bbox 2110 711 3670 783">
    <p class='ocr_par' dir='ltr' id='par_1_20' title="bbox 2110 711 3670 783">
     <span class='ocr_line' id='line_1_20' title="bbox 2110 711 3670 783; baseline 0.003 -15"><span class='ocrx_word' id='word_1_136' title='bbox 2110 714 2320 770; x_wconf 88' lang='lat' dir='ltr'><strong>levibus</strong></span> <span class='ocrx_word' id='word_1_137' title='bbox 2363 728 2507 783; x_wconf 67' lang='lat' dir='ltr'><strong>saepe</strong></span> <span class='ocrx_word' id='word_1_138' title='bbox 2545 713 2873 782; x_wconf 90' lang='lat' dir='ltr'><strong>conjecturis</strong></span> <span class='ocrx_word' id='word_1_139' title='bbox 2917 723 3118 767; x_wconf 83' lang='lat' dir='ltr'><strong>textum</strong></span> <span class='ocrx_word' id='word_1_140' title='bbox 3165 711 3380 767; x_wconf 79' lang='lat' dir='ltr'><strong>Minucii</strong></span> <span class='ocrx_word' id='word_1_141' title='bbox 3415 717 3670 774; x_wconf 87' lang='lat' dir='ltr'><strong>emendare</strong></span> 
     </span>
    </p>
   </div>
   <div class='ocr_carea' id='block_1_21' title="bbox 2109 806 2364 861">
    <p class='ocr_par' dir='ltr' id='par_1_21' title="bbox 2109 806 2364 861">
     <span class='ocr_line' id='line_1_21' title="bbox 2109 806 2364 861; baseline -0.004 -1"><span class='ocrx_word' id='word_1_142' title='bbox 2109 806 2364 861; x_wconf 89' lang='lat' dir='ltr'><strong>voluerit.</strong></span> 
     </span>
    </p>
   </div>
   <div class='ocr_carea' id='block_1_22' title="bbox 2181 899 3671 970">
    <p class='ocr_par' dir='ltr' id='par_1_22' title="bbox 2181 899 3671 970">
     <span class='ocr_line' id='line_1_22' title="bbox 2181 899 3671 970; baseline 0.003 -16"><span class='ocrx_word' id='word_1_143' title='bbox 2181 899 2435 967; x_wconf 85' lang='lat' dir='ltr'><strong>Quamvis</strong></span> <span class='ocrx_word' id='word_1_144' title='bbox 2463 899 2793 970; x_wconf 75' lang='lat' dir='ltr'><strong>longissima:</strong></span> <span class='ocrx_word' id='word_1_145' title='bbox 2824 899 3063 968; x_wconf 88' lang='lat' dir='ltr'><strong>profecto</strong></span> <span class='ocrx_word' id='word_1_146' title='bbox 3081 902 3198 957; x_wconf 69' lang='lat' dir='ltr'><strong>sint</strong></span> <span class='ocrx_word' id='word_1_147' title='bbox 3226 899 3426 954; x_wconf 83' lang='lat' dir='ltr'><strong>Ouzelii</strong></span> <span class='ocrx_word' id='word_1_148' title='bbox 3466 900 3512 955; x_wconf 92' lang='lat' dir='ltr'><strong>in</strong></span> <span class='ocrx_word' id='word_1_149' title='bbox 3550 901 3671 959; x_wconf 86' lang='lat' dir='ltr'><strong>hunc</strong></span> 
     </span>
    </p>
   </div>
   <div class='ocr_carea' id='block_1_23' title="bbox 2110 992 3670 1058">
    <p class='ocr_par' dir='ltr' id='par_1_23' title="bbox 2110 992 3670 1058">
     <span class='ocr_line' id='line_1_23' title="bbox 2110 992 3670 1058; baseline 0.002 -12"><span class='ocrx_word' id='word_1_150' title='bbox 2110 992 2303 1047; x_wconf 89' lang='lat' dir='ltr'><strong>librum</strong></span> <span class='ocrx_word' id='word_1_151' title='bbox 2331 992 2858 1055; x_wconf 85' lang='lat' dir='ltr'><strong>animadversiones,</strong></span> <span class='ocrx_word' id='word_1_152' title='bbox 2885 1007 2980 1047; x_wconf 86' lang='lat' dir='ltr'><strong>eas</strong></span> <span class='ocrx_word' id='word_1_153' title='bbox 3008 1003 3185 1046; x_wconf 88' lang='lat' dir='ltr'><strong>tamen</strong></span> <span class='ocrx_word' id='word_1_154' title='bbox 3213 1007 3244 1046; x_wconf 87' lang='lat' dir='ltr'><strong>a</strong></span> <span class='ocrx_word' id='word_1_155' title='bbox 3270 1008 3328 1046; x_wconf 87' lang='lat' dir='ltr'><strong>se</strong></span> <span class='ocrx_word' id='word_1_156' title='bbox 3355 993 3670 1058; x_wconf 70' lang='lat' dir='ltr'><strong>«juvenilibus</strong></span> 
     </span>
    </p>
   </div>
   <div class='ocr_carea' id='block_1_24' title="bbox 2109 1083 3669 1153">
    <p class='ocr_par' dir='ltr' id='par_1_24' title="bbox 2109 1083 3669 1153">
     <span class='ocr_line' id='line_1_24' title="bbox 2109 1083 3669 1153; baseline 0.003 -15"><span class='ocrx_word' id='word_1_157' title='bbox 2109 1083 2293 1150; x_wconf 87' lang='lat' dir='ltr'><strong>annis,</strong></span> <span class='ocrx_word' id='word_1_158' title='bbox 2322 1102 2340 1136; x_wconf 75' lang='grc' dir='ltr'><strong>ι</strong></span> <span class='ocrx_word' id='word_1_159' title='bbox 2367 1098 2432 1138; x_wconf 90' lang='lat' dir='ltr'><strong>ac</strong></span> <span class='ocrx_word' id='word_1_160' title='bbox 2463 1102 2481 1134; x_wconf 83' lang='lat' dir='ltr'><strong>t</strong></span> <span class='ocrx_word' id='word_1_161' title='bbox 2503 1095 2752 1138; x_wconf 92' lang='lat' dir='ltr'><strong>currente</strong></span> <span class='ocrx_word' id='word_1_162' title='bbox 2780 1084 2948 1153; x_wconf 76' lang='lat' dir='ltr'><strong>przelo</strong></span> <span class='ocrx_word' id='word_1_163' title='bbox 2974 1103 2992 1136; x_wconf 85' lang='grc'>›</span> <span class='ocrx_word' id='word_1_164' title='bbox 3025 1084 3349 1153; x_wconf 89' lang='lat' dir='ltr'><strong>compositas</strong></span> <span class='ocrx_word' id='word_1_165' title='bbox 3380 1084 3576 1142; x_wconf 78' lang='lat' dir='ltr'><strong>fatetur.</strong></span> <span class='ocrx_word' id='word_1_166' title='bbox 3606 1088 3669 1142; x_wconf 75' lang='lat' dir='ltr'><strong>Ad</strong></span> 
     </span>
    </p>
   </div>
   <div class='ocr_carea' id='block_1_25' title="bbox 2111 1175 3669 1234">
    <p class='ocr_par' dir='ltr' id='par_1_25' title="bbox 2111 1175 3669 1234">
     <span class='ocr_line' id='line_1_25' title="bbox 2111 1175 3669 1234; baseline 0.002 -4"><span class='ocrx_word' id='word_1_167' title='bbox 2111 1176 2226 1230; x_wconf 88' lang='lat' dir='ltr'><strong>haec</strong></span> <span class='ocrx_word' id='word_1_168' title='bbox 2253 1191 2382 1230; x_wconf 91' lang='lat' dir='ltr'><strong>vero</strong></span> <span class='ocrx_word' id='word_1_169' title='bbox 2411 1175 2648 1229; x_wconf 90' lang='lat' dir='ltr'><strong>declarat</strong></span> <span class='ocrx_word' id='word_1_170' title='bbox 2677 1176 2728 1230; x_wconf 92' lang='lat' dir='ltr'><strong>in</strong></span> <span class='ocrx_word' id='word_1_171' title='bbox 2759 1175 2822 1230; x_wconf 92' lang='lat' dir='ltr'><strong>iis</strong></span> <span class='ocrx_word' id='word_1_172' title='bbox 2843 1190 2900 1230; x_wconf 90' lang='lat' dir='ltr'><strong>se</strong></span> <span class='ocrx_word' id='word_1_173' title='bbox 2922 1176 2989 1230; x_wconf 91' lang='lat' dir='ltr'><strong>ab</strong></span> <span class='ocrx_word' id='word_1_174' title='bbox 3015 1176 3242 1230; x_wconf 87' lang='lat' dir='ltr'><strong>aliorum</strong></span> <span class='ocrx_word' id='word_1_175' title='bbox 3269 1179 3471 1231; x_wconf 83' lang='lat' dir='ltr'><strong>tametsi</strong></span> <span class='ocrx_word' id='word_1_176' title='bbox 3495 1179 3669 1234; x_wconf 87' lang='lat' dir='ltr'><strong>doetis-</strong></span> 
     </span>
    </p>
   </div>
   <div class='ocr_carea' id='block_1_26' title="bbox 2110 1266 3672 1336">
    <p class='ocr_par' dir='ltr' id='par_1_26' title="bbox 2110 1266 3672 1336">
     <span class='ocr_line' id='line_1_26' title="bbox 2110 1266 3672 1336; baseline 0.002 -16"><span class='ocrx_word' id='word_1_177' title='bbox 2110 1267 2369 1320; x_wconf 87' lang='lat' dir='ltr'><strong>simorum</strong></span> <span class='ocrx_word' id='word_1_178' title='bbox 2401 1267 2638 1320; x_wconf 88' lang='lat' dir='ltr'><strong>virorum</strong></span> <span class='ocrx_word' id='word_1_179' title='bbox 2671 1266 2936 1321; x_wconf 86' lang='lat' dir='ltr'><strong>sententia</strong></span> <span class='ocrx_word' id='word_1_180' title='bbox 2968 1281 3401 1336; x_wconf 87' lang='lat' dir='ltr'><strong>nonnumquam,</strong></span> <span class='ocrx_word' id='word_1_181' title='bbox 3437 1268 3519 1322; x_wconf 87' lang='lat' dir='ltr'><strong>sed</strong></span> <span class='ocrx_word' id='word_1_182' title='bbox 3554 1271 3672 1324; x_wconf 88' lang='lat' dir='ltr'><strong>citra</strong></span> 
     </span>
    </p>
   </div>
   <div class='ocr_carea' id='block_1_27' title="bbox 2111 1355 3672 1428">
    <p class='ocr_par' dir='ltr' id='par_1_27' title="bbox 2111 1355 3672 1428">
     <span class='ocr_line' id='line_1_27' title="bbox 2111 1355 3672 1428; baseline 0.003 -17"><span class='ocrx_word' id='word_1_183' title='bbox 2111 1357 2534 1422; x_wconf 88' lang='lat' dir='ltr'><strong>contumeliam,</strong></span> <span class='ocrx_word' id='word_1_184' title='bbox 2590 1355 2928 1412; x_wconf 81' lang='lat' dir='ltr'><strong>discessisse.</strong></span> <span class='ocrx_word' id='word_1_185' title='bbox 2987 1355 3190 1412; x_wconf 86' lang='lat' dir='ltr'><strong>Verum</strong></span> <span class='ocrx_word' id='word_1_186' title='bbox 3241 1372 3335 1412; x_wconf 88' lang='lat' dir='ltr'><strong>eas</strong></span> <span class='ocrx_word' id='word_1_187' title='bbox 3389 1358 3672 1428; x_wconf 72' lang='lat' dir='ltr'><strong>prolixiores</strong></span> 
     </span>
    </p>
   </div>
   <div class='ocr_carea' id='block_1_28' title="bbox 2111 1449 3674 1521">
    <p class='ocr_par' dir='ltr' id='par_1_28' title="bbox 2111 1449 3674 1521">
     <span class='ocr_line' id='line_1_28' title="bbox 2111 1449 3674 1521; baseline 0.001 -19"><span class='ocrx_word' id='word_1_188' title='bbox 2111 1462 2235 1504; x_wconf 87' lang='lat' dir='ltr'><strong>esse</strong></span> <span class='ocrx_word' id='word_1_189' title='bbox 2279 1464 2438 1503; x_wconf 79' lang='lat' dir='ltr'><strong>nemo</strong></span> <span class='ocrx_word' id='word_1_190' title='bbox 2483 1463 2612 1504; x_wconf 89' lang='lat' dir='ltr'><strong>sane</strong></span> <span class='ocrx_word' id='word_1_191' title='bbox 2655 1451 2947 1520; x_wconf 80' lang='lat' dir='ltr'><strong>negaverit.</strong></span> <span class='ocrx_word' id='word_1_192' title='bbox 2982 1449 3136 1519; x_wconf 76' lang='lat' dir='ltr'><strong>S:epe</strong></span> <span class='ocrx_word' id='word_1_193' title='bbox 3171 1453 3315 1506; x_wconf 89' lang='lat' dir='ltr'><strong>enim</strong></span> <span class='ocrx_word' id='word_1_194' title='bbox 3361 1467 3390 1505; x_wconf 86' lang='lat' dir='ltr'><strong>a</strong></span> <span class='ocrx_word' id='word_1_195' title='bbox 3432 1454 3674 1521; x_wconf 87' lang='lat' dir='ltr'><strong>proposito</strong></span> 
     </span>
    </p>
   </div>
   <div class='ocr_carea' id='block_1_29' title="bbox 2113 1543 3672 1613">
    <p class='ocr_par' dir='ltr' id='par_1_29' title="bbox 2113 1543 3672 1613">
     <span class='ocr_line' id='line_1_29' title="bbox 2113 1543 3672 1613; baseline 0.001 -17"><span class='ocrx_word' id='word_1_196' title='bbox 2113 1543 2348 1596; x_wconf 80' lang='lat' dir='ltr'><strong>auCtoris</strong></span> <span class='ocrx_word' id='word_1_197' title='bbox 2378 1551 2526 1597; x_wconf 75' lang='lat' dir='ltr'><strong>textu</strong></span> <span class='ocrx_word' id='word_1_198' title='bbox 2559 1555 2781 1612; x_wconf 90' lang='lat' dir='ltr'><strong>prorsus</strong></span> <span class='ocrx_word' id='word_1_199' title='bbox 2822 1543 3157 1610; x_wconf 83' lang='lat' dir='ltr'><strong>digreditur,</strong></span> <span class='ocrx_word' id='word_1_200' title='bbox 3189 1554 3242 1597; x_wconf 93' lang='lat' dir='ltr'><strong>et</strong></span> <span class='ocrx_word' id='word_1_201' title='bbox 3273 1543 3421 1612; x_wconf 89' lang='lat' dir='ltr'><strong>plura</strong></span> <span class='ocrx_word' id='word_1_202' title='bbox 3449 1583 3464 1605; x_wconf 85' lang='lat'><strong>,</strong></span> <span class='ocrx_word' id='word_1_203' title='bbox 3494 1559 3600 1613; x_wconf 59' lang='lat' dir='ltr'><strong>qua:</strong></span> <span class='ocrx_word' id='word_1_204' title='bbox 3620 1543 3672 1598; x_wconf 84' lang='lat' dir='ltr'><strong>ad</strong></span> 
     </span>
    </p>
   </div>
   <div class='ocr_carea' id='block_1_30' title="bbox 2111 1633 3673 1705">
    <p class='ocr_par' dir='ltr' id='par_1_30' title="bbox 2111 1633 3673 1705">
     <span class='ocr_line' id='line_1_30' title="bbox 2111 1633 3673 1705; baseline 0.001 -19"><span class='ocrx_word' id='word_1_205' title='bbox 2111 1633 2258 1687; x_wconf 91' lang='lat' dir='ltr'><strong>illum</strong></span> <span class='ocrx_word' id='word_1_206' title='bbox 2292 1634 2422 1688; x_wconf 89' lang='lat' dir='ltr'><strong>nihil</strong></span> <span class='ocrx_word' id='word_1_207' title='bbox 2454 1635 2664 1703; x_wconf 78' lang='lat' dir='ltr'><strong>penitus</strong></span> <span class='ocrx_word' id='word_1_208' title='bbox 2703 1635 2937 1699; x_wconf 88' lang='lat' dir='ltr'><strong>faciunt,</strong></span> <span class='ocrx_word' id='word_1_209' title='bbox 2979 1634 3043 1688; x_wconf 90' lang='lat' dir='ltr'><strong>ad</strong></span> <span class='ocrx_word' id='word_1_210' title='bbox 3085 1651 3339 1690; x_wconf 83' lang='lat' dir='ltr'><strong>nauseam</strong></span> <span class='ocrx_word' id='word_1_211' title='bbox 3380 1649 3542 1705; x_wconf 88' lang='lat' dir='ltr'><strong>usque</strong></span> <span class='ocrx_word' id='word_1_212' title='bbox 3564 1651 3673 1689; x_wconf 87' lang='lat' dir='ltr'><strong>con-</strong></span> 
     </span>
    </p>
   </div>
   <div class='ocr_carea' id='block_1_31' title="bbox 2109 1726 3673 1797">
    <p class='ocr_par' dir='ltr' id='par_1_31' title="bbox 2109 1726 3673 1797">
     <span class='ocr_line' id='line_1_31' title="bbox 2109 1726 3673 1797; baseline -0.001 -17"><span class='ocrx_word' id='word_1_213' title='bbox 2109 1727 2268 1795; x_wconf 82' lang='lat' dir='ltr'><strong>gerit.</strong></span> <span class='ocrx_word' id='word_1_214' title='bbox 2298 1726 2458 1780; x_wconf 82' lang='lat' dir='ltr'><strong>Visne</strong></span> <span class='ocrx_word' id='word_1_215' title='bbox 2485 1726 2728 1795; x_wconf 72' lang='lat' dir='ltr'><strong>quaedam</strong></span> <span class='ocrx_word' id='word_1_216' title='bbox 2756 1727 3012 1782; x_wconf 88' lang='lat' dir='ltr'><strong>harumce</strong></span> <span class='ocrx_word' id='word_1_217' title='bbox 3038 1727 3433 1797; x_wconf 88' lang='lat' dir='ltr'><strong>digressionum</strong></span> <span class='ocrx_word' id='word_1_218' title='bbox 3467 1727 3552 1783; x_wconf 85' lang='lat' dir='ltr'><strong>tibi</strong></span> <span class='ocrx_word' id='word_1_219' title='bbox 3579 1743 3673 1794; x_wconf 83' lang='lat' dir='ltr'><strong>pro-</strong></span> 
     </span>
    </p>
   </div>
   <div class='ocr_carea' id='block_1_32' title="bbox 412 1811 3695 1889">
    <p class='ocr_par' dir='ltr' id='par_1_32' title="bbox 412 1811 3695 1889">
     <span class='ocr_line' id='line_1_32' title="bbox 412 1811 3695 1889; baseline -0.005 -5"><span class='ocrx_word' id='word_1_220' title='bbox 412 1843 592 1884; x_wconf 83' lang='lat' dir='ltr'><strong>werus</strong></span> <span class='ocrx_word' id='word_1_221' title='bbox 621 1835 841 1882; x_wconf 88' lang='lat' dir='ltr'><strong>annotat</strong></span> <span class='ocrx_word' id='word_1_222' title='bbox 886 1834 1168 1880; x_wconf 88' lang='lat' dir='ltr'><strong>auctorum</strong></span> <span class='ocrx_word' id='word_1_223' title='bbox 1213 1838 1245 1876; x_wconf 88' lang='lat' dir='ltr'><strong>a</strong></span> <span class='ocrx_word' id='word_1_224' title='bbox 1274 1837 1334 1877; x_wconf 91' lang='lat' dir='ltr'><strong>se</strong></span> <span class='ocrx_word' id='word_1_225' title='bbox 1359 1821 1647 1876; x_wconf 88' lang='lat' dir='ltr'><strong>citatorum</strong></span> <span class='ocrx_word' id='word_1_226' title='bbox 1682 1820 1815 1872; x_wconf 82' lang='lat' dir='ltr'><strong>loca.</strong></span> <span class='ocrx_word' id='word_1_227' title='bbox 1844 1817 2005 1871; x_wconf 85' lang='lat' dir='ltr'><strong>Frus-</strong></span> <span class='ocrx_word' id='word_1_228' title='bbox 2032 1821 2080 1881; x_wconf 89' lang='lat' dir='ltr'><strong>B</strong></span> <span class='ocrx_word' id='word_1_229' title='bbox 2110 1816 2236 1872; x_wconf 89' lang='lat' dir='ltr'><strong>ferri</strong></span> <span class='ocrx_word' id='word_1_230' title='bbox 2277 1818 2565 1887; x_wconf 82' lang='lat' dir='ltr'><strong>exempla?</strong></span> <span class='ocrx_word' id='word_1_231' title='bbox 2598 1818 2765 1884; x_wconf 84' lang='lat' dir='ltr'><strong>Vide,</strong></span> <span class='ocrx_word' id='word_1_232' title='bbox 2810 1831 3319 1889; x_wconf 78' lang='lat' dir='ltr'><strong>qua-so,-qnantnm</strong></span> <span class='ocrx_word' id='word_1_233' title='bbox 3359 1835 3389 1872; x_wconf 90' lang='lat' dir='ltr'><strong>a</strong></span> <span class='ocrx_word' id='word_1_234' title='bbox 3432 1811 3695 1888; x_wconf 68' lang='lat' dir='ltr'><strong>proposita</strong></span> 
     </span>
    </p>
   </div>
   <div class='ocr_carea' id='block_1_33' title="bbox 412 1910 2005 1988">
    <p class='ocr_par' dir='ltr' id='par_1_33' title="bbox 412 1910 2005 1988">
     <span class='ocr_line' id='line_1_33' title="bbox 412 1910 2005 1988; baseline -0.009 -11"><span class='ocrx_word' id='word_1_235' title='bbox 412 1933 494 1976; x_wconf 89' lang='lat' dir='ltr'><strong>tra</strong></span> <span class='ocrx_word' id='word_1_236' title='bbox 525 1932 702 1975; x_wconf 90' lang='lat' dir='ltr'><strong>tamen</strong></span> <span class='ocrx_word' id='word_1_237' title='bbox 750 1917 1039 1988; x_wconf 88' lang='lat' dir='ltr'><strong>quidquam</strong></span> <span class='ocrx_word' id='word_1_238' title='bbox 1071 1916 1123 1968; x_wconf 91' lang='lat' dir='ltr'><strong>in</strong></span> <span class='ocrx_word' id='word_1_239' title='bbox 1179 1923 1286 1968; x_wconf 89' lang='lat' dir='ltr'><strong>tam</strong></span> <span class='ocrx_word' id='word_1_240' title='bbox 1319 1913 1489 1983; x_wconf 82' lang='lat' dir='ltr'><strong>longis</strong></span> <span class='ocrx_word' id='word_1_241' title='bbox 1544 1910 2005 1965; x_wconf 90' lang='lat' dir='ltr'><strong>observationibus</strong></span> 
     </span>
    </p>
   </div>
   <div class='ocr_carea' id='block_1_34' title="bbox 419 2004 2004 2084">
    <p class='ocr_par' dir='ltr' id='par_1_34' title="bbox 419 2004 2004 2084">
     <span class='ocr_line' id='line_1_34' title="bbox 419 2004 2004 2084; baseline -0.009 -16"><span class='ocrx_word' id='word_1_242' title='bbox 419 2029 654 2084; x_wconf 60' lang='lat' dir='ltr'><strong>quaeres,</strong></span> <span class='ocrx_word' id='word_1_243' title='bbox 700 2009 840 2081; x_wconf 90' lang='lat' dir='ltr'><strong>quod</strong></span> <span class='ocrx_word' id='word_1_244' title='bbox 869 2009 934 2063; x_wconf 90' lang='lat' dir='ltr'><strong>ad</strong></span> <span class='ocrx_word' id='word_1_245' title='bbox 971 2006 1258 2062; x_wconf 87' lang='lat' dir='ltr'><strong>Miuuciani</strong></span> <span class='ocrx_word' id='word_1_246' title='bbox 1303 2014 1482 2060; x_wconf 84' lang='lat' dir='ltr'><strong>textus</strong></span> <span class='ocrx_word' id='word_1_247' title='bbox 1522 2004 1878 2073; x_wconf 85' lang='lat' dir='ltr'><strong>integritatem</strong></span> <span class='ocrx_word' id='word_1_248' title='bbox 1913 2010 2004 2055; x_wconf 91' lang='lat' dir='ltr'><strong>aut</strong></span> 
     </span>
    </p>
   </div>
   <div class='ocr_carea' id='block_1_35' title="bbox 408 2094 2001 2170">
    <p class='ocr_par' dir='ltr' id='par_1_35' title="bbox 408 2094 2001 2170">
     <span class='ocr_line' id='line_1_35' title="bbox 408 2094 2001 2170; baseline -0.01 -9"><span class='ocrx_word' id='word_1_249' title='bbox 408 2103 843 2162; x_wconf 88' lang='lat' dir='ltr'><strong>emendationem</strong></span> <span class='ocrx_word' id='word_1_250' title='bbox 890 2098 1198 2170; x_wconf 87' lang='lat' dir='ltr'><strong>pertineat;</strong></span> <span class='ocrx_word' id='word_1_251' title='bbox 1258 2111 1380 2149; x_wconf 90' lang='lat' dir='ltr'><strong>nam</strong></span> <span class='ocrx_word' id='word_1_252' title='bbox 1435 2095 1491 2149; x_wconf 92' lang='lat' dir='ltr'><strong>in</strong></span> <span class='ocrx_word' id='word_1_253' title='bbox 1523 2094 1626 2148; x_wconf 81' lang='lat' dir='ltr'><strong>illis</strong></span> <span class='ocrx_word' id='word_1_254' title='bbox 1679 2109 1744 2148; x_wconf 89' lang='lat' dir='ltr'><strong>eo</strong></span> <span class='ocrx_word' id='word_1_255' title='bbox 1798 2105 2001 2147; x_wconf 90' lang='lat' dir='ltr'><strong>tantum</strong></span> 
     </span>
    </p>
   </div>
   <div class='ocr_carea' id='block_1_36' title="bbox 407 2186 1998 2262">
    <p class='ocr_par' dir='ltr' id='par_1_36' title="bbox 407 2186 1998 2262">
     <span class='ocr_line' id='line_1_36' title="bbox 407 2186 1998 2262; baseline -0.009 -8"><span class='ocrx_word' id='word_1_256' title='bbox 407 2198 699 2262; x_wconf 89' lang='lat' dir='ltr'><strong>collineat,</strong></span> <span class='ocrx_word' id='word_1_257' title='bbox 750 2204 810 2250; x_wconf 90' lang='lat' dir='ltr'><strong>ut</strong></span> <span class='ocrx_word' id='word_1_258' title='bbox 884 2194 1037 2262; x_wconf 85' lang='lat' dir='ltr'><strong>plura</strong></span> <span class='ocrx_word' id='word_1_259' title='bbox 1089 2206 1209 2260; x_wconf 68' lang='lat' dir='ltr'><strong>quae</strong></span> <span class='ocrx_word' id='word_1_260' title='bbox 1255 2189 1324 2244; x_wconf 91' lang='lat' dir='ltr'><strong>ab</strong></span> <span class='ocrx_word' id='word_1_261' title='bbox 1372 2196 1593 2243; x_wconf 89' lang='lat' dir='ltr'><strong>auctore</strong></span> <span class='ocrx_word' id='word_1_262' title='bbox 1643 2186 1782 2242; x_wconf 89' lang='lat' dir='ltr'><strong>dicta</strong></span> <span class='ocrx_word' id='word_1_263' title='bbox 1833 2195 1998 2253; x_wconf 91' lang='lat' dir='ltr'><strong>sunt,</strong></span> 
     </span>
    </p>
   </div>
   <div class='ocr_carea' id='block_1_37' title="bbox 403 2279 2004 2346">
    <p class='ocr_par' dir='ltr' id='par_1_37' title="bbox 403 2279 2004 2346">
     <span class='ocr_line' id='line_1_37' title="bbox 403 2279 2004 2346; baseline -0.006 -2"><span class='ocrx_word' id='word_1_264' title='bbox 403 2289 628 2344; x_wconf 87' lang='lat' dir='ltr'><strong>aliorum</strong></span> <span class='ocrx_word' id='word_1_265' title='bbox 657 2285 974 2342; x_wconf 85' lang='lat' dir='ltr'><strong>testimoniis</strong></span> <span class='ocrx_word' id='word_1_266' title='bbox 1001 2290 1309 2338; x_wconf 88' lang='lat' dir='ltr'><strong>asserantur</strong></span> <span class='ocrx_word' id='word_1_267' title='bbox 1337 2321 1350 2346; x_wconf 92' lang='lat'><strong>,</strong></span> <span class='ocrx_word' id='word_1_268' title='bbox 1383 2291 1437 2336; x_wconf 92' lang='lat' dir='ltr'><strong>et</strong></span> <span class='ocrx_word' id='word_1_269' title='bbox 1493 2279 1858 2335; x_wconf 86' lang='lat' dir='ltr'><strong>stabiliantur.</strong></span> <span class='ocrx_word' id='word_1_270' title='bbox 1888 2279 2004 2342; x_wconf 82' lang='lat' dir='ltr'><strong>De—_</strong></span> 
     </span>
    </p>
   </div>
   <div class='ocr_carea' id='block_1_38' title="bbox 407 2371 2004 2446">
    <p class='ocr_par' dir='ltr' id='par_1_38' title="bbox 407 2371 2004 2446">
     <span class='ocr_line' id='line_1_38' title="bbox 407 2371 2004 2446; baseline -0.007 -12"><span class='ocrx_word' id='word_1_271' title='bbox 407 2395 553 2434; x_wconf 90' lang='lat' dir='ltr'><strong>mum</strong></span> <span class='ocrx_word' id='word_1_272' title='bbox 601 2393 698 2433; x_wconf 90' lang='lat' dir='ltr'><strong>nos</strong></span> <span class='ocrx_word' id='word_1_273' title='bbox 741 2375 1029 2446; x_wconf 89' lang='lat' dir='ltr'><strong>aliquando</strong></span> <span class='ocrx_word' id='word_1_274' title='bbox 1061 2373 1130 2427; x_wconf 92' lang='lat' dir='ltr'><strong>ad</strong></span> <span class='ocrx_word' id='word_1_275' title='bbox 1174 2387 1299 2427; x_wconf 91' lang='lat' dir='ltr'><strong>suas</strong></span> <span class='ocrx_word' id='word_1_276' title='bbox 1340 2371 1502 2426; x_wconf 89' lang='lat' dir='ltr'><strong>mittit</strong></span> <span class='ocrx_word' id='word_1_277' title='bbox 1553 2373 1604 2424; x_wconf 93' lang='lat' dir='ltr'><strong>in</strong></span> <span class='ocrx_word' id='word_1_278' title='bbox 1639 2371 1882 2437; x_wconf 80' lang='lat' dir='ltr'><strong>Arnobii,</strong></span> <span class='ocrx_word' id='word_1_279' title='bbox 1913 2381 2004 2426; x_wconf 87' lang='lat' dir='ltr'><strong>aut</strong></span> 
     </span>
    </p>
   </div>
   <div class='ocr_carea' id='block_1_39' title="bbox 407 2461 1999 2526">
    <p class='ocr_par' dir='ltr' id='par_1_39' title="bbox 407 2461 1999 2526">
     <span class='ocr_line' id='line_1_39' title="bbox 407 2461 1999 2526; baseline -0.007 0"><span class='ocrx_word' id='word_1_280' title='bbox 407 2471 651 2526; x_wconf 82' lang='lat' dir='ltr'><strong>Woweri</strong></span> <span class='ocrx_word' id='word_1_281' title='bbox 695 2469 748 2522; x_wconf 88' lang='lat' dir='ltr'><strong>itt</strong></span> <span class='ocrx_word' id='word_1_282' title='bbox 794 2468 934 2522; x_wconf 92' lang='lat' dir='ltr'><strong>hunc</strong></span> <span class='ocrx_word' id='word_1_283' title='bbox 969 2463 1182 2520; x_wconf 91' lang='lat' dir='ltr'><strong>Minucii</strong></span> <span class='ocrx_word' id='word_1_284' title='bbox 1213 2463 1382 2518; x_wconf 83' lang='lat' dir='ltr'><strong>nostri</strong></span> <span class='ocrx_word' id='word_1_285' title='bbox 1407 2463 1604 2518; x_wconf 87' lang='lat' dir='ltr'><strong>librum</strong></span> <span class='ocrx_word' id='word_1_286' title='bbox 1656 2461 1999 2516; x_wconf 89' lang='lat' dir='ltr'><strong>animadver-</strong></span> 
     </span>
    </p>
   </div>
   <div class='ocr_carea' id='block_1_40' title="bbox 403 2552 2002 2630">
    <p class='ocr_par' dir='ltr' id='par_1_40' title="bbox 403 2552 2002 2630">
     <span class='ocr_line' id='line_1_40' title="bbox 403 2552 2002 2630; baseline -0.008 -12"><span class='ocrx_word' id='word_1_287' title='bbox 403 2563 609 2618; x_wconf 86' lang='lat' dir='ltr'><strong>siones.</strong></span> <span class='ocrx_word' id='word_1_288' title='bbox 641 2560 842 2616; x_wconf 89' lang='lat' dir='ltr'><strong>Omnes</strong></span> <span class='ocrx_word' id='word_1_289' title='bbox 897 2556 1209 2630; x_wconf 23' lang='lat' dir='ltr'><strong>porro‘illas</strong></span> <span class='ocrx_word' id='word_1_290' title='bbox 1247 2553 1637 2622; x_wconf 85' lang='lat' dir='ltr'><strong>Eltnenhorstii</strong></span> <span class='ocrx_word' id='word_1_291' title='bbox 1678 2563 1832 2608; x_wconf 91' lang='lat' dir='ltr'><strong>notas</strong></span> <span class='ocrx_word' id='word_1_292' title='bbox 1860 2552 2002 2625; x_wconf 37' lang='lat' dir='ltr'><strong>Gron:</strong></span> 
     </span>
    </p>
   </div>
   <div class='ocr_carea' id='block_1_41' title="bbox 408 2643 1999 2716">
    <p class='ocr_par' dir='ltr' id='par_1_41' title="bbox 408 2643 1999 2716">
     <span class='ocr_line' id='line_1_41' title="bbox 408 2643 1999 2716; baseline -0.008 -7"><span class='ocrx_word' id='word_1_293' title='bbox 408 2654 599 2709; x_wconf 86' lang='lat' dir='ltr'><strong>novius</strong></span> <span class='ocrx_word' id='word_1_294' title='bbox 644 2652 804 2705; x_wconf 89' lang='lat' dir='ltr'><strong>solito</strong></span> <span class='ocrx_word' id='word_1_295' title='bbox 857 2664 1008 2704; x_wconf 91' lang='lat' dir='ltr'><strong>more</strong></span> <span class='ocrx_word' id='word_1_296' title='bbox 1052 2661 1153 2716; x_wconf 83' lang='lat' dir='ltr'><strong>suo</strong></span> <span class='ocrx_word' id='word_1_297' title='bbox 1193 2645 1508 2710; x_wconf 78' lang='lat' dir='ltr'><strong>contemnit,</strong></span> <span class='ocrx_word' id='word_1_298' title='bbox 1544 2659 1837 2714; x_wconf 77' lang='lat' dir='ltr'><strong>verumque</strong></span> <span class='ocrx_word' id='word_1_299' title='bbox 1870 2643 1999 2697; x_wconf 90' lang='lat' dir='ltr'><strong>illud</strong></span> 
     </span>
    </p>
   </div>
   <div class='ocr_carea' id='block_1_42' title="bbox 402 2735 2000 2812">
    <p class='ocr_par' dir='ltr' id='par_1_42' title="bbox 402 2735 2000 2812">
     <span class='ocr_line' id='line_1_42' title="bbox 402 2735 2000 2812; baseline -0.009 -8"><span class='ocrx_word' id='word_1_300' title='bbox 402 2763 525 2804; x_wconf 89' lang='lat' dir='ltr'><strong>esse</strong></span> <span class='ocrx_word' id='word_1_301' title='bbox 555 2752 851 2806; x_wconf 87' lang='lat' dir='ltr'><strong>asseverat,</strong></span> <span class='ocrx_word' id='word_1_302' title='bbox 900 2741 1044 2812; x_wconf 88' lang='lat' dir='ltr'><strong>quod</strong></span> <span class='ocrx_word' id='word_1_303' title='bbox 1084 2739 1153 2794; x_wconf 90' lang='lat' dir='ltr'><strong>de</strong></span> <span class='ocrx_word' id='word_1_304' title='bbox 1177 2739 1240 2792; x_wconf 93' lang='lat' dir='ltr'><strong>iis</strong></span> <span class='ocrx_word' id='word_1_305' title='bbox 1269 2753 1299 2792; x_wconf 91' lang='lat' dir='ltr'><strong>a</strong></span> <span class='ocrx_word' id='word_1_306' title='bbox 1327 2737 1600 2807; x_wconf 88' lang='lat' dir='ltr'><strong>Scaligero</strong></span> <span class='ocrx_word' id='word_1_307' title='bbox 1626 2745 1784 2791; x_wconf 88' lang='lat' dir='ltr'><strong>antea</strong></span> <span class='ocrx_word' id='word_1_308' title='bbox 1827 2735 2000 2790; x_wconf 83' lang='lat' dir='ltr'><strong>fuerat</strong></span> 
     </span>
    </p>
   </div>
   <div class='ocr_carea' id='block_1_43' title="bbox 401 2827 1761 2912">
    <p class='ocr_par' dir='ltr' id='par_1_43' title="bbox 401 2827 1761 2912">
     <span class='ocr_line' id='line_1_43' title="bbox 401 2827 1761 2912; baseline -0.013 -15"><span class='ocrx_word' id='word_1_309' title='bbox 401 2839 802 2912; x_wconf 88' lang='lat' dir='ltr'><strong>pronuntiatum</strong></span> <span class='ocrx_word' id='word_1_310' title='bbox 830 2833 1106 2907; x_wconf 83' lang='lat' dir='ltr'><strong>(Scaliger.</strong></span> <span class='ocrx_word' id='word_1_311' title='bbox 1144 2830 1312 2901; x_wconf 76' lang='lat' dir='ltr'><strong>Epist.</strong></span> <span class='ocrx_word' id='word_1_312' title='bbox 1356 2829 1464 2884; x_wconf 71' lang='lat'><strong>260</strong></span> <span class='ocrx_word' id='word_1_313' title='bbox 1507 2838 1554 2883; x_wconf 83' lang='lat' dir='ltr'><strong>et</strong></span> <span class='ocrx_word' id='word_1_314' title='bbox 1605 2827 1761 2897; x_wconf 77' lang='grc'><strong>261).</strong></span> 
     </span>
    </p>
   </div>
   <div class='ocr_carea' id='block_1_44' title="bbox 467 2918 2000 3001">
    <p class='ocr_par' dir='ltr' id='par_1_44' title="bbox 467 2918 2000 3001">
     <span class='ocr_line' id='line_1_44' title="bbox 467 2918 2000 3001; baseline -0.011 -13"><span class='ocrx_word' id='word_1_315' title='bbox 467 2935 600 3001; x_wconf 84' lang='lat' dir='ltr'><strong>Quae</strong></span> <span class='ocrx_word' id='word_1_316' title='bbox 636 2945 766 2986; x_wconf 85' lang='lat' dir='ltr'><strong>vero</strong></span> <span class='ocrx_word' id='word_1_317' title='bbox 804 2928 873 2981; x_wconf 86' lang='lat' dir='ltr'><strong>ab</strong></span> <span class='ocrx_word' id='word_1_318' title='bbox 909 2923 1143 2980; x_wconf 81' lang='lat' dir='ltr'><strong>Heraldo</strong></span> <span class='ocrx_word' id='word_1_319' title='bbox 1175 2921 1426 2992; x_wconf 81' lang='lat' dir='ltr'><strong>profectae</strong></span> <span class='ocrx_word' id='word_1_320' title='bbox 1455 2926 1612 2984; x_wconf 85' lang='lat' dir='ltr'><strong>sunt,</strong></span> <span class='ocrx_word' id='word_1_321' title='bbox 1647 2919 1698 2972; x_wconf 92' lang='lat' dir='ltr'><strong>in</strong></span> <span class='ocrx_word' id='word_1_322' title='bbox 1731 2918 2000 2986; x_wconf 78' lang='lat' dir='ltr'><strong>pleriSque</strong></span> 
     </span>
    </p>
   </div>
   <div class='ocr_carea' id='block_1_45' title="bbox 400 3008 1998 3085">
    <p class='ocr_par' dir='ltr' id='par_1_45' title="bbox 400 3008 1998 3085">
     <span class='ocr_line' id='line_1_45' title="bbox 400 3008 1998 3085; baseline -0.012 -4"><span class='ocrx_word' id='word_1_323' title='bbox 400 3027 507 3081; x_wconf 87' lang='lat' dir='ltr'><strong>illis</strong></span> <span class='ocrx_word' id='word_1_324' title='bbox 555 3025 624 3079; x_wconf 91' lang='lat' dir='ltr'><strong>de</strong></span> <span class='ocrx_word' id='word_1_325' title='bbox 670 3018 991 3085; x_wconf 89' lang='lat' dir='ltr'><strong>emendato,</strong></span> <span class='ocrx_word' id='word_1_326' title='bbox 1046 3010 1400 3080; x_wconf 89' lang='lat' dir='ltr'><strong>manuscripti</strong></span> <span class='ocrx_word' id='word_1_327' title='bbox 1456 3009 1588 3079; x_wconf 88' lang='lat' dir='ltr'><strong>regii</strong></span> <span class='ocrx_word' id='word_1_328' title='bbox 1641 3008 1998 3072; x_wconf 86' lang='lat' dir='ltr'><strong>auctoritate,</strong></span> 
     </span>
    </p>
   </div>
   <div class='ocr_carea' id='block_1_46' title="bbox 400 3097 2002 3172">
    <p class='ocr_par' dir='ltr' id='par_1_46' title="bbox 400 3097 2002 3172">
     <span class='ocr_line' id='line_1_46' title="bbox 400 3097 2002 3172; baseline -0.009 -3"><span class='ocrx_word' id='word_1_329' title='bbox 400 3115 637 3171; x_wconf 89' lang='lat' dir='ltr'><strong>auctoris</strong></span> <span class='ocrx_word' id='word_1_330' title='bbox 685 3109 854 3166; x_wconf 91' lang='lat' dir='ltr'><strong>nostri</strong></span> <span class='ocrx_word' id='word_1_331' title='bbox 909 3116 1097 3172; x_wconf 80' lang='lat' dir='ltr'><strong>textu,</strong></span> <span class='ocrx_word' id='word_1_332' title='bbox 1147 3104 1230 3158; x_wconf 88' lang='lat' dir='ltr'><strong>vel</strong></span> <span class='ocrx_word' id='word_1_333' title='bbox 1279 3102 1346 3156; x_wconf 90' lang='lat' dir='ltr'><strong>de</strong></span> <span class='ocrx_word' id='word_1_334' title='bbox 1397 3116 1463 3154; x_wconf 89' lang='lat' dir='ltr'><strong>eo</strong></span> <span class='ocrx_word' id='word_1_335' title='bbox 1511 3099 1837 3168; x_wconf 91' lang='lat' dir='ltr'><strong>conjecturis</strong></span> <span class='ocrx_word' id='word_1_336' title='bbox 1889 3097 2002 3155; x_wconf 87' lang='lat' dir='ltr'><strong>suis</strong></span> 
     </span>
    </p>
   </div>
   <div class='ocr_carea' id='block_1_47' title="bbox 2109 1910 3676 1982">
    <p class='ocr_par' dir='ltr' id='par_1_47' title="bbox 2109 1910 3676 1982">
     <span class='ocr_line' id='line_1_47' title="bbox 2109 1910 3676 1982; baseline 0.001 -18"><span class='ocrx_word' id='word_1_337' title='bbox 2109 1910 2282 1965; x_wconf 86' lang='lat' dir='ltr'><strong>aliena</strong></span> <span class='ocrx_word' id='word_1_338' title='bbox 2313 1911 2420 1964; x_wconf 79' lang='lat' dir='ltr'><strong>sint</strong></span> <span class='ocrx_word' id='word_1_339' title='bbox 2440 1951 2456 1977; x_wconf 95' lang='lat'><strong>,</strong></span> <span class='ocrx_word' id='word_1_340' title='bbox 2485 1927 2604 1980; x_wconf 76' lang='lat' dir='ltr'><strong>qute</strong></span> <span class='ocrx_word' id='word_1_341' title='bbox 2637 1911 2703 1966; x_wconf 91' lang='lat' dir='ltr'><strong>ad</strong></span> <span class='ocrx_word' id='word_1_342' title='bbox 2733 1912 2947 1966; x_wconf 86' lang='lat' dir='ltr'><strong>Minucii</strong></span> <span class='ocrx_word' id='word_1_343' title='bbox 2978 1911 3049 1967; x_wconf 89' lang='lat' dir='ltr'><strong>de</strong></span> <span class='ocrx_word' id='word_1_344' title='bbox 3077 1911 3347 1982; x_wconf 79' lang='lat' dir='ltr'><strong>lapidibus</strong></span> <span class='ocrx_word' id='word_1_345' title='bbox 3377 1913 3613 1982; x_wconf 70' lang='lat' dir='ltr'><strong>effigians</strong></span> <span class='ocrx_word' id='word_1_346' title='bbox 3637 1922 3676 1966; x_wconf 88' lang='lat' dir='ltr'><strong>et</strong></span> 
     </span>
    </p>
   </div>
   <div class='ocr_carea' id='block_1_48' title="bbox 2110 2006 3674 2077">
    <p class='ocr_par' dir='ltr' id='par_1_48' title="bbox 2110 2006 3674 2077">
     <span class='ocr_line' id='line_1_48' title="bbox 2110 2006 3674 2077; baseline 0 -20"><span class='ocrx_word' id='word_1_347' title='bbox 2110 2007 2284 2059; x_wconf 88' lang='lat' dir='ltr'><strong>unctis</strong></span> <span class='ocrx_word' id='word_1_348' title='bbox 2325 2019 2629 2061; x_wconf 86' lang='lat' dir='ltr'><strong>sermonem</strong></span> <span class='ocrx_word' id='word_1_349' title='bbox 2673 2007 3053 2077; x_wconf 77' lang='lat' dir='ltr'><strong>explicandum</strong></span> <span class='ocrx_word' id='word_1_350' title='bbox 3093 2007 3306 2074; x_wconf 87' lang='lat' dir='ltr'><strong>retulit,</strong></span> <span class='ocrx_word' id='word_1_351' title='bbox 3349 2007 3418 2061; x_wconf 88' lang='lat' dir='ltr'><strong>de</strong></span> <span class='ocrx_word' id='word_1_352' title='bbox 3457 2006 3606 2062; x_wconf 88' lang='lat' dir='ltr'><strong>idolis</strong></span> <span class='ocrx_word' id='word_1_353' title='bbox 3637 2007 3674 2059; x_wconf 87' lang='lat' dir='ltr'><strong>in</strong></span> 
     </span>
    </p>
   </div>
   <div class='ocr_carea' id='block_1_49' title="bbox 2109 2096 3674 2170">
    <p class='ocr_par' dir='ltr' id='par_1_49' title="bbox 2109 2096 3674 2170">
     <span class='ocr_line' id='line_1_49' title="bbox 2109 2096 3674 2170; baseline 0.001 -21"><span class='ocrx_word' id='word_1_354' title='bbox 2109 2096 2362 2151; x_wconf 87' lang='lat' dir='ltr'><strong>Meccano</strong></span> <span class='ocrx_word' id='word_1_355' title='bbox 2391 2097 2687 2152; x_wconf 86' lang='lat' dir='ltr'><strong>&#39;l‘urcarum</strong></span> <span class='ocrx_word' id='word_1_356' title='bbox 2717 2099 2917 2170; x_wconf 88' lang='lat' dir='ltr'><strong>templo</strong></span> <span class='ocrx_word' id='word_1_357' title='bbox 2945 2099 3290 2169; x_wconf 83' lang='lat' dir='ltr'><strong>constitutis?</strong></span> <span class='ocrx_word' id='word_1_358' title='bbox 3318 2097 3458 2166; x_wconf 84' lang='lat' dir='ltr'><strong>Quid</strong></span> <span class='ocrx_word' id='word_1_359' title='bbox 3485 2113 3605 2152; x_wconf 85' lang='lat' dir='ltr'><strong>vero</strong></span> <span class='ocrx_word' id='word_1_360' title='bbox 3625 2097 3674 2150; x_wconf 81' lang='lat' dir='ltr'><strong>ad</strong></span> 
     </span>
    </p>
   </div>
   <div class='ocr_carea' id='block_1_50' title="bbox 2107 2186 3674 2260">
    <p class='ocr_par' dir='ltr' id='par_1_50' title="bbox 2107 2186 3674 2260">
     <span class='ocr_line' id='line_1_50' title="bbox 2107 2186 3674 2260; baseline -0.001 -20"><span class='ocrx_word' id='word_1_361' title='bbox 2107 2186 2320 2243; x_wconf 93' lang='lat' dir='ltr'><strong>Minucii</strong></span> <span class='ocrx_word' id='word_1_362' title='bbox 2352 2189 2684 2258; x_wconf 81' lang='lat' dir='ltr'><strong>propositum</strong></span> <span class='ocrx_word' id='word_1_363' title='bbox 2714 2191 2964 2244; x_wconf 86' lang='lat' dir='ltr'><strong>conducit</strong></span> <span class='ocrx_word' id='word_1_364' title='bbox 2999 2191 3208 2260; x_wconf 89' lang='lat' dir='ltr'><strong>longior</strong></span> <span class='ocrx_word' id='word_1_365' title='bbox 3247 2190 3456 2245; x_wconf 90' lang='lat' dir='ltr'><strong>Ouzelii</strong></span> <span class='ocrx_word' id='word_1_366' title='bbox 3500 2189 3674 2258; x_wconf 64' lang='lat' dir='ltr'><strong>disquio</strong></span> 
     </span>
    </p>
   </div>
   <div class='ocr_carea' id='block_1_51' title="bbox 2107 2280 3676 2349">
    <p class='ocr_par' dir='ltr' id='par_1_51' title="bbox 2107 2280 3676 2349">
     <span class='ocr_line' id='line_1_51' title="bbox 2107 2280 3676 2349; baseline -0.001 -15"><span class='ocrx_word' id='word_1_367' title='bbox 2107 2280 2234 2334; x_wconf 91' lang='lat' dir='ltr'><strong>sitio</strong></span> <span class='ocrx_word' id='word_1_368' title='bbox 2259 2280 2324 2334; x_wconf 91' lang='lat' dir='ltr'><strong>de</strong></span> <span class='ocrx_word' id='word_1_369' title='bbox 2353 2295 2514 2349; x_wconf 87' lang='lat' dir='ltr'><strong>opera</strong></span> <span class='ocrx_word' id='word_1_370' title='bbox 2547 2298 2574 2333; x_wconf 91' lang='lat' dir='ltr'><strong>a</strong></span> <span class='ocrx_word' id='word_1_371' title='bbox 2604 2281 2862 2335; x_wconf 83' lang='lat' dir='ltr'><strong>Romanis</strong></span> <span class='ocrx_word' id='word_1_372' title='bbox 2894 2283 2945 2335; x_wconf 93' lang='lat' dir='ltr'><strong>in</strong></span> <span class='ocrx_word' id='word_1_373' title='bbox 2972 2282 3211 2337; x_wconf 81' lang='lat' dir='ltr'><strong>delubris</strong></span> <span class='ocrx_word' id='word_1_374' title='bbox 3241 2281 3587 2347; x_wconf 89' lang='lat' dir='ltr'><strong>dedicandis,</strong></span> <span class='ocrx_word' id='word_1_375' title='bbox 3613 2280 3676 2334; x_wconf 74' lang='lat' dir='ltr'><strong>vel</strong></span> 
     </span>
    </p>
   </div>
   <div class='ocr_carea' id='block_1_52' title="bbox 2105 2374 3679 2444">
    <p class='ocr_par' dir='ltr' id='par_1_52' title="bbox 2105 2374 3679 2444">
     <span class='ocr_line' id='line_1_52' title="bbox 2105 2374 3679 2444; baseline -0.002 -18"><span class='ocrx_word' id='word_1_376' title='bbox 2105 2374 2173 2428; x_wconf 89' lang='lat' dir='ltr'><strong>ab</strong></span> <span class='ocrx_word' id='word_1_377' title='bbox 2199 2374 2318 2426; x_wconf 86' lang='lat' dir='ltr'><strong>aliis</strong></span> <span class='ocrx_word' id='word_1_378' title='bbox 2345 2374 2664 2442; x_wconf 86' lang='lat' dir='ltr'><strong>quibusdam</strong></span> <span class='ocrx_word' id='word_1_379' title='bbox 2707 2375 2758 2427; x_wconf 91' lang='lat' dir='ltr'><strong>in</strong></span> <span class='ocrx_word' id='word_1_380' title='bbox 2799 2375 3151 2430; x_wconf 84' lang='lat' dir='ltr'><strong>observandis</strong></span> <span class='ocrx_word' id='word_1_381' title='bbox 3185 2375 3425 2444; x_wconf 88' lang='lat' dir='ltr'><strong>auguriis</strong></span> <span class='ocrx_word' id='word_1_382' title='bbox 3465 2374 3606 2438; x_wconf 80' lang='lat' dir='ltr'><strong>data,</strong></span> <span class='ocrx_word' id='word_1_383' title='bbox 3627 2388 3679 2424; x_wconf 80' lang='lat' dir='ltr'><strong>ac</strong></span> 
     </span>
    </p>
   </div>
   <div class='ocr_carea' id='block_1_53' title="bbox 2105 2465 3677 2534">
    <p class='ocr_par' dir='ltr' id='par_1_53' title="bbox 2105 2465 3677 2534">
     <span class='ocr_line' id='line_1_53' title="bbox 2105 2465 3677 2534; baseline -0.001 -14"><span class='ocrx_word' id='word_1_384' title='bbox 2105 2465 2172 2520; x_wconf 91' lang='lat' dir='ltr'><strong>de</strong></span> <span class='ocrx_word' id='word_1_385' title='bbox 2213 2465 2386 2534; x_wconf 86' lang='lat' dir='ltr'><strong>primo</strong></span> <span class='ocrx_word' id='word_1_386' title='bbox 2426 2467 2769 2534; x_wconf 84' lang='lat' dir='ltr'><strong>auguriorum</strong></span> <span class='ocrx_word' id='word_1_387' title='bbox 2814 2466 3129 2532; x_wconf 87' lang='lat' dir='ltr'><strong>inventore,</strong></span> <span class='ocrx_word' id='word_1_388' title='bbox 3159 2475 3212 2521; x_wconf 91' lang='lat' dir='ltr'><strong>et</strong></span> <span class='ocrx_word' id='word_1_389' title='bbox 3241 2466 3309 2520; x_wconf 89' lang='lat' dir='ltr'><strong>de</strong></span> <span class='ocrx_word' id='word_1_390' title='bbox 3353 2465 3563 2520; x_wconf 88' lang='lat' dir='ltr'><strong>delubri</strong></span> <span class='ocrx_word' id='word_1_391' title='bbox 3587 2475 3677 2533; x_wconf 66' lang='lat' dir='ltr'><strong>ety-</strong></span> 
     </span>
    </p>
   </div>
   <div class='ocr_carea' id='block_1_54' title="bbox 2104 2557 3677 2629">
    <p class='ocr_par' dir='ltr' id='par_1_54' title="bbox 2104 2557 3677 2629">
     <span class='ocr_line' id='line_1_54' title="bbox 2104 2557 3677 2629; baseline -0.004 -15"><span class='ocrx_word' id='word_1_392' title='bbox 2104 2559 2372 2629; x_wconf 85' lang='lat' dir='ltr'><strong>mologia?</strong></span> <span class='ocrx_word' id='word_1_393' title='bbox 2400 2557 2468 2614; x_wconf 92' lang='lat' dir='ltr'><strong>Ut</strong></span> <span class='ocrx_word' id='word_1_394' title='bbox 2492 2559 2619 2628; x_wconf 93' lang='lat' dir='ltr'><strong>quid</strong></span> <span class='ocrx_word' id='word_1_395' title='bbox 2647 2559 2808 2612; x_wconf 91' lang='lat' dir='ltr'><strong>etiam</strong></span> <span class='ocrx_word' id='word_1_396' title='bbox 2839 2558 2961 2622; x_wconf 91' lang='lat' dir='ltr'><strong>ille,</strong></span> <span class='ocrx_word' id='word_1_397' title='bbox 3009 2559 3187 2613; x_wconf 88' lang='lat' dir='ltr'><strong>oblata</strong></span> <span class='ocrx_word' id='word_1_398' title='bbox 3232 2558 3333 2612; x_wconf 89' lang='lat' dir='ltr'><strong>sibi</strong></span> <span class='ocrx_word' id='word_1_399' title='bbox 3380 2557 3452 2611; x_wconf 91' lang='lat' dir='ltr'><strong>de</strong></span> <span class='ocrx_word' id='word_1_400' title='bbox 3487 2557 3677 2611; x_wconf 79' lang='lat' dir='ltr'><strong>deorum</strong></span> 
     </span>
    </p>
   </div>
   <div class='ocr_carea' id='block_1_55' title="bbox 2104 2647 3679 2720">
    <p class='ocr_par' dir='ltr' id='par_1_55' title="bbox 2104 2647 3679 2720">
     <span class='ocr_line' id='line_1_55' title="bbox 2104 2647 3679 2720; baseline -0.004 -14"><span class='ocrx_word' id='word_1_401' title='bbox 2104 2661 2307 2706; x_wconf 88' lang='lat' dir='ltr'><strong>tantum</strong></span> <span class='ocrx_word' id='word_1_402' title='bbox 2348 2651 2612 2706; x_wconf 85' lang='lat' dir='ltr'><strong>natalibus</strong></span> <span class='ocrx_word' id='word_1_403' title='bbox 2642 2651 2854 2706; x_wconf 87' lang='lat' dir='ltr'><strong>dicendi</strong></span> <span class='ocrx_word' id='word_1_404' title='bbox 2882 2653 3166 2705; x_wconf 85' lang='lat' dir='ltr'><strong>oceaslone</strong></span> <span class='ocrx_word' id='word_1_405' title='bbox 3191 2691 3206 2716; x_wconf 92' lang='lat'><strong>,</strong></span> <span class='ocrx_word' id='word_1_406' title='bbox 3241 2649 3308 2704; x_wconf 86' lang='lat' dir='ltr'><strong>ad</strong></span> <span class='ocrx_word' id='word_1_407' title='bbox 3340 2647 3679 2720; x_wconf 76' lang='lat' dir='ltr'><strong>explanandos</strong></span> 
     </span>
    </p>
   </div>
   <div class='ocr_carea' id='block_1_56' title="bbox 2105 2744 3679 2814">
    <p class='ocr_par' dir='ltr' id='par_1_56' title="bbox 2105 2744 3679 2814">
     <span class='ocr_line' id='line_1_56' title="bbox 2105 2744 3679 2814; baseline -0.003 -16"><span class='ocrx_word' id='word_1_408' title='bbox 2105 2744 2379 2800; x_wconf 84' lang='lat' dir='ltr'><strong>hominum</strong></span> <span class='ocrx_word' id='word_1_409' title='bbox 2422 2755 2527 2799; x_wconf 90' lang='lat' dir='ltr'><strong>tam</strong></span> <span class='ocrx_word' id='word_1_410' title='bbox 2561 2745 2898 2814; x_wconf 89' lang='lat' dir='ltr'><strong>principum,</strong></span> <span class='ocrx_word' id='word_1_411' title='bbox 2932 2760 3090 2814; x_wconf 91' lang='lat' dir='ltr'><strong>quam</strong></span> <span class='ocrx_word' id='word_1_412' title='bbox 3133 2744 3464 2814; x_wconf 88' lang='lat' dir='ltr'><strong>privatorum</strong></span> <span class='ocrx_word' id='word_1_413' title='bbox 3492 2785 3505 2808; x_wconf 91' lang='lat'><strong>,</strong></span> <span class='ocrx_word' id='word_1_414' title='bbox 3551 2752 3679 2810; x_wconf 85' lang='lat' dir='ltr'><strong>atque</strong></span> 
     </span>
    </p>
   </div>
   <div class='ocr_carea' id='block_1_57' title="bbox 2103 2833 3680 2904">
    <p class='ocr_par' dir='ltr' id='par_1_57' title="bbox 2103 2833 3680 2904">
     <span class='ocr_line' id='line_1_57' title="bbox 2103 2833 3680 2904; baseline -0.003 -16"><span class='ocrx_word' id='word_1_415' title='bbox 2103 2837 2262 2889; x_wconf 89' lang='lat' dir='ltr'><strong>etiam</strong></span> <span class='ocrx_word' id='word_1_416' title='bbox 2304 2836 2515 2890; x_wconf 91' lang='lat' dir='ltr'><strong>urbium</strong></span> <span class='ocrx_word' id='word_1_417' title='bbox 2556 2835 2762 2890; x_wconf 89' lang='lat' dir='ltr'><strong>natales</strong></span> <span class='ocrx_word' id='word_1_418' title='bbox 2801 2835 2952 2897; x_wconf 84' lang='lat' dir='ltr'><strong>dies.</strong></span> <span class='ocrx_word' id='word_1_419' title='bbox 2995 2837 3280 2904; x_wconf 88' lang='lat' dir='ltr'><strong>variosque</strong></span> <span class='ocrx_word' id='word_1_420' title='bbox 3319 2849 3509 2888; x_wconf 90' lang='lat' dir='ltr'><strong>eorum</strong></span> <span class='ocrx_word' id='word_1_421' title='bbox 3561 2833 3680 2886; x_wconf 83' lang='lat' dir='ltr'><strong>cele-</strong></span> 
     </span>
    </p>
   </div>
   <div class='ocr_carea' id='block_1_58' title="bbox 2105 2924 3682 2998">
    <p class='ocr_par' dir='ltr' id='par_1_58' title="bbox 2105 2924 3682 2998">
     <span class='ocr_line' id='line_1_58' title="bbox 2105 2924 3682 2998; baseline -0.003 -18"><span class='ocrx_word' id='word_1_422' title='bbox 2105 2926 2427 2981; x_wconf 90' lang='lat' dir='ltr'><strong>brandorum</strong></span> <span class='ocrx_word' id='word_1_423' title='bbox 2461 2931 2594 2982; x_wconf 90' lang='lat' dir='ltr'><strong>ritus</strong></span> <span class='ocrx_word' id='word_1_424' title='bbox 2618 2969 2632 2992; x_wconf 93' lang='lat'><strong>,</strong></span> <span class='ocrx_word' id='word_1_425' title='bbox 2669 2942 2924 2997; x_wconf 88' lang='lat' dir='ltr'><strong>perquam</strong></span> <span class='ocrx_word' id='word_1_426' title='bbox 2957 2927 3267 2998; x_wconf 81' lang='lat' dir='ltr'><strong>longissime</strong></span> <span class='ocrx_word' id='word_1_427' title='bbox 3295 2926 3576 2981; x_wconf 80' lang='lat' dir='ltr'><strong>excurrit?</strong></span> <span class='ocrx_word' id='word_1_428' title='bbox 3598 2924 3682 2979; x_wconf 82' lang='lat' dir='ltr'><strong>Nec</strong></span> 
     </span>
    </p>
   </div>
   <div class='ocr_carea' id='block_1_59' title="bbox 2104 3019 3681 3090">
    <p class='ocr_par' dir='ltr' id='par_1_59' title="bbox 2104 3019 3681 3090">
     <span class='ocr_line' id='line_1_59' title="bbox 2104 3019 3681 3090; baseline -0.003 -16"><span class='ocrx_word' id='word_1_429' title='bbox 2104 3021 2344 3074; x_wconf 88' lang='lat' dir='ltr'><strong>minores</strong></span> <span class='ocrx_word' id='word_1_430' title='bbox 2384 3029 2510 3075; x_wconf 89' lang='lat' dir='ltr'><strong>sunt</strong></span> <span class='ocrx_word' id='word_1_431' title='bbox 2550 3021 2690 3074; x_wconf 87' lang='lat' dir='ltr'><strong>illius</strong></span> <span class='ocrx_word' id='word_1_432' title='bbox 2715 3020 3082 3090; x_wconf 85' lang='lat' dir='ltr'><strong>digressiones</strong></span> <span class='ocrx_word' id='word_1_433' title='bbox 3109 3020 3177 3073; x_wconf 92' lang='lat' dir='ltr'><strong>de</strong></span> <span class='ocrx_word' id='word_1_434' title='bbox 3208 3019 3464 3074; x_wconf 83' lang='lat' dir='ltr'><strong>Mercurii</strong></span> <span class='ocrx_word' id='word_1_435' title='bbox 3492 3019 3681 3072; x_wconf 82' lang='lat' dir='ltr'><strong>nomine</strong></span> 
     </span>
    </p>
   </div>
   <div class='ocr_carea' id='block_1_60' title="bbox 2105 3111 3682 3183">
    <p class='ocr_par' dir='ltr' id='par_1_60' title="bbox 2105 3111 3682 3183">
     <span class='ocr_line' id='line_1_60' title="bbox 2105 3111 3682 3183; baseline -0.002 -17"><span class='ocrx_word' id='word_1_436' title='bbox 2105 3121 2159 3166; x_wconf 88' lang='lat' dir='ltr'><strong>et</strong></span> <span class='ocrx_word' id='word_1_437' title='bbox 2184 3111 2411 3177; x_wconf 90' lang='lat' dir='ltr'><strong>ofﬁciis,</strong></span> <span class='ocrx_word' id='word_1_438' title='bbox 2445 3113 2536 3167; x_wconf 88' lang='lat' dir='ltr'><strong>ubi</strong></span> <span class='ocrx_word' id='word_1_439' title='bbox 2564 3129 2592 3164; x_wconf 90' lang='lat' dir='ltr'><strong>a</strong></span> <span class='ocrx_word' id='word_1_440' title='bbox 2632 3112 2861 3167; x_wconf 87' lang='lat' dir='ltr'><strong>Minucio</strong></span> <span class='ocrx_word' id='word_1_441' title='bbox 2898 3113 3211 3183; x_wconf 84' lang='lat' dir='ltr'><strong>simpliciter</strong></span> <span class='ocrx_word' id='word_1_442' title='bbox 3249 3112 3448 3167; x_wconf 89' lang='lat' dir='ltr'><strong>dicitur</strong></span> <span class='ocrx_word' id='word_1_443' title='bbox 3485 3111 3682 3180; x_wconf 80' lang='lat' dir='ltr'><strong>pedibus</strong></span> 
     </span>
    </p>
   </div>
   <div class='ocr_carea' id='block_1_61' title="bbox 400 3188 1983 3276">
    <p class='ocr_par' dir='ltr' id='par_1_61' title="bbox 400 3189 1983 3276">
     <span class='ocr_line' id='line_1_61' title="bbox 400 3189 1983 3276; baseline -0.013 -13"><span class='ocrx_word' id='word_1_444' title='bbox 400 3204 726 3276; x_wconf 87' lang='lat' dir='ltr'><strong>corrigendo</strong></span> <span class='ocrx_word' id='word_1_445' title='bbox 769 3201 1029 3269; x_wconf 88' lang='lat' dir='ltr'><strong>disputat.</strong></span> <span class='ocrx_word' id='word_1_446' title='bbox 1077 3195 1132 3248; x_wconf 93' lang='lat' dir='ltr'><strong>ln</strong></span> <span class='ocrx_word' id='word_1_447' title='bbox 1181 3193 1301 3247; x_wconf 89' lang='lat' dir='ltr'><strong>aliis</strong></span> <span class='ocrx_word' id='word_1_448' title='bbox 1347 3207 1475 3247; x_wconf 93' lang='lat' dir='ltr'><strong>vero</strong></span> <span class='ocrx_word' id='word_1_449' title='bbox 1518 3206 1618 3245; x_wconf 91' lang='lat' dir='ltr'><strong>nos</strong></span> <span class='ocrx_word' id='word_1_450' title='bbox 1667 3191 1756 3246; x_wconf 90' lang='lat' dir='ltr'><strong>ille</strong></span> <span class='ocrx_word' id='word_1_451' title='bbox 1803 3189 1885 3245; x_wconf 85' lang='lat' dir='ltr'><strong>vel</strong></span> <span class='ocrx_word' id='word_1_452' title='bbox 1933 3204 1983 3243; x_wconf 84' lang='lat' dir='ltr'><strong>at</strong></span> 
     </span>
    </p>
   </div>
   <div class='ocr_carea' id='block_1_62' title="bbox 2122 3188 3685 3276">
    <p class='ocr_par' dir='ltr' id='par_1_62' title="bbox 2122 3201 3685 3273">
     <span class='ocr_line' id='line_1_62' title="bbox 2122 3201 3685 3273; baseline -0.003 -16"><span class='ocrx_word' id='word_1_453' title='bbox 2122 3203 2265 3258; x_wconf 77' lang='lat' dir='ltr'><strong>tlatis</strong></span> <span class='ocrx_word' id='word_1_454' title='bbox 2294 3204 2570 3273; x_wconf 87' lang='lat' dir='ltr'><strong>depictus:</strong></span> <span class='ocrx_word' id='word_1_455' title='bbox 2611 3204 2679 3259; x_wconf 90' lang='lat' dir='ltr'><strong>de</strong></span> <span class='ocrx_word' id='word_1_456' title='bbox 2718 3206 3142 3267; x_wconf 87' lang='lat' dir='ltr'><strong>sternutatione,</strong></span> <span class='ocrx_word' id='word_1_457' title='bbox 3189 3205 3279 3258; x_wconf 85' lang='lat' dir='ltr'><strong>tibi</strong></span> <span class='ocrx_word' id='word_1_458' title='bbox 3322 3204 3562 3259; x_wconf 87' lang='lat' dir='ltr'><strong>Socratis</strong></span> <span class='ocrx_word' id='word_1_459' title='bbox 3593 3201 3685 3254; x_wconf 74' lang='lat' dir='ltr'><strong>da:-</strong></span> 
     </span>
    </p>
   </div>
   <div class='ocr_carea' id='block_1_63' title="bbox 403 3282 2001 3354">
    <p class='ocr_par' dir='ltr' id='par_1_63' title="bbox 403 3282 2001 3354">
     <span class='ocr_line' id='line_1_63' title="bbox 403 3282 2001 3354; baseline -0.011 1"><span class='ocrx_word' id='word_1_460' title='bbox 403 3315 531 3354; x_wconf 88' lang='lat' dir='ltr'><strong>suas</strong></span> <span class='ocrx_word' id='word_1_461' title='bbox 561 3293 786 3351; x_wconf 91' lang='lat' dir='ltr'><strong>remittit</strong></span> <span class='ocrx_word' id='word_1_462' title='bbox 812 3302 967 3344; x_wconf 88' lang='lat' dir='ltr'><strong>notas</strong></span> <span class='ocrx_word' id='word_1_463' title='bbox 997 3288 1049 3341; x_wconf 93' lang='lat' dir='ltr'><strong>in</strong></span> <span class='ocrx_word' id='word_1_464' title='bbox 1081 3285 1304 3340; x_wconf 83' lang='lat' dir='ltr'><strong>Arnobii</strong></span> <span class='ocrx_word' id='word_1_465' title='bbox 1339 3283 1534 3349; x_wconf 88' lang='lat' dir='ltr'><strong>libros,</strong></span> <span class='ocrx_word' id='word_1_466' title='bbox 1568 3283 1654 3338; x_wconf 90' lang='lat' dir='ltr'><strong>vel</strong></span> <span class='ocrx_word' id='word_1_467' title='bbox 1683 3282 2001 3337; x_wconf 87' lang='lat' dir='ltr'><strong>Tertulliani</strong></span> 
     </span>
    </p>
   </div>
   <div class='ocr_carea' id='block_1_64' title="bbox 407 3373 2000 3456">
    <p class='ocr_par' dir='ltr' id='par_1_64' title="bbox 407 3373 2000 3456">
     <span class='ocr_line' id='line_1_64' title="bbox 407 3373 2000 3456; baseline -0.009 -15"><span class='ocrx_word' id='word_1_468' title='bbox 407 3385 846 3456; x_wconf 85' lang='lat' dir='ltr'><strong>Apologeticum,</strong></span> <span class='ocrx_word' id='word_1_469' title='bbox 890 3377 1042 3445; x_wconf 90' lang='lat' dir='ltr'><strong>cujus</strong></span> <span class='ocrx_word' id='word_1_470' title='bbox 1075 3384 1252 3430; x_wconf 88' lang='lat' dir='ltr'><strong>tamen</strong></span> <span class='ocrx_word' id='word_1_471' title='bbox 1293 3374 1381 3428; x_wconf 83' lang='lat' dir='ltr'><strong>vix</strong></span> <span class='ocrx_word' id='word_1_472' title='bbox 1422 3374 1526 3438; x_wconf 88' lang='lat' dir='ltr'><strong>ulla</strong></span> <span class='ocrx_word' id='word_1_473' title='bbox 1572 3374 1724 3428; x_wconf 88' lang='lat' dir='ltr'><strong>ullibi</strong></span> <span class='ocrx_word' id='word_1_474' title='bbox 1750 3373 1880 3427; x_wconf 88' lang='lat' dir='ltr'><strong>citat</strong></span> <span class='ocrx_word' id='word_1_475' title='bbox 1907 3388 2000 3427; x_wconf 84' lang='lat' dir='ltr'><strong>ca-</strong></span> 
     </span>
    </p>
   </div>
   <div class='ocr_carea' id='block_1_65' title="bbox 404 3467 2004 3548">
    <p class='ocr_par' dir='ltr' id='par_1_65' title="bbox 404 3467 2004 3548">
     <span class='ocr_line' id='line_1_65' title="bbox 404 3467 2004 3548; baseline -0.006 -16"><span class='ocrx_word' id='word_1_476' title='bbox 404 3481 533 3548; x_wconf 90' lang='lat' dir='ltr'><strong>pita.</strong></span> <span class='ocrx_word' id='word_1_477' title='bbox 565 3476 623 3530; x_wconf 88' lang='lat' dir='ltr'><strong>Itt</strong></span> <span class='ocrx_word' id='word_1_478' title='bbox 664 3471 877 3528; x_wconf 64' lang='lat' dir='ltr'><strong>caeteris</strong></span> <span class='ocrx_word' id='word_1_479' title='bbox 916 3470 1126 3525; x_wconf 86' lang='lat' dir='ltr'><strong>tandem</strong></span> <span class='ocrx_word' id='word_1_480' title='bbox 1167 3469 1309 3524; x_wconf 89' lang='lat' dir='ltr'><strong>notis</strong></span> <span class='ocrx_word' id='word_1_481' title='bbox 1346 3469 1641 3523; x_wconf 85' lang='lat' dir='ltr'><strong>sententias</strong></span> <span class='ocrx_word' id='word_1_482' title='bbox 1684 3467 1896 3523; x_wconf 84' lang='lat' dir='ltr'><strong>Minucii</strong></span> <span class='ocrx_word' id='word_1_483' title='bbox 1935 3484 2004 3524; x_wconf 74' lang='lat' dir='ltr'><strong>ex</strong></span> 
     </span>
    </p>
   </div>
   <div class='ocr_carea' id='block_1_66' title="bbox 406 3561 2002 3635">
    <p class='ocr_par' dir='ltr' id='par_1_66' title="bbox 406 3561 2002 3635">
     <span class='ocr_line' id='line_1_66' title="bbox 406 3561 2002 3635; baseline -0.014 -10"><span class='ocrx_word' id='word_1_484' title='bbox 406 3569 525 3624; x_wconf 89' lang='lat' dir='ltr'><strong>aliis</strong></span> <span class='ocrx_word' id='word_1_485' title='bbox 552 3565 905 3635; x_wconf 87' lang='lat' dir='ltr'><strong>scriptoribus</strong></span> <span class='ocrx_word' id='word_1_486' title='bbox 956 3562 1277 3618; x_wconf 88' lang='lat' dir='ltr'><strong>conﬁrmare</strong></span> <span class='ocrx_word' id='word_1_487' title='bbox 1313 3572 1558 3616; x_wconf 89' lang='lat' dir='ltr'><strong>conatur.</strong></span> <span class='ocrx_word' id='word_1_488' title='bbox 1600 3562 1706 3618; x_wconf 90' lang='lat' dir='ltr'><strong>Sed</strong></span> <span class='ocrx_word' id='word_1_489' title='bbox 1751 3561 1856 3616; x_wconf 67' lang='lat' dir='ltr'><strong>illa:</strong></span> <span class='ocrx_word' id='word_1_490' title='bbox 1897 3561 2002 3631; x_wconf 72' lang='lat' dir='ltr'><strong>pri.</strong></span> 
     </span>
    </p>
   </div>
   <div class='ocr_carea' id='block_1_67' title="bbox 403 3653 1998 3729">
    <p class='ocr_par' dir='ltr' id='par_1_67' title="bbox 403 3653 1998 3729">
     <span class='ocr_line' id='line_1_67' title="bbox 403 3653 1998 3729; baseline -0.006 -11"><span class='ocrx_word' id='word_1_491' title='bbox 403 3679 546 3718; x_wconf 87' lang='lat' dir='ltr'><strong>mam</strong></span> <span class='ocrx_word' id='word_1_492' title='bbox 575 3662 734 3729; x_wconf 85' lang='lat' dir='ltr'><strong>hujus</strong></span> <span class='ocrx_word' id='word_1_493' title='bbox 760 3659 875 3714; x_wconf 90' lang='lat' dir='ltr'><strong>libri</strong></span> <span class='ocrx_word' id='word_1_494' title='bbox 905 3666 1132 3727; x_wconf 82' lang='lat' dir='ltr'><strong>partem,</strong></span> <span class='ocrx_word' id='word_1_495' title='bbox 1159 3656 1412 3710; x_wconf 90' lang='lat' dir='ltr'><strong>nimirum</strong></span> <span class='ocrx_word' id='word_1_496' title='bbox 1434 3653 1634 3710; x_wconf 62' lang='lat' dir='ltr'><strong>Caecilii</strong></span> <span class='ocrx_word' id='word_1_497' title='bbox 1663 3671 1998 3722; x_wconf 88' lang='lat' dir='ltr'><strong>sermonem,</strong></span> 
     </span>
    </p>
   </div>
   <div class='ocr_carea' id='block_1_68' title="bbox 405 3747 2006 3816">
    <p class='ocr_par' dir='ltr' id='par_1_68' title="bbox 405 3747 2006 3816">
     <span class='ocr_line' id='line_1_68' title="bbox 405 3747 2006 3816; baseline -0.004 -8"><span class='ocrx_word' id='word_1_498' title='bbox 405 3765 460 3808; x_wconf 91' lang='lat' dir='ltr'><strong>et</strong></span> <span class='ocrx_word' id='word_1_499' title='bbox 481 3753 623 3807; x_wconf 91' lang='lat' dir='ltr'><strong>illius</strong></span> <span class='ocrx_word' id='word_1_500' title='bbox 647 3752 698 3805; x_wconf 92' lang='lat' dir='ltr'><strong>in</strong></span> <span class='ocrx_word' id='word_1_501' title='bbox 722 3749 1052 3804; x_wconf 88' lang='lat' dir='ltr'><strong>Christianos</strong></span> <span class='ocrx_word' id='word_1_502' title='bbox 1079 3747 1372 3801; x_wconf 77' lang='lat' dir='ltr'><strong>calumnias</strong></span> <span class='ocrx_word' id='word_1_503' title='bbox 1400 3747 1566 3816; x_wconf 89' lang='lat' dir='ltr'><strong>magis</strong></span> <span class='ocrx_word' id='word_1_504' title='bbox 1588 3756 1847 3815; x_wconf 89' lang='lat' dir='ltr'><strong>spectant.</strong></span> <span class='ocrx_word' id='word_1_505' title='bbox 1871 3748 2006 3802; x_wconf 89' lang='lat' dir='ltr'><strong>Pau-</strong></span> 
     </span>
    </p>
   </div>
   <div class='ocr_carea' id='block_1_69' title="bbox 407 3837 2006 3908">
    <p class='ocr_par' dir='ltr' id='par_1_69' title="bbox 407 3837 2006 3908">
     <span class='ocr_line' id='line_1_69' title="bbox 407 3837 2006 3908; baseline -0.003 -9"><span class='ocrx_word' id='word_1_506' title='bbox 407 3843 637 3899; x_wconf 77' lang='lat' dir='ltr'><strong>cissima:</strong></span> <span class='ocrx_word' id='word_1_507' title='bbox 668 3850 843 3896; x_wconf 85' lang='lat' dir='ltr'><strong>autem</strong></span> <span class='ocrx_word' id='word_1_508' title='bbox 887 3837 1151 3908; x_wconf 74' lang='lat' dir='ltr'><strong>ejusmodi</strong></span> <span class='ocrx_word' id='word_1_509' title='bbox 1189 3846 1314 3892; x_wconf 92' lang='lat' dir='ltr'><strong>sunt</strong></span> <span class='ocrx_word' id='word_1_510' title='bbox 1357 3839 1408 3891; x_wconf 88' lang='lat' dir='ltr'><strong>itt</strong></span> <span class='ocrx_word' id='word_1_511' title='bbox 1449 3837 1657 3893; x_wconf 88' lang='lat' dir='ltr'><strong>Oetavii</strong></span> <span class='ocrx_word' id='word_1_512' title='bbox 1701 3840 2006 3906; x_wconf 81' lang='lat' dir='ltr'><strong>responsio-</strong></span> 
     </span>
    </p>
   </div>
   <div class='ocr_carea' id='block_1_70' title="bbox 408 3929 2005 4004">
    <p class='ocr_par' dir='ltr' id='par_1_70' title="bbox 408 3929 2005 4004">
     <span class='ocr_line' id='line_1_70' title="bbox 408 3929 2005 4004; baseline -0.003 -13"><span class='ocrx_word' id='word_1_513' title='bbox 408 3953 558 4004; x_wconf 89' lang='lat' dir='ltr'><strong>nem,</strong></span> <span class='ocrx_word' id='word_1_514' title='bbox 595 3937 730 3992; x_wconf 91' lang='lat' dir='ltr'><strong>etin</strong></span> <span class='ocrx_word' id='word_1_515' title='bbox 764 3933 993 4004; x_wconf 67' lang='lat' dir='ltr'><strong>t&#39;ejectos</strong></span> <span class='ocrx_word' id='word_1_516' title='bbox 1031 3939 1194 4002; x_wconf 87' lang='lat' dir='ltr'><strong>atque</strong></span> <span class='ocrx_word' id='word_1_517' title='bbox 1235 3932 1531 4000; x_wconf 79' lang='lat' dir='ltr'><strong>exagitatos</strong></span> <span class='ocrx_word' id='word_1_518' title='bbox 1570 3931 1638 3986; x_wconf 89' lang='lat' dir='ltr'><strong>ab</strong></span> <span class='ocrx_word' id='word_1_519' title='bbox 1678 3929 1770 3985; x_wconf 90' lang='lat' dir='ltr'><strong>illo</strong></span> <span class='ocrx_word' id='word_1_520' title='bbox 1812 3931 2005 4001; x_wconf 85' lang='lat' dir='ltr'><strong>impios</strong></span> 
     </span>
    </p>
   </div>
   <div class='ocr_carea' id='block_1_71' title="bbox 408 4029 940 4083">
    <p class='ocr_par' dir='ltr' id='par_1_71' title="bbox 408 4029 940 4083">
     <span class='ocr_line' id='line_1_71' title="bbox 408 4029 940 4083; baseline -0.006 0"><span class='ocrx_word' id='word_1_521' title='bbox 408 4030 748 4083; x_wconf 88' lang='lat' dir='ltr'><strong>ethnicorum</strong></span> <span class='ocrx_word' id='word_1_522' title='bbox 781 4029 940 4081; x_wconf 91' lang='lat' dir='ltr'><strong>ritus.</strong></span> 
     </span>
    </p>
   </div>
   <div class='ocr_carea' id='block_1_72' title="bbox 479 4115 2006 4187">
    <p class='ocr_par' dir='ltr' id='par_1_72' title="bbox 479 4115 2006 4187">
     <span class='ocr_line' id='line_1_72' title="bbox 479 4115 2006 4187; baseline -0.002 -12"><span class='ocrx_word' id='word_1_523' title='bbox 479 4117 808 4187; x_wconf 80' lang='lat' dir='ltr'><strong>Quibusdam</strong></span> <span class='ocrx_word' id='word_1_524' title='bbox 852 4128 1030 4172; x_wconf 89' lang='lat' dir='ltr'><strong>autem</strong></span> <span class='ocrx_word' id='word_1_525' title='bbox 1069 4116 1475 4172; x_wconf 90' lang='lat' dir='ltr'><strong>observationes</strong></span> <span class='ocrx_word' id='word_1_526' title='bbox 1517 4115 1732 4187; x_wconf 83' lang='lat' dir='ltr'><strong>Rigaltii</strong></span> <span class='ocrx_word' id='word_1_527' title='bbox 1772 4117 1830 4172; x_wconf 85' lang='lat' dir='ltr'><strong>in</strong></span> <span class='ocrx_word' id='word_1_528' title='bbox 1864 4116 2006 4172; x_wconf 88' lang='lat' dir='ltr'><strong>hunc</strong></span> 
     </span>
    </p>
   </div>
   <div class='ocr_carea' id='block_1_73' title="bbox 404 4207 2004 4278">
    <p class='ocr_par' dir='ltr' id='par_1_73' title="bbox 404 4207 2004 4278">
     <span class='ocr_line' id='line_1_73' title="bbox 404 4207 2004 4278; baseline -0.002 -12"><span class='ocrx_word' id='word_1_529' title='bbox 404 4211 599 4266; x_wconf 89' lang='lat' dir='ltr'><strong>librum</strong></span> <span class='ocrx_word' id='word_1_530' title='bbox 627 4210 852 4265; x_wconf 81' lang='lat' dir='ltr'><strong>eruditae</strong></span> <span class='ocrx_word' id='word_1_531' title='bbox 879 4224 978 4264; x_wconf 90' lang='lat' dir='ltr'><strong>nec</strong></span> <span class='ocrx_word' id='word_1_532' title='bbox 1006 4224 1192 4278; x_wconf 90' lang='lat' dir='ltr'><strong>parum</strong></span> <span class='ocrx_word' id='word_1_533' title='bbox 1219 4208 1446 4262; x_wconf 64' lang='lat' dir='ltr'><strong>curiosae</strong></span> <span class='ocrx_word' id='word_1_534' title='bbox 1473 4209 1738 4263; x_wconf 82' lang='lat' dir='ltr'><strong>videntur.</strong></span> <span class='ocrx_word' id='word_1_535' title='bbox 1769 4207 1836 4264; x_wconf 88' lang='lat' dir='ltr'><strong>Ut</strong></span> <span class='ocrx_word' id='word_1_536' title='bbox 1861 4210 2004 4264; x_wconf 91' lang='lat' dir='ltr'><strong>enim</strong></span> 
     </span>
    </p>
   </div>
   <div class='ocr_carea' id='block_1_74' title="bbox 407 4298 2002 4367">
    <p class='ocr_par' dir='ltr' id='par_1_74' title="bbox 407 4298 2002 4367">
     <span class='ocr_line' id='line_1_74' title="bbox 407 4298 2002 4367; baseline -0.003 -11"><span class='ocrx_word' id='word_1_537' title='bbox 407 4305 542 4358; x_wconf 89' lang='lat' dir='ltr'><strong>alios</strong></span> <span class='ocrx_word' id='word_1_538' title='bbox 586 4303 932 4367; x_wconf 88' lang='lat' dir='ltr'><strong>omittamus,</strong></span> <span class='ocrx_word' id='word_1_539' title='bbox 984 4299 1238 4355; x_wconf 86' lang='lat' dir='ltr'><strong>Ouzelius</strong></span> <span class='ocrx_word' id='word_1_540' title='bbox 1286 4298 1338 4353; x_wconf 93' lang='lat' dir='ltr'><strong>in</strong></span> <span class='ocrx_word' id='word_1_541' title='bbox 1384 4313 1477 4352; x_wconf 90' lang='lat' dir='ltr'><strong>sua</strong></span> <span class='ocrx_word' id='word_1_542' title='bbox 1522 4299 1588 4353; x_wconf 88' lang='lat' dir='ltr'><strong>ad</strong></span> <span class='ocrx_word' id='word_1_543' title='bbox 1638 4314 1760 4354; x_wconf 88' lang='lat' dir='ltr'><strong>eum</strong></span> <span class='ocrx_word' id='word_1_544' title='bbox 1809 4299 2002 4362; x_wconf 84' lang='lat' dir='ltr'><strong>librum</strong></span> 
     </span>
    </p>
   </div>
   <div class='ocr_carea' id='block_1_75' title="bbox 409 4390 2006 4466">
    <p class='ocr_par' dir='ltr' id='par_1_75' title="bbox 409 4390 2006 4466">
     <span class='ocr_line' id='line_1_75' title="bbox 409 4390 2006 4466; baseline -0.003 -16"><span class='ocrx_word' id='word_1_545' title='bbox 409 4396 720 4466; x_wconf 80' lang='lat' dir='ltr'><strong>praefatione</strong></span> <span class='ocrx_word' id='word_1_546' title='bbox 764 4395 958 4449; x_wconf 80' lang='lat' dir='ltr'><strong>fatetur</strong></span> <span class='ocrx_word' id='word_1_547' title='bbox 988 4394 1151 4448; x_wconf 88' lang='lat' dir='ltr'><strong>multa</strong></span> <span class='ocrx_word' id='word_1_548' title='bbox 1183 4395 1232 4446; x_wconf 85' lang='lat' dir='ltr'><strong>iit</strong></span> <span class='ocrx_word' id='word_1_549' title='bbox 1266 4393 1345 4446; x_wconf 87' lang='lat' dir='ltr'><strong>eis</strong></span> <span class='ocrx_word' id='word_1_550' title='bbox 1373 4392 1628 4461; x_wconf 69' lang='lat' dir='ltr'><strong>prazelttra</strong></span> <span class='ocrx_word' id='word_1_551' title='bbox 1656 4391 1921 4458; x_wconf 85' lang='lat' dir='ltr'><strong>inveniri,</strong></span> <span class='ocrx_word' id='word_1_552' title='bbox 1949 4390 2006 4448; x_wconf 86' lang='lat' dir='ltr'><strong>et</strong></span> 
     </span>
    </p>
   </div>
   <div class='ocr_carea' id='block_1_76' title="bbox 407 4488 2000 4561">
    <p class='ocr_par' dir='ltr' id='par_1_76' title="bbox 407 4488 2000 4561">
     <span class='ocr_line' id='line_1_76' title="bbox 407 4488 2000 4561; baseline -0.003 -15"><span class='ocrx_word' id='word_1_553' title='bbox 407 4491 530 4561; x_wconf 86' lang='lat' dir='ltr'><strong>plus</strong></span> <span class='ocrx_word' id='word_1_554' title='bbox 559 4492 771 4546; x_wconf 58' lang='lat' dir='ltr'><strong>caeteris</strong></span> <span class='ocrx_word' id='word_1_555' title='bbox 798 4489 1048 4544; x_wconf 81' lang='lat' dir='ltr'><strong>omnibus</strong></span> <span class='ocrx_word' id='word_1_556' title='bbox 1076 4489 1142 4541; x_wconf 90' lang='lat' dir='ltr'><strong>ab</strong></span> <span class='ocrx_word' id='word_1_557' title='bbox 1169 4488 1261 4541; x_wconf 92' lang='lat' dir='ltr'><strong>illo</strong></span> <span class='ocrx_word' id='word_1_558' title='bbox 1287 4488 1591 4542; x_wconf 88' lang='lat' dir='ltr'><strong>restitutam</strong></span> <span class='ocrx_word' id='word_1_559' title='bbox 1623 4488 1830 4541; x_wconf 82' lang='lat' dir='ltr'><strong>Octavio</strong></span> <span class='ocrx_word' id='word_1_560' title='bbox 1856 4488 2000 4542; x_wconf 83' lang='lat' dir='ltr'><strong>sani-</strong></span> 
     </span>
    </p>
   </div>
   <div class='ocr_carea' id='block_1_77' title="bbox 2107 3293 3685 3368">
    <p class='ocr_par' dir='ltr' id='par_1_77' title="bbox 2107 3293 3685 3368">
     <span class='ocr_line' id='line_1_77' title="bbox 2107 3293 3685 3368; baseline -0.006 -14"><span class='ocrx_word' id='word_1_561' title='bbox 2107 3301 2347 3354; x_wconf 90' lang='lat' dir='ltr'><strong>monium</strong></span> <span class='ocrx_word' id='word_1_562' title='bbox 2382 3309 2870 3363; x_wconf 89' lang='lat' dir='ltr'><strong>commemoratur;</strong></span> <span class='ocrx_word' id='word_1_563' title='bbox 2913 3309 3072 3368; x_wconf 86' lang='lat' dir='ltr'><strong>atque</strong></span> <span class='ocrx_word' id='word_1_564' title='bbox 3111 3309 3166 3351; x_wconf 91' lang='lat' dir='ltr'><strong>ut</strong></span> <span class='ocrx_word' id='word_1_565' title='bbox 3204 3299 3308 3351; x_wconf 85' lang='lat' dir='ltr'><strong>alia</strong></span> <span class='ocrx_word' id='word_1_566' title='bbox 3356 3298 3498 3352; x_wconf 87' lang='lat' dir='ltr'><strong>bene</strong></span> <span class='ocrx_word' id='word_1_567' title='bbox 3543 3293 3685 3348; x_wconf 81' lang='lat' dir='ltr'><strong>multa</strong></span> 
     </span>
    </p>
   </div>
   <div class='ocr_carea' id='block_1_78' title="bbox 2107 3381 3684 3462">
    <p class='ocr_par' dir='ltr' id='par_1_78' title="bbox 2107 3381 3684 3462">
     <span class='ocr_line' id='line_1_78' title="bbox 2107 3381 3684 3462; baseline -0.005 -16"><span class='ocrx_word' id='word_1_568' title='bbox 2107 3393 2609 3462; x_wconf 73' lang='lat' dir='ltr'><strong>prteterntittatnus,</strong></span> <span class='ocrx_word' id='word_1_569' title='bbox 2658 3391 2726 3446; x_wconf 91' lang='lat' dir='ltr'><strong>de</strong></span> <span class='ocrx_word' id='word_1_570' title='bbox 2773 3381 2908 3446; x_wconf 82' lang='lat' dir='ltr'><strong>cane</strong></span> <span class='ocrx_word' id='word_1_571' title='bbox 2953 3391 3180 3461; x_wconf 69' lang='lat' dir='ltr'><strong>aliisque</strong></span> <span class='ocrx_word' id='word_1_572' title='bbox 3223 3390 3548 3444; x_wconf 84' lang='lat' dir='ltr'><strong>animalibus</strong></span> <span class='ocrx_word' id='word_1_573' title='bbox 3586 3401 3684 3457; x_wconf 70' lang='lat' dir='ltr'><strong>quae</strong></span> 
     </span>
    </p>
   </div>
   <div class='ocr_carea' id='block_1_79' title="bbox 2105 3481 3685 3554">
    <p class='ocr_par' dir='ltr' id='par_1_79' title="bbox 2105 3481 3685 3554">
     <span class='ocr_line' id='line_1_79' title="bbox 2105 3481 3685 3554; baseline -0.004 -16"><span class='ocrx_word' id='word_1_574' title='bbox 2105 3482 2350 3554; x_wconf 64' lang='lat' dir='ltr'><strong>Egyptii</strong></span> <span class='ocrx_word' id='word_1_575' title='bbox 2381 3484 2667 3548; x_wconf 89' lang='lat' dir='ltr'><strong>colebant,</strong></span> <span class='ocrx_word' id='word_1_576' title='bbox 2699 3499 2929 3553; x_wconf 89' lang='lat' dir='ltr'><strong>quorum</strong></span> <span class='ocrx_word' id='word_1_577' title='bbox 2969 3482 3230 3537; x_wconf 86' lang='lat' dir='ltr'><strong>Minucius</strong></span> <span class='ocrx_word' id='word_1_578' title='bbox 3266 3482 3473 3536; x_wconf 80' lang='lat' dir='ltr'><strong>nullam</strong></span> <span class='ocrx_word' id='word_1_579' title='bbox 3512 3481 3685 3536; x_wconf 83' lang='lat' dir='ltr'><strong>fecerat</strong></span> 
     </span>
    </p>
   </div>
   <div class='ocr_carea' id='block_1_80' title="bbox 2107 3574 3686 3645">
    <p class='ocr_par' dir='ltr' id='par_1_80' title="bbox 2107 3574 3686 3645">
     <span class='ocr_line' id='line_1_80' title="bbox 2107 3574 3686 3645; baseline -0.004 -15"><span class='ocrx_word' id='word_1_580' title='bbox 2107 3577 2454 3631; x_wconf 78' lang='lat' dir='ltr'><strong>mentionem.</strong></span> <span class='ocrx_word' id='word_1_581' title='bbox 2487 3575 2594 3630; x_wconf 85' lang='lat' dir='ltr'><strong>Sed</strong></span> <span class='ocrx_word' id='word_1_582' title='bbox 2636 3576 2752 3630; x_wconf 71' lang='lat' dir='ltr'><strong>haec</strong></span> <span class='ocrx_word' id='word_1_583' title='bbox 2783 3577 3008 3631; x_wconf 83' lang='lat' dir='ltr'><strong>fortasse</strong></span> <span class='ocrx_word' id='word_1_584' title='bbox 3039 3574 3359 3645; x_wconf 87' lang='lat' dir='ltr'><strong>quibusdam</strong></span> <span class='ocrx_word' id='word_1_585' title='bbox 3389 3574 3686 3628; x_wconf 78' lang='lat' dir='ltr'><strong>videbuntur</strong></span> 
     </span>
    </p>
   </div>
   <div class='ocr_carea' id='block_1_81' title="bbox 2109 3666 3687 3737">
    <p class='ocr_par' dir='ltr' id='par_1_81' title="bbox 2109 3666 3687 3737">
     <span class='ocr_line' id='line_1_81' title="bbox 2109 3666 3687 3737; baseline -0.004 -16"><span class='ocrx_word' id='word_1_586' title='bbox 2109 3668 2318 3722; x_wconf 87' lang='lat' dir='ltr'><strong>facilius</strong></span> <span class='ocrx_word' id='word_1_587' title='bbox 2340 3666 2690 3722; x_wconf 87' lang='lat' dir='ltr'><strong>condonanda</strong></span> <span class='ocrx_word' id='word_1_588' title='bbox 2715 3666 3042 3722; x_wconf 86' lang='lat' dir='ltr'><strong>adolescenti</strong></span> <span class='ocrx_word' id='word_1_589' title='bbox 3065 3709 3077 3732; x_wconf 95' lang='lat'><strong>,</strong></span> <span class='ocrx_word' id='word_1_590' title='bbox 3105 3668 3192 3737; x_wconf 86' lang='lat' dir='ltr'><strong>qui</strong></span> <span class='ocrx_word' id='word_1_591' title='bbox 3217 3682 3340 3721; x_wconf 88' lang='lat' dir='ltr'><strong>cum</strong></span> <span class='ocrx_word' id='word_1_592' title='bbox 3368 3681 3560 3720; x_wconf 87' lang='lat' dir='ltr'><strong>vanam</strong></span> <span class='ocrx_word' id='word_1_593' title='bbox 3587 3679 3687 3719; x_wconf 88' lang='lat' dir='ltr'><strong>cru-</strong></span> 
     </span>
    </p>
   </div>
   <div class='ocr_carea' id='block_1_82' title="bbox 2109 3759 3686 3826">
    <p class='ocr_par' dir='ltr' id='par_1_82' title="bbox 2109 3759 3686 3826">
     <span class='ocr_line' id='line_1_82' title="bbox 2109 3759 3686 3826; baseline -0.003 -12"><span class='ocrx_word' id='word_1_594' title='bbox 2109 3759 2364 3814; x_wconf 91' lang='lat' dir='ltr'><strong>ditionem</strong></span> <span class='ocrx_word' id='word_1_595' title='bbox 2395 3773 2544 3813; x_wconf 88' lang='lat' dir='ltr'><strong>suam</strong></span> <span class='ocrx_word' id='word_1_596' title='bbox 2576 3769 2851 3815; x_wconf 90' lang='lat' dir='ltr'><strong>ostentare</strong></span> <span class='ocrx_word' id='word_1_597' title='bbox 2882 3761 3071 3826; x_wconf 82' lang='lat' dir='ltr'><strong>vellet,</strong></span> <span class='ocrx_word' id='word_1_598' title='bbox 3103 3762 3509 3815; x_wconf 87' lang='lat' dir='ltr'><strong>observationes</strong></span> <span class='ocrx_word' id='word_1_599' title='bbox 3547 3774 3686 3821; x_wconf 83' lang='lat' dir='ltr'><strong>suas,</strong></span> 
     </span>
    </p>
   </div>
   <div class='ocr_carea' id='block_1_83' title="bbox 2115 3839 3694 3921">
    <p class='ocr_par' dir='ltr' id='par_1_83' title="bbox 2115 3839 3694 3921">
     <span class='ocr_line' id='line_1_83' title="bbox 2115 3839 3694 3921; baseline -0.001 -18"><span class='ocrx_word' id='word_1_600' title='bbox 2115 3870 2133 3903; x_wconf 87' lang='lat' dir='ltr'><strong>t</strong></span> <span class='ocrx_word' id='word_1_601' title='bbox 2157 3853 2351 3920; x_wconf 62' lang='lat' dir='ltr'><strong>praalo,</strong></span> <span class='ocrx_word' id='word_1_602' title='bbox 2381 3875 2401 3902; x_wconf 76' lang='grc' dir='ltr'><strong>ι</strong></span> <span class='ocrx_word' id='word_1_603' title='bbox 2433 3862 2488 3904; x_wconf 91' lang='lat' dir='ltr'><strong>ut</strong></span> <span class='ocrx_word' id='word_1_604' title='bbox 2517 3852 2630 3921; x_wconf 88' lang='lat' dir='ltr'><strong>ipse</strong></span> <span class='ocrx_word' id='word_1_605' title='bbox 2657 3853 2762 3918; x_wconf 91' lang='lat' dir='ltr'><strong>ait,</strong></span> <span class='ocrx_word' id='word_1_606' title='bbox 2798 3869 2817 3902; x_wconf 83' lang='lat' dir='ltr'><strong>t</strong></span> <span class='ocrx_word' id='word_1_607' title='bbox 2840 3839 3088 3908; x_wconf 85' lang='lat' dir='ltr'><strong>currente</strong></span> <span class='ocrx_word' id='word_1_608' title='bbox 3113 3873 3132 3905; x_wconf 84' lang='grc'><strong><em>›</em></strong></span> <span class='ocrx_word' id='word_1_609' title='bbox 3164 3853 3366 3919; x_wconf 83' lang='lat' dir='ltr'><strong>editas,</strong></span> <span class='ocrx_word' id='word_1_610' title='bbox 3398 3867 3502 3906; x_wconf 88' lang='lat' dir='ltr'><strong>non</strong></span> <span class='ocrx_word' id='word_1_611' title='bbox 3531 3852 3694 3920; x_wconf 82' lang='lat' dir='ltr'><strong>potuit</strong></span> 
     </span>
    </p>
   </div>
   <div class='ocr_carea' id='block_1_84' title="bbox 2108 3943 3694 4000">
    <p class='ocr_par' dir='ltr' id='par_1_84' title="bbox 2108 3943 3694 4000">
     <span class='ocr_line' id='line_1_84' title="bbox 2108 3943 3694 4000; baseline -0.002 -1"><span class='ocrx_word' id='word_1_612' title='bbox 2108 3945 2284 4000; x_wconf 84' lang='lat' dir='ltr'><strong>facere</strong></span> <span class='ocrx_word' id='word_1_613' title='bbox 2314 3944 2603 3999; x_wconf 88' lang='lat' dir='ltr'><strong>breviores.</strong></span> <span class='ocrx_word' id='word_1_614' title='bbox 2635 3944 2741 3999; x_wconf 91' lang='lat' dir='ltr'><strong>Sed</strong></span> <span class='ocrx_word' id='word_1_615' title='bbox 2772 3945 2972 3998; x_wconf 89' lang='lat' dir='ltr'><strong>nullam</strong></span> <span class='ocrx_word' id='word_1_616' title='bbox 3003 3953 3182 3999; x_wconf 88' lang='lat' dir='ltr'><strong>tamen</strong></span> <span class='ocrx_word' id='word_1_617' title='bbox 3211 3943 3510 4000; x_wconf 85' lang='lat' dir='ltr'><strong>Gronovius</strong></span> <span class='ocrx_word' id='word_1_618' title='bbox 3535 3943 3588 3998; x_wconf 87' lang='lat' dir='ltr'><strong>ei</strong></span> <span class='ocrx_word' id='word_1_619' title='bbox 3611 3956 3694 3996; x_wconf 86' lang='lat' dir='ltr'><strong>ve-</strong></span> 
     </span>
    </p>
   </div>
   <div class='ocr_carea' id='block_1_85' title="bbox 2109 4026 3691 4108">
    <p class='ocr_par' dir='ltr' id='par_1_85' title="bbox 2109 4026 3691 4108">
     <span class='ocr_line' id='line_1_85' title="bbox 2109 4026 3691 4108; baseline -0.003 -16"><span class='ocrx_word' id='word_1_620' title='bbox 2109 4037 2251 4092; x_wconf 89' lang='lat' dir='ltr'><strong>niam</strong></span> <span class='ocrx_word' id='word_1_621' title='bbox 2278 4037 2407 4092; x_wconf 90' lang='lat' dir='ltr'><strong>dare</strong></span> <span class='ocrx_word' id='word_1_622' title='bbox 2433 4038 2622 4108; x_wconf 87' lang='lat' dir='ltr'><strong>petuit.</strong></span> <span class='ocrx_word' id='word_1_623' title='bbox 2654 4038 2786 4092; x_wconf 86' lang='lat' dir='ltr'><strong>Nam</strong></span> <span class='ocrx_word' id='word_1_624' title='bbox 2817 4038 2965 4092; x_wconf 92' lang='lat' dir='ltr'><strong>illum</strong></span> <span class='ocrx_word' id='word_1_625' title='bbox 2996 4038 3229 4108; x_wconf 88' lang='lat' dir='ltr'><strong>appellat</strong></span> <span class='ocrx_word' id='word_1_626' title='bbox 3255 4026 3432 4092; x_wconf 85' lang='lat' dir='ltr'><strong>virum</strong></span> <span class='ocrx_word' id='word_1_627' title='bbox 3457 4037 3626 4091; x_wconf 88' lang='lat' dir='ltr'><strong>ferum</strong></span> <span class='ocrx_word' id='word_1_628' title='bbox 3647 4041 3691 4089; x_wconf 88' lang='lat' dir='ltr'><strong>et</strong></span> 
     </span>
    </p>
   </div>
   <div class='ocr_carea' id='block_1_86' title="bbox 2110 4115 3690 4199">
    <p class='ocr_par' dir='ltr' id='par_1_86' title="bbox 2110 4115 3690 4199">
     <span class='ocr_line' id='line_1_86' title="bbox 2110 4115 3690 4199; baseline -0.004 -15"><span class='ocrx_word' id='word_1_629' title='bbox 2110 4131 2341 4186; x_wconf 86' lang='lat' dir='ltr'><strong>ferreum</strong></span> <span class='ocrx_word' id='word_1_630' title='bbox 2364 4173 2378 4196; x_wconf 92' lang='lat'><strong>,</strong></span> <span class='ocrx_word' id='word_1_631' title='bbox 2408 4145 2472 4185; x_wconf 84' lang='lat' dir='ltr'><strong>ac</strong></span> <span class='ocrx_word' id='word_1_632' title='bbox 2501 4139 2980 4184; x_wconf 86' lang='lat' dir='ltr'><strong>commentatorem</strong></span> <span class='ocrx_word' id='word_1_633' title='bbox 3012 4129 3266 4199; x_wconf 88' lang='lat' dir='ltr'><strong>impium,</strong></span> <span class='ocrx_word' id='word_1_634' title='bbox 3293 4115 3387 4199; x_wconf 79' lang='lat' dir='ltr'><strong>qui</strong></span> <span class='ocrx_word' id='word_1_635' title='bbox 3416 4127 3556 4184; x_wconf 77' lang='lat' dir='ltr'><strong>falso</strong></span> <span class='ocrx_word' id='word_1_636' title='bbox 3578 4141 3690 4180; x_wconf 81' lang='lat' dir='ltr'><strong>ven-</strong></span> 
     </span>
    </p>
   </div>
   <div class='ocr_carea' id='block_1_87' title="bbox 2110 4221 3687 4291">
    <p class='ocr_par' dir='ltr' id='par_1_87' title="bbox 2110 4221 3687 4291">
     <span class='ocr_line' id='line_1_87' title="bbox 2110 4221 3687 4291; baseline -0.002 -15"><span class='ocrx_word' id='word_1_637' title='bbox 2110 4223 2243 4277; x_wconf 90' lang='lat' dir='ltr'><strong>ditat</strong></span> <span class='ocrx_word' id='word_1_638' title='bbox 2281 4222 2777 4277; x_wconf 88' lang='lat' dir='ltr'><strong>animadversiones</strong></span> <span class='ocrx_word' id='word_1_639' title='bbox 2815 4221 2917 4276; x_wconf 89' lang='lat' dir='ltr'><strong>sihi</strong></span> <span class='ocrx_word' id='word_1_640' title='bbox 2959 4222 3122 4276; x_wconf 89' lang='lat' dir='ltr'><strong>fuisse</strong></span> <span class='ocrx_word' id='word_1_641' title='bbox 3159 4240 3176 4271; x_wconf 89' lang='lat' dir='ltr'><strong>t</strong></span> <span class='ocrx_word' id='word_1_642' title='bbox 3207 4221 3376 4291; x_wconf 58' lang='lat' dir='ltr'><strong>prmio</strong></span> <span class='ocrx_word' id='word_1_643' title='bbox 3407 4232 3646 4276; x_wconf 81' lang='lat' dir='ltr'><strong>currente</strong></span> <span class='ocrx_word' id='word_1_644' title='bbox 3670 4235 3687 4266; x_wconf 70' lang='grc' dir='ltr'><strong>ι</strong></span> 
     </span>
    </p>
   </div>
   <div class='ocr_carea' id='block_1_88' title="bbox 2111 4301 3689 4382">
    <p class='ocr_par' dir='ltr' id='par_1_88' title="bbox 2111 4301 3689 4382">
     <span class='ocr_line' id='line_1_88' title="bbox 2111 4301 3689 4382; baseline -0.001 -16"><span class='ocrx_word' id='word_1_645' title='bbox 2111 4320 2283 4366; x_wconf 90' lang='lat' dir='ltr'><strong>natas.</strong></span> <span class='ocrx_word' id='word_1_646' title='bbox 2318 4312 2618 4367; x_wconf 91' lang='lat' dir='ltr'><strong>Scelestum</strong></span> <span class='ocrx_word' id='word_1_647' title='bbox 2652 4315 2957 4379; x_wconf 81' lang='lat' dir='ltr'><strong>enimvero,</strong></span> <span class='ocrx_word' id='word_1_648' title='bbox 2990 4301 3156 4382; x_wconf 89' lang='lat' dir='ltr'><strong>inquit</strong></span> <span class='ocrx_word' id='word_1_649' title='bbox 3191 4312 3316 4378; x_wconf 89' lang='lat' dir='ltr'><strong>ille,</strong></span> <span class='ocrx_word' id='word_1_650' title='bbox 3353 4319 3478 4367; x_wconf 83' lang='lat' dir='ltr'><strong>sunt</strong></span> <span class='ocrx_word' id='word_1_651' title='bbox 3518 4323 3689 4378; x_wconf 75' lang='lat' dir='ltr'><strong>recep-</strong></span> 
     </span>
    </p>
   </div>
   <div class='ocr_carea' id='block_1_89' title="bbox 2111 4405 3689 4477">
    <p class='ocr_par' dir='ltr' id='par_1_89' title="bbox 2111 4405 3689 4477">
     <span class='ocr_line' id='line_1_89' title="bbox 2111 4405 3689 4477; baseline -0.003 -17"><span class='ocrx_word' id='word_1_652' title='bbox 2111 4408 2376 4472; x_wconf 90' lang='lat' dir='ltr'><strong>taculum,</strong></span> <span class='ocrx_word' id='word_1_653' title='bbox 2424 4421 2530 4477; x_wconf 85' lang='lat' dir='ltr'><strong>quo</strong></span> <span class='ocrx_word' id='word_1_654' title='bbox 2577 4422 2671 4462; x_wconf 88' lang='lat' dir='ltr'><strong>sua</strong></span> <span class='ocrx_word' id='word_1_655' title='bbox 2711 4407 2952 4462; x_wconf 88' lang='lat' dir='ltr'><strong>condidit</strong></span> <span class='ocrx_word' id='word_1_656' title='bbox 2989 4407 3161 4476; x_wconf 85' lang='lat' dir='ltr'><strong>furta,</strong></span> <span class='ocrx_word' id='word_1_657' title='bbox 3205 4423 3326 4476; x_wconf 76' lang='lat' dir='ltr'><strong>quae</strong></span> <span class='ocrx_word' id='word_1_658' title='bbox 3365 4407 3499 4461; x_wconf 90' lang='lat' dir='ltr'><strong>diris</strong></span> <span class='ocrx_word' id='word_1_659' title='bbox 3539 4405 3689 4474; x_wconf 84' lang='lat' dir='ltr'><strong>potius</strong></span> 
     </span>
    </p>
   </div>
   <div class='ocr_carea' id='block_1_90' title="bbox 2109 4496 3688 4571">
    <p class='ocr_par' dir='ltr' id='par_1_90' title="bbox 2109 4496 3688 4571">
     <span class='ocr_line' id='line_1_90' title="bbox 2109 4496 3688 4571; baseline -0.004 -17"><span class='ocrx_word' id='word_1_660' title='bbox 2109 4499 2469 4566; x_wconf 85' lang='lat' dir='ltr'><strong>debebantur,</strong></span> <span class='ocrx_word' id='word_1_661' title='bbox 2524 4501 2627 4555; x_wconf 87' lang='lat' dir='ltr'><strong>nisi</strong></span> <span class='ocrx_word' id='word_1_662' title='bbox 2681 4502 2857 4571; x_wconf 88' lang='lat' dir='ltr'><strong>aliqua</strong></span> <span class='ocrx_word' id='word_1_663' title='bbox 2897 4517 2962 4557; x_wconf 84' lang='lat' dir='ltr'><strong>ex</strong></span> <span class='ocrx_word' id='word_1_664' title='bbox 3008 4503 3087 4554; x_wconf 88' lang='lat' dir='ltr'><strong>stti</strong></span> <span class='ocrx_word' id='word_1_665' title='bbox 3137 4500 3418 4569; x_wconf 90' lang='lat' dir='ltr'><strong>ipsiusmet</strong></span> <span class='ocrx_word' id='word_1_666' title='bbox 3455 4496 3688 4556; x_wconf 76' lang='lat' dir='ltr'><strong>Gronorii</strong></span> 
     </span>
    </p>
   </div>
   <div class='ocr_carea' id='block_1_91' title="bbox 343 4567 3684 4663">
    <p class='ocr_par' dir='ltr' id='par_1_91' title="bbox 343 4567 3684 4663">
     <span class='ocr_line' id='line_1_91' title="bbox 343 4567 3684 4663; baseline -0.003 -12"><span class='ocrx_word' id='word_1_667' title='bbox 343 4631 346 4633; x_wconf 52' lang='grc' dir='ltr'>λ</span> <span class='ocrx_word' id='word_1_668' title='bbox 407 4591 593 4636; x_wconf 66' lang='grc' dir='ltr'><strong>ῐδιεηι·</strong></span> <span class='ocrx_word' id='word_1_669' title='bbox 628 4579 912 4649; x_wconf 73' lang='lat' dir='ltr'><strong>Bisaltium</strong></span> <span class='ocrx_word' id='word_1_670' title='bbox 947 4587 1124 4631; x_wconf 55' lang='lat' dir='ltr'><strong>tamen</strong></span> <span class='ocrx_word' id='word_1_671' title='bbox 1155 4567 1439 4645; x_wconf 64' lang='grc' dir='ltr'><strong>ῖποβιθτθδ</strong></span> <span class='ocrx_word' id='word_1_672' title='bbox 1469 4579 1672 4648; x_wconf 63' lang='grc' dir='ltr'><strong>θιἨυίῑς</strong></span> <span class='ocrx_word' id='word_1_673' title='bbox 1705 4581 1846 4647; x_wconf 72' lang='grc' dir='ltr'><strong>ίμυά</strong></span> <span class='ocrx_word' id='word_1_674' title='bbox 1876 4594 2000 4638; x_wconf 59' lang='grc' dir='ltr'><strong>(ου’</strong></span> <span class='ocrx_word' id='word_1_675' title='bbox 2027 4594 2079 4652; x_wconf 84' lang='lat' dir='ltr'>D</span> <span class='ocrx_word' id='word_1_676' title='bbox 2108 4605 2256 4663; x_wconf 85' lang='lat' dir='ltr'><strong>patre</strong></span> <span class='ocrx_word' id='word_1_677' title='bbox 2277 4636 2290 4658; x_wconf 89' lang='lat'><strong>,</strong></span> <span class='ocrx_word' id='word_1_678' title='bbox 2323 4585 2648 4660; x_wconf 55' lang='lat' dir='ltr'><strong>Boiltornio,</strong></span> <span class='ocrx_word' id='word_1_679' title='bbox 2686 4567 2874 4648; x_wconf 77' lang='lat' dir='ltr'><strong>Vossio</strong></span> <span class='ocrx_word' id='word_1_680' title='bbox 2903 4606 2957 4649; x_wconf 88' lang='lat' dir='ltr'><strong>et</strong></span> <span class='ocrx_word' id='word_1_681' title='bbox 2988 4594 3100 4648; x_wconf 83' lang='lat' dir='ltr'><strong>Elia</strong></span> <span class='ocrx_word' id='word_1_682' title='bbox 3130 4567 3363 4648; x_wconf 83' lang='lat' dir='ltr'><strong>Schevio</strong></span> <span class='ocrx_word' id='word_1_683' title='bbox 3392 4592 3684 4662; x_wconf 80' lang='lat' dir='ltr'><strong>accepisset.</strong></span> 
     </span>
    </p>
   </div>
   <div class='ocr_carea' id='block_1_92' title="bbox 402 4669 2003 4746">
    <p class='ocr_par' dir='ltr' id='par_1_92' title="bbox 402 4669 2003 4746">
     <span class='ocr_line' id='line_1_92' title="bbox 402 4669 2003 4746; baseline 0.001 -20"><span class='ocrx_word' id='word_1_684' title='bbox 402 4672 630 4742; x_wconf 87' lang='lat' dir='ltr'><strong>jecturis</strong></span> <span class='ocrx_word' id='word_1_685' title='bbox 659 4671 770 4746; x_wconf 87' lang='lat' dir='ltr'><strong>suis</strong></span> <span class='ocrx_word' id='word_1_686' title='bbox 797 4670 1019 4723; x_wconf 91' lang='lat' dir='ltr'><strong>nimium</strong></span> <span class='ocrx_word' id='word_1_687' title='bbox 1051 4669 1357 4736; x_wconf 83' lang='lat' dir='ltr'><strong>indulgeat,</strong></span> <span class='ocrx_word' id='word_1_688' title='bbox 1388 4684 1585 4739; x_wconf 90' lang='lat' dir='ltr'><strong>easque</strong></span> <span class='ocrx_word' id='word_1_689' title='bbox 1625 4669 1839 4724; x_wconf 86' lang='lat' dir='ltr'><strong>Minucii</strong></span> <span class='ocrx_word' id='word_1_690' title='bbox 1881 4687 2003 4727; x_wconf 91' lang='lat' dir='ltr'><strong>ver-</strong></span> 
     </span>
    </p>
   </div>
   <div class='ocr_carea' id='block_1_93' title="bbox 409 4760 2005 4832">
    <p class='ocr_par' dir='ltr' id='par_1_93' title="bbox 409 4760 2005 4832">
     <span class='ocr_line' id='line_1_93' title="bbox 409 4760 2005 4832; baseline -0.002 -11"><span class='ocrx_word' id='word_1_691' title='bbox 409 4765 490 4821; x_wconf 90' lang='lat' dir='ltr'><strong>bis</strong></span> <span class='ocrx_word' id='word_1_692' title='bbox 522 4761 972 4825; x_wconf 86' lang='lat' dir='ltr'><strong>intermiscendo,</strong></span> <span class='ocrx_word' id='word_1_693' title='bbox 1005 4761 1154 4814; x_wconf 89' lang='lat' dir='ltr'><strong>illum</strong></span> <span class='ocrx_word' id='word_1_694' title='bbox 1201 4776 1262 4814; x_wconf 87' lang='lat' dir='ltr'><strong>ea</strong></span> <span class='ocrx_word' id='word_1_695' title='bbox 1303 4760 1612 4831; x_wconf 89' lang='lat' dir='ltr'><strong>loquentem</strong></span> <span class='ocrx_word' id='word_1_696' title='bbox 1657 4761 1842 4829; x_wconf 88' lang='lat' dir='ltr'><strong>faciat,</strong></span> <span class='ocrx_word' id='word_1_697' title='bbox 1887 4779 2005 4832; x_wconf 73' lang='lat' dir='ltr'><strong>qua:</strong></span> 
     </span>
    </p>
   </div>
   <div class='ocr_carea' id='block_1_94' title="bbox 412 4843 2008 4930">
    <p class='ocr_par' dir='ltr' id='par_1_94' title="bbox 412 4843 2008 4930">
     <span class='ocr_line' id='line_1_94' title="bbox 412 4843 2008 4930; baseline -0.001 -14"><span class='ocrx_word' id='word_1_698' title='bbox 412 4865 464 4916; x_wconf 91' lang='lat' dir='ltr'><strong>in</strong></span> <span class='ocrx_word' id='word_1_699' title='bbox 493 4843 724 4917; x_wconf 85' lang='lat' dir='ltr'><strong>mentem</strong></span> <span class='ocrx_word' id='word_1_700' title='bbox 745 4858 854 4930; x_wconf 86' lang='lat' dir='ltr'><strong>ipsi</strong></span> <span class='ocrx_word' id='word_1_701' title='bbox 880 4873 989 4913; x_wconf 89' lang='lat' dir='ltr'><strong>non</strong></span> <span class='ocrx_word' id='word_1_702' title='bbox 1013 4864 1290 4912; x_wconf 90' lang='lat' dir='ltr'><strong>venerant.</strong></span> <span class='ocrx_word' id='word_1_703' title='bbox 1327 4856 1598 4913; x_wconf 84' lang='lat' dir='ltr'><strong>Gronovio</strong></span> <span class='ocrx_word' id='word_1_704' title='bbox 1623 4847 1799 4912; x_wconf 86' lang='lat' dir='ltr'><strong>autem</strong></span> <span class='ocrx_word' id='word_1_705' title='bbox 1826 4859 1870 4912; x_wconf 83' lang='lat' dir='ltr'><strong>si</strong></span> <span class='ocrx_word' id='word_1_706' title='bbox 1894 4874 2008 4915; x_wconf 85' lang='lat' dir='ltr'><strong>cre-</strong></span> 
     </span>
    </p>
   </div>
   <div class='ocr_carea' id='block_1_95' title="bbox 408 4941 2008 5028">
    <p class='ocr_par' dir='ltr' id='par_1_95' title="bbox 408 4941 2008 5028">
     <span class='ocr_line' id='line_1_95' title="bbox 408 4941 2008 5028; baseline -0.003 -19"><span class='ocrx_word' id='word_1_707' title='bbox 408 4955 538 5021; x_wconf 89' lang='lat' dir='ltr'><strong>das,</strong></span> <span class='ocrx_word' id='word_1_708' title='bbox 582 4953 697 5008; x_wconf 73' lang='lat' dir='ltr'><strong>htee</strong></span> <span class='ocrx_word' id='word_1_709' title='bbox 735 4951 949 5024; x_wconf 86' lang='lat' dir='ltr'><strong>Minucii</strong></span> <span class='ocrx_word' id='word_1_710' title='bbox 979 4949 1175 5028; x_wconf 84' lang='lat' dir='ltr'><strong>Felicis</strong></span> <span class='ocrx_word' id='word_1_711' title='bbox 1213 4948 1500 5016; x_wconf 76' lang='lat' dir='ltr'><strong>diSplIIallO</strong></span> <span class='ocrx_word' id='word_1_712' title='bbox 1541 4941 1864 5017; x_wconf 87' lang='lat' dir='ltr'><strong>merebatur,</strong></span> <span class='ocrx_word' id='word_1_713' title='bbox 1901 4969 1918 5001; x_wconf 83' lang='lat' dir='ltr'><strong>t</strong></span> <span class='ocrx_word' id='word_1_714' title='bbox 1949 4960 2008 5005; x_wconf 89' lang='lat' dir='ltr'><strong>ut</strong></span> 
     </span>
    </p>
   </div>
   <div class='ocr_carea' id='block_1_96' title="bbox 409 5045 2007 5124">
    <p class='ocr_par' dir='ltr' id='par_1_96' title="bbox 409 5045 2007 5124">
     <span class='ocr_line' id='line_1_96' title="bbox 409 5045 2007 5124; baseline -0.003 -20"><span class='ocrx_word' id='word_1_715' title='bbox 409 5049 724 5124; x_wconf 84' lang='lat' dir='ltr'><strong>procederet</strong></span> <span class='ocrx_word' id='word_1_716' title='bbox 754 5047 1088 5103; x_wconf 83' lang='lat' dir='ltr'><strong>reverentius</strong></span> <span class='ocrx_word' id='word_1_717' title='bbox 1108 5087 1122 5112; x_wconf 92' lang='lat'><strong>,</strong></span> <span class='ocrx_word' id='word_1_718' title='bbox 1153 5056 1205 5100; x_wconf 88' lang='lat' dir='ltr'><strong>et</strong></span> <span class='ocrx_word' id='word_1_719' title='bbox 1235 5045 1410 5100; x_wconf 86' lang='lat' dir='ltr'><strong>acrius</strong></span> <span class='ocrx_word' id='word_1_720' title='bbox 1441 5047 1674 5115; x_wconf 84' lang='lat' dir='ltr'><strong>expolita</strong></span> <span class='ocrx_word' id='word_1_721' title='bbox 1699 5061 1761 5100; x_wconf 88' lang='lat' dir='ltr'><strong>ac</strong></span> <span class='ocrx_word' id='word_1_722' title='bbox 1785 5046 2007 5101; x_wconf 90' lang='lat' dir='ltr'><strong>meliore</strong></span> 
     </span>
    </p>
   </div>
   <div class='ocr_carea' id='block_1_97' title="bbox 408 5125 1893 5216">
    <p class='ocr_par' dir='ltr' id='par_1_97' title="bbox 408 5125 1893 5216">
     <span class='ocr_line' id='line_1_97' title="bbox 408 5125 1893 5216; baseline -0.003 -17"><span class='ocrx_word' id='word_1_723' title='bbox 408 5145 463 5199; x_wconf 86' lang='lat' dir='ltr'><strong>in</strong></span> <span class='ocrx_word' id='word_1_724' title='bbox 491 5127 692 5216; x_wconf 84' lang='lat' dir='ltr'><strong>lumine</strong></span> <span class='ocrx_word' id='word_1_725' title='bbox 725 5125 923 5212; x_wconf 80' lang='lat' dir='ltr'><strong>posita,</strong></span> <span class='ocrx_word' id='word_1_726' title='bbox 951 5160 970 5192; x_wconf 73' lang='grc' dir='ltr'><strong>ι</strong></span> <span class='ocrx_word' id='word_1_727' title='bbox 1008 5156 1163 5211; x_wconf 86' lang='lat' dir='ltr'><strong>quant</strong></span> <span class='ocrx_word' id='word_1_728' title='bbox 1197 5139 1249 5193; x_wconf 88' lang='lat' dir='ltr'><strong>in</strong></span> <span class='ocrx_word' id='word_1_729' title='bbox 1283 5139 1367 5194; x_wconf 89' lang='lat' dir='ltr'><strong>illa</strong></span> <span class='ocrx_word' id='word_1_730' title='bbox 1401 5125 1611 5210; x_wconf 78' lang='lat' dir='ltr'><strong>Rigaltii</strong></span> <span class='ocrx_word' id='word_1_731' title='bbox 1640 5139 1893 5194; x_wconf 86' lang='lat' dir='ltr'><strong>editione.</strong></span> 
     </span>
    </p>
   </div>
   <div class='ocr_carea' id='block_1_98' title="bbox 485 5220 2008 5307">
    <p class='ocr_par' dir='ltr' id='par_1_98' title="bbox 485 5220 2008 5307">
     <span class='ocr_line' id='line_1_98' title="bbox 485 5220 2008 5307; baseline -0.004 -13"><span class='ocrx_word' id='word_1_732' title='bbox 485 5239 555 5294; x_wconf 86' lang='lat' dir='ltr'><strong>At</strong></span> <span class='ocrx_word' id='word_1_733' title='bbox 581 5245 728 5294; x_wconf 81' lang='lat' dir='ltr'><strong>certe</strong></span> <span class='ocrx_word' id='word_1_734' title='bbox 767 5220 1012 5307; x_wconf 83' lang='lat' dir='ltr'><strong>quisquis</strong></span> <span class='ocrx_word' id='word_1_735' title='bbox 1061 5235 1215 5303; x_wconf 85' lang='lat' dir='ltr'><strong>hujus</strong></span> <span class='ocrx_word' id='word_1_736' title='bbox 1257 5235 1660 5290; x_wconf 88' lang='lat' dir='ltr'><strong>observationes</strong></span> <span class='ocrx_word' id='word_1_737' title='bbox 1703 5234 1918 5303; x_wconf 80' lang='lat' dir='ltr'><strong>legerit,</strong></span> <span class='ocrx_word' id='word_1_738' title='bbox 1964 5235 2008 5288; x_wconf 92' lang='lat' dir='ltr'><strong>is</strong></span> 
     </span>
    </p>
   </div>
   <div class='ocr_carea' id='block_1_99' title="bbox 411 5325 2004 5397">
    <p class='ocr_par' dir='ltr' id='par_1_99' title="bbox 411 5325 2004 5397">
     <span class='ocr_line' id='line_1_99' title="bbox 411 5325 2004 5397; baseline -0.005 -11"><span class='ocrx_word' id='word_1_739' title='bbox 411 5331 700 5386; x_wconf 88' lang='lat' dir='ltr'><strong>manifesto</strong></span> <span class='ocrx_word' id='word_1_740' title='bbox 730 5327 1058 5397; x_wconf 75' lang='lat' dir='ltr'><strong>com&#39;periet,</strong></span> <span class='ocrx_word' id='word_1_741' title='bbox 1093 5329 1145 5382; x_wconf 90' lang='lat' dir='ltr'><strong>itt</strong></span> <span class='ocrx_word' id='word_1_742' title='bbox 1179 5327 1280 5380; x_wconf 91' lang='lat' dir='ltr'><strong>illis</strong></span> <span class='ocrx_word' id='word_1_743' title='bbox 1311 5325 1580 5381; x_wconf 90' lang='lat' dir='ltr'><strong>emendati</strong></span> <span class='ocrx_word' id='word_1_744' title='bbox 1624 5336 1798 5379; x_wconf 78' lang='lat' dir='ltr'><strong>textus</strong></span> <span class='ocrx_word' id='word_1_745' title='bbox 1838 5326 2004 5379; x_wconf 90' lang='lat' dir='ltr'><strong>ratio-</strong></span> 
     </span>
    </p>
   </div>
   <div class='ocr_carea' id='block_1_100' title="bbox 411 5409 2007 5500">
    <p class='ocr_par' dir='ltr' id='par_1_100' title="bbox 411 5409 2007 5500">
     <span class='ocr_line' id='line_1_100' title="bbox 411 5409 2007 5500; baseline -0.003 -22"><span class='ocrx_word' id='word_1_746' title='bbox 411 5438 534 5478; x_wconf 90' lang='lat' dir='ltr'><strong>nem</strong></span> <span class='ocrx_word' id='word_1_747' title='bbox 592 5419 880 5492; x_wconf 86' lang='lat' dir='ltr'><strong>aliquando</strong></span> <span class='ocrx_word' id='word_1_748' title='bbox 908 5421 1122 5484; x_wconf 72' lang='lat' dir='ltr'><strong>afferri,</strong></span> <span class='ocrx_word' id='word_1_749' title='bbox 1154 5420 1328 5490; x_wconf 87' lang='lat' dir='ltr'><strong>aliqua</strong></span> <span class='ocrx_word' id='word_1_750' title='bbox 1360 5419 1670 5474; x_wconf 88' lang='lat' dir='ltr'><strong>obscuriora</strong></span> <span class='ocrx_word' id='word_1_751' title='bbox 1719 5409 1879 5500; x_wconf 81' lang='lat' dir='ltr'><strong>verba</strong></span> <span class='ocrx_word' id='word_1_752' title='bbox 1912 5435 2007 5500; x_wconf 76' lang='lat' dir='ltr'><strong>ex-</strong></span> 
     </span>
    </p>
   </div>
   <div class='ocr_carea' id='block_1_101' title="bbox 411 5493 2004 5585">
    <p class='ocr_par' dir='ltr' id='par_1_101' title="bbox 411 5513 2004 5585">
     <span class='ocr_line' id='line_1_101' title="bbox 411 5513 2004 5585; baseline -0.001 -17"><span class='ocrx_word' id='word_1_753' title='bbox 411 5516 617 5585; x_wconf 87' lang='lat' dir='ltr'><strong>planari</strong></span> <span class='ocrx_word' id='word_1_754' title='bbox 641 5556 655 5580; x_wconf 91' lang='lat'><strong>,</strong></span> <span class='ocrx_word' id='word_1_755' title='bbox 690 5529 751 5568; x_wconf 88' lang='lat' dir='ltr'><strong>ac</strong></span> <span class='ocrx_word' id='word_1_756' title='bbox 783 5517 930 5582; x_wconf 90' lang='lat' dir='ltr'><strong>plura</strong></span> <span class='ocrx_word' id='word_1_757' title='bbox 958 5513 1172 5567; x_wconf 82' lang='lat' dir='ltr'><strong>Minucii</strong></span> <span class='ocrx_word' id='word_1_758' title='bbox 1207 5514 1318 5567; x_wconf 91' lang='lat' dir='ltr'><strong>loca</strong></span> <span class='ocrx_word' id='word_1_759' title='bbox 1350 5513 1576 5566; x_wconf 89' lang='lat' dir='ltr'><strong>aliorum</strong></span> <span class='ocrx_word' id='word_1_760' title='bbox 1604 5523 1880 5567; x_wconf 88' lang='lat' dir='ltr'><strong>auctorum</strong></span> <span class='ocrx_word' id='word_1_761' title='bbox 1914 5515 2004 5568; x_wconf 88' lang='lat' dir='ltr'><strong>fir-</strong></span> 
     </span>
    </p>
   </div>
   <div class='ocr_carea' id='block_1_102' title="bbox 409 5597 2003 5682">
    <p class='ocr_par' dir='ltr' id='par_1_102' title="bbox 409 5597 2003 5682">
     <span class='ocr_line' id='line_1_102' title="bbox 409 5597 2003 5682; baseline 0 -20"><span class='ocrx_word' id='word_1_762' title='bbox 409 5609 542 5664; x_wconf 88' lang='lat' dir='ltr'><strong>mari</strong></span> <span class='ocrx_word' id='word_1_763' title='bbox 577 5608 909 5682; x_wconf 80' lang='lat' dir='ltr'><strong>auctoritate.</strong></span> <span class='ocrx_word' id='word_1_764' title='bbox 955 5605 1069 5660; x_wconf 87' lang='lat' dir='ltr'><strong>Non</strong></span> <span class='ocrx_word' id='word_1_765' title='bbox 1102 5607 1278 5660; x_wconf 91' lang='lat' dir='ltr'><strong>minus</strong></span> <span class='ocrx_word' id='word_1_766' title='bbox 1310 5614 1486 5660; x_wconf 86' lang='lat' dir='ltr'><strong>tamen</strong></span> <span class='ocrx_word' id='word_1_767' title='bbox 1527 5606 1672 5662; x_wconf 85' lang='lat' dir='ltr'><strong>clare</strong></span> <span class='ocrx_word' id='word_1_768' title='bbox 1719 5597 2003 5676; x_wconf 78' lang='lat' dir='ltr'><strong>perspiciet</strong></span> 
     </span>
    </p>
   </div>
   <div class='ocr_carea' id='block_1_103' title="bbox 397 5699 2000 5770">
    <p class='ocr_par' dir='ltr' id='par_1_103' title="bbox 397 5699 2000 5770">
     <span class='ocr_line' id='line_1_103' title="bbox 397 5699 2000 5770; baseline 0.001 -17"><span class='ocrx_word' id='word_1_769' title='bbox 397 5700 596 5766; x_wconf 75' lang='lat' dir='ltr'><strong>ltorttm</strong></span> <span class='ocrx_word' id='word_1_770' title='bbox 636 5715 778 5766; x_wconf 68' lang='lat' dir='ltr'><strong>sa‘pe</strong></span> <span class='ocrx_word' id='word_1_771' title='bbox 821 5715 921 5754; x_wconf 87' lang='lat' dir='ltr'><strong>nec</strong></span> <span class='ocrx_word' id='word_1_772' title='bbox 963 5699 1162 5770; x_wconf 83' lang='lat' dir='ltr'><strong>libros,</strong></span> <span class='ocrx_word' id='word_1_773' title='bbox 1209 5715 1306 5754; x_wconf 87' lang='lat' dir='ltr'><strong>nec</strong></span> <span class='ocrx_word' id='word_1_774' title='bbox 1351 5701 1608 5768; x_wconf 81' lang='lat' dir='ltr'><strong>librorum</strong></span> <span class='ocrx_word' id='word_1_775' title='bbox 1653 5704 1860 5769; x_wconf 87' lang='lat' dir='ltr'><strong>capita,</strong></span> <span class='ocrx_word' id='word_1_776' title='bbox 1905 5699 2000 5756; x_wconf 88' lang='lat' dir='ltr'><strong>sed</strong></span> 
     </span>
    </p>
   </div>
   <div class='ocr_carea' id='block_1_104' title="bbox 399 5777 2004 5863">
    <p class='ocr_par' dir='ltr' id='par_1_104' title="bbox 399 5777 2004 5863">
     <span class='ocr_line' id='line_1_104' title="bbox 399 5777 2004 5863; baseline 0.004 -17"><span class='ocrx_word' id='word_1_777' title='bbox 399 5794 576 5847; x_wconf 78' lang='lat' dir='ltr'><strong>solum</strong></span> <span class='ocrx_word' id='word_1_778' title='bbox 629 5799 825 5842; x_wconf 84' lang='lat' dir='ltr'><strong>nomen</strong></span> <span class='ocrx_word' id='word_1_779' title='bbox 867 5789 1040 5844; x_wconf 87' lang='lat' dir='ltr'><strong>citari.</strong></span> <span class='ocrx_word' id='word_1_780' title='bbox 1085 5777 1246 5843; x_wconf 86' lang='lat' dir='ltr'><strong>Multa</strong></span> <span class='ocrx_word' id='word_1_781' title='bbox 1289 5806 1502 5861; x_wconf 85' lang='lat' dir='ltr'><strong>quoque</strong></span> <span class='ocrx_word' id='word_1_782' title='bbox 1538 5793 1906 5863; x_wconf 85' lang='lat' dir='ltr'><strong>deprehendet</strong></span> <span class='ocrx_word' id='word_1_783' title='bbox 1937 5795 2004 5852; x_wconf 85' lang='lat' dir='ltr'><strong>ab</strong></span> 
     </span>
    </p>
   </div>
   <div class='ocr_carea' id='block_1_105' title="bbox 2106 4680 3690 4756">
    <p class='ocr_par' dir='ltr' id='par_1_105' title="bbox 2106 4680 3690 4756">
     <span class='ocr_line' id='line_1_105' title="bbox 2106 4680 3690 4756; baseline -0.005 -15"><span class='ocrx_word' id='word_1_784' title='bbox 2106 4686 2208 4741; x_wconf 89' lang='lat' dir='ltr'><strong>Sed</strong></span> <span class='ocrx_word' id='word_1_785' title='bbox 2238 4687 2358 4756; x_wconf 91' lang='lat' dir='ltr'><strong>quis</strong></span> <span class='ocrx_word' id='word_1_786' title='bbox 2388 4701 2492 4740; x_wconf 93' lang='lat' dir='ltr'><strong>non</strong></span> <span class='ocrx_word' id='word_1_787' title='bbox 2527 4686 2779 4740; x_wconf 84' lang='lat' dir='ltr'><strong>fatebitur</strong></span> <span class='ocrx_word' id='word_1_788' title='bbox 2807 4687 3146 4755; x_wconf 87' lang='lat' dir='ltr'><strong>graviorem,</strong></span> <span class='ocrx_word' id='word_1_789' title='bbox 3177 4695 3232 4740; x_wconf 91' lang='lat' dir='ltr'><strong>et</strong></span> <span class='ocrx_word' id='word_1_790' title='bbox 3265 4685 3370 4740; x_wconf 87' lang='lat' dir='ltr'><strong>viri</strong></span> <span class='ocrx_word' id='word_1_791' title='bbox 3403 4683 3568 4754; x_wconf 84' lang='lat' dir='ltr'><strong>magis</strong></span> <span class='ocrx_word' id='word_1_792' title='bbox 3605 4680 3690 4735; x_wconf 86' lang='lat' dir='ltr'><strong>feri</strong></span> 
     </span>
    </p>
   </div>
   <div class='ocr_carea' id='block_1_106' title="bbox 2106 4776 3613 4847">
    <p class='ocr_par' dir='ltr' id='par_1_106' title="bbox 2106 4776 3613 4847">
     <span class='ocr_line' id='line_1_106' title="bbox 2106 4776 3613 4847; baseline -0.002 -14"><span class='ocrx_word' id='word_1_793' title='bbox 2106 4794 2168 4833; x_wconf 90' lang='lat' dir='ltr'><strong>ac</strong></span> <span class='ocrx_word' id='word_1_794' title='bbox 2199 4776 2385 4842; x_wconf 89' lang='lat' dir='ltr'><strong>ferrei,</strong></span> <span class='ocrx_word' id='word_1_795' title='bbox 2421 4793 2578 4847; x_wconf 91' lang='lat' dir='ltr'><strong>quam</strong></span> <span class='ocrx_word' id='word_1_796' title='bbox 2609 4778 2747 4847; x_wconf 83' lang='lat' dir='ltr'><strong>aequi</strong></span> <span class='ocrx_word' id='word_1_797' title='bbox 2775 4778 2966 4846; x_wconf 87' lang='lat' dir='ltr'><strong>judicis</strong></span> <span class='ocrx_word' id='word_1_798' title='bbox 2997 4777 3136 4832; x_wconf 68' lang='lat' dir='ltr'><strong>hanc</strong></span> <span class='ocrx_word' id='word_1_799' title='bbox 3163 4791 3284 4832; x_wconf 79' lang='lat' dir='ltr'><strong>esse</strong></span> <span class='ocrx_word' id='word_1_800' title='bbox 3310 4791 3613 4834; x_wconf 82' lang='lat' dir='ltr'><strong>censuram.</strong></span> 
     </span>
    </p>
   </div>
   <div class='ocr_carea' id='block_1_107' title="bbox 2180 4867 3692 4941">
    <p class='ocr_par' dir='ltr' id='par_1_107' title="bbox 2180 4867 3692 4941">
     <span class='ocr_line' id='line_1_107' title="bbox 2180 4867 3692 4941; baseline -0.003 -16"><span class='ocrx_word' id='word_1_801' title='bbox 2180 4871 2441 4925; x_wconf 84' lang='lat' dir='ltr'><strong>Cellarius</strong></span> <span class='ocrx_word' id='word_1_802' title='bbox 2481 4887 2609 4926; x_wconf 89' lang='lat' dir='ltr'><strong>vero</strong></span> <span class='ocrx_word' id='word_1_803' title='bbox 2646 4873 2743 4926; x_wconf 92' lang='lat' dir='ltr'><strong>tria</strong></span> <span class='ocrx_word' id='word_1_804' title='bbox 2785 4873 2835 4924; x_wconf 87' lang='lat' dir='ltr'><strong>itt</strong></span> <span class='ocrx_word' id='word_1_805' title='bbox 2880 4873 2991 4926; x_wconf 90' lang='lat' dir='ltr'><strong>suis</strong></span> <span class='ocrx_word' id='word_1_806' title='bbox 3033 4873 3172 4925; x_wconf 89' lang='lat' dir='ltr'><strong>notis</strong></span> <span class='ocrx_word' id='word_1_807' title='bbox 3197 4886 3261 4926; x_wconf 90' lang='lat' dir='ltr'><strong>se</strong></span> <span class='ocrx_word' id='word_1_808' title='bbox 3293 4873 3606 4941; x_wconf 65' lang='lat' dir='ltr'><strong>praestitisse</strong></span> <span class='ocrx_word' id='word_1_809' title='bbox 3632 4867 3692 4922; x_wconf 87' lang='lat' dir='ltr'><strong>si-</strong></span> 
     </span>
    </p>
   </div>
   <div class='ocr_carea' id='block_1_108' title="bbox 2107 4963 3693 5034">
    <p class='ocr_par' dir='ltr' id='par_1_108' title="bbox 2107 4963 3693 5034">
     <span class='ocr_line' id='line_1_108' title="bbox 2107 4963 3693 5034; baseline -0.001 -18"><span class='ocrx_word' id='word_1_810' title='bbox 2107 4964 2345 5034; x_wconf 86' lang='lat' dir='ltr'><strong>gniﬁcat.</strong></span> <span class='ocrx_word' id='word_1_811' title='bbox 2389 4964 2571 5018; x_wconf 87' lang='lat' dir='ltr'><strong>Primo</strong></span> <span class='ocrx_word' id='word_1_812' title='bbox 2606 4964 2867 5018; x_wconf 87' lang='lat' dir='ltr'><strong>redditam</strong></span> <span class='ocrx_word' id='word_1_813' title='bbox 2901 4974 3074 5019; x_wconf 78' lang='lat' dir='ltr'><strong>textus</strong></span> <span class='ocrx_word' id='word_1_814' title='bbox 3099 4979 3127 5016; x_wconf 90' lang='lat' dir='ltr'><strong>a</strong></span> <span class='ocrx_word' id='word_1_815' title='bbox 3157 4979 3217 5018; x_wconf 90' lang='lat' dir='ltr'><strong>se</strong></span> <span class='ocrx_word' id='word_1_816' title='bbox 3245 4964 3518 5020; x_wconf 86' lang='lat' dir='ltr'><strong>emendati</strong></span> <span class='ocrx_word' id='word_1_817' title='bbox 3550 4963 3693 5017; x_wconf 82' lang='lat' dir='ltr'><strong>ratio-</strong></span> 
     </span>
    </p>
   </div>
   <div class='ocr_carea' id='block_1_109' title="bbox 2109 5053 3692 5126">
    <p class='ocr_par' dir='ltr' id='par_1_109' title="bbox 2109 5053 3692 5126">
     <span class='ocr_line' id='line_1_109' title="bbox 2109 5053 3692 5126; baseline -0.003 -15"><span class='ocrx_word' id='word_1_818' title='bbox 2109 5074 2253 5111; x_wconf 90' lang='lat' dir='ltr'><strong>nem.</strong></span> <span class='ocrx_word' id='word_1_819' title='bbox 2289 5057 2540 5112; x_wconf 89' lang='lat' dir='ltr'><strong>Secundo</strong></span> <span class='ocrx_word' id='word_1_820' title='bbox 2569 5057 2822 5111; x_wconf 82' lang='lat' dir='ltr'><strong>historias</strong></span> <span class='ocrx_word' id='word_1_821' title='bbox 2851 5066 2904 5111; x_wconf 90' lang='lat' dir='ltr'><strong>et</strong></span> <span class='ocrx_word' id='word_1_822' title='bbox 2934 5055 3170 5120; x_wconf 78' lang='lat' dir='ltr'><strong>fabulas,</strong></span> <span class='ocrx_word' id='word_1_823' title='bbox 3203 5057 3248 5110; x_wconf 90' lang='lat' dir='ltr'><strong>si</strong></span> <span class='ocrx_word' id='word_1_824' title='bbox 3277 5053 3400 5126; x_wconf 69' lang='lat' dir='ltr'><strong>qum</strong></span> <span class='ocrx_word' id='word_1_825' title='bbox 3429 5056 3692 5111; x_wconf 78' lang='lat' dir='ltr'><strong>obscurio-</strong></span> 
     </span>
    </p>
   </div>
   <div class='ocr_carea' id='block_1_110' title="bbox 2107 5141 3690 5214">
    <p class='ocr_par' dir='ltr' id='par_1_110' title="bbox 2107 5141 3690 5214">
     <span class='ocr_line' id='line_1_110' title="bbox 2107 5141 3690 5214; baseline -0.002 -10"><span class='ocrx_word' id='word_1_826' title='bbox 2107 5165 2196 5204; x_wconf 85' lang='lat' dir='ltr'><strong>res</strong></span> <span class='ocrx_word' id='word_1_827' title='bbox 2224 5159 2372 5213; x_wconf 89' lang='lat' dir='ltr'><strong>sunt,</strong></span> <span class='ocrx_word' id='word_1_828' title='bbox 2405 5148 2664 5203; x_wconf 61' lang='lat' dir='ltr'><strong>illustrari</strong></span> <span class='ocrx_word' id='word_1_829' title='bbox 2684 5190 2699 5214; x_wconf 92' lang='lat'><strong>,</strong></span> <span class='ocrx_word' id='word_1_830' title='bbox 2742 5164 2802 5202; x_wconf 90' lang='lat' dir='ltr'><strong>ac</strong></span> <span class='ocrx_word' id='word_1_831' title='bbox 2833 5141 3047 5204; x_wconf 89' lang='lat' dir='ltr'><strong>tandem</strong></span> <span class='ocrx_word' id='word_1_832' title='bbox 3075 5143 3236 5202; x_wconf 86' lang='lat' dir='ltr'><strong>latina</strong></span> <span class='ocrx_word' id='word_1_833' title='bbox 3266 5148 3479 5203; x_wconf 86' lang='lat' dir='ltr'><strong>Minucii</strong></span> <span class='ocrx_word' id='word_1_834' title='bbox 3507 5148 3690 5210; x_wconf 85' lang='lat' dir='ltr'><strong>verba,</strong></span> 
     </span>
    </p>
   </div>
   <div class='ocr_carea' id='block_1_111' title="bbox 2105 5233 3688 5313">
    <p class='ocr_par' dir='ltr' id='par_1_111' title="bbox 2105 5233 3688 5313">
     <span class='ocr_line' id='line_1_111' title="bbox 2105 5233 3688 5313; baseline -0.003 -16"><span class='ocrx_word' id='word_1_835' title='bbox 2105 5245 2150 5297; x_wconf 90' lang='lat' dir='ltr'><strong>si</strong></span> <span class='ocrx_word' id='word_1_836' title='bbox 2193 5242 2407 5313; x_wconf 90' lang='lat' dir='ltr'><strong>quando</strong></span> <span class='ocrx_word' id='word_1_837' title='bbox 2448 5242 2626 5296; x_wconf 89' lang='lat' dir='ltr'><strong>minus</strong></span> <span class='ocrx_word' id='word_1_838' title='bbox 2669 5241 2860 5296; x_wconf 85' lang='lat' dir='ltr'><strong>usitata</strong></span> <span class='ocrx_word' id='word_1_839' title='bbox 2906 5233 2997 5296; x_wconf 79' lang='lat' dir='ltr'><strong>aut</strong></span> <span class='ocrx_word' id='word_1_840' title='bbox 3036 5240 3340 5296; x_wconf 88' lang='lat' dir='ltr'><strong>difﬁciliora</strong></span> <span class='ocrx_word' id='word_1_841' title='bbox 3385 5248 3688 5302; x_wconf 88' lang='lat' dir='ltr'><strong>occurrant,</strong></span> 
     </span>
    </p>
   </div>
   <div class='ocr_carea' id='block_1_112' title="bbox 2106 5331 3695 5399">
    <p class='ocr_par' dir='ltr' id='par_1_112' title="bbox 2106 5331 3695 5399">
     <span class='ocr_line' id='line_1_112' title="bbox 2106 5331 3695 5399; baseline -0.004 -10"><span class='ocrx_word' id='word_1_842' title='bbox 2106 5335 2301 5389; x_wconf 77' lang='lat' dir='ltr'><strong>clarius</strong></span> <span class='ocrx_word' id='word_1_843' title='bbox 2339 5333 2633 5388; x_wconf 83' lang='lat' dir='ltr'><strong>enucleari.</strong></span> <span class='ocrx_word' id='word_1_844' title='bbox 2674 5333 2743 5387; x_wconf 84' lang='lat' dir='ltr'><strong>At</strong></span> <span class='ocrx_word' id='word_1_845' title='bbox 2779 5332 2832 5387; x_wconf 91' lang='lat' dir='ltr'><strong>in</strong></span> <span class='ocrx_word' id='word_1_846' title='bbox 2875 5333 2956 5386; x_wconf 85' lang='lat' dir='ltr'><strong>liis</strong></span> <span class='ocrx_word' id='word_1_847' title='bbox 2991 5331 3584 5399; x_wconf 88' lang='lat' dir='ltr'><strong>animadversionibus,</strong></span> <span class='ocrx_word' id='word_1_848' title='bbox 3614 5333 3695 5385; x_wconf 77' lang='lat' dir='ltr'><strong>aut</strong></span> 
     </span>
    </p>
   </div>
   <div class='ocr_carea' id='block_1_113' title="bbox 2109 5423 3691 5496">
    <p class='ocr_par' dir='ltr' id='par_1_113' title="bbox 2109 5423 3691 5496">
     <span class='ocr_line' id='line_1_113' title="bbox 2109 5423 3691 5496; baseline -0.003 -16"><span class='ocrx_word' id='word_1_849' title='bbox 2109 5428 2257 5496; x_wconf 87' lang='lat' dir='ltr'><strong>plura</strong></span> <span class='ocrx_word' id='word_1_850' title='bbox 2294 5426 2362 5479; x_wconf 90' lang='lat' dir='ltr'><strong>ab</strong></span> <span class='ocrx_word' id='word_1_851' title='bbox 2402 5426 2522 5479; x_wconf 85' lang='lat' dir='ltr'><strong>aliis</strong></span> <span class='ocrx_word' id='word_1_852' title='bbox 2559 5425 2699 5479; x_wconf 90' lang='lat' dir='ltr'><strong>dicta</strong></span> <span class='ocrx_word' id='word_1_853' title='bbox 2739 5425 2964 5493; x_wconf 90' lang='lat' dir='ltr'><strong>repetit,</strong></span> <span class='ocrx_word' id='word_1_854' title='bbox 3005 5435 3097 5478; x_wconf 90' lang='lat' dir='ltr'><strong>aut</strong></span> <span class='ocrx_word' id='word_1_855' title='bbox 3138 5426 3303 5478; x_wconf 87' lang='lat' dir='ltr'><strong>multa</strong></span> <span class='ocrx_word' id='word_1_856' title='bbox 3348 5423 3504 5479; x_wconf 83' lang='lat' dir='ltr'><strong>tacita</strong></span> <span class='ocrx_word' id='word_1_857' title='bbox 3538 5424 3691 5477; x_wconf 83' lang='lat' dir='ltr'><strong>relin-</strong></span> 
     </span>
    </p>
   </div>
   <div class='ocr_carea' id='block_1_114' title="bbox 2106 5517 3688 5590">
    <p class='ocr_par' dir='ltr' id='par_1_114' title="bbox 2106 5517 3688 5590">
     <span class='ocr_line' id='line_1_114' title="bbox 2106 5517 3688 5590; baseline -0.004 -18"><span class='ocrx_word' id='word_1_858' title='bbox 2106 5521 2256 5590; x_wconf 89' lang='lat' dir='ltr'><strong>quit,</strong></span> <span class='ocrx_word' id='word_1_859' title='bbox 2280 5535 2400 5589; x_wconf 67' lang='lat' dir='ltr'><strong>qua:</strong></span> <span class='ocrx_word' id='word_1_860' title='bbox 2423 5517 2553 5572; x_wconf 89' lang='lat' dir='ltr'><strong>nihil</strong></span> <span class='ocrx_word' id='word_1_861' title='bbox 2577 5520 2786 5574; x_wconf 64' lang='lat' dir='ltr'><strong>caneris</strong></span> <span class='ocrx_word' id='word_1_862' title='bbox 2807 5518 2984 5572; x_wconf 89' lang='lat' dir='ltr'><strong>minus</strong></span> <span class='ocrx_word' id='word_1_863' title='bbox 3007 5518 3346 5586; x_wconf 82' lang='lat' dir='ltr'><strong>expositione</strong></span> <span class='ocrx_word' id='word_1_864' title='bbox 3371 5517 3688 5588; x_wconf 83' lang='lat' dir='ltr'><strong>indigebant.</strong></span> 
     </span>
    </p>
   </div>
   <div class='ocr_carea' id='block_1_115' title="bbox 2177 5608 3691 5678">
    <p class='ocr_par' dir='ltr' id='par_1_115' title="bbox 2177 5608 3691 5678">
     <span class='ocr_line' id='line_1_115' title="bbox 2177 5608 3691 5678; baseline -0.005 -12"><span class='ocrx_word' id='word_1_865' title='bbox 2177 5609 2438 5666; x_wconf 76' lang='lat' dir='ltr'><strong>Pra-terea</strong></span> <span class='ocrx_word' id='word_1_866' title='bbox 2465 5611 2694 5666; x_wconf 71' lang='lat' dir='ltr'><strong>Jacobus</strong></span> <span class='ocrx_word' id='word_1_867' title='bbox 2714 5609 3014 5666; x_wconf 87' lang='lat' dir='ltr'><strong>Gronovius</strong></span> <span class='ocrx_word' id='word_1_868' title='bbox 3035 5611 3170 5665; x_wconf 89' lang='lat' dir='ltr'><strong>hanc</strong></span> <span class='ocrx_word' id='word_1_869' title='bbox 3194 5611 3435 5665; x_wconf 90' lang='lat' dir='ltr'><strong>omnium</strong></span> <span class='ocrx_word' id='word_1_870' title='bbox 3451 5650 3465 5677; x_wconf 91' lang='lat'><strong>,</strong></span> <span class='ocrx_word' id='word_1_871' title='bbox 3495 5611 3567 5665; x_wconf 89' lang='lat' dir='ltr'><strong>de</strong></span> <span class='ocrx_word' id='word_1_872' title='bbox 3589 5608 3691 5678; x_wconf 61' lang='lat' dir='ltr'><strong>quia</strong></span> 
     </span>
    </p>
   </div>
   <div class='ocr_carea' id='block_1_116' title="bbox 2102 5700 3692 5774">
    <p class='ocr_par' dir='ltr' id='par_1_116' title="bbox 2102 5700 3692 5774">
     <span class='ocr_line' id='line_1_116' title="bbox 2102 5700 3692 5774; baseline -0.004 -15"><span class='ocrx_word' id='word_1_873' title='bbox 2102 5704 2202 5759; x_wconf 88' lang='lat' dir='ltr'><strong>bus</strong></span> <span class='ocrx_word' id='word_1_874' title='bbox 2233 5703 2490 5757; x_wconf 89' lang='lat' dir='ltr'><strong>hactenus</strong></span> <span class='ocrx_word' id='word_1_875' title='bbox 2517 5705 2752 5774; x_wconf 83' lang='lat' dir='ltr'><strong>egimus,</strong></span> <span class='ocrx_word' id='word_1_876' title='bbox 2786 5712 3030 5757; x_wconf 88' lang='lat' dir='ltr'><strong>notarum</strong></span> <span class='ocrx_word' id='word_1_877' title='bbox 3061 5700 3692 5769; x_wconf 81' lang='lat' dir='ltr'><strong>animadversionuqu</strong></span> 
     </span>
    </p>
   </div>
   <div class='ocr_carea' id='block_1_117' title="bbox 2105 5792 3694 5869">
    <p class='ocr_par' dir='ltr' id='par_1_117' title="bbox 2105 5792 3694 5869">
     <span class='ocr_line' id='line_1_117' title="bbox 2105 5792 3694 5869; baseline -0.002 -18"><span class='ocrx_word' id='word_1_878' title='bbox 2105 5795 2478 5851; x_wconf 90' lang='lat' dir='ltr'><strong>collectionem</strong></span> <span class='ocrx_word' id='word_1_879' title='bbox 2512 5795 2644 5850; x_wconf 89' lang='lat' dir='ltr'><strong>nihil</strong></span> <span class='ocrx_word' id='word_1_880' title='bbox 2675 5794 2818 5850; x_wconf 88' lang='lat' dir='ltr'><strong>aliud</strong></span> <span class='ocrx_word' id='word_1_881' title='bbox 2847 5809 2968 5850; x_wconf 87' lang='lat' dir='ltr'><strong>esse</strong></span> <span class='ocrx_word' id='word_1_882' title='bbox 2995 5795 3217 5860; x_wconf 86' lang='lat' dir='ltr'><strong>asserit,</strong></span> <span class='ocrx_word' id='word_1_883' title='bbox 3249 5792 3353 5848; x_wconf 85' lang='lat' dir='ltr'><strong>nisi</strong></span> <span class='ocrx_word' id='word_1_884' title='bbox 3384 5792 3694 5869; x_wconf 69' lang='lat' dir='ltr'><strong>indigestam</strong></span> 
     </span>
    </p>
   </div>
  </div>
