3802 6276
154 324 262 385 $591

1475 329 1949 397 DISSERTATIO.

3308 371 3415 430 598

158 436 343 551 19010301:
363 435 663 539 οοηῑξνίεω
687 436 994 551 ίξιξίηίιξωο
1021 445 1184 544 alii“?
1206 441 1426 551 “rimas
1448 458 1477 500 a
1505 442 1717 551 Minucii
1743 448 1797 506 Α
1824 449 2128 524 Gronovio,
2177 459 2228 516 id
2282 463 2461 520 animo
2512 472 2881 542 percepisset?
2928 475 3169 551 Denique
3216 484 3411 542 Janum

170 539 284 586 textu
301 527 667 599 digressioues.
696 530 770 583 At
793 537 943 584 certe
966 531 1213 599 quamvis
1239 533 1468 588 fateatur
1488 535 1718 591 absurda

175 621 243 678 illa
270 631 312 678 et
334 620 497 676 inutili
532 620 1067 675 animadversionum
1098 621 1308 678 luxurie
1335 623 1582 679 eumdem
1616 625 1716 680 Mi-

176 715 289 770 nucii
309 721 490 770 textum
514 712 737 767 omnino
765 720 1096 781 praepostere
1124 713 1278 768 obrui
1308 728 1372 770 ac
1402 716 1675 787 submergi
1697 757 1713 783 ,

174 807 301 877 plura
337 818 505 863 tamen
546 806 603 861 in
635 805 711 859 eis
757 805 962 859 omissa
1001 805 1165 861 fuisse
1200 806 1481 877 deplorat,
1522 810 1717 878 quibus

171 897 453 965 Salmasius,
491 898 866 964 Brummerus,
914 897 1224 966 Ernestius,
1271 914 1336 955 ac
1378 901 1714 971 potissimum

168 987 402 1044 Johannes
422 987 644 1042 Priczus
670 987 866 1042 alienis
897 988 951 1042 in
989 988 1155 1056 locis,
1196 990 1423 1045 obscura
1460 992 1708 1062 quaedam

164 1079 364 1135 auctoris
400 1076 557 1134 nostri
583 1076 708 1132 loca
745 1077 1041 1135 emendare
1081 1094 1176 1135 aut
1209 1082 1496 1138 enucleare
1537 1090 1712 1140 tenta-

163 1181 343 1229 venunt.

208 1263 537 1331 Quamobrem
566 1264 613 1319 is
640 1264 759 1335 ipse
781 1264 1122 1334 Gronovius,
1152 1268 1208 1322 in
1248 1282 1345 1323 sua
1388 1267 1546 1339 hujus
1588 1269 1711 1325 libri

139 1360 357 1416 omnin
380 1359 564 1414 ultima
589 1358 862 1426 editione,
891 1362 1260 1431 superiOribus
1301 1362 1405 1434 illis
1445 1364 1708 1418 observa-

94 1496 97 1497 ν
143 1453 387 1517 tionibus,
412 1452 456 1508 si
480 1453 737 1522 quasdam
765 1452 973 1507 Ouzelii
999 1455 1311 1524 exceperis,
1340 1453 1437 1509 has
1461 1455 1710 1511 Salmasii

142 1546 476 1616 aliorumque,
501 1553 559 1600 et
585 1552 715 1600 suas
740 1545 959 1615 adjecit.
990 1544 1191 1600 Verum
1220 1547 1275 1601 in
1304 1546 1547 1613 easdem,
1576 1562 1711 1618 quas

146 1640 196 1696 in
218 1640 331 1696 aliis
351 1647 484 1694 tanta
499 1637 826 1694 conﬁdentia
851 1639 1194 1703 condemnat,
1222 1640 1591 1695 aberrationes
1621 1642 1713 1695 im-

148 1732 414 1804 prudenter
427 1733 633 1787 omnino
647 1730 924 1788 dilabitur.
943 1731 1300 1802 Longioribus
1318 1734 1518 1790 etenim
1540 1735 1709 1803 ipsius

146 1825 471 1894 aliorumque,
492 1837 622 1893 quas
648 1825 1017 1894 transcripsit,
1045 1826 1502 1895 annotationibus,
1533 1837 1711 1883 textus
1739 1823 1788 1883 B

145 1916 357 1972 Minucii
392 1916 527 1987 longe
569 1917 741 1988 magis
790 1932 950 1987 quam
998 1916 1053 1971 in
1101 1918 1471 1987 superioribus
1518 1919 1712 1975 editio.

138 2009 300 2064 nibus
318 2009 456 2079 plane
479 2008 756 2080 mergitur.
784 2009 978 2065 Plures
1006 2009 1272 2079 siquidem
1303 2008 1491 2066 videre
1516 2018 1599 2067 est
1624 2025 1716 2082 pa-

129 2103 298 2173 ginas,
318 2103 371 2155 in
389 2102 569 2173 quibus
589 2101 797 2157 nullum
820 2111 998 2158 exstat
1012 2101 1226 2157 Minucii
1244 2103 1497 2169 verbum;
1520 2104 1571 2158 in
1593 2104 1713 2159 aliis

126 2209 253 2250 vero
271 2209 378 2249 una
398 2200 625 2264 tantum,
647 2203 742 2251 aut
763 2194 886 2250 dua:
909 2196 994 2250 vel
1017 2205 1127 2251 tres
1142 2237 1158 2263 ,
1188 2196 1238 2250 in
1262 2198 1474 2253 caeteris
1500 2198 1713 2266 paucis-

122 2287 271 2341 simae
291 2288 454 2357 ipsius
473 2298 645 2343 textus
668 2288 844 2343 lineae.
867 2287 998 2356 Quis
1020 2288 1180 2358 igitur
1200 2286 1517 2343 diffitehitur
1538 2290 1711 2360 ipsum

120 2377 401 2434 Ouulittm
414 2420 431 2446 ,
453 2380 602 2449 cujus
622 2389 779 2435 notas
796 2380 1103 2435 Gronovius
1128 2380 1279 2435 tanto
1297 2378 1592 2451 despicatui
1613 2381 1715 2437 du—

119 2470 323 2527 cendas
349 2471 651 2537 arln’tratur,
676 2473 831 2542 longe
853 2471 1016 2528 fuisse
1039 2471 1438 2541 prudentiorem
1460 2517 1475 2541 ,
1500 2475 1590 2545 qui
1617 2484 1714 2531 sua

118 2563 176 2619 in
198 2563 436 2620 editione
459 2572 626 2620 totum
648 2564 1025 2636 integrumque
1043 2565 1258 2622 Minucii
1284 2576 1490 2622 textum
1517 2581 1717 2637 repra-

121 2664 333 2723 senut,
361 2670 646 2729 omnesque
669 2671 795 2714 suas
818 2657 1315 2715 animadversiones
1339 2658 1408 2715 ad
1435 2656 1578 2716 illius
1601 2661 1716 2716 cal-

122 2760 244 2802 cem
273 2748 504 2817 reiecit?

188 2837 391 2906 Quanti
425 2848 600 2896 autem
638 2839 930 2905 momenti,
971 2848 1027 2895 et
1060 2848 1263 2910 quanto
1299 2840 1516 2897 caeteris
1553 2855 1720 2911 praes—

126 2931 392 2986 tantiore:
414 2932 517 2987 sint
540 2931 788 3001 ejusdem
809 2931 1064 2988 Gronovii
1094 2943 1237 2987 nota:
1253 2974 1268 2998 ,
1289 2933 1334 2989 si
1361 2933 1503 2990 seire
1529 2948 1715 2999 aveas.

130 3019 190 3074 id
230 3020 329 3076 tibi
363 3023 662 3093 quihusdam
704 3024 967 3095 exemplis
995 3022 1428 3093 patefaciendum
1457 3024 1716 3082 est.'Pri—

1820 545 2253 620 Brouxhusium,
2303 557 2396 633 qui
2442 565 2567 616 ante
2609 578 2795 620 vocem
2847 585 2867 619 ι
2896 545 3147 629 horarum
3182 594 3201 628 ι
3248 580 3412 637 scribi

1819 641 1986 737 voluit
2017 661 2037 695 ι
2059 659 2349 714 paucarum
2368 692 2384 718 ,
2418 671 2435 698 ι
2466 653 2665 711 acriter
2689 659 2941 730 castigat,
2974 663 3227 737 additque
3256 686 3316 727 se
3341 675 3409 729 ab

1819 730 1912 787 illo
1942 736 2086 789 omni
2129 740 2528 799 mendaciorum
2570 748 3064 824 calumniarumque
3091 730 3289 828 genere
3319 779 3411 820 ve-

1817 833 2021 881 xatum.
2065 828 2278 889 Siccine
2320 850 2449 908 ergo
2491 839 2538 894 ei
2583 841 2788 910 potius,
2822 850 2979 916 quam
3011 849 3164 918 aliis,
3197 854 3273 907 ias
3314 856 3413 912 l'uit

1818 917 1959 971 uotis
1998 917 2330 992 longioribus
2367 944 2476 983 non
2513 932 2686 988 solum
2717 934 2921 1005 digredi
2954 940 3020 995 ab
3049 917 3285 1003 auctoris
3325 948 3409 1004 sui

1816 1011 2093 1099 proposito
2114 1053 2127 1076 ,
2158 1016 2251 1070 sed
2285 1018 2517 1086 privatas
2548 1036 2761 1094 quoque
2791 1026 3014 1099 injurias
3042 1034 3267 1090 ulcisci?

1888 1098 1995 1154 Sed
2041 1103 2301 1174 agedum,
2343 1110 2462 1179 quis
2502 1111 2552 1166 in
2594 1112 2756 1185 hujus
2792 1118 2909 1175 libri
2940 1121 3266 1182 editionibus
3289 1130 3411 1185 ani-

1816 1191 2247 1291 madversionem
2288 1199 2520 1271 aliquam
2562 1207 2782 1273 protulit
2818 1225 2881 1265 ea
2924 1212 3253 1285 longiorem,
3289 1237 3410 1291 qua:

1814 1282 1882 1338 ab
1923 1283 2016 1339 illo
2061 1289 2261 1359 scripta
2304 1300 2387 1348 est
2426 1295 2479 1349 in
2522 1295 2637 1352 haec
2678 1314 2845 1369 pauca
2883 1282 3095 1363 Minucii
3125 1309 3193 1365 de
3228 1282 3410 1369 Diana:

1813 1376 2106 1435 simulacro
2147 1384 2342 1440 verba:
2390 1405 2410 1438 ι
2434 1387 2678 1446 Mammis
2707 1394 2919 1464 multis,
2962 1410 3017 1453 et
3057 1401 3288 1458 verubus
3315 1420 3410 1460 ex-

1813 1473 2056 1566 structa?
2077 1473 2184 1530 Sex
2211 1478 2352 1531 enim
2376 1479 2518 1536 illius
2544 1482 2664 1537 libri
2692 1494 2747 1538 et
2770 1488 2996 1558 amplius
3022 1490 3136 1547 hmc
3162 1506 3289 1551 nota
3316 1511 3412 1566 pa-

1811 1561 1964 1631 ginas
2002 1564 2213 1635 implet,
2258 1578 2312 1624 et
2350 1571 2555 1644 integra
2585 1573 2657 1629 ibi
2687 1576 2947 1635 Holstenii
2974 1580 3232 1652 Epistula,
3267 1561 3407 1643 haud

1812 1659 1982 1713 semel
2024 1659 2200 1729 edita,
2251 1665 2643 1721 transerihitur.
2694 1668 2884 1727 Nonne
2924 1686 3133 1742 poterat
3170 1694 3322 1746 eam,
3364 1683 3409 1737 si

1813 1764 2035 1806 necesse
2062 1762 2237 1820 esset,
2271 1765 2363 1809 aut
2391 1757 2443 1810 in
2475 1758 2592 1813 libri
2622 1761 2825 1817 calcem
2857 1767 3153 1823 amandare
3173 1810 3188 1835 ,
3218 1758 3309 1826 aut
3339 1788 3406 1829 ex

1814 1839 1905 1896 illa
1944 1844 2394 1912 quemadmodum
2432 1864 2498 1905 ex
2529 1849 2803 1919 Woweri,
2832 1854 3214 1915 ElmenhOrstii
3236 1904 3249 1927 ,
3276 1863 3411 1919 alio-

1815 1950 2042 2005 rumque
2072 1937 2566 2007 observationibus,
2610 1945 2852 2021 quatdam
2889 1948 3128 2006 delibare
3149 1994 3162 2017 ,
3193 1970 3314 2025 quae
3338 1956 3405 2012 ad

1814 2028 2050 2083 auctoris
2076 2031 2249 2087 nostri
2273 2034 2680 2105 explicationem
2710 2039 2877 2112 magis
2903 2042 3295 2102 conducebant.

1888 2117 2087 2174 Verum
2132 2130 2187 2178 et
2227 2138 2325 2178 nos
2365 2122 2467 2194 ipsi
2510 2128 2778 2200 longiores
2823 2131 3003 2201 utique
3046 2150 3315 2206 essemus,
3362 2142 3408 2197 si

1814 2209 1943 2266 alias
1970 2210 2229 2267 Gronovii
2256 2210 2338 2271 his
2365 2208 2567 2273 similes
2600 2214 2753 2277 notas
2781 2223 3091 2295 singillatim
3123 2244 3407 2288 recensere

1813 2300 2110 2368 vellemus,
2152 2304 2312 2374 atque
2352 2307 2470 2362 illas
2512 2310 2562 2364 in
2603 2312 2818 2381 primis,
2858 2317 3052 2387 quibus
3092 2323 3409 2379 recentioris

1815 2392 2093 2460 cujusdam
2120 2397 2399 2466 scriptoris
2430 2402 2731 2457 testimonia
2762 2406 2952 2475 ga‘llico
2983 2409 3234 2469 idiOmate
3277 2414 3411 2469 scri-

1819 2493 1906 2554 pta
1940 2485 2240 2556 interserit,
2282 2501 2442 2560 atque
2479 2494 2682 2550 Ouzelii
2724 2495 2864 2553 furta
2909 2510 2962 2557 et
3005 2507 3410 2576 compilatinncs

1817 2578 2015 2647 passim
2046 2578 2240 2650 ubique
2269 2576 2485 2637 indicat.
2516 2585 2676 2653 Quasi
2705 2604 2852 2655 vero,
2888 2576 2971 2648 his
3000 2600 3408 2666 praetermissis,

1821 2676 1996 2723 textus
2023 2668 2239 2725 Minucii
2271 2672 2493 2745 intelligi
2525 2678 2630 2731 non
2663 2682 2934 2747 potuerit?

1891 2759 2073 2831 Neque
2096 2772 2270 2818 tamen
2299 2763 2333 2817 ii
2358 2779 2565 2834 sumus,
2590 2766 2680 2839 qui
2707 2770 2932 2827 aliorum
2958 2779 3195 2833 omnium
3214 2821 3228 2845 ,
3255 2783 3412 2838 sicuti

1821 2849 2152 2918 Gronovius,
2184 2844 2336 2909 notas
2374 2864 2429 2911 et
2465 2858 2957 2939 animadversiones
3004 2866 3414 2940 adspernemur,

1821 2952 1912 2998 aut
1940 2954 2159 3015 prorsus
2194 2948 2557 3018 explodendas
2595 2966 2716 3007 esse
2747 2969 3082 3013 censeamus.
3115 2958 3415 3018 Fatendum

1822 3036 1965 3090 enim
1996 3045 2078 3091 est
2107 3037 2309 3093 variam
2338 3040 2391 3092 iu
2421 3041 2499 3097 eis
2528 3058 2648 3097 cum
2679 3043 2959 3115 ipsiusmet
2983 3042 3236 3107 Gronovii
3255 3096 3270 3121 ,
3301 3064 3414 3111 tum

127 3115 475 3219 mumitaque
498 3126 724 3173 annotat
749 3117 832 3172 his
854 3116 1067 3173 Minucii
1089 3118 1297 3173 verbis:
1331 3136 1352 3172 ε
1374 3116 1429 3172 lu
1453 3119 1721 3219 praeterita
1753 3205 1797 3219 Α
1822 3128 2048 3182 aliorum
2088 3130 2448 3187 eruditionem
2491 3133 2780 3192 identidem
2822 3137 3192 3209 deprehendi,
3241 3115 3413 3219 iisque

122 3205 304 3262 red'He
325 3248 343 3272 ,
374 3226 394 3262 ι
425 3208 856 3265 efﬁcacissimam
886 3210 1132 3266 exhiberi
1158 3225 1303 3267 vera:
1336 3211 1685 3282 jucunditatis
1703 3254 1719 3278 ,
1747 3205 1797 3269 C
1825 3220 2079 3291 explicari
2108 3224 2393 3279 nonnullus
2415 3218 2629 3281 Minucii
2652 3205 2995 3287 obscuriores
3021 3205 3271 3304 loquendi
3298 3205 3414 3293 mo-

120 3300 411 3367 prateritis
454 3300 666 3372 gaudiis
716 3310 1025 3371 perceptae,
1075 3301 1517 3372 descriptionem.
1565 3303 1722 3370 Quod

118 3390 346 3460 quidem
371 3392 461 3449 ille
487 3394 648 3449 Tullii
670 3402 727 3449 et
756 3394 1069 3465 Vespasiani
1097 3397 1392 3465 exemplis,
1436 3396 1569 3450 nihil
1608 3410 1723 3450 ma-

117 3484 233 3555 gis,
259 3502 425 3556 quam
451 3487 555 3543 alia
578 3489 883 3555 innumera,
912 3488 979 3543 ad
1006 3489 1340 3559 prepositum
1365 3486 1684 3544 incientibus
1702 3529 1718 3556 ,

118 3578 354 3648 probare
403 3590 650 3636 conatur.
704 3579 858 3636 Tunc
908 3581 1165 3636 continuo
1217 3580 1297 3634 sic
1345 3581 1721 3650 prosequitur:

121 3688 139 3721 ‹
167 3669 335 3729 Certe
359 3672 507 3744 quod
536 3672 627 3743 hic
653 3674 825 3739 oculi,
857 3673 910 3728 in
940 3672 1060 3728 aliis
1100 3678 1282 3742 potest
1316 3672 1534 3727 efﬁcere
1570 3675 1720 3743 cogi-

116 3764 285 3830 tatio;
315 3766 487 3821 imo
509 3781 581 3821 ne
604 3766 800 3832 vivam,
824 3765 868 3820 si
892 3779 1001 3820 non
1016 3765 1131 3820 haec
1153 3763 1378 3820 felicitas
1400 3779 1488 3819 me
1511 3779 1606 3834 per
1627 3779 1724 3819 an-

116 3869 213 3912 nos
258 3871 418 3913 meos
458 3860 776 3921 comitetur;
823 3866 883 3913 ut
925 3867 981 3913 et
1026 3857 1320 3914 domestica
1365 3860 1452 3912 nte
1493 3855 1723 3913 felicitas

115 3951 453 4016 consoletur,
506 3959 563 4006 et
614 3949 975 4022 Cantabrigiae
1023 3949 1197 4005 vivam
1236 3965 1358 4005 cum
1380 3950 1467 4005 Jo.
1495 3951 1726 4006 Pearso-

114 4044 221 4111 uio,
250 4044 495 4102 Lutetia:
516 4058 640 4101 cum
662 4044 833 4100 Henr.
856 4042 1076 4100 Valesio
1091 4085 1105 4109 ,
1129 4043 1420 4098 Florentiae
1444 4048 1567 4097 cum’
1591 4044 1718 4098 aut.

109 4132 517 4206 Magiiabequio
534 4175 551 4202 ,
578 4135 711 4192 viris
739 4135 809 4190 ab
837 4134 1010 4189 omini
1034 4133 1288 4189 doctrina:
1328 4133 1482 4189 laude
1523 4133 1722 4190 beatis-

110 4227 273 4285 simis
312 4228 371 4283 in
410 4237 694 4284 uernum.
724 4245 744 4279 ι
785 4226 979 4300 Papae,
1021 4240 1182 4296 quam
1227 4225 1518 4294 pmclara,
1563 4240 1725 4293 quam

113 4316 341 4373 erudita
361 4360 379 4385 ,
418 4334 573 4388 quam
602 4319 909 4373 necessaria
938 4326 1055 4371 erat
1081 4316 1198 4372 haec
1226 4316 1562 4372 observatio!
1595 4316 1726 4382 Quis

118 4426 417 4481 umquam,
438 4427 499 4468 ea
521 4412 900 4483 praetermissa,
932 4410 1219 4465 Minucium
1248 4412 1392 4466 clare
1416 4412 1636 4466 omnino
1665 4419 1726 4466 et

118 4505 427 4576 perspicue
448 4506 747 4577 loquentem
777 4505 963 4559 audire
992 4505 1301 4575 potuisset?

1823 3311 1954 3397 dos,
1981 3329 2043 3369 ac
2064 3315 2227 3369 verba
2257 3304 2499 3386 quaedam
2528 3322 2560 3371 a'
2591 3318 2810 3375 librario
2845 3320 2985 3379 fmde
3010 3337 3282 3397 corrupta.
3307 3328 3415 3386 Sed

1824 3394 1927 3459 alia
1956 3405 2131 3461 adhuc
2156 3414 2474 3478 supersunt,
2506 3426 2626 3481 quae
2668 3414 2933 3470 medicam
2972 3434 3188 3475 manum
3228 3433 3418 3493 postu-

1823 3497 1965 3566 lant,
1992 3509 2047 3555 et
2071 3504 2189 3572 qua:
2218 3504 2573 3572 explicatione
2595 3518 2753 3577 egere
2777 3523 2936 3564 nemo
2961 3527 3091 3568 sane
3120 3519 3414 3586 negaverit.

1824 3589 1969 3645 Nova
2013 3608 2142 3664 ergo
2180 3592 2338 3665 hujus
2377 3595 2497 3652 libri
2541 3598 2705 3654 editio
2734 3604 2944 3659 caeteris
2975 3608 3142 3677 magis
3167 3619 3419 3667 accurata

1825 3690 1879 3737 et
1917 3682 2178 3753 perfecta,
2222 3686 2291 3740 ab
2325 3687 2505 3758 aliquo
2548 3690 2758 3747 erudito
2809 3693 3128 3770 sinceroque
3180 3703 3419 3760 veritatis

1824 3776 2097 3859 amatore,
2141 3792 2239 3832 nec
2279 3778 2518 3848 partibus
2565 3778 2676 3839 suis
2704 3785 2926 3843 nimium
2957 3790 3221 3861 studenti,
3253 3794 3416 3851 ador-

1826 3866 1940 3921 nari
1969 3854 2152 3937 praeui
2180 3869 2342 3926 dubio
2370 3876 2566 3942 potcSt.

2430 4043 2726 4087 ARTICULUS
2756 4045 2813 4086 Υ.

1897 4151 1977 4207 De
2011 4156 2265 4225 corruptis
2289 4165 2378 4211 aut
2406 4161 2746 4228 corruptionis
2776 4166 3020 4235 suspectis
3047 4149 3347 4238 quibusdam

2374 4248 2529 4318 hujus
2557 4251 2672 4304 libri
2699 4251 2844 4306 locis.

1896 4403 2030 4459 Cum
2053 4419 2192 4459 unus
2213 4412 2417 4460 tantum
2446 4406 2600 4462 nobis
2628 4411 2862 4478 supersit
2889 4410 3048 4483 hujus
3078 4414 3198 4473 libri
3229 4436 3415 4480 manu-

1826 4496 2056 4566 scriptus
2082 4496 2256 4552 codex
2285 4499 2496 4570 regius,
2538 4516 2643 4555 non
2682 4502 2874 4558 mirum
2914 4521 3074 4575 sane,
3128 4512 3173 4567 si
3215 4510 3267 4568 in
3312 4531 3413 4570 au-

200 4595 311 4654 σω
354 4612 474 4654 γεω
511 4598 762 4655 Cum.”
799 4597 935 4653 dixit
980 4615 1000 4650 ι
1027 4597 1251 4651 nebulas
1290 4612 1506 4669 semper
1542 4595 1722 4653 adole.
1747 4590 1803 4651 Ι)
1826 4585 1990 4655 cteris
2015 4597 2160 4643 textu
2187 4588 2330 4643 varia
2354 4600 2635 4646 occurrant
2662 4592 2890 4662 imperiti
2915 4607 2967 4652 et
2995 4599 3157 4658 latine
3181 4605 3419 4663 nescien-

110 4703 301 4757 scere,
325 4708 349 4742 ι
398 4689 469 4745 ibi
493 4690 640 4760 plura
668 4688 745 4746 d0
761 4689 955 4759 graecis
975 4688 1277 4745 nominibus
1300 4698 1495 4761 ϐνεφέκη
1519 4699 1573 4746 et
1598 4698 1725 4762 νεφος

114 4783 253 4841 ideo
278 4782 552 4852 congerit,
581 4792 693 4839 non
722 4791 783 4839 ut
816 4782 1059 4838 auctoris
1087 4782 1171 4837 sui
1210 4786 1422 4838 textum
1458 4781 1725 4852 explicet,

112 4876 225 4935 sed
253 4887 311 4931 ut
332 4876 631 4944 Prieaum,
661 4885 719 4931 et
746 4873 1010 4932 Gallienm
1041 4873 1205 4946 hujus
1228 4872 1348 4930 libri
1378 4873 1729 4945 interpretem

116 4970 445 5042 redarguat.

189 5061 303 5118 Sed
348 5062 559 5132 longius
595 5060 771 5118 adhuc
809 5069 996 5133 postea
1035 5070 1312 5134 evagatur,
1353 5060 1444 5117 ubi
1478 5060 1728 5119 Caecilius

119 5153 452 5211 Christianis
494 5153 696 5222 ébjecit
731 5152 939 5209 nullum
981 5148 1057 5209 ei
1094 5146 1283 5209 itiféris
1325 5152 1409 5207 vel
1450 5153 1729 5208 Protesilai

122 5254 279 5303 sorte
323 5259 633 5312 remeasse,
681 5263 702 5297 α
728 5244 984 5307 horarum
1032 5245 1227 5300 saltem
1272 5243 1537 5315 permisso
1581 5256 1729 5299 com-

124 5348 337 5396 meatu;
359 5353 381 5389 ι
412 5336 652 5392 Primum
696 5339 841 5394 enim
886 5341 987 5392 nos
1020 5335 1112 5392 ille
1156 5336 1412 5392 admonet
1452 5334 1583 5390 nihil
1629 5334 1732 5389 hac

130 5430 301 5487 latina
327 5429 695 5487 enuntiatione
723 5444 846 5485 esse
872 5434 963 5483 aut
992 5429 1268 5484 venustius
1289 5468 1307 5496 ,
1339 5437 1428 5482 aut
1457 5425 1599 5498 quod
1630 5424 1732 5497 ipsi

134 5520 313 5590 magis
671 5519 877 5576 Deinde
914 5535 1045 5576 vero
1081 5519 1201 5574 fuse
1245 5519 1458 5589 lateque
1497 5517 1729 5587 probat,

131 5612 249 5669 hoc
281 5608 397 5665 sole
419 5621 475 5667 et
503 5611 737 5682 eicganti
777 5611 1014 5681 genitive
1047 5629 1068 5662 ι
1099 5611 1351 5667 horarum
1382 5629 1404 5663 ι
1437 5607 1733 5681 signiﬁcari

130 5703 381 5773 exiguam
692 5708 930 5771 partem,
953 5716 1074 5772 qua:
1093 5717 1203 5756 non
1231 5701 1369 5756 ultra
1397 5710 1562 5756 unum
1585 5700 1731 5757 diem

128 5794 479 5873 processerit.
510 5792 648 5863 Quis
677 5809 928 5867 umquam
951 5833 966 5861 ,
1000 5793 1195 5853 amabo
1225 5802 1279 5851 te
1300 5835 1315 5863 ,
1348 5795 1449 5852 nisi
1481 5796 1731 5853 monente

1829 4680 1895 4733 tis
1922 4678 2121 4735 librarii
2161 4690 2368 4747 errata,
2413 4699 2532 4753 quae
2574 4693 2651 4739 tot
2692 4686 3020 4745 scholiorum
3063 4706 3418 4771 notat-umque

1829 4772 2062 4828 editores
2102 4775 2191 4829 vel
2231 4776 2424 4831 intacta
2471 4779 2808 4848 praeteriere,
2848 4784 2932 4839 vel
2970 4788 3290 4858 conjecturis
3324 4805 3420 4852 aut

1831 4882 2015 4938 parum
2043 4868 2206 4922 certis
2233 4877 2325 4923 aut
2355 4869 2502 4924 falsis
2530 4870 2820 4928 emendare
2850 4877 3024 4930 conati
3055 4889 3200 4935 sunt.
3233 4882 3308 4939 De
3338 4885 3420 4942 his

1830 4959 2010 5030 itaque
2033 4960 2166 5015 locis
2185 4962 2450 5030 corruptis
2475 4971 2565 5016 aut
2586 4966 2945 5034 corruptionis
2970 4973 3253 5042 suspectis,
3283 4992 3420 5047 pra:-

1834 5061 1913 5106 ter
1939 5066 2001 5106 ea
2019 5093 2035 5118 ,
2063 5067 2182 5122 quae
2210 5050 2434 5108 inferius
2454 5094 2467 5117 ,
2500 5052 2589 5108 ubi
2622 5057 2833 5110 occasio
2862 5063 3213 5127 opportunior
3240 5081 3298 5121 se
3323 5069 3417 5124 de-

1832 5142 2008 5205 derit,
2041 5142 2306 5205 dicentur,
2340 5142 2426 5196 hic
2452 5144 2652 5213 aliquid
2684 5149 3064 5218 promendum,
3096 5162 3150 5208 et
3178 5156 3378 5212 medica
3398 5200 3414 5226 ,

1831 5235 1877 5289 si
1909 5233 2023 5289 fieri
2055 5234 2258 5304 possit,
2291 5247 2482 5287 manus
2507 5234 2586 5293 eis
2613 5235 2936 5293 adhibenda.

1904 5327 2140 5381 Primum
2200 5325 2359 5396 igitur
2411 5326 2783 5394 suspicabatur
2835 5329 3130 5401 Meursius,
3187 5337 3245 5391 iu'
3314 5339 3418 5397 hoc

1831 5421 2037 5477 Octavii
2076 5422 2226 5485 loco,
2258 5419 2345 5472 ubi
2383 5417 2643 5472 Minucius
2668 5419 2838 5474 dirit:
2875 5422 3055 5479 (Cum
3086 5428 3321 5484 diluculo
3353 5435 3420 5489 ad

1832 5530 1980 5568 mare
2026 5509 2434 5577 inambulando,
2481 5519 2585 5565 etc.
2619 5530 2637 5561 ι
2690 5508 2885 5589 Cgecilii
2934 5516 3161 5575 aliorum
3210 5527 3424 5584 comitis

1834 5621 2026 5661 nomen
2058 5604 2337 5659 omissum.
2380 5601 2485 5657 Sed
2518 5618 2823 5673 perperam.
2853 5605 2985 5661 Nam
3019 5625 3141 5665 mox
3172 5628 3291 5668 eum
3324 5617 3421 5672 Mi-

1832 5700 2022 5754 nucius
2059 5696 2274 5749 nomine
2312 5708 2411 5749 suo
2438 5694 2704 5764 appellat;
2748 5706 2801 5750 et
2839 5699 2998 5768 paulo
3031 5712 3146 5770 post
3173 5704 3425 5765 Octavius

1832 5792 1978 5847 illum
2010 5796 2167 5845 vocat
2198 5806 2218 5840 ‹
2248 5787 2519 5842 hominem
2556 5787 2707 5844 domi
2739 5789 2973 5861 forisque
3002 5812 3020 5846 ι
3056 5786 3268 5855 Minucii
3303 5821 3320 5854 ι
3350 5802 3428 5861 la.
