3802 6276
403 339 510 396 sos
1092 330 1099 337 ‘
1683 327 1772 383 DE
1808 325 2066 384 nmucn
2101 325 2397 384 OCTAVIO
3561 333 3641 393 im

403 454 505 510 teri
555 450 925 506 inhaerentem.
960 462 980 496 ι
1016 444 1083 499 At
1123 441 1248 498 inde
1289 440 1421 495 satis
1463 438 1633 510 liquet
1671 439 1838 508 priori
1878 439 1998 494 loco
2024 439 2077 499 Α
2102 439 2377 495 subaudiri
2406 438 2603 496 debent
2626 439 2741 494 haec
2765 439 2874 493 duo
2896 437 3094 503 verba,
3127 450 3264 492 «sua
3291 438 3642 503 materiam.

401 546 559 602 facile
584 541 777 598 Caecilii
809 552 1002 592 nomen
1033 535 1100 589 ab
1127 534 1377 589 omnibus
1408 546 1564 602 posse
1591 532 1849 601 suppleri.
2102 547 2211 601 que
2231 548 2301 586 ex
2326 533 2410 587 his
2430 532 2697 602 suppleri,
2717 547 2836 602 qua:
2859 531 2945 585 illa
2960 532 3045 617 sic
3069 530 3420 585 antecedunt:
3442 547 3460 581 ι
3478 529 3641 593 Cretum

476 631 790 690 ObseNaVil
820 627 1081 697 Rigaltius
1106 626 1392 681 Minucium
1411 667 1426 691 ,
1454 624 1523 679 de
1552 624 1802 679 ﬂuctibus
1833 624 1996 679 maris
2101 620 2228 676 licet
2252 622 2588 691 suspenderit
2614 636 2708 676 sua
2737 622 2958 676 materia
2977 664 2991 685 ,
3022 621 3145 676 licet
3173 632 3371 675 terram
3399 619 3642 683 [trudam-it

403 725 785 783 disserentem,
814 717 1047 774 dixisse:
1079 737 1097 770 i
1124 717 1326 787 (lrispis
1356 716 1655 787 torosisque
1684 715 1879 771 ibidem
1907 732 1996 770 er—
2101 714 2369 781 pondere:
2397 732 2417 765 ι
2448 713 2501 768 id
2534 724 2648 779 est,
2680 713 2876 769 coelum
2915 713 3138 768 materia
3178 726 3279 767 sua
3317 713 3640 783 susjwnderit,

397 814 613 870 rorilms
641 810 910 868 delectati.
939 829 958 863 ι
987 810 1187 865 Verum
1221 810 1273 864 in
1306 809 1669 876 manuscripto
1699 809 1886 863 codice
1912 822 1998 863 re-
2099 814 2155 859 et
2183 813 2383 861 terram
2415 820 2508 860 sua
2539 821 2750 876 quoque
2779 807 2998 860 materia
3016 847 3032 873 ,
3061 820 3183 876 quae
3207 816 3392 859 crassa
3417 813 3470 859 et
3492 809 3645 875 ponde.

395 908 484 977 gio
512 905 684 975 prima
715 905 908 974 prioris
938 903 1171 959 nominis
1212 902 1393 973 crispis
1436 902 1614 957 littera
1643 900 1683 956 C
1703 944 1718 968 ,
1749 911 1994 956 correcta
2098 908 2220 949 rosa
2250 905 2334 949 est
2353 937 2367 960 .
2402 896 2641 965 pondere
2671 894 2994 951 fundaverit.

393 998 530 1061 fuit,
562 1005 617 1051 et
653 996 755 1051 alia
798 1012 918 1067 qua:
962 996 1102 1049 hanc
1139 995 1511 1066 praecedebat,
1550 995 1724 1050 deieta
1754 995 1990 1063 videtur,
2167 984 2616 1056 οοντυιιιίεθίηιυε
2642 1004 2771 1044 Vero
2799 999 2882 1043 εει
2911 988 2998 1042 ilic
3026 988 3204 1053 Ιυθυε,
3240 987 3295 1041 ill
3326 989 3645 1061 manuscripto

394 1087 843 1160 quemadmodum
870 1095 925 1141 et
949 1086 1035 1141 illa
1060 1101 1179 1157 quas
1204 1088 1258 1141 in
1283 1099 1416 1142 voce
1443 1087 1624 1140 torosis
1652 1085 1825 1141 media
1853 1093 1987 1141 erat.
2096 1081 2245 1150 regio
2267 1082 2455 1137 codice
2485 1084 2554 1137 ita
2583 1082 2915 1152 descriptus:
2951 1101 2970 1134 r
2996 1082 3063 1138 At
3094 1082 3260 1137 etiam
3301 1080 3469 1151 spioni
3500 1096 3646 1151 me

394 1179 757 1249 Quamobrem
799 1178 1014 1249 quidam
1045 1178 1113 1232 ibi
1142 1178 1422 1248 legendum
1450 1185 1699 1247 putarunt
1732 1178 1992 1241 tortuosis;
2097 1181 2224 1239 urat,
2251 1188 2371 1241 qua:
2396 1184 2640 1243 portenta
2663 1175 3011 1244 confingunt?
3033 1194 3050 1226 ι
3075 1172 3215 1240 Quid
3236 1172 3383 1227 enim
3407 1174 3514 1229 haec
3527 1178 3648 1234 verba

390 1272 483 1327 alii
529 1272 664 1327 bene
700 1286 729 1323 a
772 1269 992 1325 librario
1032 1280 1335 1325 correctum
1380 1270 1584 1323 torosis.
1615 1269 1746 1335 Qure
1773 1269 1990 1340 quidem
2094 1263 2427 1330 Significenl,
2449 1264 2596 1320 dictu
2620 1265 3019 1321 difficillimum.
3046 1264 3312 1335 Rigaltius
3333 1270 3648 1327 autemeasic

388 1362 552 1420 lectio
583 1362 840 1433 probatur
869 1362 1115 1433 Rigaltio.
1152 1361 1283 1416 Nam
1314 1378 1555 1417 venarum
1575 1404 1589 1424 ,
1620 1363 1819 1432 inquit,
1853 1372 1991 1417 toros
2094 1353 2359 1409 reddidit:
2385 1373 2403 1407 ι
2426 1354 2497 1410 At
2517 1357 2679 1411 etiam
2701 1357 2996 1413 Christiani
3017 1374 3119 1428 qua
3141 1357 3195 1411 in
3220 1366 3330 1411 tam
3352 1366 3648 1430 nostraque

389 1457 575 1511 medici
624 1456 830 1522 dixere,
878 1465 923 1510 et
962 1455 1210 1525 jubarum
1253 1465 1390 1509 toros
1435 1466 1615 1527 poetic.
1664 1456 1770 1511 Scd
1819 1456 1988 1527 magis
2092 1456 2337 1516 Ρθτίθηίθ
2365 1449 2712 1519 C‘mﬁngum?
2738 1465 2949 1520 ’θῖιαυθ
2968 1450 3043 1503 ab
3073 1451 3189 1520 ipso
3217 1451 3299 1505 δίο
3327 1450 3646 1520 θκριῖαισιιυτε

388 1547 458 1603 ad
504 1546 718 1602 Minucii
761 1546 1097 1618 propositum
1139 1547 1305 1602 citare
1346 1554 1554 1617 poterat
1597 1546 1741 1603 hunc
1780 1547 1987 1618 Virgilii
2100 1554 2119 1588 σ
2142 1537 2434 1593 Christiani
2465 1556 2571 1609 qua
2601 1548 2727 1594 sunt
2757 1542 2811 1596 iu
2842 1541 3005 1595 urbes
3038 1540 3238 1607 Italia,
3281 1540 3335 1595 in
3371 1541 3543 1610 populi
3571 1542 3648 1598 lio-

387 1650 638 1693 versum:
2092 1629 2235 1685 mani
2262 1633 2593 1700 provincias,
2624 1634 2676 1687 in
2709 1643 2814 1688 tam
2845 1643 3024 1688 ucstra
3049 1633 3265 1697 diffusi,
3294 1649 3422 1705 qua:
3453 1645 3644 1703 portenta

2090 1722 2484 1792 contingunt?»
2517 1724 2712 1780 Verum
2744 1725 2882 1781 hanc
2910 1727 3190 1782 lectionem
3230 1734 3289 1781 et
3326 1725 3646 1795 conjecturam

2014 1824 2065 1883 Β
2092 1827 2250 1867 nemo
2278 1825 2491 1870 secutus
2515 1824 2615 1871 est.
2656 1817 3018 1884 Quamobrem
3056 1819 3146 1873 alii
3180 1833 3377 1874 omnes
3418 1820 3648 1878 emetidari

2088 1906 2403 1961 voluerunt:
2430 1926 2451 1959 ι
2472 1908 2730 1976 Quaenam
2758 1920 3000 1966 monstra
3019 1953 3033 1977 ,
3065 1928 3186 1982 qua:
3214 1921 3472 1981 portenta
3495 1912 3651 1968 conlin-

2088 1996 2259 2066 gunt?
2283 2015 2302 2048 s
2329 1997 2399 2052 Et
2438 1998 2553 2054 haec
2590 2002 2806 2070 quidem
2847 2002 3218 2073 superioribus
3254 2012 3313 2059 et
3350 2003 3649 2074 subsequen-

2093 2086 2237 2143 tibus
2267 2089 2434 2160 magis
2464 2093 2793 2148 conveniunt
2820 2095 3016 2149 verbis.
3047 2094 3154 2150 Sed
3182 2095 3315 2165 quid
3344 2094 3567 2152 delinire
3585 2113 3652 2154 au-

2089 2180 2220 2236 deas
2233 2222 2248 2244 ,
2278 2182 2367 2236 ubi
2392 2184 2580 2238 unicus
2599 2195 2684 2239 est
2706 2187 3101 2257 mannscriptus
3119 2188 3291 2243 codex
3309 2229 3326 2255 ,
3359 2188 3518 2258 isque
3538 2189 3652 2261 plane

2088 2280 2407 2342 corruptus,
2441 2276 2542 2330 nisi
2569 2278 2734 2332 alium
2764 2280 3043 2335 meliorem
3074 2280 3387 2336 inveneris?

2159 2365 2263 2421 Ubi
2303 2382 2431 2422 vero
2472 2367 2735 2426 Minucius
2769 2387 2840 2426 ex
2877 2374 3140 2427 creaturis
3182 2373 3349 2430 Deum
3393 2385 3651 2434 creatura

2086 2459 2321 2516 existere
2346 2462 2604 2529 ostendit,
2634 2463 2703 2518 ibi
2734 2464 2901 2520 dixit:
2931 2484 2952 2516 r
2983 2466 3232 2538 Hyberna
3257 2467 3480 2523 olivitas
3504 2485 3651 2527 neces.

2086 2553 2249 2609 saria.
2278 2571 2297 2605 ι
2325 2553 2430 2609 Sed
2461 2570 2719 2625 quorsum
2749 2556 2866 2612 [nec
2893 2558 2960 2613 ad
2986 2558 3202 2615 Minucii
3240 2561 3573 2630 institutum,
3593 2565 3652 2619 in-

2084 2645 2201 2714 quit
2243 2646 2542 2717 Rigaltius?
2581 2649 2860 2721 Plerisque
2903 2653 3048 2708 enim
3092 2655 3146 2707 in
3187 2655 3505 2725 regionibus
3537 2659 3654 2714 oliva

2086 2752 2191 2792 non
2236 2741 2578 2809 proveniunt.
2632 2743 2854 2809 Melius,
2901 2747 3074 2815 pergit
3119 2745 3246 2813 ille,
3297 2749 3460 2804 scribi
3509 2750 3654 2807 debuit

2091 2845 2109 2879 r
2134 2828 2371 2900 hyberna
2400 2832 2600 2903 uligo,»
2624 2850 2728 2903 qua
2758 2834 2953 2891 humus
2982 2837 3196 2907 hyeme,
3221 2839 3369 2893 velut
3391 2841 3536 2895 olivo
3556 2856 3651 2912 per-

2084 2918 2237 2987 fusa,
2267 2926 2512 2991 quiescit.
2559 2928 2629 2979 At
2669 2928 2800 2982 satis
2840 2928 2929 2984 ille
2970 2945 3077 2986 non
3119 2933 3504 2990 animadvertit
3534 2935 3648 3004 quod

481 1749 814 1821 gnarumque
848 1757 998 1811 toros,
1028 1755 1082 1800 et
1106 1756 1242 1815 prata
1264 1752 1488 1801 recentia
1523 1752 1645 1803 rivis

481 1811 761 1863 Iucolimus.
1108 1811 1124 1815 ⁷

947 1872 1144 1938 (Virgil.
1168 1873 1204 1923 l.
1226 1873 1293 1925 Vl
1318 1872 1513 1926 IEnet'd.
1548 1890 1594 1925 v.
1615 1875 1767 1939 674.)

388 1998 582 2055 Postea
605 2014 733 2054 vero
755 1998 806 2053 in
829 1998 1014 2055 codice
1039 1999 1186 2070 regio
1208 1998 1466 2070 legimus:
1496 2018 1515 2050 ‹
1536 1999 1768 2055 Facilius
1790 2000 1841 2055 in
1864 2015 1986 2056 con-

393 2089 766 2147 tubernalibus
791 2088 1064 2159 disputare
1085 2130 1099 2154 ,
1143 2106 1303 2161 quam
1333 2106 1620 2147 coiisererc
1661 2093 1982 2159 sapientium

387 2181 552 2237 modo
584 2180 635 2235 in
668 2182 812 2248 istis,
844 2192 948 2237 etc.
975 2199 994 2233 ι
1021 2182 1150 2249 Quae
1178 2182 1395 2253 quidem
1425 2182 1713 2254 depravata
1744 2184 1984 2255 pluribus

386 2285 670 2346 apparent.
702 2275 1061 2344 Quamobrem
1091 2276 1256 2346 aliqui
1285 2278 1486 2347 opinati
1515 2286 1644 2333 sunt
1676 2278 1979 2348 legendum,

390 2386 411 2421 ι
433 2383 595 2439 quam
621 2384 911 2424 conserere
935 2369 1163 2440 sapienti
1196 2385 1447 2425 manum:
1475 2389 1495 2424 ›
1516 2371 1604 2425 alii
1630 2385 1758 2425 vero
1781 2389 1801 2422 ι
1821 2386 1981 2440 quam

381 2475 674 2517 conserere
694 2462 1018 2534 sapientium
1046 2462 1241 2530 modo,
1269 2483 1289 2516 ι
1318 2464 1369 2519 id
1397 2473 1514 2531 est,
1546 2464 1687 2519 sicut
1711 2467 1983 2534 sapientes

380 2554 524 2609 inter
549 2569 608 2609 se
632 2555 865 2625 colloqui
894 2563 949 2610 et
973 2554 1253 2625 disputare
1279 2557 1473 2611 solent.
1503 2556 1572 2612 At
1595 2558 1719 2628 quia
1743 2557 1847 2613 hoc
1872 2572 1983 2613 ver-

385 2644 516 2702 bmn
552 2666 571 2698 ι
596 2662 883 2704 conserere
901 2687 917 2714 ,
944 2666 963 2699 ι
995 2647 1169 2702 solum
1192 2689 1209 2715 ,
1237 2662 1301 2703 ac
1326 2649 1443 2704 sine
1470 2648 1652 2704 addito
1681 2649 1858 2719 aliquo
1884 2664 1982 2705 no—

383 2737 565 2803 mine,
608 2749 733 2808 puta
772 2754 1017 2807 manum,
1060 2755 1322 2809 pugnant,
1361 2739 1578 2804 bellum,
1619 2751 1710 2794 aut
1748 2740 1873 2809 quid
1911 2739 1983 2794 si-

386 2831 549 2888 mile.
581 2832 665 2886 vix
710 2848 962 2903 umquam
1002 2847 1033 2886 a
1074 2832 1229 2889 bonis
1267 2833 1619 2904 scriptoribus
1658 2832 1977 2900 adhibetur,

391 2922 523 2977 nihil
569 2923 749 2992 procul
790 2922 953 2977 dubio
994 2923 1163 2990 certi,
1212 2924 1327 2978 sine
1374 2924 1593 2979 alterius
1633 2924 1983 2994 manuscripti

390 3014 593 3070 codicis
622 3015 820 3069 auxilio
848 3014 1059 3071 deliniri
1091 3025 1287 3084 potest.
2083 3013 2222 3083 apud
2249 3014 2599 3072 Columellam
2646 3019 2900 3090 legimus:
2936 3040 2956 3074 ‹
2985 3022 3157 3079 Media
3195 3035 3281 3080 est
3319 3027 3533 3083 olivitas
3564 3029 3652 3099 ple-

450 3106 619 3161 Paulo
647 3115 765 3175 post
789 3106 1036 3163 Caecilius
1058 3121 1088 3161 a
1116 3106 1347 3161 Minucio
1374 3107 1536 3176 petit,
1567 3116 1625 3161 ut
1650 3108 1704 3164 in
1731 3123 1826 3164 sua
1856 3123 1978 3166 cum
2081 3119 2306 3176 rumque
2335 3106 2545 3163 illilium
2578 3113 2778 3167 mensis
2808 3114 3145 3182 Decembris;
3176 3133 3300 3172 nam
3328 3131 3386 3174 el
3424 3129 3541 3175 ante
3571 3121 3651 3176 ίιοε

379 3198 603 3255 Octavio
629 3196 994 3268 disputatione
1021 3196 1210 3252 libram
1239 3205 1420 3251 teneat
1444 3199 1734 3265 aequissimi
1758 3201 1974 3269 judicis.
2005 3205 2052 3270 α
2086 3204 2300 3267 tempus
2335 3200 2591 3256 acerbum
2622 3204 2798 3259 oleum
2828 3206 3115 3262 conficitur
3171 3209 3414 3281 (Cotum.
3447 3213 3529 3267 lib.
3558 3227 3643 3279 xu,

381 3310 402 3344 ε
423 3292 501 3346 Ac
528 3290 655 3344 mihi
685 3291 837 3359 quasi
863 3288 1102 3358 ignarus,
1128 3287 1239 3342 sita
1267 3303 1391 3343 eum
1417 3289 1738 3359 alloquitur:
1771 3311 1791 3344 ι
1813 3294 1977 3363 partis
2082 3306 2200 3362 cap.
2228 3291 2319 3347 50.
2343 3293 2457 3347 init.
2488 3312 2609 3366 pag.
2632 3295 2816 3367 484).»
2841 3298 3098 3366 Quamvis
3123 3313 3302 3358 autem
3337 3303 3388 3359 id
3418 3305 3648 3374 aliquibus

374 3384 656 3452 utriusque
683 3380 958 3436 considas.
989 3401 1007 3432 ι
1045 3379 1241 3436 Verum
1270 3382 1523 3437 Onzelins
1547 3391 1734 3437 contra
1775 3383 1976 3440 codicis

374 3473 510 3544 regii
555 3471 713 3526 (idem
755 3471 862 3534 ibi,
903 3470 1041 3526 sicut
1086 3471 1138 3525 in
1181 3469 1469 3527 Oxoniensi
1507 3471 1779 3540 editione,
1809 3473 1978 3527 corri-

373 3563 611 3636 gendum
641 3570 859 3618 censet:
895 3581 915 3615 ι
940 3561 1161 3617 Milii....
1191 3563 1465 3631 cciiﬂdas;
1491 3583 1511 3618 ι
1543 3565 1974 3635 quandoquidem

374 3654 744 3728 grammaticis
774 3653 919 3709 dictu
950 3655 1259 3710 inusitatum
1287 3665 1400 3711 est:
1439 3675 1458 3709 ι
1482 3656 1653 3713 Judex
1685 3657 1814 3712 mihi
1846 3673 1975 3713 con-

375 3747 534 3804 ﬁdas.
563 3768 583 3799 ι
612 3750 680 3802 At
708 3762 889 3803 nonne
915 3748 1058 3818 apud
1090 3748 1366 3818 Virgilium
1397 3764 1542 3818 saepe
1571 3749 1761 3821 legitur
1788 3752 1933 3807 arvis
1954 3793 1970 3818 ,

379 3840 615 3906 mensis,
661 3841 909 3895 transtris
950 3841 1271 3897 considere?
1309 3840 1418 3897 Cur
1456 3858 1584 3913 ergo
1627 3842 1707 3898 fas
1743 3842 1974 3901 Minucio

370 3949 480 3990 non
521 3932 619 3988 fuit
660 3932 931 3989 scribere:
976 3952 995 3985 ι
1023 3933 1194 3991 index
1239 3933 1368 3988 mihi
1407 3935 1689 3999 considas;
1718 3955 1737 3988 ι
1778 3952 1902 3991 cum
1941 3953 1972 3993 a

372 4023 638 4080 Cicerone
680 4025 841 4079 etiam
883 4023 1111 4094 aliisque
1149 4026 1481 4095 politissimis
1510 4028 1864 4099 scriptoribus
1888 4029 1970 4085 di-

369 4126 515 4174 ctum
550 4117 738 4179 fuerit.
773 4135 792 4169 ‹
817 4116 943 4172 Mihi
971 4117 1173 4173 assidet
1196 4159 1209 4181 ,
1244 4119 1362 4174 Jovi
1393 4120 1612 4176 assidet.
1643 4140 1662 4174 s

443 4210 597 4282 Quod
627 4211 846 4280 insuper
874 4210 926 4265 in
959 4212 1323 4281 manuscripto
1349 4212 1536 4267 codice
1564 4214 1821 4284 scriptum
1850 4224 1968 4276 est:

379 4320 400 4355 ι
431 4302 560 4370 Qua:
582 4316 742 4372 supra
769 4316 897 4366 nos,
925 4301 1064 4357 creto
1089 4317 1379 4373 suspensa,
1411 4304 1618 4358 sublata
1647 4314 1802 4373 sunt,
1835 4325 1853 4358 ι
1883 4323 1969 4363 er—
2071 4308 2273 4364 codicis
2306 4310 2464 4365 Iidem
2491 4314 2831 4383 conjectura.

369 4394 510 4450 roris
532 4404 842 4466 suspectum
865 4393 1186 4465 quibusdam
1213 4395 1441 4451 videtur.
1470 4396 1575 4451 Pro
1593 4397 1791 4451 sublata
1812 4399 1970 4469 igitur
2144 4399 2275 4454 Post
2292 4402 2405 4457 haec
2426 4401 2478 4457 in
2495 4404 2654 4459 editis
2669 4408 2897 4478 legimus
2916 4410 3031 4468 haec
3050 4413 3258 4472 Octavii
3281 4420 3469 4478 verba:
3489 4421 3634 4479 «Aves

365 4488 758 4544 restituendum
787 4496 975 4557 putant
996 4486 1319 4553 sublimata;
1346 4489 1486 4555 quod
1514 4489 1729 4557 quidem
1756 4500 1814 4545 ut
1837 4506 1968 4546 con-
2070 4489 2188 4546 Sine
2212 4493 2535 4562 ραιτὶῐηοηὶο
2560 4499 2743 4553 Vivum
2763 4541 2777 4566 ι
2805 4511 2860 4556 ει
2886 4503 2938 4556 i"
2959 4504 3103 4561 diem
3129 4524 3296 4578 Ρθουει
3321 4525 3625 4584 Damnum

366 4581 549 4636 ﬁrmet
580 4580 842 4649 Rigaltius
863 4619 877 4643 ,
909 4579 1039 4632 citat
1068 4578 1185 4632 haec
1214 4578 1337 4633 libri
1369 4579 1646 4649 cujusdam
1673 4622 1689 4644 ,
1723 4597 1963 4652 praepos-
1991 4589 2046 4651 Ι)
2070 4581 2142 4639 At
2169 4584 2220 4638 in
2248 4585 2437 4642 codice
2466 4590 2615 4658 regio
2641 4594 2900 4662 scriptum
2928 4607 3012 4651 est
3046 4617 3065 4649 ι
3092 4614 3293 4668 pascua
3321 4578 3621 4675 pascuntur.»

365 4681 486 4728 tere
515 4670 801 4725 Ambrosio
829 4668 1117 4738 adscripti,
1152 4670 1312 4724 verba
1331 4711 1344 4730 .
1379 4688 1398 4719 ε
1423 4670 1666 4737 Qualiter
1690 4682 1838 4728 esset
1867 4674 1967 4730 hoc
2071 4673 2201 4741 Qua:
2228 4687 2377 4734 certe
2405 4682 2638 4737 auctoris
2668 4682 2829 4739 lectio
2865 4702 2971 4742 non
3001 4688 3193 4747 debuit
3230 4668 3377 4751 lania
3411 4697 3622 4753 facilitate

364 4763 564 4819 emtum
592 4775 773 4823 omne.
801 4760 943 4829 quod
970 4760 1277 4826 cernimus,
1307 4759 1473 4815 ardua
1498 4762 1828 4820 sublimitate
1851 4779 1968 4820 sus-
2067 4769 2358 4827 immutari.
2395 4773 2594 4830 Pascua
2624 4777 2768 4832 enim
2796 4789 2921 4835 sunt
2949 4782 3061 4837 loca
3083 4825 3096 4847 ,
3129 4785 3183 4840 in
3215 4789 3408 4857 quibus
3431 4786 3630 4860 pecudes

362 4850 1145 4950 pcnsum(Lio.deSalomoue
1164 4850 1471 4950 oppend.).s
1501 4851 1820 4922 Sedpotiori
1843 4853 1966 4925 jure
2068 4875 2377 4932 pascuntur.
2426 4866 2536 4921 Cur
2584 4884 2713 4940 ergo
2761 4871 2831 4925 ab
2879 4873 3103 4930 Octavio
3150 4850 3260 4934 dici
3306 4897 3409 4937 non
3432 4850 3622 4950 lpotttit.

367 4960 471 5017 pro
498 4942 848 5014 manuscripti
881 4943 1011 5012 regii
1055 4942 1285 4997 lectione
1315 4959 1601 5013 possumus
1630 4962 1811 5002 verum
1853 4949 1968 5004 lau-
2073 4972 2092 5005 ι
2120 4968 2314 5024 pascua
2343 4967 2670 5026 pascuntur,
2700 4980 2720 5014 ι
2753 4965 3207 5033 quemadmodum
3240 4986 3271 5025 a
3307 4942 3533 5044 Virgilio:

2255 5067 2532 5121 Pascuntur
2547 5086 2669 5148 vero
2682 5074 2921 5148 sylvasnet
2941 5091 3128 5148 summa
3146 5081 3327 5148 Lycaei.

2596 5135 2805 5200 (Virgil.
2832 5139 2917 5189 tib.
2943 5154 2995 5192 ιιι
3018 5135 3205 5210 Georg:
3224 5160 3277 5198 v.
3298 5148 3444 5211 sit.)

2086 3391 2292 3439 tantum
2321 3386 2374 3440 in
2403 3389 2714 3457 regionibus
2733 3394 3038 3463 contingat,
3062 3394 3178 3450 [nec
3205 3396 3546 3454 nihilominus
3562 3398 3646 3454 Co-

2081 3474 2314 3532 lumellas
2344 3481 2507 3535 verba
2536 3480 2603 3534 ad
2634 3486 2870 3540 auctoris
2903 3488 3070 3542 nostri
3115 3490 3444 3558 probandam
3484 3491 3643 3547 lectio-

2077 3581 2200 3644 nem
2244 3570 2400 3639 plano
2437 3572 2794 3633 sufficiebant.
2836 3579 2892 3632 Si
2933 3581 3077 3634 enim
3117 3581 3334 3638 olivitas
3368 3595 3452 3640 est
3488 3600 3643 3641 mense

2077 3662 2359 3720 Decembri
2381 3707 2395 3729 ,
2430 3682 2612 3723 nonne
2639 3669 2878 3741 hyberna
2916 3673 3019 3729 dici
3063 3676 3269 3745 potuit?
3301 3679 3385 3734 Ad
3414 3680 3517 3736 lucc
3538 3694 3644 3735 vero

2076 3754 2268 3813 Cicero
2304 3772 2373 3813 ex
2410 3760 2606 3816 vitibus
2643 3775 2698 3817 et
2735 3766 2979 3836 olivetis,
3024 3784 3144 3839 quae
3184 3788 3292 3827 non
3333 3772 3387 3829 in
3427 3774 3633 3830 omnibus

2079 3856 2239 3904 terra:
2270 3852 2509 3918 partibus
2533 3869 2816 3924 crescunt,
2845 3860 3037 3915 eodem
3065 3862 3223 3931 plane
3241 3906 3257 3927 ,
3285 3881 3397 3937 quo
3424 3867 3636 3924 Minucius

2075 3940 2239 3995 modo
2265 3954 2667 4014 argumentatur
2699 3947 2841 4020 (Cic.
2875 3952 2963 4005 tib.
3020 3969 3058 4009 ii
3112 3955 3177 4009 de
3205 3954 3336 4012 Nat.
3368 3959 3506 4015 Deor.
3533 3976 3633 4031 pag.

2073 4033 2198 4099 238,
2231 4036 2329 4092 lin.
2362 4037 2429 4092 16
2448 4040 2521 4111 ).›
2550 4040 2617 4095 At
2645 4039 2952 4100 Gronovius
2979 4047 3237 4104 ariolatur
3263 4051 3331 4107 ab
3360 4053 3531 4109 eodem
3561 4051 3639 4106 Ili-

2075 4128 2234 4181 nucio
2258 4129 2518 4200 scriptum
2545 4130 2710 4189 fuisse
2738 4135 2950 4207 ligberni
2967 4179 2982 4202 ,
3013 4138 3065 4194 id
3096 4150 3180 4196 est
3208 4141 3418 4213 hyemis
3443 4143 3637 4203 olivitas;

2073 4217 2167 4273 sed
2220 4219 2354 4274 futili
2401 4237 2620 4291 prorsus
2661 4240 2939 4297 vanaque,
2984 4244 3047 4286 ac
3088 4244 3281 4288 contra
3327 4231 3636 4304 manuscripli

361 5039 494 5095 dare
523 5035 871 5101 Ciceronem,
900 5034 990 5104 qui
1018 5046 1206 5088 contra
1237 5035 1449 5091 Rullum
1480 5054 1574 5107 pro
1602 5039 1717 5109 lege
1743 5043 1964 5110 Agraria

360 5130 527 5187 dixit:
562 5148 582 5182 r
606 5129 833 5184 Romam
871 5128 922 5181 in
959 5127 1231 5183 montibus
1268 5128 1494 5199 positam
1535 5142 1589 5188 et
1627 5135 1961 5191 convallibus

365 5224 661 5282 ctenaculis
681 5220 944 5275 sublatam
967 5231 1128 5290 atque
1150 5237 1464 5292 su-pensam
1491 5224 1510 5296 (
1542 5222 1708 5281 Cicer.
1732 5225 1883 5282 Orat.
1901 5225 1955 5295 2,

359 5332 454 5385 pro
481 5315 589 5385 lege
614 5313 798 5383 Agrar.
828 5329 948 5384 pag.
981 5312 1088 5368 509
1108 5310 1149 5384 ).
1166 5332 1184 5365 ι

425 5408 486 5463 ln
531 5405 801 5460 nonnullis
846 5405 1173 5462 editionibus
1223 5407 1337 5465 haec
1388 5410 1552 5465 verba
1602 5411 1781 5481 legere
1829 5422 1950 5470 est:

361 5519 381 5551 ι
411 5499 562 5555 Licet
604 5508 800 5553 terram
843 5498 1180 5555 lutulaverint
1220 5502 1477 5571 pondera.
1506 5520 1526 5555 ι
1552 5502 1608 5557 In
1637 5503 1757 5558 aliis
1784 5521 1946 5563 vero:

358 5608 379 5643 α
404 5590 555 5647 Licet
592 5600 793 5645 terram
831 5591 1133 5647 fundaverit
1175 5593 1401 5661 pondus.
1432 5611 1451 5645 ι
1485 5593 1590 5649 Sed
1631 5596 1794 5653 meris
1820 5613 1951 5655 con-

344 5681 571 5752 jecturis
601 5681 870 5736 immutari
892 5697 998 5736 non
1020 5681 1205 5737 debuit
1235 5684 1349 5739 haec
1369 5683 1573 5742 codicis
1595 5690 1946 5760 manuscripti

348 5774 550 5843 lectio:
582 5789 601 5827 ι
621 5770 771 5835 Licet
801 5782 1002 5837 terram
1031 5773 1338 5834 fundaverit
1367 5779 1629 5852 pondere.
1653 5799 1673 5837 ι
1707 5781 1842 5840 Nam
1870 5782 1946 5843 ibi

2133 5234 2264 5290 Tam
2290 5237 2555 5295 obscurus
2582 5242 2760 5299 adhuc
2795 5262 2955 5317 quam
2991 5247 3318 5319 depravatae
3346 5261 3423 5309 est
3453 5251 3523 5305 hic
3549 5247 3621 5303 lo-

2058 5341 2188 5394 cus,
2220 5343 2379 5400 quem
2414 5334 2808 5401 manuscriptus
2834 5335 3005 5393 codex
3037 5341 3117 5394 sic
3143 5341 3391 5397 exhibet:
3422 5359 3440 5392 ι
3461 5338 3508 5393 In
3530 5337 3616 5392 hoc

2051 5417 2188 5475 adeo
2226 5418 2444 5487 quidam
2485 5423 2726 5493 imperiis
2773 5441 2837 5482 ac
2867 5428 3325 5487 dominationibus
3350 5432 3610 5502 eriguntur.

2050 5521 2109 5565 ut
2132 5512 2402 5583 ingenium
2425 5528 2614 5572 eorum
2639 5518 2865 5585 perdita:
2887 5524 3084 5578 mentis
3113 5523 3345 5581 licentia:
3371 5521 3612 5596 potestatis

2050 5604 2217 5662 libere
2245 5610 2631 5668 nundinentur.
2662 5632 2681 5666 ι
2711 5613 2837 5671 Haec
2863 5628 3042 5673 autem
3066 5632 3191 5674 cum
3221 5620 3380 5674 ullum
3408 5618 3485 5672 vix
3504 5629 3608 5671 sen-

2048 5714 2167 5755 sum
2201 5700 2403 5758 habere
2429 5704 2762 5773 viderentur,
2799 5708 2877 5762 sic
2906 5709 2958 5763 in
2990 5709 3152 5765 editis
3177 5710 3445 5767 emendata
3472 5712 3598 5761 sunt;

2054 5791 2159 5851 (in
2209 5793 2314 5853 hoc
2359 5796 2495 5857 adeo
2540 5799 2760 5872 quidam
2803 5801 3047 5876 imperiis
3088 5817 3152 5862 ac
3197 5799 3600 5865 dominationibus
