3802 6276
178 268 263 326 tot
1530 266 2000 327 DlSSERTATIO.
2761 316 2787 343 ,

3352 286 3459 343 802

173 383 446 454 eriguntur,
482 395 543 444 ut
574 386 851 460 ingenium
889 402 1075 444 eorum
1106 389 1326 460 perditae
1353 398 1561 461 mentes
1590 391 1755 446 licen-
1785 386 1839 449 A
1865 394 2039 450 tetur;
2071 400 2134 442 ea
2179 394 2381 443 tantum
2427 403 2547 459 quas
2595 389 2661 445 ad
2706 391 2850 449 illam
2899 395 3197 466 faciebant,
3245 406 3461 461 caeteris

174 476 234 531 tia
260 479 537 548 [attestatis
565 480 737 535 libere
779 482 1161 535 nundinentur.
1188 499 1207 533 ι
1241 482 1503 553 Rigaltius
1540 489 1717 536 autem
1738 522 1754 548 ,

179 586 198 620 ι
228 569 435 637 perdita:
486 583 727 637 mentes,
750 590 770 624 ι
806 572 948 627 idem
997 572 1300 643 signiﬁcare
1346 580 1565 640 censet,
1597 581 1757 641 atque

182 661 603 729 calumniatores,
625 663 935 717 adulatores
952 705 966 723 .
989 673 1045 718 et
1064 663 1366 733 hujusmodi
1388 663 1518 718 alias
1542 664 1755 734 generis

180 751 387 810 humani
429 766 620 827 pestes.
658 752 768 809 Nec
816 754 970 825 plura
1023 755 1238 824 quidem
1267 755 1356 810 ille
1382 755 1453 809 ibi
1482 755 1749 810 observat.

1868 479 2275 548 prtetvrmissis,
2319 480 2521 549 putavit
2560 496 2680 538 esse
2721 487 3007 543 narranda.
3055 491 3292 563 Denique
3320 495 3459 551 Ter-

1866 572 2122 628 tullianus
2159 573 2321 627 simili
2360 572 2724 631 ChriSIianum
2755 577 2895 634 inter
2921 588 2975 634 et
3002 584 3328 657 proselytum
3357 586 3455 643 Ju-

1859 661 2035 717 daeum
2079 664 2443 735 disputatione
2485 674 2652 722 totum
2696 668 2840 724 diem
2884 671 2951 725 ad
2979 689 3258 743 vesperam
3287 692 3457 750 usque

1859 753 2187 820 insumptum
2237 754 2402 810 fuisse
2446 757 2529 813 bis
2572 759 2757 826 primis
2802 761 2921 817 libri
2949 765 3029 818 sui
3074 766 3334 823 adversus
3359 769 3457 825 Ju-

177 845 382 906 Hinucii
412 867 567 920 porro
589 850 740 905 verba
757 890 774 916 ,
802 851 882 905 sic
907 862 1148 907 correcta
1166 894 1181 919 ,
1207 851 1350 908 hunc
1371 851 1607 909 efﬁciunt
1628 867 1753 907 sen-
1855 844 2004 900 datos
2033 847 2214 902 verbis
2239 859 2426 918 aperte
2453 850 2731 907 declarat:
2758 871 2778 904 ι
2806 853 3058 911 Proxime
3089 860 3314 923 accidit,
3345 862 3457 917 dis-

177 952 325 998 sum:
354 943 697 1008 Adulatores,
731 942 819 996 vel
848 942 1262 999 calumniatores
1296 943 1566 1015 ingenium
1595 944 1748 1014 prin-

174 1033 346 1102 cipum
389 1043 444 1088 et
487 1047 698 1103 regum,
746 1033 961 1087 licentia
1006 1034 1316 1104 potestatis,
1357 1050 1515 1104 quam
1558 1036 1608 1089 in
1652 1049 1748 1090 eos

174 1123 389 1189 habent,
418 1126 579 1181 libere
602 1125 986 1180 nundinantur.
1021 1127 1124 1180 Alii
1150 1142 1278 1182 vero
1304 1126 1585 1197 legendum
1616 1128 1747 1182 inal-

170 1214 298 1273 lentz
330 1235 350 1268 ι
378 1215 447 1273 Ut
475 1217 744 1287 ingenium
775 1232 965 1273 eorum
996 1218 1218 1288 perditae
1246 1219 1441 1275 mentis
1470 1219 1742 1275 licentiam

170 1309 436 1381 potestatis
478 1308 647 1365 libere
687 1310 1039 1365 nundinetur:
1068 1328 1088 1362 ι
1121 1311 1173 1365 id
1202 1320 1316 1378 est,
1352 1312 1472 1366 ideo
1496 1312 1741 1368 evehun-

176 1410 284 1469 tur,
310 1412 367 1457 ut
404 1402 669 1472 ingenium
716 1402 939 1472 perdita:
976 1418 1162 1458 eorum
1193 1405 1388 1460 mentis
1416 1406 1743 1461 nundinetur

179 1492 435 1565 potestatis
471 1492 651 1548 libera:
693 1492 985 1548 licentiam.
1028 1494 1330 1551 Gronovius
1368 1497 1612 1565 tandem,
1650 1513 1740 1553 re-

185 1585 332 1642 tentis
348 1584 551 1640 vocibus
576 1601 594 1635 (
618 1584 832 1641 licentia
851 1628 868 1653 ,
893 1598 947 1642 et
974 1587 1155 1642 libera:
1183 1591 1462 1658 potestatis
1479 1631 1494 1656 ,
1522 1610 1542 1644 ι
1570 1599 1737 1646 talum

198 1678 327 1736 hunc
357 1678 506 1734 locum
547 1678 627 1733 sic
664 1679 928 1749 explicat:
978 1680 1378 1736 Dominationes
1416 1691 1472 1738 et
1517 1684 1736 1754 imperia

201 1770 513 1828 nundinentur
535 1785 721 1826 eorum
753 1772 1022 1842 ingenium
1054 1772 1278 1842 perditae
1306 1775 1536 1841 mentis,
1567 1775 1732 1831 licen-
1762 1775 1813 1835 B

206 1866 275 1920 tia
319 1865 467 1919 libera:
505 1864 801 1933 potestatis.
855 1864 963 1920 Sed
1012 1867 1133 1934 quis
1182 1880 1493 1923 asseverare
1545 1868 1738 1925 audeat

206 1965 334 2012 tanta
376 1953 723 2026 perspicuitate
764 1966 818 2010 et
869 1957 1136 2027 elegantia
1185 1958 1380 2029 ubique
1427 1959 1734 2030 loquentem

200 2047 475 2114 linncium,
519 2048 569 2103 in
609 2058 810 2103 tantam
857 2052 1165 2119 prolapsum
1195 2065 1315 2106 esse
1343 2054 1609 2108 sermmiis
1636 2054 1735 2109 ob-

195 2140 494 2196 scuritatem?
518 2138 693 2196 Satius
724 2141 883 2211 igitur
911 2151 995 2196 cst
1032 2141 1099 2196 ad
1146 2142 1289 2199 hunc
1326 2144 1499 2199 locum
1536 2160 1735 2201 sanan-

193 2232 304 2288 dum
340 2232 557 2287 melioris
594 2245 737 2288 nota:
775 2234 978 2290 codicis
1016 2249 1172 2303 opem
1219 2246 1530 2307 expectare,
1574 2255 1734 2310 quam

190 2328 323 2384 vanis
348 2328 637 2399 levibusque
665 2328 942 2399 indulgere
970 2330 1311 2399 conjecturis.

249 2417 369 2473 Tum
392 2418 568 2473 deinde
589 2420 928 2474 continenter
952 2421 1233 2476 Octavius:
1263 2440 1283 2474 ι
1310 2421 1525 2493 Absque
1550 2422 1734 2477 notitia

188 2512 298 2576 Dei,
341 2513 512 2584 inquit,
551 2529 673 2584 qum
717 2524 896 2586 potest
937 2530 1060 2571 esse
1102 2518 1273 2573 solida
1317 2518 1581 2584 felicitas,
1613 2534 1735 2575 cum

188 2617 317 2657 mors
339 2604 400 2658 sit
425 2606 628 2660 somnio
656 2606 889 2660 similis?
921 2613 1220 2677 Antequam
1256 2618 1500 2665 teneatur
1521 2651 1535 2673 ,
1566 2610 1733 2666 elabi-

187 2701 277 2748 tur.
296 2711 315 2745 ι
341 2693 673 2764 Suspicanlur
698 2697 914 2767 quidam
948 2698 1017 2751 ibi
1053 2712 1235 2754 vocem
1255 2742 1269 2765 ,
1302 2717 1460 2765 mors,
1492 2716 1614 2757 esse
1642 2718 1734 2758 su-

185 2798 549 2855 pervacaneam.
577 2789 681 2844 Alii
708 2804 808 2859 pro
834 2805 894 2843 ea
921 2806 1115 2845 nomen
1142 2808 1224 2846 res
1248 2793 1499 2848 substitui
1528 2794 1732 2849 volunt.

187 2875 253 2930 At
272 2878 527 2946 prudenter
552 2881 685 2935 nihil
717 2882 769 2935 in
799 2889 951 2936 textu
981 2893 1261 2938 mutatum.
1286 2883 1430 2940 Satis
1453 2885 1596 2940 enim
1625 2887 1738 2955 pla-

186 2981 278 3020 nus
315 2981 368 3023 ac
402 2973 703 3039 perspicuus
748 2980 833 3026 est
882 2973 966 3028 hic
1012 2976 1248 3029 auctoris
1292 2977 1461 3030 nostri
1504 2991 1734 3032 sensus:

182 3058 372 3127 Ab5quc
407 3060 489 3116 Dei
535 3062 722 3117 notitia
753 3078 860 3117 non
894 3074 1070 3133 potest
1097 3080 1217 3120 esse
1256 3067 1426 3122 solida
1470 3067 1731 3132 felicitas,

1859 938 2067 1006 putatio
2098 936 2277 992 habita
2305 948 2386 992 est
2410 938 2722 996 Christiano
2751 952 2804 996 et
2832 947 3104 1018 proselon
3126 948 3332 1006 Judieo.
3361 953 3455 1008 Al-

1855 1027 2022 1081 ternis
2047 1027 2254 1082 vicibus
2283 1030 2623 1086 contentiosa
2653 1032 2778 1088 fune
2808 1043 3034 1105 uterque
3061 1040 3202 1094 diem
3233 1042 3284 1097 in
3326 1057 3452 1099 ves-

1853 1133 2035 1187 peram
2070 1127 2347 1174 traxerunt
2400 1119 2660 1189 (Tertull.
2695 1123 2782 1179 lib.
2816 1126 3014 1183 advers.
3045 1128 3288 1197 Iudam,
3330 1150 3448 1205 cap.

1848 1208 1883 1264 2
1908 1207 1952 1281 ).
1986 1228 2005 1261 ι
2037 1210 2203 1265 Nemo
2230 1220 2407 1267 tamen
2441 1213 2565 1269 inde
2594 1227 2683 1270 aut
2713 1229 2899 1274 contra
2932 1221 3091 1290 hujus
3120 1232 3301 1280 textus
3337 1227 3451 1280 sitt-

1850 1300 2156 1369 ceritatem,
2187 1312 2279 1357 aut
2320 1314 2509 1359 contra
2548 1305 2926 1374 disputationis
2965 1315 3244 1368 veritatem
3289 1330 3449 1384 argu-

1845 1392 2074 1447 mentari
2117 1408 2368 1464 umquam
2408 1409 2572 1451 ausus
2610 1406 2713 1453 est.
2756 1398 2811 1455 Si
2851 1415 2970 1471 qua:
3006 1418 3165 1473 porro
3194 1404 3297 1459 alia
3338 1406 3448 1460 sint

1845 1481 2132 1552 depravata
2160 1484 2375 1541 Minucii
2403 1487 2565 1542 verba
2584 1531 2600 1555 ,
2643 1499 2735 1543 aut
2765 1495 3124 1563 corruptionis
3152 1506 3400 1566 suspecta
3427 1539 3443 1565 ,

1844 1574 1914 1631 de
1940 1575 2006 1630 iis
2032 1575 2118 1631 ubi
2144 1577 2355 1633 occasio
2381 1592 2442 1634 se
2470 1578 2692 1646 olferet,
2717 1581 2855 1638 infra
2880 1585 3298 1655 disputabimus.

2438 1730 2730 1773 Αιιτιευιῐιε
2770 1733 2846 1773 Vl.

1842 1828 1982 1897 Quid
2019 1829 2279 1885 Minucius
2316 1846 2378 1885 ea:
2402 1832 2518 1886 aliis
2546 1835 2875 1904 scriptoribus
2905 1835 3172 1904 Cicerone,
3205 1837 3402 1894 Seneca
3425 1881 3441 1907 ,

1908 1920 2257 1989 Tertulliano,
2289 1938 2351 1976 ac
2374 1923 2596 1978 vicissim
2621 1941 2684 1980 ea:
2714 1927 2809 1981 hoc
2836 1928 3065 1997 ejusdem
3102 1929 3327 1985 Minucii
3365 1932 3422 1985 lit

1912 2012 2000 2066 bro
2030 2008 2319 2082 Cyprianus
2349 2012 2537 2084 aliique
2563 2013 2912 2071 delibaueriut.

1911 2143 2375 2212 Quemadmodum
2408 2145 2558 2215 plura
2592 2146 2645 2201 in
2678 2147 2780 2203 hoc
2808 2148 3022 2206 Minucii
3053 2151 3189 2207 libro
3220 2167 3285 2209 ex
3318 2153 3440 2209 aliis

1845 2236 2227 2303 scriptoribus,
2269 2245 2394 2307 puta
2434 2237 2724 2304 Cicerone,
2758 2240 2994 2308 Seneca,
3027 2253 3085 2298 et
3108 2242 3438 2301 Tertulliano

1839 2328 2102 2395 delibata;
2136 2329 2205 2384 ita
2236 2331 2395 2383 etiam
2427 2331 2594 2387 multa
2620 2346 2686 2386 ex
2719 2332 2808 2387 illo
2845 2348 2875 2387 a
2916 2333 3187 2406 Cypriano
3216 2336 3438 2391 totidem

1838 2421 2046 2485 verbis,
2081 2421 2132 2474 in
2160 2435 2313 2475 suum
2357 2423 2653 2490 praesertim
2703 2423 2768 2477 de
2795 2422 3065 2480 [dolorum
3104 2426 3336 2483 Vam'late
3363 2428 3435 2483 Ii-

1839 2511 2030 2578 brum,
2065 2511 2320 2565 translata
2352 2511 2848 2571 animadvertimus.
2896 2515 3158 2572 Nonnulla
3199 2534 3328 2575 vero
3368 2535 3437 2575 ex

1838 2605 1946 2661 illis
1987 2619 2126 2659 nunc
2170 2604 2496 2675 seligemus;
2536 2615 2729 2661 ets-tera
2776 2622 2845 2660 ne
2893 2607 3081 2663 eadem
3121 2621 3436 2680 repetantur

1838 2695 1952 2751 suis
1978 2695 2127 2758 locis,
2160 2696 2246 2749 ubi
2273 2710 2393 2763 quze
2416 2694 2676 2751 Minucius
2697 2695 2880 2763 docet,
2905 2699 3224 2756 excutienda
3251 2711 3434 2769 erunt,

1838 2787 2175 2844 commodius
2202 2787 2549 2843 reservaturi.

1911 2880 2148 2936 Primum
2178 2881 2355 2951 itaque
2384 2880 2645 2937 Minucius
2673 2897 2836 2937 unum
2868 2883 3034 2939 Deum
3068 2899 3254 2940 revera
3284 2886 3430 2940 esis-

1840 2981 1954 3027 tere
1994 2972 2094 3026 hoc
2123 2972 2310 3042 probat
2346 2984 2693 3042 argumento:
2727 2993 2746 3025 ι
2773 2974 2909 3041 Quid
2950 2985 3129 3044 potest
3165 2991 3286 3033 esse
3324 2988 3431 3032 tam

1839 3077 2083 3136 apertum
2103 3107 2119 3132 ,
2156 3074 2261 3119 tam
2292 3063 2597 3120 confessum
2616 3106 2632 3131 ,
2665 3077 2878 3137 tamque
2905 3068 3278 3138 perspicuum,
3309 3084 3431 3124 cum

175 3150 260 3204 sed
300 3151 427 3205 fluxa
467 3161 666 3208 tantum
710 3164 768 3210 et
808 3170 972 3221 vana;
1004 3158 1436 3227 quandoquidem
1467 3159 1581 3214 haec
1611 3161 1726 3216 leli-
1756 3154 1803 3219 C
1835 3160 2020 3213 oculos
2060 3157 2112 3212 in
2156 3156 2353 3212 ctelum
2392 3159 2735 3227 suspexeris,
2768 3167 2823 3212 et
2850 3176 2969 3228 qua:
2998 3170 3121 3214 sunt
3151 3160 3287 3215 intra
3314 3160 3424 3215 cir-

161 3241 294 3297 citss
332 3259 460 3301 mors
495 3254 602 3311 est,
646 3263 806 3317 quam
843 3251 1086 3315 somnio,
1124 3251 1238 3306 sive
1276 3265 1467 3307 somno
1496 3254 1727 3311 similem

155 3336 295 3405 apud
337 3336 726 3409 Xenophontem
768 3343 943 3411 Cyrus
981 3343 1224 3399 dicebat:
1264 3351 1500 3416 δῃὺτορον
1538 3355 1625 3414 μὶν
1664 3359 1759 3417 τῳ

158 3433 415 3502 ἀνθρωπίνῳ
437 3439 621 3505 Θανάτῳ
649 3438 778 3490 ὠδὶν
806 3444 929 3493 ἐστιν
958 3440 1101 3491 ὕπνου
1158 3434 1463 3509 (Xenoph,
1495 3438 1585 3492 lib.
1637 3454 1730 3493 νιιι

156 3519 226 3574 de
250 3522 471 3592 l'ltpsdit.
498 3522 617 3596 Cyr.
648 3543 771 3598 pag.
801 3528 905 3581 257
928 3532 969 3599 ).

229 3613 500 3686 Suspectus
536 3618 752 3675 tandem
793 3621 1112 3691 quibusdam
1156 3621 1398 3677 fortassis
1441 3622 1545 3678 erit
1588 3637 1728 3678 unus

156 3719 226 3761 ex
253 3707 332 3762 bis
350 3710 546 3766 duobus
574 3710 737 3776 locis,
763 3727 991 3783 quorum
1022 3715 1166 3784 prior
1190 3714 1313 3767 libri
1344 3713 1499 3769 initio
1523 3715 1600 3770 sic
1628 3714 1736 3769 ba-'

159 3795 342 3854 betur:
389 3818 408 3852 ί
442 3801 616 3874 Itaque
658 3818 781 3859 cum
831 3804 1068 3858 diluculo
1118 3803 1498 3859 inambulando
1547 3804 1729 3860 littore

166 3901 518 3960 pergeremus,
540 3903 680 3949 etc.»
706 3893 913 3962 Quibus
941 3894 1123 3949 verbis
1149 3893 1413 3949 Minucius
1439 3891 1725 3963 signiﬁcat,

168 3992 229 4035 se
245 3995 437 4042 summo
450 4001 600 4043 mane
617 4002 741 4043 cuni
759 3989 968 4043 duobus
988 3988 1147 4043 sociis
1168 3990 1279 4043 suis
1297 3988 1364 4043 ad
1387 4003 1535 4043 mare
1552 3990 1728 4044 inam-

176 4071 387 4131 bulando
415 4082 738 4149 perrexisse,
766 4096 829 4135 ac
858 4089 979 4151 post
1017 4095 1120 4135 non
1162 4081 1374 4151 longam
1410 4080 1724 4135 deambula-

182 4166 386 4237 tioncin,
408 4185 583 4229 oinnes
613 4172 680 4228 ad
710 4172 1087 4243 diSputandom
1117 4174 1170 4228 in
1200 4174 1390 4229 eodem
1417 4173 1728 4230 consedisse

190 4253 315 4311 loco.
341 4263 466 4319 Alter
488 4280 612 4321 vero
640 4266 826 4333 locus,
855 4267 944 4334 qui
988 4264 1111 4319 huic
1152 4279 1452 4335 repugnare
1492 4264 1723 4332 videtur,

199 4345 249 4399 in
274 4348 373 4405 libri
392 4352 478 4410 line
502 4358 587 4413 sic.
606 4357 864 4413 habetur:
895 4376 914 4408 ι
942 4357 1114 4412 Etiam
1155 4372 1297 4413 nunc
1334 4371 1510 4414 tamen
1549 4357 1725 4428 aliqua

197 4443 551 4507 consubsidunt.
571 4491 585 4505 .
609 4492 623 4505 .
649 4493 663 4506 .
686 4492 698 4506 .
720 4451 788 4505 de
817 4452 1012 4520 quibus
1038 4451 1303 4517 crastino;
1337 4451 1478 4520 quod
1504 4450 1615 4521 jam
1644 4450 1727 4505 sol

1832 3264 2000 3320 caque
2028 3247 2367 3308 lustraveris,
2398 3263 2557 3318 quam
2605 3263 2726 3303 esse
2766 3249 2981 3319 aliquod
3024 3265 3219 3307 numen
3262 3266 3428 3322 pnes-

1835 3340 2146 3395 tantissima:
2198 3339 2433 3404 mentis,
2488 3354 2595 3409 quo
2643 3341 2818 3395 omnis
2868 3353 3056 3397 natura
3110 3343 3421 3412 inspiretur.

1832 3440 2128 3498 moveatur,
2169 3432 2363 3497 alatur,
2403 3433 2766 3515 gubernetur?
2794 3453 2814 3488 ι
2839 3434 3032 3492 Cicero
3068 3447 3246 3492 autem
3287 3439 3429 3494 idem

1833 3536 2206 3597 argumentum
2251 3525 2441 3583 eodem
2486 3527 2645 3597 plane
2691 3528 2881 3593 modo,
2928 3528 3021 3583 sed
3063 3528 3307 3593 brevius,
3352 3532 3432 3586 sic

1832 3627 2014 3688 urget:
2044 3635 2063 3669 ι
2090 3616 2228 3685 Quid
2256 3626 2431 3686 potest
2471 3632 2593 3673 esse
2636 3627 2741 3672 tam
2784 3629 3029 3690 apertum
3062 3629 3277 3691 tamque
3307 3636 3430 3692 pcr-

1832 3710 2074 3779 spicuum
2093 3748 2109 3773 .
2139 3722 2261 3763 cum
2290 3708 2485 3764 ctelum
2514 3709 2854 3778 suspeximus
2872 3752 2890 3778 ,
2922 3713 3267 3784 cmlestiaque
3295 3728 3427 3769 con-

1833 3802 2072 3873 templati
2100 3816 2316 3869 sumus,
2347 3817 2506 3872 quam
2532 3817 2655 3858 esse
2682 3803 2897 3873 aliquod
2931 3820 3129 3861 numen
3171 3814 3431 3874 prmstan-

1833 3895 2054 3950 tissima:
2092 3894 2318 3958 mentis,
2380 3908 2488 3964 quo
2547 3893 2662 3949 haec
2721 3902 2980 3964 reguntur
3010 3893 3217 3967 (Cicer.
3259 3894 3348 3948 lib.
3391 3911 3429 3950 ιι

1829 3986 1894 4041 de
1920 3985 2044 4040 Nat.
2068 3985 2224 4040 Deor.
2248 3986 2361 4039 init.
2411 4001 2528 4056 pag.
2572 3984 2703 4052 214,
2727 3984 2820 4040 lin.
2846 3985 2975 4054 10)?
3004 4003 3024 4035 s
3050 3983 3286 4040 Videsne
3313 3985 3430 4055 ple—

1829 4094 1999 4150 raque
2027 4079 2215 4134 eailem
2240 4076 2518 4133 Ciceronis
2542 4077 2739 4146 verba,
2771 4093 2891 4149 quae
2933 4078 3002 4134 ab
3042 4078 3275 4162 Minucio
3313 4094 3429 4134 am-

1829 4171 2060 4243 pliﬁcata
2089 4170 2255 4226 sunt?

1900 4263 2036 4316 Tum
2056 4261 2250 4317 deinde
2271 4260 2562 4315 Minucius:
2591 4277 2612 4311 ι
2638 4260 3010 4330 Relinquenda
3038 4277 3169 4319 vero
3195 4264 3426 4319 astrolo-

1826 4357 1908 4426 gis
1937 4354 2196 4424 prolixior
2222 4353 2291 4407 de
2320 4352 2587 4407 sideribus
2614 4353 2908 4409 oratio.....
2926 4369 3048 4424 qua:
3075 4355 3282 4427 singula
3315 4372 3423 4414 non

1829 4445 1991 4502 modo
2030 4455 2090 4501 ut
2127 4452 2460 4511 crearentur,
2506 4443 2731 4511 tierent,
2763 4443 3199 4514 diSponerentur.
3227 4451 3425 4505 summi

191 4542 378 4596 occasui
395 4542 591 4599 declivis
618 4554 722 4601 est.
750 4564 769 4598 ι
794 4544 1061 4614 Numquid
1083 4549 1224 4598 enim
1242 4585 1255 4605 .
1281 4545 1485 4614 inquiet
1509 4543 1723 4613 aliquis,
1754 4539 1806 4600 Β
1831 4539 2052 4594 artiﬁcis
2077 4547 2133 4592 et
2160 4538 2410 4607 perlecta:
2441 4539 2667 4593 rationis
2705 4548 2999 4609 eguerunt;
3030 4557 3218 4596 verum
3261 4543 3425 4598 etiam

183 4623 357 4685 Cecilii
379 4631 675 4706 Octaviique
699 4635 1013 4697 ambulatio,
1042 4647 1107 4689 ac
1133 4634 1446 4703 disputatio,
1477 4649 1595 4703 quas
1623 4632 1725 4688 hoc

182 4730 325 4785 parvo
344 4721 534 4781 Minucii
563 4727 704 4781 libro
730 4728 1057 4791 continetur,
1083 4740 1180 4794 per
1205 4735 1368 4780 totam
1395 4725 1726 4781 duraverunt

180 4807 335 4868 diem?
354 4814 601 4889 Numquid
632 4828 826 4888 printer
854 4818 993 4872 hanc
1018 4818 1435 4888 disputationem
1453 4859 1467 4883 ,
1501 4828 1556 4873 et
1583 4818 1724 4872 haud

175 4898 362 4974 longam
384 4909 894 4973 deambulationcm,
939 4909 1072 4964 nihil
1115 4909 1257 4964 aliud
1303 4909 1562 4966 Minucius
1601 4924 1723 4965 cum

174 4998 314 5053 sociis
334 5001 459 5072 ait,
484 5019 776 5075 omnesque
802 5005 1001 5074 pariter
1026 5011 1191 5057 totam
1225 5002 1364 5057 diem
1406 5012 1499 5057 aut
1536 5004 1724 5057 auibu-

175 5086 353 5157 lantes,
397 5104 482 5151 aut
528 5098 891 5167 disputantes,
943 5105 1103 5167 atque
1146 5096 1401 5166 impransi
1454 5104 1508 5151 et
1552 5095 1722 5166 jejuni

178 5188 478 5256 Μωδεετεῖ
535 5190 767 5245 Delenda
819 5190 1032 5259 itaque,
1082 5189 1338 5252 forsitan,
1386 5187 1568 5241 ultima
1621 5187 1724 5242 loci

178 5270 317 5346 huius
339 5283 631 5348 posterioris
659 5283 821 5337 verba
845 5325 860 5345 ,
895 5282 983 5336 vel
1014 5281 1066 5335 in
1097 5281 1303 5349 priore,
1335 5295 1437 5334 vox
1475 5279 1720 5334 diluculo.

239 5367 330 5423 Sed
365 5372 458 5428 hoc
491 5373 702 5429 dicendi
738 5384 907 5444 genus
945 5372 1011 5426 ad
1050 5373 1220 5440 juris,
1251 5378 1310 5424 ut
1337 5372 1516 5433 aiunt,
1547 5369 1725 5438 apices

188 5472 278 5515 non
296 5478 494 5532 prorsus
516 5467 881 5538 accipiendum
909 5474 1011 5521 cst.
1041 5464 1300 5518 Miimcius
1325 5462 1586 5532 siquidem
1620 5476 1725 5518 non

186 5557 335 5610 omnia
357 5561 547 5630 scripto
577 5560 829 5623 tradidit,
859 5574 981 5629 qua:
1011 5573 1078 5612 eo
1105 5558 1193 5611 die
1219 5557 1287 5610 ab
1318 5558 1431 5624 ipso
1461 5556 1730 5624 sociisque

185 5645 277 5701 suis
300 5660 402 5704 acta
429 5663 569 5707 sunt.
605 5653 669 5707 Et
697 5667 857 5714 vero,
888 5666 1010 5707 cum
1044 5649 1130 5703 ille
1160 5648 1297 5702 hanc
1319 5647 1731 5717 disputationem

184 5732 301 5804 alio,
326 5754 470 5810 quam
499 5729 675 5799 habita
705 5750 823 5808 est,
858 5752 1101 5811 tempore
1127 5753 1186 5794 sc
1215 5738 1599 5808 conscripsisse
1625 5747 1733 5794 tes-

1825 4631 2044 4697 sentiri,
2077 4628 2337 4700 perspici,
2370 4628 2590 4700 intelligi
2626 4632 2743 4685 sine
2770 4646 2977 4686 summa
3006 4633 3224 4688 solertia
3253 4644 3306 4690 et
3334 4649 3425 4687 ra-

1825 4724 1972 4778 tione
1998 4737 2102 4777 non
2131 4730 2373 4791 possunt.
2401 4738 2421 4772 »
2455 4720 2663 4776 Tullius
2694 4736 2852 4777 vero:
2895 4740 2914 4774 ι
2946 4723 3070 4780 Haac
3095 4725 3272 4779 omnis
3301 4724 3426 4779 des-

1825 4816 2020 4886 criptio
2048 4815 2283 4871 siderum
2303 4854 2317 4869 .
2339 4852 2354 4869 .
2374 4854 2389 4868 .
2408 4856 2420 4870 .
2448 4815 2551 4871 alia
2576 4831 2696 4883 qum
2716 4828 2905 4872 natura
2925 4859 2941 4882 ,
2971 4820 3166 4873 mentis
3192 4832 3386 4890 expers
3405 4862 3422 4888 ,

1830 4911 1944 4965 haec
1971 4908 2188 4964 efllcere
2219 4908 2419 4977 potuit,
2451 4924 2571 4979 qum
2597 4924 2705 4963 non
2751 4910 2909 4964 modo
2950 4918 3007 4963 ut
3054 4909 3248 4968 ﬁerent
3270 4954 3283 4975 ,
3332 4928 3425 4967 ra-

1828 5002 1971 5058 tione
1994 5009 2284 5073 eguerunt,
2317 5000 2410 5055 sed
2440 5000 2665 5069 intelligi
2691 5000 2866 5071 qualia
2893 5000 3035 5069 sint,
3068 5003 3187 5058 sine
3213 5019 3425 5059 summa

1827 5096 2036 5150 ratione
2087 5108 2192 5147 non
2248 5100 2471 5162 possunt
2548 5089 2699 5163 (Cic.
2743 5091 2921 5146 eodem
2985 5092 3075 5148 lib.
3123 5111 3243 5165 pag.
3291 5094 3423 5161 251,

1827 5186 1921 5241 ιὶη.
1954 5187 2017 5241 41
2035 5184 2083 5257 )?
2105 5204 2126 5237 ι

1899 5278 2133 5333 Rursum
2190 5273 2487 5331 Minucius:
2530 5294 2549 5328 ι
2581 5275 2789 5344 Quidve
2834 5278 3183 5333 animantium
3239 5278 3428 5349 loquar

1828 5368 2088 5424 adversus
2125 5383 2245 5423 sese
2285 5367 2504 5421 tutelam
2543 5365 2966 5423 multiformem?
3009 5369 3141 5423 alias
3191 5380 3441 5426 armatas.

1830 5463 2113 5527 cornibus,
2146 5462 2278 5515 alias
2305 5459 2555 5515 dentibus
2582 5471 2793 5529 septas,
2828 5470 2882 5514 et
2911 5459 3158 5516 fundatas
3187 5462 3423 5532 ungulis,

1831 5564 1887 5610 et
1910 5556 2140 5624 spicatas
2169 5554 2401 5619 aculeis,
2430 5562 2521 5607 aut
2549 5552 2741 5621 pedum
2772 5551 3047 5608 celeritate
3073 5553 3267 5607 liberas
3289 5595 3303 5619 ,
3334 5563 3428 5608 aut

1832 5647 2067 5703 elatione
2106 5644 2418 5714 spinarum?
2443 5664 2462 5696 ι
2500 5643 2829 5711 Explicalius
2869 5642 3089 5698 Cicero:
3126 5660 3144 5694 ι
3178 5642 3295 5697 Jam
3333 5642 3427 5697 illa

1836 5736 2140 5802 cernimus,
2187 5745 2245 5791 ut
2285 5746 2471 5789 contra
2517 5745 2719 5792 metum
2763 5743 2817 5791 et
2861 5734 3010 5804 vim,
3039 5736 3151 5790 suis
3176 5748 3236 5789 se
3264 5732 3432 5787 armis
