3802 6276
408 250 518 313 405

393 379 637 433 .quzeque
682 362 952 421 defendat.
1003 359 1268 419 Cornibus
1318 359 1491 425 tauri,
1546 359 1665 430 apri
1710 358 1999 426 dentibus,

408 472 592 512 morsu
620 456 803 511 leones
824 494 838 514 ,
867 452 985 508 alia:
1011 451 1130 518 fuga
1160 464 1250 516 se,
1282 450 1401 506 alia:
1432 451 1791 507 occultatione
1822 460 2004 506 tutan-

412 558 501 605 tur
531 546 677 618 (Cic.
710 545 835 599 ibid.
868 560 988 613 pag.
1018 542 1158 607 255,
1187 542 1281 597 lin.
1312 541 1441 610 59).
1471 560 1491 597 ι

482 640 746 695 Praeterea
778 635 1038 690 Minucius
1066 634 1354 698 aliquando
1378 635 1747 691 contractione
1789 635 1841 691 id
1881 634 2005 690 bre-

1687 244 1777 300 ns
1814 238 2073 301 timum
2107 241 2408 301 OCTAVIO
3549 265 3619 326 ιω

2104 376 2209 453 que
2226 360 2478 453 explorat
2499 370 2556 418 et
2590 363 2861 420 examinat
2890 382 2905 419 :
2938 366 3220 437 ingenium
3257 368 3535 440 singulorum
3555 396 3621 453 pe.

2104 450 2287 508 rieulis
2311 454 2584 522 pensitat:
2609 469 2781 525 usque
2818 456 2887 512 ad
2933 466 3240 513 extremam
3265 470 3466 519 mortem
3498 450 3622 530 scita.

2105 552 2268 609 tatur,
2300 543 2434 599 nihil
2457 544 2561 600 sibi
2589 559 2747 614 posse
2790 548 2975 618 perire
3026 561 3273 604 securus.
3311 568 3331 602 ι
3370 550 3470 609 Jatn
3499 572 3621 628 φηςι,

2106 635 2232 690 audi
2299 635 2612 701 Senecam:
2660 655 2680 689 ι
2720 637 2827 692 Hos
2883 639 3075 708 itaque
3142 638 3281 694 Deus
3324 656 3444 709 quos
3495 652 3623 717 probat

409 736 526 790 vius
553 732 710 798 facit,
736 731 879 801 quod
907 732 1095 787 Cicero
1123 731 1333 801 longius
1361 730 1714 802 produxerat.
1744 731 1833 787 Sic
1858 731 2001 786 enim
2030 741 2242 829 Aquos
2323 735 2488 793 amat,
2547 727 2782 795 indurat,
2838 730 3215 798 recognoscit,
3282 744 3499 792 exercet:
3559 756 3620 800 eos

411 824 537 880 ille:
570 843 588 875 ι
617 823 839 895 Egypti
883 823 1180 879 siccitatem
1227 832 1488 892 temperat
1526 823 1711 889 Nilus,
1741 824 1870 878 colit
1897 824 2004 878 Eu-

410 916 632 988 phrates
679 915 1150 987 Mesopotamiam.
1202 914 1362 969 ludus
1408 922 1462 968 et
1508 929 1690 970 serere
1732 912 2005 969 Orientem

411 1008 606 1062 dicitur
632 1017 685 1065 ct
711 1008 902 1075 rigare.
928 1025 948 1058 ι
980 1007 1175 1062 Fusius
1204 1016 1384 1063 autem
1412 1006 1631 1063 Cicero:
1671 1026 1690 1059 ι
1715 1007 2008 1079 Egyptum

411 1100 562 1156 Nilus
593 1101 810 1170 irrigat,
842 1108 895 1154 et
922 1114 1043 1154 cum
1076 1107 1188 1153 tota
1220 1108 1407 1153 aestate
1433 1100 1678 1154 obrutam
1711 1101 2010 1171 oppletam-

414 1210 519 1265 que
549 1192 814 1257 teuuerit,
849 1199 958 1245 tum
992 1191 1226 1255 recedit,
1272 1191 1617 1262 mollitosque
1645 1202 1700 1246 et
1724 1192 2011 1253 oblimatos

415 1300 573 1355 agros
600 1285 665 1340 ad
696 1282 988 1340 serendum
1016 1283 1286 1353 relinquit.
1315 1282 1753 1353 Mesopotamiam
1782 1281 2010 1337 fertilem

417 1376 584 1432 efticit
633 1374 968 1443 Euphrates,
1020 1375 1072 1429 in
1113 1388 1271 1446 quem
1318 1375 1605 1444 quotannis
1644 1375 1797 1444 quasi
1843 1387 2014 1430 novos

419 1484 579 1539 agros
610 1467 833 1523 invehit.
865 1467 1030 1522 Indus
1055 1482 1211 1529 vero,
1243 1467 1330 1534 qui
1363 1474 1443 1519 est
1467 1466 1705 1519 omnium
1734 1466 2013 1520 [luminum

420 1558 686 1612 maximus
708 1599 723 1622 ,
755 1572 859 1613 non
889 1572 1024 1625 aqua
1052 1556 1225 1610 solum
1251 1570 1408 1625 agros
1437 1554 1675 1609 laetiﬁcat
1698 1564 1753 1609 et
1785 1556 2013 1627 mitigat,

418 1648 517 1703 sed
547 1661 641 1703 eos
671 1648 831 1702 etiam
864 1647 1133 1727 conserit;
1164 1660 1413 1716 magnam
1442 1647 1584 1701 enim
1616 1647 1721 1700 vim
1753 1649 2017 1703 seminum

422 1754 604 1795 secum
636 1738 891 1793 frumenti
922 1747 977 1793 et
1006 1730 1488 1793 similium‘dicitur
1517 1738 1804 1809 deportare
1859 1739 1879 1812 (
1905 1738 2017 1793 Cic.

422 1830 548 1885 ibid.
583 1848 701 1902 pag.
729 1832 859 1897 254,
887 1831 978 1884 lin.
1010 1828 1082 1884 20
1167 1848 1185 1881 ›

497 1922 632 1976 Tum
681 1924 1018 1977 continenter
1066 1922 1357 1977 Minucius:
1398 1941 1417 1974 ι
1445 1922 1599 2001 Quod
1652 1924 1697 1978 si
1746 1924 2021 1999 ingressus

425 2016 661 2087 aliquam
703 2014 956 2081 domum,
1000 2016 1179 2070 omnia
1221 2017 1463 2085 exculta,
1515 2018 1802 2088 disposita,
1835 2028 2021 2074 ornata

427 2107 685 2172 vidisses,
736 2108 917 2178 utique
958 2122 1191 2178 praeesse
1235 2109 1284 2163 ei
1330 2109 1582 2183 crederes
1624 2109 1939 2177 dominum,
1971 2119 2027 2167 et

425 2198 534 2253 illis
580 2198 737 2257 bonis
782 2199 945 2267 rebus
990 2199 1161 2273 multo
1201 2214 1323 2265 esse
1367 2199 1680 2277 meliorem;
1724 2202 1795 2257 ita
1834 2202 1885 2258 in
1924 2201 2027 2263 hac

427 2291 614 2345 mundi
663 2291 855 2357 domo,
909 2306 1031 2355 cum
1086 2292 1284 2355 omium
1338 2301 1648 2363 terramque
1698 2295 2024 2364 perspicias,

425 2384 819 2455 providentiam
837 2427 853 2451 ,
882 2385 1125 2451 ordinem
1144 2428 1158 2451 ,
1194 2386 1365 2455 legem
1386 2427 1402 2451 ,
1433 2387 1595 2443 crede
1620 2363 1740 2443 esse
1767 2363 2027 2447 universi-
2055 2363 2104 2424 Β
2134 2389 2400 2446 Minucius
2421 2404 2506 2450 ea.
2531 2404 2649 2459 qua:
2669 2389 2901 2457 Seneca,
2932 2389 3023 2444 vir
3048 2388 3192 2443 inter
3224 2363 3446 2444 ethnicos
3478 2391 3621 2457 optimus

428 2477 554 2534 tatis
581 2476 855 2533 dominum
882 2485 1301 2548 parentemque,
1331 2479 1464 2547 ipsis
1492 2478 1758 2535 sideribus
1787 2489 1841 2545 et
1868 2482 2028 2537 totius

430 2569 618 2625 mundi
663 2569 905 2640 partibus
941 2569 1322 2639 pulchriorem.
1353 2588 1372 2620 ι
1401 2570 1689 2631 Prteiverat
1729 2570 1812 2627 his
1854 2572 2030 2628 verbis

431 2664 654 2719 Cicero:
680 2681 698 2715 ε
721 2662 790 2718 Ut
815 2664 858 2717 si
878 2664 1038 2733 quis,
1065 2664 1116 2716 in
1145 2664 1362 2718 domum
1390 2664 1653 2735 aliquam,
1683 2674 1774 2723 aut
1801 2666 1853 2720 in
1880 2681 2032 2737 gyin-

434 2757 676 2824 nasium,
709 2759 878 2811 autin
908 2756 1082 2811 forum
1125 2758 1360 2823 venerit,
1406 2772 1529 2813 cum
1573 2758 1752 2815 videat
1791 2739 2029 2814 omnium

432 2865 613 2906 rerum
658 2850 955 2916 rationem,
1000 2849 1249 2915 modum,
1294 2849 1664 2919 disciplinam,
1713 2867 1820 2905 non
1864 2852 2035 2920 possit

435 2957 500 2997 ca
526 2942 646 2999 sine
670 2957 831 2998 causa
860 2940 978 2996 fieri
1002 2941 1266 3011 judicare,
1294 2941 1391 2997 sed
1422 2956 1543 2997 esse
1570 2942 1805 3013 aliquem
1832 2934 2030 2999 intelli-

433 3048 555 3109 gat,
587 3038 676 3108 qui
703 3037 885 3106 praesit
903 3075 921 3101 ,
947 3045 1004 3091 et
1025 3036 1109 3091 cui
1140 3045 1417 3105 pareatur;
1448 3034 1616 3089 multo
1644 3034 1812 3104 magis
1836 3037 1890 3089 in
1919 3044 2035 3089 tan-

435 3132 506 3185 tis
536 3131 802 3193 motibus,
828 3130 1098 3198 tantisque
1126 3124 1584 3183 vicissitudinibus
1611 3135 1717 3179 tam
1745 3125 2032 3181 multarum

437 3241 654 3291 rerum,
703 3233 865 3294 atque
907 3229 1174 3279 tantarum
1223 3217 1531 3278 ordinibus,
1581 3217 1632 3271 in
1670 3217 1863 3287 quibus
1904 3217 2035 3273 nihil

440 3331 692 3387 umquam
734 3316 992 3369 immensa
1043 3320 1096 3366 et
1140 3309 1345 3365 infinita
1387 3318 1626 3365 vetustas
1667 3310 1887 3366 mentita
1931 3312 2034 3376 sit,

442 3418 641 3464 statuat
686 3419 908 3463 necesse
952 3416 1035 3460 est
1075 3404 1142 3458 ab
1180 3404 1355 3473 aliqua
1395 3415 1575 3459 mente
1616 3415 1794 3461 tantos
1834 3415 2037 3460 natura:

444 3508 623 3554 motus
650 3496 934 3565 gubernari
965 3493 1160 3564 (Cicer.
1191 3494 1315 3551 ibid.
1343 3512 1463 3565 pag.
1490 3494 1615 3561 216,
1646 3497 1739 3550 lin.
1769 3497 1804 3552 5
1825 3493 1843 3566 )
1868 3516 1920 3550 .›

517 3588 594 3645 Ex
623 3589 827 3645 Seneca
855 3588 1017 3647 etiam
1046 3587 1211 3642 multa
1238 3587 1529 3645 Minucium
1556 3587 1888 3658 decerpsisse
1916 3603 2038 3658 pro-

443 3681 568 3734 batu
599 3679 752 3737 facile
779 3687 880 3735 est.
911 3678 1181 3743 thcilium
1209 3680 1407 3734 etenim
1434 3677 1639 3737 inducit
1664 3678 1996 3739 Christianos
2019 3720 2034 3742 .

444 3771 532 3841 qui
579 3779 789 3847 mortua
833 3771 1108 3829 hominum
1154 3784 1382 3838 corpora
1427 3768 1572 3838 regis
1615 3770 1843 3824 cremari
1885 3771 2040 3826 nole-

445 3861 604 3925 bant,
647 3862 724 3923 sic
755 3862 1143 3932 exagitantem:
1185 3880 1203 3913 ε
1233 3859 1397 3928 Quasi
1430 3875 1529 3915 nec
1572 3860 1816 3925 intersit,
1860 3870 2037 3917 utrum
2066 3888 2111 3951 ρ

445 3952 575 4007 ferae
596 3954 879 4022 diripiant,
911 3970 979 4008 an
1008 3955 1173 4015 maria
1206 3962 1556 4019 consumant,
1587 3968 1653 4008 an
1683 3953 1876 4011 humus
1906 3967 2040 4009 con-

447 4053 618 4111 tegat,
662 4060 728 4098 an
765 4042 979 4107 tlamma
1016 4044 1298 4109 subducat.
1331 4063 1349 4096 ι
1377 4044 1578 4101 Seneca
1625 4059 1753 4099 vero
1797 4043 2039 4101 dixerat:

449 4153 468 4184 ‹
492 4133 585 4188 Ille
611 4135 822 4188 divinus
846 4135 1057 4190 animus
1077 4150 1392 4205 egressurus
1420 4134 1723 4196 hominem,
1755 4150 1863 4204 quo
1890 4150 2041 4192 recea

445 4227 714 4294 ptaculum
764 4243 921 4293 suum
968 4227 1297 4292 conferatur,
1341 4227 1478 4296 ignis
1522 4225 1653 4289 illud
1699 4234 1926 4291 exurat,
1973 4242 2039 4281 an

440 4314 573 4370 ferae
601 4317 936 4385 distrahant,
966 4333 1033 4391 an
1065 4327 1204 4377 terra
1234 4325 1517 4387 contegat,
1553 4332 1658 4373 non
1690 4319 1862 4388 magis
1885 4318 1951 4372 ad
1983 4334 2043 4375 se

440 4406 647 4477 judicat
679 4412 979 4480 pertinere,
1016 4426 1175 4479 quam
1216 4408 1482 4465 secundas
1525 4410 1592 4465 ad
1627 4410 1831 4475 editum
1868 4410 2044 4467 infan-

446 4510 552 4557 tem
585 4500 810 4575 (Senec.
842 4501 1013 4568 Epist.
1047 4503 1116 4569 9'2
1136 4542 1150 4567 ,
1182 4520 1301 4572 pag.
1333 4503 1432 4558 581
1458 4501 1502 4572 ).
1532 4520 1551 4553 ι

514 4592 766 4653 Octavius
795 4603 974 4649 autem
995 4591 1063 4655 ad
1094 4592 1356 4660 objectam
1396 4591 1712 4651 Christianis
1760 4607 2043 4666 pauperta-

446 4697 555 4741 tem
618 4683 952 4754 reSpondet:
1001 4701 1019 4735 ‹
1056 4681 1225 4736 Nemo
1271 4693 1374 4737 tam
1432 4698 1635 4753 pauper
1679 4700 1802 4740 esse
1847 4697 2041 4755 potest,

449 4792 611 4848 quam
631 4787 787 4833 natus
809 4786 910 4833 est.
948 4795 968 4827 ι
1000 4773 1171 4835 Simili
1192 4773 1351 4845 plane
1373 4773 1535 4828 modo
1552 4774 1788 4830 Seneca:
1828 4796 1846 4829 ‹
1874 4777 2044 4834 Nemo

451 4880 557 4924 tam
576 4884 776 4940 pauper
803 4867 952 4930 vivit,
985 4881 1145 4938 quam
1174 4878 1328 4921 natus
1368 4874 1450 4920 est
1504 4865 1721 4936 (Sanco.
1753 4870 1840 4931 lib.
1875 4868 2045 4935 Quare

447 4961 568 5015 viris
591 4959 755 5025 bonis,
775 4967 904 5025 etc.,
929 4974 1018 5011 seu
1061 4956 1123 5010 de
1152 4955 1445 5013 Provideut.
1471 4975 1588 5026 cap.
1618 4959 1672 5024 6,
1697 4977 1816 5032 pag.
1841 4962 1991 5033 504).
2019 4982 2038 5018 ι

517 5051 665 5106 ldem
693 5049 949 5107 Octavius
998 5049 1157 5121 paulo
1183 5058 1304 5120 post
1337 5067 1349 5101 :
1390 5068 1409 5101 ‹
1445 5050 1596 5119 Quod
1647 5056 1893 5123 corporis
1940 5056 2042 5110 lu;-

444 5160 603 5201 mana
627 5145 753 5197 vitia
782 5142 1064 5207 sentimus,
1091 5157 1192 5197 non
1228 5152 1310 5197 est
1335 5159 1513 5213 poena,
1543 5146 1637 5201 sed
1670 5146 1925 5202 militia...
1956 5163 2047 5202 ca-

438 5238 653 5293 lamitas
675 5236 872 5305 saepius
897 5235 1175 5303 disciplina
1208 5237 1419 5292 virtutis
1440 5248 1543 5295 est.
1582 5260 1600 5292 ι
1627 5238 1837 5297 Seneca
1866 5257 1993 5295 vero
2028 5259 2041 5295 :

446 5351 467 5385 ι
504 5330 769 5387 Verberat
795 5344 893 5383 nos
919 5338 974 5385 et
994 5329 1194 5385 lacerat
1224 5330 1458 5387 fortuna.
1493 5332 1790 5401 Patiamur,
1829 5350 1937 5391 non
1965 5344 2050 5392 est

438 5421 671 5483 srevitia,
699 5429 973 5476 certamen
1002 5432 1100 5476 est.
1142 5442 1161 5474 ι
1196 5421 1263 5477 Ει
1306 5425 1466 5493 paulo
1512 5434 1638 5479 ante
1671 5424 1788 5481 haec
1835 5428 1997 5482 verba
2028 5445 2042 5480 :

2107 827 2286 874 autem
2333 818 2533 888 quibus
2582 818 2861 888 indulgere
2913 818 3160 885 videtur,
3225 819 3406 889 quibus
3454 841 3621 901 parcere,

2111 910 2298 969 molles
2319 910 2560 985 venturis
2589 911 2745 966 malis
2783 920 2989 966 servat.
3024 911 3237 971 Erratis
3273 914 3426 979 enim,
3451 919 3489 972 si
3521 937 3623 990 quem

2104 1002 2360 1073 iudicatis
2386 1012 2687 1073 exceptum.
2726 1003 2915 1061 Veniet
2940 1004 3012 1059 ad
3066 1004 3219 1061 illum
3265 1005 3351 1062 diu
3391 1009 3622 1075 felicunsu:

2112 1096 2305 1166 portio.
2330 1096 2585 1167 Quisquis
2627 1097 2836 1152 videtur
2883 1097 3153 1153 dimissus
3196 1113 3334 1164 esse,
3386 1102 3539 1164 dilatus
3572 1122 3624 1169 αι

2114 1187 2316 1258 (Setiae.
2345 1189 2469 1244 ibid.
2501 1205 2618 1262 cap.
2647 1191 2703 1256 4,
2735 1206 2858 1261 pag.
2886 1188 3054 1260 £08).
3094 1208 3114 1242 ι

2182 1281 2348 1337 Addit
2373 1280 2628 1338 Octavius
2656 1300 2671 1338 :
2718 1300 2739 1334 ί
2772 1281 2963 1353 Itaque
2995 1289 3056 1337 ut
3113 1298 3308 1338 aurum
3351 1286 3540 1359 ignibus,
3576 1298 3624 1355 sic

2115 1387 2214 1428 nos
2240 1374 2642 1430 discriminibus
2666 1374 2965 1444 arguimur.
3003 1393 3026 1427 ι
3061 1374 3135 1430 Et
3172 1374 3369 1433 Seneca
3394 1391 3492 1449 post
3517 1386 3619 1444 citata

2116 1480 2146 1519 a
2178 1465 2334 1521 nobis
2363 1466 2480 1535 ejus
2516 1467 2679 1522 verba
2711 1485 2725 1521 :
2766 1486 2785 1520 ι
2820 1467 2969 1537 ignis
3021 1483 3215 1521 aurum
3256 1471 3448 1540 probat,
3479 1476 3620 1534 miseri:
3684 1474 3685 1529 ἕ

2118 1558 2284 1615 fortes
2310 1558 2454 1613 vires
2479 1557 2689 1627 (Senes.
2720 1558 2846 1614 ibid.
2875 1575 3002 1628 cap.
3036 1559 3094 1624 5,
3124 1574 3246 1631 pag.
3279 1560 3412 1635 39f).
3442 1583 3459 1617 ι

2189 1647 2328 1716 Quid
2360 1648 2550 1718 plura?
2575 1649 2925 1719 Prosequitur
2955 1649 3241 1713 Octavius,
3262 1661 3316 1705 et
3354 1654 3420 1707 ait
3448 1672 3459 1710 :
3484 1674 3501 1708 t
3519 1657 3623 1726 Qum

2119 1740 2405 1810 pulchrum
2448 1741 2812 1809 spectaculum
2874 1740 3015 1807 Deo,
3065 1755 3191 1796 cum
3230 1739 3523 1801 Christianus
3550 1766 3620 1808 cita

2121 1831 2306 1893 dolore
2332 1833 2695 1903 congreditur,
2727 1848 2849 1890 cum
2886 1832 3156 1888 adversus
3179 1833 3352 1890 minas
3370 1844 3421 1891 et
3452 1842 3623 1909 supplicia

2122 1934 2179 1980 et
2209 1934 2472 1980 tormenta
2512 1925 2901 1995 componitur!
2940 1943 2962 1978 ι
2999 1925 3161 1980 Prius
3204 1926 3396 1982 Seneca
3431 1929 3568 1986 eodem
3592 1935 3621 1991 ii

2122 2018 2261 2077 libro
2288 2019 2498 2077 dixerat
2526 2037 2540 2073 :
2580 2037 2600 2071 ι
2638 2019 2782 2075 Ecce
2804 2019 3182 2089 spectaculum
3203 2019 3426 2090 dignum,
3452 2022 3505 2077 ad
3531 2026 3618 2094 quod

2126 2110 2376 2180 respiciat
2401 2110 2640 2166 intentus
2663 2108 2819 2179 operi
2844 2125 2948 2165 suo
2989 2110 3155 2177 Deus.
3200 2109 3336 2167 Ecce
3361 2126 3447 2182 par
3482 2114 3558 2170 Deo
3573 2116 3622 2170 di-

2125 2217 2311 2273 gnum,
2341 2203 2425 2258 vir
2450 2202 2606 2259 fortis
2632 2217 2757 2258 cum
2785 2203 2927 2259 mala
2970 2203 3187 2258 fortuna
3214 2205 3506 2274 compositus
3540 2205 3621 2278 (Se-

2129 2311 2238 2348 nes.
2272 2294 2395 2348 ibid.
2450 2310 2568 2364 cap.
2610 2292 2668 2358 2,
2721 2311 2778 2364 p.
2829 2292 2991 2363 492).
3031 2312 3052 2347 r
3100 2292 3331 2351 Videsne
3375 2310 3501 2365 quam
3538 2308 3622 2354 recte

2131 2492 2186 2538 et
2204 2480 2615 2537 honestissimus
2635 2481 2949 2551 scripserat,
2987 2492 3177 2537 contra
3201 2480 3435 2550 ipsosmet
3450 2474 3618 2547 ethnicos,

2132 2583 2187 2633 et
2235 2574 2302 2628 ad
2368 2574 2618 2630 tuendam
2664 2575 3100 2631 Christianorum
3148 2573 3441 2639 doctrinam,
3490 2574 3616 2643 gentili

2132 2664 2291 2736 longe
2318 2668 2663 2732 sanctiorem,
2693 2667 3029 2723 traduxerit?

2206 2758 2289 2814 Ab
2315 2759 2544 2815 ethnicis
2572 2760 2930 2828 scriptoribus
2961 2758 3032 2813 ad
3063 2757 3378 2814 Christianos
3401 2757 3439 2811 si
3464 2764 3617 2809 transea-

2135 2863 2277 2914 mus,
2317 2850 2468 2919 plura
2513 2863 2726 2919 quoque
2765 2847 3280 2912 animadvertemus,
3319 2862 3422 2915 qua:
3456 2845 3621 2901 llinucitts

2135 2956 2201 2995 ex
2229 2940 2544 2997 Tertulliani
2574 2940 2745 3005 libris,
2780 2955 2847 2995 ac
2887 2939 3233 3010 potissimum
3261 2953 3322 2991 ex
3356 2937 3473 2991 illius
3495 2936 3617 3004 Apolo-

2135 3030 2310 3099 εθιίοο
2347 3030 2638 3099 decerpsit.
2678 3030 2759 3089 Ad
2792 3031 2842 3089 id
2881 3040 3069 3086 autem
3099 3026 3431 3103 probandum,
3465 3025 3620 3094 quedam

2139 3130 2343 3177 tantum
2373 3137 2438 3177 ex
2471 3123 2535 3177 iis
2560 3122 2803 3191 proferre
2831 3136 2981 3193 nunc
3006 3120 3257 3179 sufﬁciet.
3302 3119 3367 3175 De
3401 3118 3486 3173 Deo
3513 3117 3620 3185 itaque

2139 3214 2255 3282 ham
2279 3214 2535 3277 Octavius
2556 3214 2692 3270 dixit
2714 3233 2725 3266 :
2753 3214 3023 3270 Universa
3047 3225 3380 3282 quacumque
3400 3208 3621 3272 summula

2134 3308 2305 3389 jubet,
2361 3309 2569 3387 ratione
2623 3307 2918 3377 dispensat,
2977 3308 3177 3362 virtute
3223 3300 3617 3360 consummath

2140 3417 2206 3457 eo
2233 3402 2393 3461 etiam
2439 3402 2803 3479 Tertulliauus
2832 3418 2848 3459 :
2885 3419 2904 3454 ι
2940 3393 3103 3467 Quod
3155 3400 3384 3463 colimus,
3405 3396 3511 3450 Deus
3538 3406 3616 3464 unus

2141 3504 2245 3557 est,
2277 3493 2365 3562 qui
2398 3502 2562 3547 totam
2606 3492 2804 3547 molem
2851 3493 3106 3547 istam....
3163 3489 3338 3561 verbo,
3385 3501 3470 3551 quo
3504 3482 3612 3551 jussit;

2144 3585 2371 3649 ratione,
2398 3601 2502 3650 qua
2528 3584 2844 3652 dispetﬁtat;
2876 3584 3076 3639 virtute
3093 3625 3108 3648 ,
3138 3597 3238 3650 qua
3265 3579 3428 3649 potuit,
3445 3576 3495 3645 de
3518 3573 3613 3629 nihili

2143 3679 2408 3747 expressit
2432 3676 2670 3747 (Tertull.
2707 3677 2973 3747 Apologet.
3010 3694 3123 3746 cap.
3160 3674 3242 3736 l7.
3281 3667 3479 3742 12.18).»

2220 3773 2448 3827 ltursum
2495 3770 2563 3824 de
2604 3769 2794 3827 eodem
2846 3770 2955 3827 Deo
3006 3769 3291 3827 Octavius;
3324 3783 3340 3816 ι
3373 3759 3490 3829 Quid,
3519 3751 3604 3822 qttntl

2145 3864 2384 3917 omnium
2420 3861 2487 3917 de
2531 3862 2633 3916 isto
2682 3861 2856 3921 habeo
2905 3856 3269 3927 consensum?
3303 3852 3448 3913 Audio
3483 3847 3607 3913 νηιευει

2145 3970 2268 4009 cum
2312 3953 2379 4013 ad
2426 3953 2622 4008 coelum
2673 3968 2863 4006 manus
2908 3951 3156 4015 tendunt,
3214 3945 3334 4009 nihil
3372 3939 3483 4000 aliud.
3517 3948 3609 4003 «ιιιειιιι

2151 4045 2319 4099 Deum
2346 4044 2567 4099 dicunt:
2593 4052 2666 4105 et,
2700 4043 2840 4096 Deus
2878 4057 3104 4121 magnus
3130 4049 3241 4103 est;
3288 4046 3354 4099 et,
3382 4033 3488 4102 Deus
3520 4036 3608 4079 tctus

2146 4140 2248 4201 est;
2268 4148 2340 4204 ct,
2365 4140 2421 4194 Si
2447 4139 2585 4192 Deus
2605 4136 2831 4191 dederit.
2856 4135 3012 4205 Vulgi
3030 4135 3130 4191 iste
3151 4128 3384 4189 naturalis
3400 4134 3524 4197 sci‘lllo
3549 4125 3607 4175 ﬁt.

2152 4248 2219 4287 an
2260 4231 2546 4289 Christiani
2584 4228 2890 4291 confitentis
2932 4227 3145 4295 oratio?
3174 4245 3193 4278 ι
3224 4220 3446 4283 Similiter
3481 4206 3605 4308 Tertul-

2147 4325 2320 4399 lianus
2350 4342 2361 4377 :
2392 4341 2411 4375 ι
2444 4325 2751 4379 Anima.....
2775 4321 2939 4381 Deum
2968 4319 3208 4373 nominat
3234 4315 3326 4368 hoc
3349 4308 3442 4367 solo
3462 4310 3603 4399 υξδιιυηθε

2147 4394 2270 4486 quia
2302 4417 2518 4486 preprio
2553 4415 2643 4485 Dei
2676 4414 2785 4475 veri
2817 4430 2832 4467 :
2901 4412 3044 4473 Deus
3073 4420 3304 4478 magnus,
3332 4394 3603 4494 θεας-ικξρωὲ

2148 4484 2222 4575 έῑν
2274 4484 2416 4578 (ι-ιιοιι
2469 4484 2605 4565 θεας
2653 4504 2909 4567 dederit:
2951 4505 3186 4559 omnium
3210 4514 3303 4554 vox
3341 4502 3424 4550 est.
3459 4484 3603 4557 iudicem

2148 4615 2361 4670 quoque
2390 4592 2718 4655 eontestatur
2746 4598 2893 4659 illum
2923 4613 2938 4649 :
2980 4598 3120 4659 Deus
3148 4592 3312 4653 videt;
3339 4596 3384 4643 el
3416 4584 3495 4639 υθο

2151 4691 2378 4756 mendo;
2400 4702 2455 4747 et
2481 4692 2620 4746 Deus
2653 4689 2782 4745 mihi
2814 4689 3021 4749 reddet.
3062 4686 3105 4742 Ο
3151 4676 3462 4739 testimonium
3493 4674 3606 4723 animm

2151 4785 2467 4841 naturaliter
2513 4783 2849 4855 christiana}!
2905 4782 3140 4852 Denique
3223 4770 3506 4855 pronuntiatis

2154 4840 2260 4931 non
2310 4840 2378 4930 ad
2416 4844 2766 4943 Capitolium,
2801 4872 2896 4927 sed
2927 4872 2993 4926 ad
3031 4840 3236 4927 cutelum'
3250 4841 3433 4933 respicit
3454 4840 3603 4950 (labii-

2152 4965 2308 5037 ibid).
2350 4987 2369 5019 ι
2407 4940 2604 5022 Eadem
2637 4965 2728 5019 ille
2766 4964 2860 5019 sed
2891 4964 3106 5018 brevius
3130 4958 3256 5041 dixit
3288 4951 3458 5015 duobus
3474 4940 3602 5041 aliisin

2153 5033 2306 5119 libris
2355 5059 2649 5132 (Idemlib.
2693 5058 2757 5112 de
2806 5056 3082 5112 Testimon.
3135 5033 3303 5109 animt!
3340 5058 3434 5109 cap.

2155 5115 2247 5219 bl,
2288 5115 2335 5207 et
2360 5115 2517 5205 libr.‘
2558 5151 2620 5205 de
2683 5149 2895 5204 Resurr.
2943 5165 3086 5203 cam.
3126 5161 3235 5213 cap.
3289 5142 3337 5204 5,
3380 5147 3473 5200 ροσ-
3509 5115 3600 5219 3f”

2156 5246 2225 5300 At
2249 5243 2538 5299 Minucium
2569 5242 2634 5296 ad
2668 5242 2803 5305 haec,
2844 5258 2963 5311 qua:
3001 5238 3280 5299 retulimus,
3525 5207 3599 5311 ω’

2159 5334 2374 5391 tulliani
2402 5335 2566 5389 verba
2597 5333 2922 5403 respexisse,
2956 5331 3082 5387 nulli
3111 5327 3311 5383 dubium
3329 5327 3425 5373 esse

2228 5428 2418 5484 Nonne
2460 5427 2623 5482 etiam
2671 5385 2738 5479 aid
2782 5424 2888 5479 alia
2921 5424 3036 5495 ejus
3073 5419 3224 5476 verba
3265 5385 3596 5495 collittt‘.al)al."‘l’_l

444 5530 463 5564 ι
485 5510 775 5567 Calatnitas
814 5511 1023 5567 virtutis
1048 5514 1258 5570 occasio
1301 5484 1385 5568 est
1441 5514 1651 5586 (Senes.
1687 5515 1813 5570 ibid.
1847 5532 1963 5588 cap.
1987 5517 2043 5584 4,
2073 5488 2127 5552 D
2154 5520 2273 5579 hac
2309 5521 2603 5591 gentilibus
2645 5518 2770 5590 jure
2823 5484 3017 5573 merito
3053 5511 3273 5585 objecit:
3319 5522 3335 5555 ι
3362 5484 3596 5591 Ubi

468 5618 554 5659 aa.
584 5601 749 5659 409).
781 5620 801 5655 ι

468 5619 498 5656 a
542 5642 554 5655 .
584 5602 689 5659 409
734 5643 749 5657 .
781 5620 801 5655 ι

429 5621 464 5676 Ρ
489 5618 667 5763 ἕενεὶι
691 5602 942 5753 ()lctavius
971 5713 984 5757 ;
1015 5714 1035 5747 ‹
1071 5696 1278 5754 Deus...
1312 5697 1365 5763 in
1393 5697 1634 5765 aiversis
1662 5714 1990 5771 utrumquein
2011 5731 2036 5751 ρ

2154 5579 2544 5678 sacerdotibus,
2572 5579 2733 5681 quam
2762 5610 2904 5667 inter
2931 5621 3052 5662 aras
3074 5579 3132 5662 et
3149 5598 3359 5658 delubra,
3392 5579 3592 5681 conditi-illi

2154 5668 2242 5763 tur
2269 5715 2475 5773 stupra,
2531 5668 2829 5759 tractantur
2863 5698 3145 5765 lenocinia,
3174 5683 3391 5755 adulteria
3423 5668 3589 5751 mediis"
