3802 6276
132 300 240 357 403

1482 301 1951 360 DlSSERTATlO.

3306 309 3418 370 406

136 411 599 484 tur.Frequentins
620 411 853 485 denique
872 412 924 466 in
950 410 1264 468 aedituorum
1292 412 1519 481 cernitis,
1549 432 1706 489 quam
1734 415 1790 477 Α
1813 419 2129 488 quibusdam
2185 422 2394 491 punctis
2454 428 2654 489 notata,
2710 423 2986 481 brevitatis
3046 424 3190 481 haud
3252 424 3417 499 dubie

138 511 190 565 in
236 510 355 579 ipsis
400 506 768 576 lupanaribus,
826 504 1058 575 ﬂagrans
1107 506 1272 562 libido
1331 508 1653 579 defungitur.
1689 530 1707 563 ι

142 604 267 660 Nam
286 602 624 658 ’l‘crtullianus
648 598 812 655 simili
845 598 1002 668 plane
1050 598 1209 654 modo
1248 600 1436 655 iisdem
1485 601 1714 657 ethnicis

1819 523 1979 563 causa
2012 512 2373 579 prmtermisit.

1888 602 2151 660 Minucius
2182 624 2195 661 :
2234 625 2253 659 ‹
2282 606 2392 663 Nec
2418 623 2612 663 nomen
2632 610 2744 665 Deo
2765 625 3008 681 quarras:
3042 610 3413 681 Deuanmen

153 696 292 764 prius
314 694 567 764 objecerat
587 710 601 738 -.
629 708 647 741 ι
679 690 1039 745 Conscientia:
1063 690 1302 745 omnium
1329 703 1713 761 recognoscent
1814 704 1916 749 est.
1945 696 2057 751 Illic
2083 698 2357 754 vocabulis
2381 715 2515 769 opus
2537 709 2640 767 est,
2659 717 2778 758 cum
2803 718 2898 773 per
2923 702 3158 769 singulos
3183 704 3413 774 propriis

153 788 206 843 in
237 787 437 855 templis
483 781 719 839 adulteria
762 783 1037 851 componi.
1096 784 1237 839 inter
1285 798 1407 839 aras
1444 784 1708 840 lenocinia

159 880 386 941 tractari,
404 880 452 932 in
478 877 593 946 ipsis
619 875 935 946 plerumque
957 875 1274 931 mdituorum
1298 886 1351 933 et
1373 877 1706 933 sacerdotum

157 970 503 1035 tabernaculis,
532 968 622 1022 sub
650 968 839 1023 iisdem
888 969 1054 1033 vittis,
1106 980 1159 1025 et
1188 970 1447 1039 apicibus,
1497 980 1550 1025 et
1580 986 1698 1041 pur-

153 1069 315 1139 puris,
360 1064 493 1117 tbure
535 1060 811 1131 ﬂagrante,
861 1061 1135 1118 libidinem
1172 1064 1398 1135 expungi
1446 1062 1705 1141 (Tertull.

151 1157 395 1227 Apologel.
421 1169 524 1222 cap.
559 1153 649 1218 15,
697 1170 749 1221 p.
776 1150 893 1225 16).
925 1171 945 1204 ι

212 1247 281 1302 De
310 1244 641 1316 gladiatorum
681 1256 944 1315 pncterea
991 1245 1194 1301 crudeli
1224 1261 1448 1314 prorsus
1496 1246 1708 1303 feritate

142 1341 252 1396 haec
277 1348 394 1394 sunt
428 1335 621 1392 Octavii
646 1337 852 1392 verba:
902 1337 1017 1393 Non
1073 1338 1360 1396 dissimiles
1407 1348 1462 1394 et
1508 1340 1595 1410 qui
1637 1339 1707 1396 de

148 1448 294 1488 arena
326 1430 453 1486 feras
480 1428 756 1493 devorant,
789 1430 949 1486 illitas
977 1439 1035 1485 et
1082 1430 1306 1486 infectas
1354 1447 1566 1498 cruore,
1622 1432 1706 1493 vel

150 1523 387 1579 membris
411 1521 638 1576 hominis
674 1533 727 1577 et
764 1523 972 1577 viscere
1014 1523 1303 1592 saginatas.
1343 1543 1361 1576 ι
1392 1524 1471 1579 De
1518 1523 1704 1579 iisdem

149 1618 475 1675 Tertullianus
503 1632 516 1670 :
540 1634 570 1697 ι(
610 1614 689 1669 11Ιί
717 1616 807 1685 qui
833 1615 900 1671 de
932 1632 1093 1670 arena
1119 1616 1305 1672 ferinis
1332 1617 1571 1673 obsoniis
1597 1633 1707 1674 cae-

154 1719 296 1774 nant,
343 1710 419 1779 qui
457 1705 518 1761 de
550 1722 701 1789 apro,
746 1708 835 1776 qui
878 1706 946 1762 de
973 1722 1137 1762 cervo
1166 1717 1386 1783 petunt.
1432 1710 1573 1777 Aper
1616 1709 1705 1764 ille

1814 786 2231 855 appellationum
2284 789 2582 855 insignibus
2626 792 2908 849 multitudo
2953 791 3248 849 dirimenda
3304 800 3408 867 est.

1814 878 1923 931 Deo
1948 881 2036 948 qui
2060 882 2203 935 solus
2230 890 2331 957 est,
2364 882 2454 937 Dei
2477 885 2794 939 vocabulum
2821 892 2989 938 totum
3035 892 3208 941 est....
3233 882 3409 939 Audio

1811 969 2094 1040 vulgus...
2130 973 2213 1038 Et,
2250 973 2403 1046 Deus;
2425 990 2646 1046 magnus
2695 985 2810 1041 est;
2842 989 2915 1041 et,
2938 978 3088 1045 ,Deus
3117 992 3273 1030 verus
3294 984 3411 1042 est;

1811 1071 1884 1127 et,
1912 1062 1967 1118 Si
1994 1063 2133 1119 Deus
2165 1065 2407 1131 dederit;
2440 1068 2580 1139 vulgi
2604 1068 2703 1123 iste
2744 1069 2999 1124 naturalis
3029 1084 3208 1141 sermo
3237 1077 3336 1122 est.

1806 1157 2106 1243 Cypripnus
2136 1179 2147 1213 :
2186 1180 2205 1213 ‹
2240 1160 2349 1217 Nec
2379 1178 2577 1218 nomen
2609 1164 2700 1218 Dei
2750 1178 2994 1232 qumras;
3030 1164 3173 1218 Dens
3213 1177 3409 1217 nomen

1810 1259 1891 1303 est
1916 1251 2010 1304 illi.
2043 1251 2152 1306 Illic
2176 1252 2451 1309 vocabulis
2478 1270 2612 1323 opus
2629 1264 2732 1320 est,
2767 1255 2854 1309 ubi
2892 1255 3124 1325 propriis
3160 1254 3408 1323 appella-

1812 1342 2011 1396 tionum
2041 1344 2336 1414 insignibus
2376 1345 2662 1400 multitudo
2691 1346 2989 1404 dirimenda
3022 1356 3125 1399 est.
3167 1344 3279 1398 Deo
3317 1345 3409 1417 qui

1808 1432 2086 1498 solusest,
2118 1433 2257 1488 Deus
2302 1435 2620 1491 vocabulum
2676 1444 2842 1490 totum
2900 1444 3073 1491 est....
3103 1435 3307 1506 Vulgus
3357 1436 3410 1490 in

1809 1525 1989 1580 multis
2022 1526 2183 1580 Deum
2216 1528 2530 1584 naturaliter
2552 1528 2907 1585 conﬁtetur...
2947 1529 3057 1583 Dici
3096 1529 3405 1603 frequenter

1805 1616 2054 1672 audimus
2080 1635 2094 1672 :
2122 1617 2166 1673 Ο
2186 1619 2353 1673 Deus!
2378 1628 2451 1685 et,
2472 1620 2612 1675 Deus
2631 1619 2800 1685 videt;
2825 1630 2899 1684 et,
2922 1620 3032 1683 Deo
3053 1620 3395 1687 commendo;

1805 1719 1876 1774 et,
1907 1711 2046 1766 Deus
2077 1712 2204 1766 mihi
2256 1712 2477 1778 reddet;
2511 1721 2584 1780 et,
2635 1712 2787 1782 Quod
2836 1713 2947 1769 vult
2992 1712 3167 1777 Deus;
3219 1721 3294 1779 et,
3342 1712 3400 1768 Si

152 1820 306 1875 quem
341 1796 618 1861 cruentavit,
649 1799 989 1854 colluctando
1014 1798 1255 1855 detersit.
1285 1799 1489 1855 Cervus
1518 1801 1608 1856 ille
1634 1801 1686 1857 in
1717 1799 1765 1859 B
1794 1801 1934 1857 Deus
1955 1803 2217 1859 dederit.)
2249 1804 2427 1876 (Cypr.
2470 1805 2597 1860 ibid.
2655 1823 2773 1877 pag.
2823 1802 2941 1876 15.)
2994 1804 3231 1860 Videsne
3277 1820 3411 1879 quo-

148 1893 427 1966 gladiatoris
461 1890 712 1961 sanguine
760 1889 947 1959 iacuit.
992 1891 1241 1959 ipsorum
1275 1906 1518 1945 ursorum
1565 1891 1702 1947 alvei

143 1992 453 2055 appetuntur,
473 1981 800 2036 cruditantes
825 1968 1004 2035 adhuc
1028 1982 1079 2035 in
1111 1981 1405 2037 visceribus
1432 1980 1698 2037 humanis.

135 2078 376 2132 Ructatur
418 2090 571 2145 porro
617 2075 687 2128 ab
742 2073 957 2130 homine
1009 2089 1136 2130 caro
1189 2084 1334 2146 pasta
1385 2075 1451 2130 de
1488 2075 1701 2132 homine

133 2167 356 2241 (Tertull.
383 2165 638 2238 Apologet.
669 2183 784 2234 cup.
814 2167 867 2223 9.
894 2184 1012 2238 pag.
1045 2166 1159 2237 10).
1192 2187 1211 2220 ι

180 2261 256 2316 Ad
279 2260 390 2315 haec
403 2275 527 2313 vero
544 2258 796 2314 Octavius
817 2276 830 2312 :
855 2277 874 2309 ι
897 2258 1002 2313 Nec
1028 2258 1258 2321 factiosi.
1281 2259 1471 2330 inquit,
1491 2274 1695 2328 sumus,

125 2355 164 2407 si
189 2366 372 2407 omnes
400 2367 553 2405 imum
594 2332 795 2405 bonum
847 2350 1105 2420 sapimus,
1157 2350 1345 2421 eadem
1395 2352 1700 2421 congregati

126 2444 315 2515 quiete,
363 2460 457 2513 qua
501 2436 714 2513 singuli.
750 2460 770 2493 ι
825 2441 1189 2498 Tertullianus
1236 2452 1413 2499 autem
1449 2461 1462 2496 :
1519 2461 1538 2495 ι
1575 2442 1701 2499 Haec

129 2538 274 2591 coitio
314 2534 899 2591 Christianorum....si
949 2535 1069 2605 quis
1117 2534 1183 2590 de
1239 2550 1301 2590 ea
1356 2535 1601 2606 queritur
1633 2552 1700 2592 eo

132 2629 289 2695 titulo,
308 2645 408 2700 quo
429 2628 493 2684 de
517 2628 841 2683 factionibus
866 2630 1083 2698 querela
1125 2637 1207 2683 est
1235 2645 1249 2683 :
1287 2630 1340 2683 in
1371 2629 1526 2699 cujus
1572 2644 1698 2699 per-

128 2725 301 2778 niciem
316 2722 584 2794 aliquando
611 2721 961 2778 convenimus
975 2725 1000 2775 't
1020 2720 1133 2778 Hoc
1148 2736 1334 2777 sumus
1358 2714 1685 2793 congregati,

132 2815 260 2886 quod
274 2815 569 2886 etdiSpersi,
592 2814 695 2870 hoc
710 2815 938 2891 universi
956 2814 1095 2883 quod
1115 2823 1168 2870 et
1189 2814 1401 2885 singuli,
1425 2813 1696 2868 neminem

142 2906 380 2972 ledente,
436 2907 707 2962 neminem
758 2906 1140 2962 contriStantes
1188 2903 1425 2977 (Tertull.
1475 2903 1695 2987 Apolog.

144 3012 240 3066 cap.
263 2997 338 3062 59,
353 3014 401 3068 ρ.
564 3016 587 3050 ι

199 3088 415 3159 Denique
437 3100 491 3145 ut
517 3089 622 3144 alia
645 3090 785 3145 bene
815 3089 1001 3156 multa,
1038 3090 1260 3145 inferius
1296 3089 1529 3157 citauda,
1557 3106 1698 3146 nunc

1807 1894 1968 1950 modo
1999 1896 2137 1951 inter
2164 1897 2377 1971 Minucii
2396 1898 2555 1953 verba
2585 1896 2885 1970 Cyprianus
2909 1912 3005 1967 sua
3036 1897 3408 1972 interjccerit'?

1803 1986 2063 2043 Minucius
2094 1989 2310 2059 insuper
2339 1990 2406 2055 de
2461 1999 2795 2067 mortuorum
2840 1989 3118 2060 hominum
3162 1989 3411 2063 imagini-

1804 2077 1903 2132 bus
1927 2078 2043 2134 hacc
2067 2078 2263 2135 litteris
2291 2081 2673 2137 mandaverat:
2697 2104 2726 2156 _t
2769 2080 2934 2149 Sacra
2957 2079 3094 2135 facta
3121 2090 3266 2155 sunt.
3287 2098 3408 2165 qua:

1800 2168 2015 2224 fuerant
2042 2181 2316 2242 assumpta
2372 2173 2581 2230 solatia.
2624 2192 2644 2225 ι
2701 2172 2773 2227 l“e
2826 2171 3016 2226 iisdem
3069 2168 3404 2242 Cyprianus:

1808 2278 1827 2311 ς
1874 2261 2035 2316 Facta
2077 2273 2202 2317 sunt
2238 2279 2410 2328 sacra,
2463 2280 2582 2335 quae
2620 2264 2818 2349 rprimis
2861 2263 3075 2326 fuerant
3130 2273 3405 2349 assumpta

1804 2353 1991 2407 solatia
2020 2351 2200 2425 (Cypr.
2223 2355 2349 2409 ibid.
2384 2373 2504 2426 pag.
2531 2348 2646 2427 Η).
2678 2376 2698 2410 ι
2967 2419 2983 2435 ο

1870 2442 2163 2498 Minucius:
2198 2461 2219 2495 ι
2244 2445 2545 2501 Alexander
2578 2446 2670 2501 ille
2699 2461 2920 2517 magnus
2964 2445 3185 2503 Macedo
3208 2446 3409 2517 insigni

1799 2533 2070 2589 volumine
2113 2533 2179 2587 ad
2225 2542 2449 2590 matrem
2493 2535 2723 2607 scripsit,
2774 2545 2915 2598 metu
2961 2551 3073 2591 sua:
3124 2538 3404 2615 potestatis

1800 2627 2067 2696 proditum
2109 2626 2208 2681 sibi
2238 2626 2306 2683 de
2345 2628 2447 2682 diis
2491 2627 2795 2683 hominibus
2823 2643 2854 2681 a
2904 2628 3184 2684 sacerdote
3223 2643 3404 2685 secre-

1802 2727 1932 2773 tum.
1969 2736 1988 2770 ›
2014 2718 2366 2789 Cyprianus:
2422 2737 2441 2770 ι
2482 2719 2786 2785 Alexander
2814 2718 3035 2789 Magnus
3078 2720 3271 2790 insigni
3298 2735 3399 2777 vo-

1799 2810 2003 2865 lumine
2031 2809 2097 2865 ad
2119 2819 2345 2865 matrem
2378 2826 2527 2865 suam
2559 2810 2766 2876 scribit,
2796 2820 2939 2866 metu
2973 2813 3249 2880 potestatis
3275 2828 3401 2882 pro-

1798 2901 1967 2973 ditum
1998 2901 2098 2956 sibi
2128 2900 2198 2955 de
2225 2900 2329 2956 diis
2374 2901 2678 2958 hominibus
2718 2918 2754 2979 a
2791 2902 3080 2975 sacerdote
3132 2914 3401 2961 secretum

1802 2991 1982 3066 (Cypr.
2015 2993 2140 3047 ibid.
2172 3011 2298 3065 pag.
2334 2992 2450 3066 12).
2488 3013 2508 3047 ›

1869 3084 2164 3139 Minucius:
2201 3083 2482 3140 «Castores
2512 3085 2733 3140 alternis
2759 3085 3083 3155 moriuntur,
3113 3097 3170 3141 ut
3193 3088 3394 3156 vivant,

140 3180 276 3235 missa
324 3179 588 3244 faciamus,
644 3182 772 3236 dicit
824 3180 1076 3237 Octavius
1108 3197 1124 3236 :
1169 3201 1189 3235 ι
1219 3181 1379 3253 Vicit,
1415 3183 1502 3253 qui
1551 3184 1691 3253 quod
1719 3179 1764 3241 C
1798 3174 2136 3243 )Esculapius
2161 3184 2220 3230 ut
2247 3177 2301 3230 in
2346 3176 2503 3232 deum
2539 3185 2744 3248 surgat,
2772 3175 3102 3232 fulminatur.
3142 3160 3402 3235 Hercules

138 3272 400 3338 contendit,
427 3272 671 3328 obtinuit.
703 3293 722 3325 ι
752 3272 1117 3328 Tertullianus
1144 3284 1321 3329 autem
1350 3292 1363 3328 :
1402 3293 1421 3326 ‹
1452 3273 1687 3330 Victoria

140 3372 225 3425 est,
252 3378 340 3432 pro
377 3380 479 3436 quo
508 3366 822 3431 certaveris,
869 3365 1113 3421 obtinere
1168 3363 1420 3437 (Tertull.
1462 3365 1680 3437 Apolog.

140 3471 237 3524 cap.
262 3457 346 3521 30,
377 3474 487 3529 pag.
516 3458 628 3528 44).
666 3476 688 3510 ι

1791 3274 1850 3320 ut
1900 3265 2171 3322 hominem
2220 3275 2398 3332 exuat,
2444 3266 2632 3323 (Eleis
2672 3267 2887 3339 ignibus
2934 3279 3327 3325 concrematur.
3366 3290 3391 3339 ρ

1788 3355 2089 3429 Cyprianus
2111 3358 2300 3413 iisdem
2319 3359 2493 3414 adhuc
2512 3361 2725 3419 verbis:
2765 3380 2784 3413 ς
2817 3359 3006 3416 Castor
3029 3371 3078 3416 et
3102 3359 3291 3416 Pollux
3322 3362 3404 3418 al-

1790 3453 1958 3506 ternis
1978 3454 2297 3516 moriuntur,
2332 3464 2389 3507 nt
2416 3455 2630 3520 vivant;
2663 3455 3002 3525 Esculapius
3049 3464 3107 3511 ut
3141 3457 3192 3512 in
3239 3457 3400 3514 deum

198 3545 301 3601 1.1m
336 3564 459 3604 vero
485 3550 549 3603 ad
581 3565 643 3606 ea
682 3550 956 3605 veniamus
996 3565 1117 3620 qua;
1155 3550 1453 3621 Cyprianus
1492 3565 1557 3604 ex
1588 3548 1689 3605 Μί-
1778 3552 1991 3614 Burgat,
2052 3542 2395 3611 fulminatur;
2450 3544 2708 3601 Hercules
2758 3555 2815 3600 ut
2880 3544 3154 3602 hominem
3214 3556 3397 3631 exuat,

142 3639 276 3692 nucio
312 3650 486 3695 nostro
537 3642 912 3711 transcripsit:
967 3660 986 3694 ι
1019 3642 1243 3709 Quando
1293 3658 1562 3711 umquam,
1617 3642 1693 3698 ait

145 3739 302 3784 auctor
329 3741 530 3793 noster,
560 3733 707 3803 regni
736 3734 966 3786 societas
986 3728 1219 3787 autcum
1254 3731 1358 3787 ﬁde
1385 3734 1573 3804 C(Bpit,
1598 3741 1691 3788 aut

148 3822 243 3876 sine
268 3838 445 3880 cruore
476 3825 760 3881 discessit?
786 3842 808 3878 ι
841 3825 1083 3880 Totidem
1125 3826 1303 3881 verbis
1343 3827 1638 3897 Cyprianus
1672 3844 1685 3881 :

151 3912 342 3976 Quando
364 3932 600 3986 umquam
633 3916 784 3986 regni
814 3917 1065 3984 societas,
1088 3927 1178 3971 aut
1203 3933 1323 3971 cum
1358 3914 1467 3973 ﬁde
1504 3917 1687 3984 coepit,

153 4013 228 4057 aut
258 4007 364 4060 sine
386 4020 565 4062 cruore
612 4007 770 4063 desiit
805 4007 1071 4080 (Cyprian.
1098 4008 1185 4062 lib.
1206 4008 1268 4061 de
1288 4008 1316 4062 I
1324 4010 1487 4063 dolor.
1517 4008 1687 4064 Venit.

160 4110 257 4163 pug.
304 4097 491 4169 “Hi
540 4099 696 4156 Unde
771 4098 992 4155 forsitan
1053 4101 1274 4171 colligas
1340 4101 1391 4154 in
1476 4100 1692 4156 Minucii

168 4192 285 4239 textu
316 4187 554 4255 sinﬁliter,
603 4204 699 4261 pro
727 4176 976 4256 discessit,
1024 4190 1307 4261 legendum
1345 4192 1516 4258 desiit,
1547 4191 1692 4261 quod

178 4276 311 4329 verba
331 4283 453 4349 cepit
480 4283 670 4337 melius
699 4283 1010 4354 opponitur.

244 4358 476 4431 Mucius:
506 4395 527 4427 ι
552 4376 666 4432 Rex
696 4393 830 4431 unus
849 4376 1057 4447 apibus,
1079 4376 1187 4431 dux
1204 4377 1403 4431 nnusin
1419 4375 1689 4447 gregibus,

191 4458 234 4511 ἱη
255 4468 453 4522 amentis
488 4481 665 4525 rector
685 4486 847 4524 unus.
883 4487 902 4521 ι
956 4469 1255 4540 Cyprianus
1287 4485 1300 4521 :
1347 4487 1366 4521 ι
1396 4468 1510 4524 Rex
1553 4482 1692 4523 unus

1789 3634 1973 3691 (Eleis
2020 3635 2231 3706 ignibus
2267 3646 2639 3692 concrematur
2684 3636 2865 3712 (Cypr.
2896 3639 3021 3692 ibid.
3065 3657 3185 3711 pug.
3216 3640 3331 3709 ll).
3372 3659 3393 3693 ι

1863 3728 2126 3783 Minucius
2155 3746 2169 3782 :
2207 3747 2227 3780 ‹
2268 3730 2459 3798 Apollo
2489 3730 2699 3785 Admeti
2749 3744 2913 3800 pecus
2943 3731 3132 3801 pascit.
3166 3716 3399 3788 Laome-

1790 3819 1940 3875 donti
1969 3834 2152 3875 muros
2174 3820 2457 3890 Neptunus
2481 3821 2731 3885 instituit,
2757 3835 2857 3875 nec
2884 3821 3187 3876 mercedem
3217 3822 3398 3895 operis

1790 3914 1974 3970 infelix
1998 3923 2232 3970 structor
2250 3916 2509 3985 accepit.)
2538 3914 2840 3987 Cyprianus
2872 3930 2886 3967 :
2923 3931 2943 3964 ι
2972 3913 3164 3980 Apollo
3180 3912 3402 3969 Admeti

1793 4026 1954 4079 pecus
2005 4013 2168 4080 pavit.
2202 4010 2552 4066 Laomedonti
2602 4023 2788 4064 muros
2826 4006 3113 4077 ﬂeptunus
3153 4006 3401 4071 instituit,

1791 4120 1891 4160 nec
1919 4105 2222 4161 mercedem
2260 4105 2441 4174 operis
2479 4103 2663 4158 infelix
2698 4109 2932 4156 structor
2959 4098 3166 4170 accepit
3199 4097 3400 4169 (Cypr.

1793 4198 1976 4263 ibid.).
2012 4217 2033 4249 ι

1862 4288 2122 4343 Minucius
2145 4295 2328 4356 postea
2349 4285 2418 4342 de
2440 4277 2678 4342 Saturno
2705 4293 2761 4340 et
2785 4283 2921 4339 Jano
2948 4283 3064 4339 hare
3097 4291 3403 4341 memorat:

1801 4399 1820 4432 ε
1855 4380 2046 4434 Docuit
2076 4378 2283 4433 litteras
2310 4377 2642 4447 imprimere.
2672 4390 2924 4431 nummos
2958 4376 3265 4446 signare...
3294 4376 3398 4455 Ita-

1794 4487 1898 4541 que
1947 4470 2207 4526 latebram
2236 4470 2417 4524 vocari
2447 4467 2635 4524 maluit
2676 4467 3053 4525 Latium....et
3096 4467 3402 4525 Ianiculum

189 4560 254 4605 est
270 4556 433 4625 apibus,
459 4573 507 4616 et
530 4563 639 4641 dux
668 4576 803 4615 nntts
832 4563 888 4617 in
927 4562 1193 4633 gregibus,
1248 4570 1302 4616 et
1348 4561 1400 4615 in
1437 4560 1693 4616 armentis
1716 4562 1770 4622 1)
1795 4561 1982 4619 Janus.
2022 4581 2041 4614 ι
2071 4561 2407 4632 Cyprianus:
2453 4579 2473 4614 α
2505 4559 2634 4617 lude
2678 4560 2892 4633 Latium
2921 4559 2989 4616 de
3033 4560 3239 4616 latebra
3288 4558 3407 4630 ejus

186 4653 320 4697 rector
337 4664 449 4704 unus
468 4652 644 4725 (Cypr.
674 4653 800 4708 ibid.
810 4654 849 4723 ).
883 4673 902 4703 ι

241 4735 445 4796 liuucius
473 4763 485 4797 :
522 4764 540 4795 ‹
578 4746 679 4812 Qui
711 4746 958 4799 universa
980 4758 1331 4814 quaecumque
1352 4752 1492 4811 sunt,
1531 4744 1697 4799 verbo

182 4824 308 4894 jubet,
352 4837 541 4892 ratione
573 4837 868 4908 dispensat,
900 4850 906 4855 '
936 4837 1133 4891 virtute
1174 4845 1537 4901 consummat,
1614 4837 1700 4891 hic

183 4934 256 4976 nec
271 4925 405 4982 videri
431 4939 617 4999 potest,
645 4931 763 4985 visu
785 4930 980 4984 clarior
1009 4938 1122 4994 est;
1171 4944 1271 4984 nec
1295 4927 1698 4998 comprehendi,

182 5019 283 5069 belli
303 5022 455 5087 purior
474 5034 586 5090 est;
619 5040 716 5080 nec
745 5024 1019 5088 aestimari,
1052 5023 1297 5077 sensibus
1325 5022 1496 5092 major
1521 5031 1697 5078 est....

180 5117 217 5161 et
228 5110 321 5167 ideo
343 5115 411 5170 sic
426 5132 542 5171 eum
573 5117 733 5190 digne
753 5119 1098 5175 mstimamns.
1123 5118 1247 5171 dum
1272 5116 1697 5171 inmstimabilem

180 5199 367 5261 dicimus.
390 5207 714 5280 )Cyprianm
727 5224 885 5265 vero:
921 5228 940 5260 ι
964 5209 1062 5275 Qui
1086 5207 1332 5263 universa
1353 5222 1703 5277 qurecumque

181 5304 286 5355 sunt,
308 5299 450 5353 verbo
471 5300 642 5369 jubet,
668 5301 874 5355 ratione
900 5299 1197 5369 dispensat,
1228 5300 1423 5354 virtute
1447 5313 1702 5353 consum-

186 5396 279 5451 mat;
298 5388 367 5445 hic
388 5409 479 5448 nec
504 5393 671 5449 videri
700 5401 897 5464 potest,
927 5392 1042 5447 visu
1075 5392 1273 5448 clarior
1291 5401 1406 5458 est;
1428 5406 1528 5446 nec
1556 5408 1706 5446 com-

190 5479 395 5549 prehendi,
426 5495 564 5541 tactu
594 5486 780 5556 purior
807 5494 918 5550 est;
946 5501 1047 5541 nec
1076 5485 1351 5552 aestimari,
1392 5500 1551 5539 sensu
1592 5500 1706 5539 ma-

184 5565 415 5633 iorestmt
442 5577 565 5632 ideo
590 5579 669 5632 sic
697 5592 818 5630 eum
847 5576 1003 5645 digne
1026 5577 1370 5642 aestimamus,
1391 5576 1518 5631 dum
1550 5577 1709 5631 inars-

188 5660 408 5722 limabilem
448 5669 678 5724 dicimus
712 5665 893 5740 (Cypr.
918 5668 1030 5721 .loc.
1065 5666 1201 5739 οξτο).
1251 5667 1331 5723 Ibi
1373 5679 1549 5723 autem
1602 5668 1708 5740 Cy-

1798 4670 1991 4712 nomen
2022 4654 2247 4725 accepit.
2288 4653 2386 4710 llic
2437 4651 2648 4709 litteras
2690 4653 3023 4722 imprimere,
3054 4652 3141 4707 hic
3193 4652 3408 4722 signare

1798 4762 2046 4803 nummos
2085 4747 2137 4801 in
2173 4745 2324 4800 Italia
2364 4746 2566 4816 primus
2600 4745 2900 4800 instituit...
2935 4745 3010 4799 De
3037 4745 3211 4815 cujus.
3256 4742 3403 4812 Janl,

1799 4842 2016 4897 nomine
2037 4839 2337 4895 laniculum
2368 4838 2568 4893 dictum
2593 4847 2676 4894 est
2718 4837 2896 4909 (Cypr.
2927 4834 3102 4908 ibid).
3134 4855 3155 4888 ›

1866 4932 2126 4987 Minucius
2158 4948 2172 4985 :
2206 4950 2226 4983 ι
2260 4928 2487 4985 Antrum
2518 4928 2671 4985 Jovis
2712 4929 2920 4990 visitur,
2965 4936 3019 4991 et
3064 4925 3409 4998 sepulchrum

1799 5023 1919 5093 ejus
1948 5021 2273 5077 ostenditur.
2314 5039 2333 5072 ι
2363 5020 2659 5092 Cyprianus
2689 5019 2805 5073 haec
2830 5014 3052 5073 totidem
3084 5012 3242 5088 plane
3283 5034 3406 5074 ver-

1802 5115 1888 5170 bis
1915 5114 2096 5170 retulit
2124 5133 2137 5169 :
2169 5132 2189 5165 t
2221 5116 2447 5168 Antrum
2465 5113 2613 5168 Jovis
2642 5114 2695 5167 in
2726 5110 2885 5168 Creta
2910 5111 3121 5176 visitur,
3145 5120 3199 5166 et
3225 5110 3409 5181 sepul-

1796 5207 1986 5262 chrum
2014 5206 2129 5275 ejus
2159 5204 2461 5260 ostenditur
2492 5203 2671 5277 (liypr.
2705 5202 2883 5277 ibid.).
2934 5222 2953 5257 ι

1877 5299 2138 5354 Minucius
2171 5315 2185 5351 :
2222 5317 2242 5351 ‹
2276 5297 2562 5366 Pejerante
2617 5298 2845 5353 Proculo
2888 5297 3029 5353 Deus
3057 5295 3341 5353 Romulus.
3380 5316 3402 5351 ι

1806 5392 2111 5464 Cyprianus
2141 5405 2272 5446 vero
2299 5409 2313 5445 :
2371 5407 2391 5442 σ
2427 5390 2522 5444 Est
2548 5389 2832 5456 Romulus,
2874 5390 3150 5461 peierante
3177 5388 3412 5446 Proculo

1809 5486 1944 5543 deus
1984 5489 2153 5541 lactus
2182 5485 2362 5558 (Cypr.
2386 5482 2509 5537 ibid.
2544 5498 2664 5559 pag.
2695 5481 2812 5550 η).
2857 5502 2876 5535 ι

1884 5579 2142 5635 Minucius
2170 5572 2237 5631 de
2262 5576 2364 5630 diis
2391 5593 2404 5629 ε
2441 5594 2460 5625 ι
2496 5574 2605 5630 Cur
2632 5576 2676 5630 si
2706 5576 2815 5630 nati
2837 5584 2981 5639 sunt,
3010 5592 3116 5631 non
3146 5575 3418 5646 hodieque

1811 5683 2124 5735 nascuntur,
2154 5670 2253 5724 nisi
2286 5669 2423 5724 forte
2447 5669 2555 5739 jam
2582 5659 2794 5740 Jupiter.
2814 5669 3008 5735 senuit,
3043 5678 3097 5726 et
3130 5656 3325 5742 partus.
3358 5670 3416 5739 in

188 5756 347 5823 prianus
385 5761 626 5832 quaedam
668 5760 878 5817 Minucii
924 5760 1106 5826 verba,
1160 5775 1191 5815 a
1219 5761 1371 5817 nobis
1396 5761 1617 5828 omissa,
1656 5772 1714 5818 et
1813 5765 2024 5821 lunone
2051 5758 2267 5816 defecit.
2311 5778 2330 5813 ι
2362 5759 2439 5815 De
2478 5759 2666 5817 iisdem
2705 5762 3050 5832 Cyprianus:
3099 5752 3132 5814 ι’
3160 5761 3213 5816 Si
3238 5770 3417 5817 autem
