3802 6276
452 274 561 332 407
1746 269 1833 325 DE
1875 267 2130 328 MINUCH
2167 269 2465 326 OCTAVIO
3530 301 3583 356 m

453 388 745 458 aliquando
775 388 845 445 dii
879 388 988 444 nati
1019 393 1162 452 sunt,
1187 400 1284 441 cur
1305 401 1410 442 non
1440 386 1706 455 hodieque
1731 395 2046 448 nascuntur,
2078 387 2130 447 Λ
2155 394 2214 441 ut
2258 385 2324 440 ad
2357 385 2558 440 cultum
2611 385 2692 440 sui
2741 393 2953 454 cegant,
2999 397 3057 442 ut
3100 388 3270 447 nidore
3309 395 3509 472 altarium,
3544 422 3590 472 γει

459 483 561 536 nisi
587 482 722 535 forte
747 480 954 550 Jupiter
970 480 1165 546 senuit,
1190 489 1279 534 aut
1308 490 1490 550 parttts
1533 481 1588 535 in
1626 480 1836 537 Juuone
1864 481 2059 538 defecit
2163 479 2351 534 hostiis
2383 478 2646 548 pecudum
2681 479 2928 548 saginati,
2965 481 3196 536 remissis
3229 500 3330 554 qua:
3373 502 3592 560 constante.

464 572 647 645 (ευριπ
678 570 852 641 ἰδίει).
894 590 912 622 ι
2163 582 2303 636 rant,
2327 586 2546 627 curasse
2576 571 2870 626 videantur.
2909 590 2927 622 ι
2956 572 3237 644 Cyprianus
3265 595 3278 630 :
3306 598 3322 630 ι
3357 582 3405 636 lli
3428 601 3596 663 ergospi.

533 663 790 717 Minucius
823 679 836 714 :
881 680 901 714 ι
963 662 1325 717 Romanorum
1365 663 1496 718 deos
1543 665 1859 719 vernaculos
1905 665 2059 720 novi-
2165 665 2297 721 ritus
2332 665 2432 720 sub
2467 664 2656 718 statuis
2689 673 2847 734 atque
2876 665 3184 734 imaginibus
3208 678 3474 730 consecratis
3492 662 3600 742 delita.

460 772 600 814 mus.
627 755 906 819 Romulus,
938 757 1115 822 Picus,
1139 757 1406 822 Tiberius,
1432 765 1487 810 et
1513 756 1740 822 Consus,
1777 769 1827 812 ct
1858 757 2060 812 Pilum-
2165 766 2342 818 scunt.
2370 757 2420 810 lii
2439 755 2621 810 afflatu
2645 771 2742 809 suo
2767 767 2945 810 vatttm
2967 765 3174 824 pectora
3194 759 3434 828 inspirant.
3453 782 3600 834 extorum

458 861 582 912 nus,
626 861 689 901 ac
723 846 1012 901 Picumnns
1045 847 1140 901 dii.
1175 844 1479 902 Cloacinam
1513 849 1698 903 Tatius
1736 859 1790 904 et
1836 850 2059 914 invenit,
2168 850 2330 905 fibras
2355 849 2612 907 animant.
2637 848 2813 901 avium
2855 847 3060 901 volatus
3089 847 3376 917 gubernant,
3413 869 3533 916 sortes
3557 883 3605 922 rc-

457 946 512 993 et
541 937 724 992 coluit.
759 937 1016 993 Pavorem
1053 938 1332 1003 Hostilius,
1363 949 1522 1010 atque
1571 939 1838 995 Pallorem
1875 959 1888 995 :
1939 957 2062 996 mox
2167 949 2320 1011 gunt,
2353 941 2567 1001 oracula
2596 938 2852 998 efficiunt,
2879 938 3009 992 falsa
3040 940 3180 994 veris
3206 955 3392 1010 semper
3419 949 3604 1015 iM'OlelL

459 1045 492 1084 a
531 1030 713 1084 nescio
753 1046 859 1098 quo
902 1029 1086 1084 Febris
1134 1030 1377 1086 dedicata
1418 1042 1593 1086 est....
1637 1047 1768 1087 sane
1818 1044 1872 1088 et
1925 1033 2064 1088 Acca
2169 1035 2302 1089 Nam
2329 1042 2384 1088 et
2415 1031 2671 1088 falluntur
2695 1041 2750 1084 et
2780 1031 2969 1085 fallunt
3003 1049 3016 1084 :
3052 1032 3207 1086 vitam
3256 1035 3450 1101 turbant.
3482 1058 3608 1107 suum,

457 1121 735 1188 Larentia,
761 1133 815 1177 et
847 1122 1003 1176 Flora
1061 1125 1397 1178 meretrices.
1439 1143 1457 1175 ι
1517 1125 1815 1194 Cyprianus
1848 1143 1860 1180 :
1907 1144 1924 1177 ι
1964 1127 2067 1180 Ro-
2171 1125 2491 1194 inquietant.
2526 1123 2828 1194 It'repenles
2855 1123 3013 1177 etiam
3067 1122 3118 1176 iu
3163 1128 3438 1193 corporibus
3476 1143 3608 1204 υςωιιε,

461 1230 745 1270 manorum
774 1214 907 1269 deos
946 1217 1267 1270 vernaculos
1296 1217 1560 1271 novimus.
1601 1217 1692 1270 Est
1732 1217 2064 1274 Romulus...
2171 1228 2382 1273 utentes
2413 1226 2636 1280 terrent,
2666 1218 2904 1272 membra
2933 1216 3412 1286 distorquent....ut
3428 1224 3472 1277 ad
3491 1233 3612 1288 cultum
3653 1214 3659 1290 ι

459 1307 643 1373 Picus,
676 1316 731 1361 et
752 1307 1020 1372 Tiberius,
1069 1318 1122 1361 et
1152 1307 1432 1360 Pilumnus
1471 1317 1524 1361 et
1568 1305 1871 1362 Consum...
1905 1308 2066 1362 Deam
2172 1309 2253 1363 sui
2286 1321 2500 1378 cogant,
2531 1317 2583 1360 ut
2616 1308 2801 1361 nidore
2827 1307 3073 1361 altarium
3104 1316 3156 1360 et
3187 1308 3318 1376 rogis
3339 1325 3615 1390 pecurtttnsagi.

464 1414 678 1469 quoque
703 1398 1012 1454 Cloacinam
1041 1399 1223 1454 Tatius
1265 1410 1319 1475 et
1355 1399 1578 1465 invenit,
1627 1411 1680 1454 et
1723 1400 1885 1454 coluit
1915 1417 1928 1452 :
1975 1401 2072 1454 Pa~
2174 1401 2306 1457 nati.
2333 1401 2573 1455 remissis
2607 1415 2728 1471 qua:
2754 1400 3203 1464 constrinxerant,
3231 1414 3422 1460 Curasse
3447 1408 3615 1471 vitlem”,

465 1507 652 1546 vorem
684 1491 938 1546 llustilius
977 1501 1137 1560 atque
1170 1492 1432 1546 Pallorem
1465 1510 1477 1544 :
1513 1506 1637 1546 mox
1677 1507 1706 1545 a
1746 1493 1928 1546 nescio
1966 1506 2072 1559 quo
2176 1490 2358 1564 (Cypr.
2392 1491 2515 1544 ibid.
2546 1508 2666 1562 pag.
2699 1491 2810 1560 14).
2853 1509 2872 1542 ι

466 1581 662 1637 Febris
701 1583 944 1639 dedicata
976 1601 990 1636 :
1017 1594 1070 1638 et
1101 1589 1236 1636 Acca
1261 1595 1314 1637 et
1337 1583 1494 1637 Flora
1520 1585 1836 1640 meretrices
1867 1583 2068 1656 (Cypr.
2246 1582 2504 1636 lilinncius
2532 1597 2742 1636 rursum
2771 1581 2840 1636 de
2863 1580 3052 1635 iisdem
3089 1580 3394 1640 dannouibus
3415 1603 3469 1640 :t
3502 1593 3552 1647 Sic
3572 1613 3617 1652 ος.

464 1673 593 1728 ibid.
626 1693 746 1746 pag.
786 1677 901 1742 12).
940 1697 958 1728 ι
2177 1684 2374 1743 cupant
2400 1676 2629 1734 animos.
2663 1683 2722 1729 ut
2745 1688 2987 1730 autenos
3016 1675 3263 1744 inciptant
3290 1676 3616 1752 houtinesoiissa,

540 1767 847 1822 Minucius:
887 1787 905 1820 ι
954 1769 1092 1824 Mars
1113 1771 1394 1836 Thracius,
1421 1773 1504 1826 vel
1549 1771 1758 1841 Jupiter
1802 1771 2067 1840 Creticus,
2102 1773 2148 1832 B
2177 1783 2334 1837 quam
2384 1783 2581 1827 nosse:
2635 1781 2704 1821 ne
2751 1766 2998 1833 Cognilos
3043 1775 3134 1819 aut
3177 1767 3352 1822 inlilari
3389 1774 3549 1838 possint,
3579 1793 3622 1832 aut

468 1861 554 1918 vel
579 1861 716 1917 Juno
767 1877 908 1917 nunc
947 1865 1162 1935 Argiva,
1213 1881 1356 1918 nunc
1415 1865 1617 1930 Samia,
1687 1881 1828 1919 nunc
1888 1867 2074 1930 Ptena,
2183 1857 2440 1913 damnare
2483 1873 2588 1913 non
2621 1858 2845 1927 possint.
2887 1877 2906 1910 ι
2957 1859 3248 1928 Cyprianus
3280 1875 3520 1930 quoqnezt
3554 1868 3620 1921 lla

466 1969 613 2008 nunc
667 1954 833 2007 Diana
883 1954 1108 2009 Taurica
1154 1956 1236 2009 vel
1287 1963 1459 2009 mater
1488 1955 1651 2019 Idaea,
1695 1957 1778 2011 vel
1826 1957 2075 2028 Egyptia,
2186 1953 2376 2023 Vulgus
2405 1952 2456 2005 in
2484 1951 2664 2005 Odium
2698 1950 2868 2006 "OSN'i
2905 1952 3136 2006 Nominis
3169 1963 3368 2022 cogunt,
3394 1965 3439 2009 ιιι
3465 1973 3532 2010 nos
3549 1963 3625 2015 nilis-

474 2046 562 2101 illa
597 2061 700 2099 non
733 2046 1084 2109 numina,sed
1137 2037 1403 2116 portenta.
1440 2067 1459 2099 ι
1493 2047 1796 2119 Cyprianus
1827 2067 1839 2102 :
1884 2068 1902 2100 ι
1941 2049 2079 2104 Mars
2191 2057 2252 2097 se
2283 2044 2542 2111 incipiant
2596 2043 2840 2098 homines
2875 2051 3163 2112 antequam
3203 2058 3381 2107 nosse:
3418 2057 3626 2118 tremuit»:

471 2137 736 2193 Thracius
758 2137 1032 2206 etantter
1058 2138 1323 2204 Creticus,
1354 2149 1408 2190 et
1435 2138 1578 2193 Juno
1624 2139 1710 2194 vel
1754 2141 1954 2210 Argiva
1994 2141 2079 2196 vel
2185 2149 2277 2194 aut
2304 2139 2502 2194 imitari
2528 2139 2770 2210 possint,
2818 2148 2910 2193 aut
2960 2137 3216 2194 damnare
3245 2155 3342 2194 non
3391 2144 3541 2210 possint
3567 2146 3630 2215 (fit.

473 2231 651 2287 Samia
687 2231 767 2284 vel
797 2231 963 2286 Pceua
990 2239 1044 2285 ct
1072 2231 1235 2284 Diana
1288 2229 1537 2297 Taurica,
1594 2241 1649 2287 et
1696 2233 1861 2287 Deum
1915 2233 2083 2290 Mater
2188 2237 2358 2305 prian.
2393 2235 2569 2305 ibist).
2607 2252 2626 2286 ι

467 2323 610 2378 ld:ea
655 2333 710 2378 et
749 2322 1002 2394 Egyptia
1031 2332 1300 2393 portenta,
1334 2338 1439 2377 non
1471 2324 1688 2378 numina
1723 2325 1906 2396 (Cypr.
1943 2326 2070 2379 ibid.
2261 2327 2520 2381 Minucius
2549 2342 2567 2380 :
2611 2344 2630 2378 ‹
2661 2325 2945 2396 Templum
2992 2323 3137 2394 quod
3180 2323 3260 2390 ei,
3299 2325 3415 2391 Deo,
3451 2335 3632 2398 casinam,

475 2430 595 2484 pag.
634 2414 760 2483 l5).
800 2433 818 2464 υ
2190 2433 2314 2472 cum
2347 2427 2491 2472 totus
2533 2417 2618 2472 hic
2649 2418 2900 2482 mttndus,
2955 2418 3080 2484 ejus
3118 2431 3276 2486 opera
3309 2416 3547 2483 fabricatus,
3570 2436 3633 2473 eua

549 2506 810 2560 Minucius
836 2522 849 2559 :
885 2523 904 2555 t
934 2506 1074 2561 Ante
1101 2520 1216 2572 eos,
1249 2507 1359 2562 Deo
1388 2507 1754 2578 dispensante,
1783 2507 1872 2563 ditt
1923 2522 2084 2579 regna
2189 2525 2381 2580 capere
2401 2525 2504 2564 non
2527 2512 2723 2580 possit;
2749 2521 2941 2564 etcum
2966 2511 3132 2562 homo
3150 2508 3300 2562 latius
3321 2523 3538 2572 maneam.
3561 2512 3633 2563 inin
3679 2506 3683 2564 ἠ

469 2607 758 2654 tenuerunt
787 2601 1014 2672 Assyrii,
1047 2599 1205 2667 Medi,
1238 2611 1292 2655 et
1347 2601 1546 2665 Persae,
1593 2600 1764 2656 Graeci
1817 2601 1980 2656 etiam
2031 2613 2087 2656 et
2196 2618 2353 2657 uuam
2382 2603 2660 2658 aediculam
2684 2603 2792 2657 vim
2823 2611 2983 2658 tanta:
3012 2601 3296 2671 majestatis
3321 2602 3635 2657 includamllint-
3684 2662 3685 2696 ι

475 2692 736 2764 Egyptii.
770 2713 790 2745 ι
835 2693 1132 2764 Cyprianus
1165 2711 1179 2747 :
1233 2713 1253 2747 ‹
1293 2695 1579 2766 Imperium
1625 2705 1750 2751 ante
1795 2706 2087 2751 tenuerunt
2194 2711 2262 2751 ne
2285 2695 2477 2750 melius
2515 2696 2565 2748 in
2600 2707 2780 2750 neStra
2818 2694 3153 2750 dedicandus
3177 2703 3252 2748 est
3284 2705 3452 2759 mente,
3480 2696 3516 2747 in
3534 2707 3635 2748 nostro

477 2794 534 2841 et
563 2786 790 2857 Assyrii,
817 2796 869 2841 et
900 2787 1057 2853 Medi,
1078 2800 1131 2842 et
1156 2785 1370 2853 Persze;
1400 2797 1455 2844 et
1482 2788 1702 2844 Graecos
1725 2799 1779 2844 et
1805 2787 2088 2860 Egyptios
2199 2787 2308 2840 imo
2355 2786 2758 2842 consecrandus
2800 2794 2886 2841 est
2930 2797 3170 2856 pectore.
3217 2803 3234 2836 ι
3279 2783 3521 2857 Cyprianus
3549 2802 3636 2840 tero:

478 2893 735 2948 regnasse
766 2882 1115 2949 cognovimus
1159 2879 1342 2952 (Cypr.
1382 2881 1561 2948 ibid.).
1600 2900 1618 2932 ι
2201 2897 2221 2930 ‹
2255 2879 2407 2946 Quod
2432 2880 2687 2948 templum
2717 2880 2916 2934 habere
2949 2879 3119 2947 poSsit
3145 2879 3300 2942 Deus,
3327 2878 3455 2947 cujus
3479 2881 3636 2947 templum
3688 2878 3689 2918 ι

550 2970 840 3025 Minucius:
880 2989 899 3022 t
934 2971 1071 3036 Quid
1099 2971 1370 3040 Regulus?
1389 2971 1574 3024 Nonne
1591 2971 1813 3040 attguria
1829 2971 2084 3037 servavit,
2199 2980 2344 3028 totus
2374 2985 2457 3028 est
2485 2972 2750 3026 mundus?
2779 2970 2993 3026 Etcum
3028 2971 3188 3025 homo
3208 2971 3352 3025 latius
3377 2981 3548 3036 maneat,
3569 2976 3638 3022 inin
3690 2986 3691 3020 ι

473 3072 533 3119 et
569 3075 759 3132 captus
789 3063 906 3118 est?
954 3063 1232 3118 Mancinus
1279 3062 1593 3131 religionem
1637 3062 1826 3124 tenuit.
1877 3072 1932 3118 et
1975 3063 2076 3117 sub
2197 3080 2356 3120 unam
2392 3065 2674 3119 tedii-uiam
2717 3064 2822 3118 vim
2853 3072 3015 3118 tanta:
3057 3063 3340 3132 majestatis
3375 3060 3641 3115 includatnib
3692 3094 3693 3120 ι

471 3154 662 3225 jngum
701 3159 899 3210 missus
921 3166 1000 3211 est
1021 3195 1038 3221 ,
1071 3165 1126 3210 et
1176 3153 1412 3209 deditus.
1447 3153 1630 3208 Pullos
1669 3155 1864 3211 edaces
1909 3155 2092 3212 habuit
2117 3155 2163 3217 C
2198 3165 2377 3212 nostra
2406 3155 2732 3210 dedicandus
2759 3164 2840 3210 est
2872 3165 3078 3220 mente,
3109 3157 3160 3208 in
3185 3165 3357 3209 nostro
3382 3152 3645 3208 consecrandus

479 3257 537 3304 et
566 3249 762 3304 Paulus
802 3248 941 3318 apud
977 3246 1232 3311 Cannas;
1278 3255 1457 3302 tamen
1483 3262 1605 3301 cum
1652 3248 1855 3316 majore
1908 3249 2086 3319 reipu-
2189 3259 2272 3305 est
2322 3257 2538 3318 pectore
2572 3245 2751 3318 (Cypr.
2785 3246 2910 3300 ibid.
2944 3263 3068 3317 pag.
3101 3246 3208 3314 15).
3247 3264 3263 3296 ι

482 3341 641 3394 hlicae
690 3349 844 3409 parte
883 3347 1186 3410 prostratus
1211 3350 1313 3394 est.
1371 3338 1532 3394 Caius
1583 3339 1803 3407 CteSar,
1843 3356 1912 3396 ne
1962 3353 2087 3397 ante
2263 3341 2382 3396 Alia
2424 3341 2599 3395 adhuc
2640 3341 2690 3394 in
2734 3339 2836 3394 hoc
2875 3340 3092 3395 Minucii
3125 3339 3260 3394 libro
3299 3344 3549 3401 occurrunt,
3582 3351 3644 3404 qua

483 3431 729 3485 brumam
780 3431 830 3484 in
877 3429 1114 3486 Africam
1163 3431 1370 3501 navigia
1416 3435 1822 3499 transmitteret,
1849 3435 2086 3506 auguriis
2189 3434 2405 3506 quidem
2442 3435 2524 3487 his
2550 3433 2768 3497 similia,
2812 3449 2932 3503 qure
2974 3433 3273 3504 Cyprianus
3303 3433 3376 3487 vel
3401 3432 3444 3487 in
3470 3431 3575 3496 libro,
3589 3431 3645 3497 jaa

485 3530 541 3576 et
570 3521 822 3590 auspiciis
852 3522 1227 3589 renitentibus,
1265 3524 1490 3593 sprevit,
1519 3540 1585 3579 eo
1611 3525 1816 3580 facilius
1853 3539 1907 3582 et
1934 3529 2086 3582 navi-
2192 3543 2221 3580 a
2264 3529 2418 3582 nobis
2456 3527 2652 3597 saepius
2677 3529 2863 3592 citato,
2898 3528 2978 3581 vel
3011 3529 3066 3581 in
3093 3528 3205 3582 suis
3238 3526 3302 3580 ad
3340 3525 3539 3580 Donatum
3555 3534 3583 3576 et
3598 3521 3648 3573 Dc-

485 3614 709 3685 gavitet
738 3615 882 3668 vicit.
920 3634 939 3667 ›
969 3613 1268 3686 Cyprianus
1300 3633 1314 3672 :
1349 3636 1368 3669 ‹
1409 3618 1641 3688 Regulus
1686 3621 1920 3689 auspicia
1967 3635 2086 3676 ser-
2197 3620 2498 3672 ntetriannm
2533 3618 2704 3682 libris,
2755 3627 2810 3673 et
2853 3618 2978 3672 alibi
3023 3618 3256 3687 scripsit,
3295 3633 3404 3687 qua:
3441 3628 3543 3670 nunc
3572 3625 3650 3666 tran-

486 3705 634 3759 vavit
672 3715 727 3760 et
765 3717 956 3776 captus
1003 3717 1108 3763 est.
1155 3709 1429 3766 Mancinus
1467 3711 1778 3780 religionem
1829 3713 2000 3768 tenuit
2036 3722 2092 3768 et
2197 3711 2436 3766 scribere
2465 3711 2671 3780 longius
2721 3709 2872 3766 foret.
2928 3710 3287 3778 Quamobrem
3311 3711 3409 3775 illa,
3436 3708 3502 3763 ubi
3523 3707 3564 3760 ad
3580 3720 3652 3758 con-

486 3798 590 3854 sub
615 3799 800 3870 jugum
831 3803 1024 3855 missus
1057 3811 1175 3857 est:
1209 3812 1264 3858 et
1297 3803 1470 3873 pullos
1513 3805 1706 3860 edaces
1747 3805 1944 3864 Paulus
1992 3810 2088 3862 ita-
2195 3804 2511 3859 firmandam
2554 3803 2790 3859 auctoris
2824 3804 2994 3859 nostri
3036 3806 3354 3862 sententiam
3381 3800 3580 3874 omiserit,
3601 3799 3652 3850 in-

487 3890 624 3956 buit,
655 3901 710 3946 et
738 3892 880 3962 apud
913 3891 1126 3948 Cannas
1155 3903 1330 3950 tamen
1369 3909 1538 3951 czesus
1565 3906 1666 3951 est.
1706 3895 1767 3952 C.
1794 3897 1996 3969 Caesar,
2027 3916 2092 3956 ne
2196 3888 2364 3954 fcrius
2396 3897 2753 3968 proferemus.

489 3991 614 4036 ante
647 3983 888 4038 brumam
919 3985 970 4038 in
995 3985 1231 4040 Africam
1281 3988 1487 4057 navigia
1535 3991 1943 4056 transmitteret,
1991 4007 2092 4045 au-
2267 3993 2336 4044 At
2385 3991 2577 4045 mirum
2617 3989 2754 4045 haud
2784 3989 2946 4046 dubie
2991 3990 3258 4046 videbitur
3291 3987 3566 4060 Cyprianum.
3596 3992 3653 4035 tam

491 4074 660 4143 guriis
682 4084 737 4129 et
763 4077 1019 4146 auspiciis
1049 4079 1428 4146 renitentibus,
1461 4084 1686 4152 sprevit,
1711 4094 1764 4137 et
1789 4097 1856 4138 eo
1887 4083 2091 4139 facilius
2196 4080 2458 4136 disertum
2490 4082 2866 4147 eruditumque
2891 4084 3092 4146 virum,
3124 4091 3202 4136 tot
3239 4083 3386 4135 unius
3409 4077 3550 4139 libelli,
3570 4073 3655 4127 alli-

487 4167 760 4236 navigavit
786 4177 841 4222 et
870 4169 996 4224 vicit
1025 4169 1205 4241 (Cypr.
1248 4173 1423 4244 ibid.).
1462 4191 1480 4226 ι
2197 4174 2355 4229 nucio
2384 4174 2690 4242 compositi,
2741 4174 2850 4228 loca
2880 4174 2949 4228 de
2989 4174 3156 4228 verbo
3198 4166 3655 4241 exscripsisseadvu-

561 4257 825 4316 Minucius
866 4261 934 4316 de
981 4262 1360 4321 dictitonibtts:
1409 4285 1429 4318 ί
1468 4266 1697 4335 Spiritus
1745 4267 1998 4324 insinceri
2041 4277 2096 4324 et
2206 4266 2350 4320 bum.
2407 4265 2627 4320 Plurimi
2667 4267 2842 4335 itaque
2885 4277 3054 4320 suum‘
3086 4269 3139 4321 in
3177 4267 3400 4321 animum
3434 4262 3549 4317 facile
3568 4260 3656 4311 indu-

492 4350 608 4418 vagi
634 4365 662 4402 a
685 4352 892 4407 caelesti
922 4355 1122 4422 vigore.
1153 4357 1382 4411 terrenis
1404 4357 1611 4412 labibus
1633 4366 1686 4412 et
1715 4358 2095 4422 cupiditatibus
2197 4367 2324 4413 cent
2365 4357 2648 4413 Minucium
2667 4372 2732 4412 ex
2761 4357 3031 4430 Cypriane
3059 4359 3254 4428 potius,
3285 4371 3430 4427 quam
3447 4351 3657 4424 Cyprianum

491 4437 856 4510 degravati....
875 4443 991 4499 Non
1023 4446 1270 4510 desinunt
1296 4449 1488 4516 perditi
1509 4449 1616 4516 jam
1649 4449 1895 4519 perdere,
1927 4461 1982 4506 et
2001 4452 2095 4506 de-
2198 4464 2262 4504 ex
2288 4449 2516 4505 Minucio
2536 4464 2630 4503 sua
2655 4458 3112 4504 essemutuatum.
3135 4449 3240 4506 Sed
3257 4449 3302 4504 si
3320 4442 3659 4504 Minuciuslibntm

492 4537 697 4603 pravati
747 4551 988 4592 errorem
1039 4538 1315 4607 pravitatis
1360 4540 1664 4596 infundere.
1707 4563 1726 4594 ι
1792 4542 2096 4614 Cyprianus
2119 4543 2174 4602 D
2201 4557 2356 4595 suum
2385 4542 2456 4595 uti
2484 4541 2590 4610 jam
2627 4540 2977 4606 ostendimus,
3009 4543 3154 4611 prior
3183 4539 3361 4604 edidit,
3388 4555 3475 4592 non
3500 4536 3562 4589 ille
3579 4538 3661 4584 certe

491 4623 656 4678 simili
686 4629 848 4680 modo
877 4644 892 4682 :
924 4629 1157 4698 Spiritus
1179 4631 1435 4688 insinceri
1484 4642 1540 4688 et
1579 4636 1716 4705 vagi,
1761 4637 1848 4704 qui
1883 4647 2094 4706 postea-
2203 4648 2267 4688 ex
2319 4634 2606 4704 Cypriane,
2631 4633 2724 4686 sed
2749 4630 3044 4704 Cyprianus
3100 4648 3166 4688 ex
3222 4632 3311 4686 illo
3353 4643 3438 4684 sua
3457 4619 3662 4688 desumpsit

495 4736 660 4798 quam
689 4721 918 4776 terrenis
943 4721 1089 4777 vitiis
1118 4724 1355 4778 immersi
1377 4733 1523 4790 sunt,
1552 4734 1605 4781 et
1625 4741 1653 4778 a
1687 4728 1869 4799 vigore
1892 4730 2098 4785 cmlesti
2203 4725 2340 4793 Quid
2390 4742 2541 4791 vero,
2567 4727 2707 4796 quod
2736 4740 2834 4781 nec
2859 4726 3024 4780 intimi
3068 4739 3166 4781 nec
3192 4723 3391 4778 obscuri
3430 4721 3507 4773 fuit
3523 4711 3664 4769 nominis

494 4830 715 4875 terreno
744 4815 993 4886 contagio
1041 4820 1426 4884 recesserunt:
1452 4833 1556 4872 non
1612 4819 1860 4875 desinunt
1909 4825 2101 4893 perditi
2205 4819 2463 4875 Minucius
2486 4830 2696 4886 noster;
2742 4821 2940 4890 quippe
2979 4835 3137 4891 quem
3169 4807 3665 4886 Lactantittsta‘udilione

497 4909 748 4980 perdere.
793 4918 848 4963 et
907 4907 1176 4975 depravati
1217 4921 1454 4964 errorem
1505 4911 1779 4979 pravitatis
1825 4914 2104 4972 infundere
2205 4909 2345 4964 haud
2368 4910 3308 4980 mediocriprteditum,etinsiguem,
3336 4899 3666 4972 utisnpraobst‘f-

495 4999 694 5073 (Cypr.
729 4999 912 5072 ibid.).
952 5017 970 5052 ι

2204 5013 2384 5058 vatum
2417 5013 2518 5070 est,
2549 5003 2872 5058 causidicum
2918 5004 3168 5074 appellat,
3214 5011 3367 5070 atque
3389 5014 3447 5052 ex
3472 4995 3559 5062 ejus
3589 4989 3665 5042 libro

565 5096 828 5150 Minucius
865 5093 933 5147 de
977 5093 1164 5148 iisdem
1226 5092 1446 5150 adhuc:
1493 5114 1510 5148 t
1545 5096 1636 5152 lsli
1688 5098 1848 5169 igitur
1907 5101 2102 5170 impuri
2204 5097 2592 5168 plura_haurire
2613 5096 3011 5154 nondubitavit.
3043 5097 3234 5166 Quidni
3255 5078 3667 5166 ergoetCypriamls?

493 5187 810 5258 8piritus....
829 5184 930 5239 sub
953 5186 1142 5240 statuis
1173 5195 1225 5242 et
1247 5188 1565 5258 imaginibus
1581 5193 1878 5264 consecrati
1906 5193 2100 5248 delite-

495 5290 676 5348 scunt,
718 5289 774 5336 et
814 5279 998 5336 afﬂatu
1045 5295 1211 5337 suo...
1242 5281 1572 5352 inspirantur
1613 5287 1915 5341 vatibus....
1948 5286 2100 5342 Non-

493 5387 788 5442 numquam
848 5381 1093 5427 extorum
1145 5373 1305 5429 tihras
1345 5376 1607 5442 animant,
1661 5377 1840 5430 avium
1887 5377 2098 5434 volatus

493 5467 815 5538 gubernant,
843 5476 1018 5521 sortes
1056 5476 1267 5539 regunt,
1297 5469 1513 5523 oracula
1541 5468 1782 5524 efficiunt
1804 5468 1950 5525 falsis
1974 5471 2095 5542 plu-

491 5560 642 5616 ribus
669 5559 922 5614 involuta.
969 5558 1098 5615 Nam
1143 5569 1197 5616 et
1235 5559 1489 5617 falluntur
1517 5570 1569 5616 et
1618 5561 1901 5619 fallunt....
1933 5564 2096 5618 vitam

493 5653 734 5715 turbant,
765 5667 980 5709 somnos
1012 5653 1329 5724 inquietant,
1357 5654 1658 5723 irrepentes
1672 5653 1832 5710 etiam
1855 5656 2098 5724 corpori-

488 5744 591 5801 bus
620 5744 919 5803 occulte....
950 5753 1157 5804 terrent
1189 5755 1419 5809 mentes,
1454 5745 1696 5803 membra
1726 5746 2098 5819 distorquent;
