3802 6276
207 388 307 443 109

790 487 1016 546 CAPUT
1051 485 1135 543 Ill.

207 676 352 719 ΜΝΞ.
396 673 445 713 IN
490 665 675 711 IINUCH
711 663 911 705 FELICIS
963 661 1157 703 ιιιιιιυιι
1218 656 1661 710 ΑΝΝοτΑτιοιιι-ῑες
1696 657 1760 698 ΑΩ

280 767 426 812 ιδιιιιιο
450 758 808 805 ειπιιωσικτυκ
843 756 1182 804 ARGUIENTA,
1219 752 1405 804 QUIBUS
1439 751 1583 792 DEUII
1611 748 1760 791 EXIS‘

217 901 228 914 ,
287 860 416 903 τειι
440 850 658 899 θεωιιυε
683 849 882 900 Νεωτ,
909 849 977 890 ΕΤ
1004 846 1210 887 Ριιοιιλτ
1240 843 1522 886 OCTAVIUS.

691 980 981 1023 ARTICULUS
1010 979 1135 1019 Ριιιιι
1140 979 1222 1019 US.

224 1112 347 1183 Quid
371 1118 411 1166 et
432 1103 666 1179 quomodo
700 1103 753 1156 in
783 1102 862 1156 Itis
890 1101 1023 1155 notis
1051 1108 1248 1169 agetur,
1290 1112 1350 1151 ac
1392 1096 1557 1167 primo
1587 1094 1769 1166 inqui-7

275 1206 390 1257 ritur
439 1210 603 1253 utrum
668 1193 945 1251 Christiani
991 1192 1054 1247 ab
1085 1192 1182 1245 hac
1237 1188 1578 1261 disputatione
1635 1188 1757 1260 reji-

256 1292 432 1351 cieudi.

248 1450 402 1511 Nihil,
434 1455 492 1501 ut
520 1448 629 1515 jam
668 1445 919 1510 diximus,
963 1453 1076 1499 toto
1106 1442 1207 1500 hoc
1246 1441 1463 1499 Minucii
1498 1441 1550 1496 in
1591 1438 1753 1508 libro,

187 1547 228 1601 si
246 1544 527 1613 prologum,
563 1550 614 1595 et
642 1539 935 1610 epilogum,
963 1547 1123 1608 atque
1152 1538 1393 1610 ejusdem
1422 1534 1636 1592 Minucii
1665 1534 1752 1602 ju-

187 1636 361 1691 dicium
388 1633 683 1700 exceperis,
730 1631 873 1685 aliud
912 1630 1166 1697 occurrit,
1208 1630 1311 1685 nisi
1368 1628 1563 1683 Caecilii
1593 1628 1754 1682 Octa-

195 1730 348 1800 viiqtte
383 1724 705 1795 disputatio;
734 1740 837 1796 qua
868 1724 958 1778 ille
987 1723 1345 1791 ethnicorum,
1381 1722 1470 1778 hic
1489 1721 1751 1777 Christia-

199 1837 355 1878 norum
378 1819 689 1886 religionem
714 1818 966 1875 omnibus
987 1817 1185 1888 ingenii
1214 1818 1293 1872 sui
1323 1817 1524 1872 viribus
1557 1833 1752 1887 propu-

1557 364 2028 424 DlSSERTATIO.
2071 364 2081 432 ξ

1787 492 1842 553 Α
1868 479 2308 552 imperitioribus,
2354 487 2412 537 et
2446 479 2759 538 mulieribtts
2788 492 2948 538 sexus
2975 479 3059 536 sui
3105 477 3354 536 facilitate
3382 477 3459 533 la-

3354 362 3460 419 410

1866 575 2151 639 bentibus,
2202 575 2411 647 plebem
2446 575 2681 646 profana:
2724 575 3108 648 conjttrationis
3148 572 3456 636 instituunt,

1864 669 2156 725 ttctandem
2207 669 2496 733 latebrosa,
2545 668 2737 739 inquit.
2787 677 2840 724 et
2891 667 3160 739 lucifuga:
3205 667 3351 722 natio
3404 665 3458 721 in

1863 762 2138 832 publicum
2172 773 2337 826 muta,
2380 762 2431 816 in
2461 761 2670 831 angulis
2709 761 2941 832 garrula.
2979 779 2998 814 ι

1932 871 2117 943 Neque
2168 888 2328 941 porro
2395 871 2641 928 Caecilius
2698 873 2845 927 solus
2910 872 3049 928 hanc
3106 869 3458 937 Christianis,

1860 964 2103 1020 ultimam
2153 965 2427 1021 hominum
2477 967 2749 1033 omnium,
2798 966 3128 1030 rusticitate,
3183 975 3240 1022 et
3287 966 3459 1034 impc-

1858 1061 1979 1115 ritia
2012 1069 2427 1130 postremorum.
2478 1060 2839 1116 conditionem
2885 1060 3250 1130 exprobravit.
3328 1059 3459 1114 Nam

1868 1151 2058 1209 Celsus
2123 1162 2179 1208 et
2248 1153 2475 1224 ipsemet
2521 1154 2771 1208 ethnicus
2833 1152 2973 1223 apud
3044 1152 3332 1224 Origenetn
3405 1151 3461 1207 in

1860 1264 1988 1313 eos,
2040 1258 2309 1320 tamquam
2362 1248 2650 1304 vilissimas
2695 1248 3044 1318 omniumque
3090 1246 3334 1312 inituros,
3379 1245 3463 1300 tti-

1861 1342 2046 1413 hilque
2092 1342 2197 1398 nti
2257 1357 2438 1398 coram
2496 1343 2712 1412 pueris,
2788 1342 3121 1398 mulierculis
3187 1349 3243 1398 et
3302 1339 3462 1396 fatuis

1857 1436 2055 1492 docere
2116 1435 2317 1503 aliquid
2379 1436 2667 1509 audentes,
2721 1437 2799 1492 sic
2872 1426 3143 1491 invehitur
3198 1452 3214 1490 :
3269 1430 3462 1507 Opapia

1857 1532 1916 1591 δὴ
1967 1536 2055 1585 ποῦ
2113 1533 2198 1584 καὶ
2259 1539 2367 1591 τοὺς
2417 1538 2462 1585 ἰν
2513 1535 2623 1594 ταῖς
2674 1535 2872 1602 ἀγοραῖς
2928 1520 3286 1601 rusparer“;
3347 1535 3460 1583 ἔπι·

1856 1625 2175 1690 δεικνυμένους
2194 1662 2208 1681 .
2239 1633 2320 1677 καὶ
2346 1628 2643 1694 ἀνείρθντως.
2671 1628 2737 1685 εἰς
2762 1632 2846 1690 μὲν
2881 1633 3113 1695 φρνίμων
3136 1626 3317 1693 ἀνδρῶν
3344 1622 3461 1675 σῦλ·

1858 1722 1987 1784 λαγον
2022 1719 2104 1769 οὔκ
2129 1719 2186 1767 ἄν
2213 1712 2328 1771 arare
2358 1716 2695 1786 παρελθόντας,
2736 1714 2833 1770 οὗδ’
2868 1722 2914 1771 ἐν
2946 1719 3128 1777 τυῦτοις
3169 1720 3237 1769 τὰ
3284 1719 3464 1768 ἑαυτῶν

1856 1813 2310 1873 κιτειτολμτζσαντας
2350 1810 2654 1861 ὶπιδιιιινῦθιν
2678 1821 2690 1835 ‘
2724 1812 2833 1859 bant
2871 1805 2912 1858 δ’
2940 1808 2998 1858 ἂν
3025 1810 3168 1875 ὁρῶσι
3205 1810 3457 1874 (supinat,

201 1929 340 1987 gnaro
358 1929 409 1967 ac
431 1912 565 1966 tueri
591 1912 959 1966 conuituntur.
984 1911 1086 1967 Sed
1117 1911 1393 1980 utriusque
1413 1921 1746 1981 argumenta,

1927 1900 1933 1947 ἱ
1987 1901 2255 1967 οἰκοτρίϐων
2303 1902 2462 1965 ὄχλον,
2494 1900 2580 1949 ttat}
2617 1899 2829 1958 ἀνθῆτων
2876 1902 3131 1967 ἀν”ρὼπων
3158 1901 3326 1964 ὅμιλον
3384 1902 3459 1949 δν-

195 2023 251 2063 ac
270 2004 577 2076 potissimum
596 2002 804 2059 Octavii
826 2003 891 2058 ad
910 2004 1117 2074 iniquas
1134 2001 1331 2058 Caecilii
1348 2002 1750 2058 criminationes

189 2110 428 2165 responsa,
470 2095 639 2166 longo
668 2109 980 2150 sermonum
1023 2094 1308 2151 intervallo
1356 2109 1385 2148 a
1426 2109 1485 2149 se
1523 2095 1749 2149 invicem

180 2196 410 2259 separata,
449 2188 677 2244 lectoris
731 2198 963 2243 mentem
1010 2189 1079 2242 ita
1128 2188 1441 2259 perturbare
1491 2197 1748 2259 poSs-unt;

181 2290 226 2334 nt
260 2280 452 2357 illprum
481 2281 593 2334 vim
620 2289 674 2334 et
705 2279 931 2350 pondus,
962 2280 1063 2335 nisi
1097 2279 1292 2337 iterum
1322 2280 1624 2351 iterumque
1653 2294 1748 2336 ea-

177 2371 279 2426 dem
304 2370 434 2441 legat
458 2383 516 2427 et
559 2371 792 2442 relegat,
837 2370 922 2426 vix
953 2372 1123 2441 possit
1145 2371 1469 2443 perspicere.
1520 2371 1601 2427 Ad
1631 2371 1748 2428 haec

178 2479 301 2530 vero,
332 2463 473 2533 plura
504 2465 558 2519 in
600 2463 682 2519 eis
701 2463 928 2519 strictim
956 2464 1368 2535 summatimque
1388 2463 1748 2529 attinguntur,

176 2570 274 2625 qua:
301 2557 495 2610 tametsi
524 2555 750 2610 Minucii
781 2567 1021 2627 tempore
1056 2564 1239 2612 essent
1274 2557 1416 2612 clara
1453 2566 1503 2612 et
1536 2556 1748 2629 perstri-

182 2662 275 2713 cua,
316 2648 490 2702 multis
526 2647 651 2716 jam
678 2647 909 2704 obscura
946 2657 1088 2714 sunt,
1133 2657 1295 2719 atque
1322 2649 1522 2705 idcirco
1550 2648 1752 2705 debent

179 2755 202 2793 a
220 2741 347 2794 nobis
373 2741 664 2809 “plicari.

232 2831 559 2901 Quamobrem
620 2833 719 2887 tria
752 2834 950 2889 nostris
991 2833 1042 2888 in
1084 2833 1550 2890 observationibus
1577 2848 1743 2904 pnes-

181 2923 303 2977 tattda
320 2938 430 2979 esse
446 2925 772 2980 censuimus
820 2925 997 2979 Primo
1027 2924 1241 2996 quidem
1279 2925 1553 2991 quodlibet
1579 2925 1747 2981 Caeci-

185 3012 232 3069 lii
250 3026 629 3085 argumentum,
674 3029 727 3071 et
758 3017 961 3072 Octavii
1000 3016 1066 3073 ad
1109 3017 1233 3072 illud
1267 3019 1647 3088 responsiones
1684 3033 1747 3073 ac

188 3108 546 3175 confutationes,
602 3123 632 3162 a
661 3123 722 3163 se
753 3108 980 3163 invicem
1018 3109 1310 3176 sejunctas,
1352 3110 1512 3165 simul
1540 3119 1593 3164 et
1614 3124 1746 3165 con-

183 3195 365 3267 iunctim
403 3215 775 3271 proponemus
805 3201 1354 3272 cxaminabimnsqttc.
1388 3202 1636 3259 Secundo
1658 3216 1747 3256 os-

1849 1995 2003 2045 τειῧθιι
2052 1996 2334 2056 Manabat);
2394 2013 2464 2049 τε.
2531 1993 2613 2044 καὶ
2684 1994 3146 2057 καλλωπεςςμινυυς.
3199 2004 3218 2039 t
3271 1984 3461 2041 Cerni-

1853 2097 1973 2138 mus
2047 2091 2194 2139 certe
2260 2090 2316 2138 et
2382 2082 2835 2137 circttmi'oraneos
2908 2081 3041 2136 istos
3112 2077 3460 2135 circulatores

1851 2183 2125 2231 ostentare
2188 2174 2284 2229 ista
2351 2175 2510 2245 vulgo
2565 2173 2948 2242 jactatissima,
3004 2186 3110 2226 non
3150 2168 3290 2241 apud
3349 2182 3459 2224 cm-

1852 2275 1939 2322 tus
1969 2265 2246 2322 hominum
2296 2265 2665 2337 prudentium,
2706 2266 2848 2337 quod
2881 2263 2933 2319 id
2973 2276 3309 2334 nequaquam
3360 2275 3459 2315 auo

1853 2356 2050 2425 deant,
2127 2355 2221 2411 sed
2294 2356 2615 2428 ubicumque
2689 2355 3201 2415 animadverterint,
3270 2351 3459 2408 adole-

1852 2456 2101 2503 scentum
2158 2447 2621 2512 mediastinorum,
2675 2457 2731 2503 et
2788 2449 3052 2502 fatuorum
3119 2445 3334 2500 turbam
3394 2459 3461 2499 eo

1851 2555 1912 2595 se
1950 2540 2215 2611 ingerere,
2256 2541 2439 2612 ibique
2486 2555 2546 2596 se
2588 2539 2889 2596 venditare.
2932 2559 2950 2592 ι
2990 2539 3055 2593 Ει
3094 2538 3254 2609 paulo
3293 2547 3446 2607 post:

1849 2626 2045 2703 ὁρῶμεν
2071 2637 2154 2686 καὶ
2193 2638 2320 2690 κατὰ
2347 2638 2431 2695 τὰς
2464 2636 2588 2693 ἰδίας
2618 2638 2771 2696 aluta;
2796 2640 3079 2703 ἓριουργοὺς,
3121 2642 3204 2686 καὶ
3230 2634 3459 2687 σκυτθτό·

1851 2747 1991 2793 μους,
2018 2729 2101 2778 καὶ
2117 2729 2322 2795 κναφεῖς.
2340 2735 2421 2779 καὶ
2433 2733 2538 2781 τοὺς
2552 2728 2993 2786 (titubaverit-oi);
3005 2747 3056 2778 τι
3074 2745 3135 2777 και
3156 2724 3433 2794 ὶᾶγροικοτᾶ.
3446 2748 3463 2762 ·

1849 2841 1974 2880 τους,
2003 2826 2207 2873 ἔναυε-τίον
2226 2828 2312 2886 μιν
2332 2829 2423 2873 τῶν
2453 2825 2787 2888 πρεσϐυτέρων,
2817 2820 2901 2870 καὶ
2925 2822 3276 2887 φρονιμωτέρων
3297 2820 3464 2869 διαπι-

1850 2926 1942 2976 τῶν
1968 2913 2095 2964 οὗδὲν
2118 2914 2395 2980 φθέγγεσθαι
2416 2918 2687 2978 τολμῶντας
2706 2922 2721 2938 ⁸
2745 2912 2938 2963 ἐπειδὰν
2959 2913 3009 2961 δὲ
3038 2925 3128 2964 τῶν
3154 2911 3336 2962 παίδων
3364 2910 3463 2976 ἰδίᾳ

1850 3007 2108 3060 λάϐωνται.
2140 3004 2224 3056 καὶ
2251 3012 2482 3068 γυναίκων
2521 3017 2660 3056 τινῶν
2701 3009 2781 3054 σὺν
2818 3004 2982 3061 αὖα-οῖς
3005 3003 3062 3054 ἃν
3085 3005 3313 3061 ἀνοήτων,
3340 3004 3460 3052 θαύ-

1845 3094 1980 3161 μαισι’
2011 3100 2137 3150 ἄττα
2162 3097 2530 3159 διεξιόντως,’ὢς
2573 3097 2627 3147 οὗ
2674 3103 2770 3163 χρῦι
2800 3101 3045 3163 προῆκαν
3084 3103 3151 3161 τῷ
3193 3093 3342 3162 πατρὶ
3372 3096 3457 3143 καὶ

1844 3191 1944 3248 τοῖς
1971 3188 2298 3252 διδασκάλοις,
2346 3195 2476 3257 σφίσι
2508 3188 2559 3238 δὲ
2595 3190 2863 3239 testati-iu.
2898 3202 2918 3236 t
2955 3182 3150 3238 Videre
3180 3183 3302 3237 licet
3329 3180 3462 3237 lolli-

186 3289 411 3343 tendimus
437 3292 561 3359 quid
597 3291 653 3345 itt
703 3292 780 3346 eis
811 3289 1046 3357 ﬁrmum,
1078 3300 1170 3347 aut
1205 3293 1517 3359 invalidum,
1564 3309 1750 3348 verum
1778 3280 1824 3343 C
1858 3279 2017 3341 “('05.
2075 3288 2308 3338 ευιυτθε.
2350 3276 2582 3332 ίυΙΙθιιθε
2613 3276 2665 3330 in
2710 3276 2824 3330 διιῖε
2872 3275 3106 3339 παίδων
3159 3284 3215 3330 θῑ
3237 3275 3458 3329 ῘΙΙῘΙΕΙὮ-

183 3390 261 3435 aut
290 3382 461 3438 falsum
491 3386 584 3439 sit.
650 3384 833 3440 Tertio
876 3403 995 3456 qum
1026 3386 1263 3443 strictius
1290 3397 1344 3443 et
1371 3389 1753 3457 compressius,

184 3473 249 3527 vel
273 3475 532 3531 obscurius
559 3476 710 3531 dicta
739 3488 885 3543 sunt,
931 3478 1222 3546 ertplanare
1237 3479 1572 3534 conabimur.

241 3564 404 3623 Priorc
428 3578 610 3624 autem
645 3578 835 3623 contra
864 3568 1201 3625 Christianos
1229 3580 1546 3641 argumento
1583 3568 1754 3627 Caici-

183 3659 266 3716 lius
302 3666 563 3721 contendit
614 3681 716 3721 eos
762 3664 829 3719 ad
871 3665 1009 3721 hanc
1052 3665 1120 3720 de
1177 3666 1281 3720 diis
1327 3666 1753 3743 disputationem

185 3754 303 3808 nullo
344 3772 552 3825 prorsus
588 3757 757 3812 modo
792 3757 1152 3813 admittendos
1186 3772 1324 3826 esse,
1378 3766 1433 3813 et
1461 3774 1492 3812 a
1541 3760 1755 3815 nemine

185 3846 456 3903 audiendos.
510 3849 683 3905 Suam
714 3864 843 3905 vero
883 3851 1401 3919 argumentationem
1438 3849 1559 3906 duci
1596 3866 1754 3921 posse

194 3937 444 3995 arbitratur
461 3956 526 3995 ex
557 3940 765 4012 duplici
794 3940 1110 3998 eorumdem
1168 3940 1593 3998 Christianorum
1620 3957 1750 3997 con-

192 4028 380 4100 ditione,
426 4051 656 4104 quarum
697 4035 863 4090 altera
914 4034 1043 4105 ipsis
1082 4034 1388 4104 peculiaris,
1430 4035 1597 4090 altera
1630 4052 1749 4090 cum

191 4124 366 4177 caeteris
389 4123 701 4182 hominibus
750 4126 1052 4180 communis
1081 4135 1216 4180 erat.
1247 4126 1353 4180 Eos
1379 4126 1524 4181 enim
1575 4141 1637 4182 ex
1671 4127 1752 4181 ιιι·

114 4282 119 4287 _
198 4212 297 4266 tima
322 4216 473 4286 plebis
519 4220 659 4273 hcce
707 4217 969 4272 collectos
1018 4215 1174 4284 dicit,
1220 4219 1412 4273 artium
1452 4217 1750 4274 liberalium

200 4303 648 4379 penitnsexpcrtes,
676 4308 983 4365 illitteratus
1013 4308 1257 4364 indoctos
1312 4309 1491 4379 plane,
1532 4323 1596 4363 ac
1624 4308 1752 4364 idio-

209 4399 288 4458 tas,
310 4405 437 4468 atque
465 4401 673 4456 idcirco
723 4400 945 4454 omnino
972 4399 1222 4471 indignos
1254 4399 1344 4470 qui
1377 4417 1396 4452 ι
1432 4400 1499 4454 dc
1539 4414 1749 4455 summa

212 4495 368 4552 rerum,
388 4507 437 4545 ac
460 4495 750 4563 majestate
783 4511 804 4545 ι
840 4492 890 4547 id
921 4500 1025 4559 est,
1061 4494 1128 4547 de
1156 4492 1288 4561 Deo,
1331 4502 1505 4547 utrum
1533 4492 1746 4557 existat,

211 4587 261 4628 ac
282 4577 374 4648 quis
394 4587 627 4652 qualisve
665 4585 755 4649 sit,
794 4584 1130 4656 disputantes
1172 4600 1235 4640 ac
1261 4583 1612 4642 decernentes
1651 4600 1746 4640 an-

1865 3371 2130 3427 tissimum
2153 3386 2419 3441 quemque
2434 3378 2489 3425 et
2514 3369 2925 3425 rusticissimum
2952 3383 3134 3424 coram
3159 3367 3460 3424 senioribus

1858 3473 1915 3518 ct
1951 3461 2387 3532 prudentioribus
2412 3459 2886 3533 patribusl‘amilias
2915 3459 3049 3515 nihil
3079 3459 3280 3515 audere
3332 3474 3459 3531 pro-

1860 3556 2024 3628 loqui.
2078 3555 2174 3612 Ubi
2204 3569 2333 3610 vero
2358 3568 2578 3611 seorsuu
2609 3555 2747 3610 nacti
2780 3554 2977 3610 iuerint
3018 3567 3215 3624 pueros
3247 3567 3456 3620 eorum,

1858 3658 1916 3705 et
1964 3648 2313 3705 mulierculas
2364 3649 2663 3717 imperitas,
2716 3648 2851 3703 mira
2893 3648 3138 3719 quaedam
3167 3648 3454 3711 disserere,

1856 3757 1965 3798 non
2009 3756 2132 3796 esse
2172 3740 2469 3797 audiendos
2518 3749 2774 3812 parentes
2816 3753 2881 3794 ac
2929 3751 3310 3811 prmceptores,
3364 3736 3459 3792 sed

1856 3834 1955 3891 sibi
1987 3833 2316 3889 credendum
2347 3830 2585 3905 (Origen.
2618 3832 2707 3888 lib.
2737 3849 2817 3902 ιιι,
2857 3841 3038 3888 contra
3069 3830 3298 3898 Celsum,
3333 3846 3457 3902 pag.

1857 3926 1981 3984 ιιι,
2015 3926 2140 3988 ttt,
2173 3926 2225 3981 in
2252 3923 2333 3996 ιο)
2369 3965 2383 3979 .

1926 4018 2262 4090 Quapropter
2305 4017 2596 4088 Gregorius
2642 4016 3010 4072 Nazianzenus
3054 4014 3125 4067 ita
3181 4012 3456 4068 Juliauum

1854 4111 2168 4179 Apostatam
2223 4110 2603 4178 imperatorem
2654 4108 2841 4163 irridet
2876 4124 2890 4163 :
2926 4124 2946 4158 ι
2979 4105 3073 4161 Hac
3102 4113 3324 4172 ποιέει-ω,
3357 4104 3460 4160 hoc

1853 4211 1969 4267 est,
2019 4200 2382 4256 Gallilatorom
2440 4199 2523 4253 lue
2547 4207 2978 4268 contemptorum
3028 4207 3081 4251 et
3126 4196 3455 4266 ahjectorutn

1862 4290 2142 4345 hominum
2175 4292 2530 4346 narrationes.
2579 4289 2706 4343 Haec
2734 4303 2853 4347 nos.
2901 4288 2990 4357 qui
3021 4285 3294 4341 Christum
3322 4285 3456 4341 ado-

1853 4398 2054 4438 ramus.
2087 4383 2212 4437 ﬂare
2238 4382 2582 4450 piscatorum,
2609 4389 2663 4434 et
2692 4389 2752 4434 ut
2777 4378 3057 4450 ipsiaiunt,
3089 4378 3456 4448 imperitorum

1853 4474 2122 4544 discipuli.
2156 4474 2284 4530 Haec
2310 4487 2431 4538 nos,
2463 4473 2553 4542 qui
2583 4488 2703 4527 cum
2731 4470 2926 4527 vetulis
2950 4469 3201 4526 sedemus
3231 4483 3280 4525 et
3317 4471 3457 4540 psal-

1868 4569 2049 4625 limus.
2100 4567 2229 4622 Hzec
2273 4582 2371 4622 nos
2394 4566 2563 4637 longis
2577 4566 2797 4636 jejuniis
2841 4563 3067 4620 coniecﬁ
3108 4571 3163 4618 et
3205 4563 3457 4617 semiani—

207 4663 391 4727 ditantur.
411 4676 538 4745 Quid
567 4693 726 4744 vero,
749 4655 893 4748 quod
918 4693 1021 4733 mm
1047 4677 1206 4732 modo
1233 4678 1507 4749 ίηιιίεηιηη
1535 4686 1634 4747 εει,
1660 4677 1757 4734 sed
1782 4671 1836 4732 ι)
1863 4676 1999 4717 mes.
2025 4660 2149 4715 H:rc
2169 4675 2290 4726 nos,
2309 4659 2396 4731 qui
2424 4657 2621 4713 frustra
2654 4658 2955 4728 vigilamus.
2985 4664 3147 4725 atque
3172 4655 3224 4710 in
3248 4661 3460 4708 noctur-

201 4758 345 4826 etiam,
376 4779 426 4822 ttt
454 4770 570 4840 ipse
587 4770 638 4825 ai
700 4787 719 4821 ι
756 4770 1136 4839 indignandum
1177 4788 1196 4822 ι
1242 4768 1611 4840 hujuscemodi
1649 4769 1747 4825 ho-

202 4852 322 4908 nines
355 4873 412 4913 eo
435 4862 722 4919 devenisse
753 4862 1015 4927 audaciae,
1057 4873 1113 4916 ιιι
1140 4864 1271 4918 certi
1309 4863 1507 4933 aliquid
1535 4863 1603 4918 de
1634 4864 1748 4918 Deo

201 4948 497 5020 constituant,
529 4954 600 5010 de
638 4969 745 5025 quo
796 4953 1238 5023 philoSOphorum
1284 4952 1583 5010 doctissimi
1614 4953 1748 5009 nihil

199 5030 416 5097 hactenus
460 5032 698 5101 statuere
736 5047 854 5102 ausi
879 5045 1145 5102 fuissent?
1174 5047 1339 5103 Visne
1376 5029 1608 5117 ipsatuet
1653 5046 1749 5102 tibi

199 5128 389 5193 Proh-tri
420 5133 612 5192 Cmcilii
637 5139 842 5194 verba?
893 5138 1034 5194 Ecce
1067 5138 1180 5193 htrc
1207 5139 1321 5209 ipsa
1352 5148 1514 5206 sunt;
1559 5157 1578 5191 ι
1608 5139 1750 5194 Indi-

197 5222 426 5287 gnandum
487 5231 734 5286 omnibus
779 5229 1324 5300 indolescendumque
1374 5239 1487 5296 est,
1550 5232 1751 5287 audere

198 5314 420 5379 Quosdam
462 5330 515 5375 et
555 5324 655 5378 hoc
691 5322 988 5376 studiorum
1030 5320 1213 5384 rudes,
1246 5320 1536 5375 litterarum
1566 5322 1748 5391 profa-

200 5415 299 5467 nos,
324 5421 556 5479 expertes
581 5417 771 5470 artiunt
803 5416 963 5470 etiam
1007 5412 1371 5477 sordidarum,
1412 5423 1618 5468 certum
1647 5415 1749 5469 ali-

208 5496 309 5561 quid
331 5499 392 5556 de
425 5520 626 5560 summa
655 5521 860 5571 rerum,
903 5522 967 5562 ac
1010 5506 1293 5577 majestate
1336 5505 1649 5573 decernere,
1679 5507 1745 5563 de

212 5601 294 5659 qua
320 5601 381 5649 tot
404 5600 641 5655 omnbus
667 5603 881 5657 saeculis
908 5614 1175 5658 sectarum
1204 5603 1549 5673 plurimarum
1579 5618 1747 5674 ustjue

207 5679 349 5740 adhuc
374 5687 480 5759 ipsa
506 5693 834 5765 philosophia
865 5695 1145 5752 deliberat.
1185 5716 1204 5750 ›
1256 5697 1462 5751 Rursus
1502 5714 1630 5753 vero
1667 5714 1750 5754 ur-

196 5783 270 5847 get
304 5776 616 5847 Christianos
643 5785 809 5850 fuisse
843 5805 862 5840 t
913 5786 1159 5855 homines
1188 5789 1480 5860 deploratm
1501 5830 1515 5854 ,
1550 5790 1747 5846 illicita:

286 5867 577 5942 desperatm
604 5880 876 5951 factionis,
929 5882 1020 5952 qui
1044 5882 1113 5939 de
1134 5882 1319 5939 ultima
1349 5884 1476 5940 {accc
1503 5884 1745 5941 colleCIis

1847 4753 1933 4809 nis
1954 4751 2273 4807 stationibus
2301 4766 2583 4820 nugatnur,
2611 4758 2668 4805 et
2698 4762 2878 4806 tamen
2918 4764 3011 4801 vos
3040 4744 3452 4816 prosternimus.

1856 4845 1958 4903 Uhi
1985 4858 2105 4901 sunt
2133 4845 2508 4918 grammatici?
2547 4844 2647 4901 Ubi
2675 4843 3003 4901 consiliarii?
3040 4841 3192 4896 Libet
3219 4839 3361 4893 enim
3390 4837 3458 4893 ab

1851 4938 2190 4994 indoctorum
2226 4937 2544 4993 nostratium
2583 4938 2833 5008 quodam,
2865 4944 2919 4990 ut
2948 4932 3163 5004 quidem
3196 4932 3348 4987 vobis
3372 4933 3454 4986 vi-

1851 5030 2028 5094 detur,
2087 5030 2469 5100 triumphalem
2518 5028 2777 5100 hymnum
2832 5024 3062 5081 tnutttari
3113 5041 3133 5076 ι
3197 5021 3454 5095 (Cregor.

1856 5123 2115 5180 Nazianz.
2149 5122 2297 5177 Orat.
2329 5123 2383 5188 4,
2416 5122 2469 5175 in
2496 5119 2702 5174 Julian.
2735 5134 2856 5190 pag.
2886 5114 2994 5171 298
3023 5125 3068 5170 et
3097 5113 3226 5186 seq.)

1925 5239 2306 5294 Verumtamen
2382 5236 2612 5307 ipsemet
2672 5233 2919 5289 Julianus
2982 5230 3123 5302 apud
3195 5228 3453 5303 Cyrillum

1853 5331 2274 5388 Alexandrinum
2322 5330 2509 5385 istlucc
2565 5342 2673 5383 non
2720 5339 2826 5384 tam
2886 5342 2998 5383 sua:
3061 5326 3234 5381 :etatis
3289 5339 3451 5395 quam

1851 5426 2008 5497 primi
2050 5424 2306 5480 Ecclesiae
2351 5422 2533 5478 saeculi
2577 5420 2896 5476 Christianis
2939 5420 3068 5474 vitio
3114 5420 3270 5474 vertit
3306 5436 3320 5472 :
3357 5444 3454 5487 μη·

1848 5520 1898 5571 δὲ
1928 5527 2136 5580 ἤλπισαν
2178 5520 2243 5578 εὶς
2269 5522 2407 5570 τοῦτο
2457 5519 2713 5583 ἀφίεισθαιί
2734 5536 2851 5567 ποτε
2891 5515 3126 5578 δυνάμεως
3161 5516 3303 5579 apag.
3346 5515 3457 5574 ἡγεί-

1846 5633 1947 5665 των
1972 5616 2063 5679 γὰρ
2089 5614 2131 5662 ιι
2162 5614 2443 5678 θεραπαίνας
2482 5612 2832 5673 iiut-cumcum
2876 5607 2959 5660 καὶ
3006 5607 3212 5668 δσῦλους,
3245 5604 3326 5657 καὶ
3371 5603 3455 5654 διὰ.

1844 5707 2017 5758 τούτων
2045 5706 2133 5760 τὰς
2152 5704 2399 5770 γυναῖκες.
2432 5704 2601 5771 ἄνδράς
2627 5723 2675 5754 τε
2700 5704 2827 5760 atati;
2848 5695 3107 5768 Κορνήλιος
3129 5703 3211 5750 tuti
3235 5700 3447 5764 Σέργισς,

1847 5796 1908 5847 ὧν
1936 5793 2003 5854 εἷς
2029 5799 2109 5864 ἂν
2144 5807 2266 5866 φανῇ
2318 5806 2409 5848 τῶν
2436 5800 2700 5869 τηνικαῦτα
2741 5800 3086 5867 γνωριζομένων
3128 5794 3448 5858 imp-211601“,

1843 5891 1923 5940 επὶ
1953 5892 2173 5958 Τιϐερίου
2198 5890 2285 5957 γὰρ
2316 5895 2423 5947 ἤτοι
2447 5884 2693 5944 Κλαυδίου
2716 5890 2873 5941 ταῦτα.
2901 5891 3093 5951 ἐγένετο,
3124 5883 3233 5952 περὶ
3261 5885 3444 5934 «dormt
