3774 6270
364 357 466 418 dli

1637 356 1726 413 DE
1763 356 2014 417 MINUCII
2056 361 2354 420 OCTAVIO
3298 317 3302 323 Ι
3485 379 3564 436 ΗΞ

367 481 443 528 ὃτι
485 475 717 542 ψεύδομαι
744 480 954 538 νομίζετε
1003 486 1022 519 ι
1060 466 1243 538 Neque
1286 478 1588 536 sperarunt,
1623 470 1814 541 inquit,
1861 488 1958 528 vos

2079 486 2366 545 'epertores
2393 477 2443 530 in
2473 475 2759 532 memorias
2792 474 3060 546 exierunt,
3097 479 3381 554 priusquam
3404 489 3563 551 solertia

368 579 434 620 eo
462 565 739 634 potestatis
763 571 1014 615 venturos
1045 576 1318 630 umquam.
1349 561 1492 615 Satis
1519 556 1961 619 enimvhabebant

369 657 492 726 ipsi,
522 658 564 709 si
597 656 834 718 ani-illas,
881 662 972 706 aut
1017 669 1202 707 servos
1252 653 1582 722 deciperent,
1631 665 1685 709 et
1717 672 1812 726 per
1863 661 1962 712 hos

371 764 569 804 usores
595 757 649 802 et
671 749 831 811 viros,
865 747 1050 818 quales
1077 747 1353 802 Cornelius
1378 758 1430 803 ct
1459 749 1699 818 Sergius,
1732 766 1959 820 quorum

371 857 511 896 unus
557 843 599 893 si
661 842 896 896 illustres
949 843 1086 894 inter
1129 842 1270 894 viros
1337 842 1454 911 ejus
1494 844 1664 896 {etatis
1707 855 1964 913 appareat

371 933 538 1004 (atqui
561 931 760 988 Tiberii
791 933 869 987 vel
893 932 1095 986 Claudii
1115 934 1443 1000 temporibus
1473 934 1585 986 haec
1614 933 1873 1004 fuerunt),
1897 936 1965 991 de

375 1025 627 1087 omnibus
679 1040 765 1078 me
809 1025 1021 1078 mentiri
1054 1034 1287 1092 [uitatote
1339 1024 1523 1096 (Cyril.
1564 1025 1713 1081 Alex.
1763 1029 1852 1082 lib.
1887 1044 1961 1095 Vt,

372 1125 549 1170 contra
572 1114 776 1177 Julian.
805 1133 924 1186 pag.
957 1115 1110 1185 206).
1150 1136 1168 1167 ι
1221 1115 1466 1171 Cteeilius
1491 1131 1620 1171 vero
1647 1131 1966 1174 asseverare

370 1223 479 1264 non
509 1218 722 1264 veretur
748 1207 1081 1264 Christianos
1113 1224 1205 1262 sua
1233 1209 1407 1264 adhuc
1436 1219 1594 1264 aetate
1621 1209 1786 1267 fuisse
1822 1213 1966 1266 vilis-

373 1303 522 1356 simae
552 1302 721 1371 plebis
743 1302 1042 1372 illitteratus
1072 1301 1424 1370 indoctusque
1445 1302 1709 1366 homines.

447 1396 604 1466 Atqui
637 1396 926 1450 absurdum
947 1405 1048 1460 est,
1069 1396 1143 1448 ait
1165 1396 1272 1457 ille,
1301 1404 1392 1450 aut
1414 1396 1458 1449 si
1485 1393 1678 1462 mavis,
1697 1397 1970 1468 indignan-

373 1489 498 1544 dum
523 1489 653 1556 illos
681 1488 747 1544 de
779 1489 887 1542 Deo
913 1487 1111 1556 aliquid
1151 1485 1288 1550 haud
1318 1487 1627 1557 dubitanter
1655 1489 1962 1556 decernere,

372 1582 442 1636 dc
488 1597 594 1652 quo
630 1581 944 1651 philosophi
991 1581 1369 1650 quamplurimi
1422 1580 1598 1650 adhuc
1634 1581 1964 1640 deliberant.

371 1672 779 1742 Nequedixeris
821 1672 871 1728 id
889 1687 924 1736 _a
956 1671 1170 1728 Ctecilio
1196 1673 1262 1726 de
1293 1681 1380 1734 tot
1413 1671 1755 1742 philosophis
1803 1672 1970 1741 gratis

373 1767 682 1822 conlictum.
731 1765 870 1829 Nam
907 1764 1104 1828 Cicero
1151 1783 1258 1821 non
1289 1766 1450 1821 modo
1491 1768 1670 1821 .varias
1713 1782 1776 1834 ac
1814 1766 1970 1822 valde

2064 571 2260 624 mentis
2283 580 2531 639 parerent
2554 569 2787 624 nominis
2806 569 3116 637 claritatem,
3149 573 3339 629 habitos
3363 593 3460 635 esse
3481 584 3563 650 ple.

2063 662 2236 728 beios,
2271 662 2534 726 indoctos,
2565 662 2895 717 seminudos.
2949 663 3018 718 At
3054 681 3176 720 vero
3201 666 3374 725 divites
3400 670 3565 732 faculta-

2069 753 2208 806 tibns
2232 756 2345 808 suis
2370 755 2616 824 illigatos,
2649 757 2815 824 magis
2840 771 3021 810 aurum
3049 761 3306 827 StISpicere
3325 778 3565 837 consuesse,

2067 860 2223 912 quam
2251 847 2468 900 coelum.
2512 846 2787 901 Nostrates
2817 863 3072 917 pauperes
3097 859 3148 902 et
3175 863 3466 909 commentos
3483 873 3568 917 esse

2067 938 2427 1005 prudentiam,
2461 946 2510 992 et
2545 937 2826 994 tradidisse
2860 941 3069 1000 caeteris
3094 941 3419 1010 disciplinam.
3459 946 3569 1005 Unde

2068 1039 2287 1099 apparet
2324 1031 2592 1100 ingenimn
2638 1046 2741 1084 non
2785 1032 2896 1085 dari
2941 1033 3288 1098 facultatibus,
3332 1052 3414 1091 nec
3445 1040 3571 1097 studio

2069 1123 2265 1192 parari,
2318 1123 2412 1177 sed
2445 1139 2564 1176 emn
2619 1124 2727 1192 ipsa
2777 1124 2970 1177 mentis
3022 1124 3326 1181 formatione
3370 1133 3568 1198 generari.

2070 1215 2208 1268 Nihil
2251 1217 2425 1283 itaque
2473 1217 2848 1284 indignandum
2881 1216 2960 1270 vel
2998 1216 3296 1285 dolendum,
3333 1220 3372 1272 si
3398 1219 3570 1289 quicum-

2070 1323 2173 1376 que
2215 1307 2283 1362 de
2312 1308 2505 1361 divinis
2553 1319 2776 1377 quzerat,
2821 1311 3034 1373 sentiat,
3071 1309 3326 1378 proferat;
3363 1328 3460 1366 cum
3497 1331 3569 1369 non

2072 1400 2392 1470 disputantis
2428 1411 2737 1464 auctoritas,
2787 1401 2878 1455 sed
2932 1402 3295 1478 disputationis
3340 1404 3474 1474 ipsius
3507 1421 3571 1461 ve-

2072 1494 2204 1549 ritas
2249 1495 2552 1568 requiratur
2579 1511 2591 1547 :
2621 1503 2793 1562 atque
2818 1495 2979 1548 etiam
3006 1510 3111 1563 quo
3139 1496 3408 1565 imperitior
3430 1511 3572 1562 sermo,

2073 1584 2174 1639 hoc
2215 1585 2472 1640 illustrior
2498 1594 2619 1648 est;
2663 1586 2914 1649 quoniam
2964 1601 3070 1648 non
3111 1585 3307 1639 fucatur
3351 1602 3505 1657 pompa
3524 1589 3574 1641 la-

2073 1677 2280 1734 cuudiae
2321 1686 2374 1732 et
2418 1679 2619 1748 gratia,
2670 1678 2796 1744 sed,
2844 1686 2910 1744 ut
2946 1687 3059 1745 eat,
3115 1679 3240 1738 recti
3277 1679 3433 1748 regula
3466 1681 3575 1733 siuti.

2074 1779 2246 1824 netur.
2289 1790 2308 1822 ι

375 1859 743 1929 discrepantes
783 1860 1171 1926 asseritJnisse
1215 1860 1646 1922 doctissimorum
1685 1860 1965 1927 horumce,

2152 1842 2320 1897 Simili
2351 1841 2504 1909 plane
2544 1840 2951 1923 modoCyrillus
2995 1841 3372 1920 Alexandrinus
3391 1841 3580 1895 adversus

374 1962 434 2005 ιιι
463 1954 575 2020 ipse
608 1953 863 2021 loquitur,
901 1953 1188 2007 hominum
1217 1953 1284 2006 de
1321 1954 1429 2007 Deo
1456 1956 1751 2020 sententias
1781 1972 1794 2006 :
1837 1953 1967 2020 Sed,

381 2061 401 2094 α
437 2045 525 2112 qui
555 2043 718 2107 deos,
772 2044 960 2113 inquit,
990 2059 1111 2098 esse
1136 2044 1403 2111 dixerant,
1455 2054 1596 2099 tanta
1643 2055 1768 2101 sunt
1792 2046 1844 2099 in
1882 2063 1975 2099 va-

373 2137 564 2189 rietate
601 2151 663 2190 ac
691 2135 1028 2190 dissensione
1066 2137 1379 2199 constituti;
1432 2145 1489 2190 ut
1537 2152 1723 2192 eorum
1771 2139 1972 2193 moles-

376 2236 491 2280 tum
537 2227 607 2280 sit
659 2241 1015 2282 annumerare
1063 2228 1375 2294 sententias.
1409 2246 1438 2280 .›
1485 2228 1558 2296 Et
1609 2229 1770 2299 paulo
1805 2239 1969 2299 post:

383 2337 402 2370 ι
429 2317 684 2382 Profecto
739 2334 832 2373 eos
869 2319 1047 2389 ipsos,
1094 2319 1182 2387 qui
1229 2334 1288 2374 se
1335 2319 1533 2389 aliquid
1579 2319 1788 2384 habere
1831 2322 1974 2376 arbi-

379 2421 609 2477 trantur,
653 2412 970 2468 addubitare
1012 2423 1168 2482 coget
1215 2413 1644 2468 doctissimorum
1693 2413 1970 2468 hominum

378 2506 447 2560 de
493 2505 720 2560 maxima
776 2521 835 2560 re
892 2515 1032 2559 tanta
1074 2505 1337 2560 dubitatio
1391 2504 1516 2577 (Cic.
1552 2505 1639 2558 lib.
1668 2521 1704 2559 ιι
1745 2505 1808 2558 de
1864 2505 1974 2558 Na-

378 2607 478 2652 tur.
506 2598 659 2660 Deor.
686 2617 804 2669 pag.
833 2600 966 2671 .195,
989 2599 1093 2663 719.7
1181 2619 1198 2650 ι

449 2689 649 2764 Verum
665 2689 943 2754 Octavius,
981 2705 1074 2745 seu
1110 2691 1282 2759 potius
1310 2688 1510 2744 Octavii
1552 2690 1767 2744 nomine
1795 2689 1970 2758 Minu-

378 2781 514 2845 cius,
559 2782 698 2836 hanc
739 2782 935 2837 Caecilii
962 2782 1299 2852 aliorumque
1323 2782 1660 2850 ethnicorum
1687 2796 1973 2850 argumen-

380 2877 762 2931 meutationem
791 2877 988 2943 duplici
1011 2878 1216 2932 ratione
1243 2877 1416 2938 diluit,
1451 2876 1798 2944 funditusqne
1824 2890 1973 2930 ever-

379 2967 461 3019 tit.
529 2967 766 3020 Primum
791 2967 934 3020 enim
967 2967 1190 3022 Caecilio
1233 2967 1399 3035 gratis
1444 2966 1568 3030 dat,
1623 2975 1680 3031 et
1728 2965 1974 3020 concedit

379 3057 710 3135 Christianos
735 3074 940 3123 omnes,
977 3060 1048 3116 uti
1071 3059 1168 3112 ille
1210 3058 1545 3114 falso-tamen
1593 3056 1969 3122 contendebat,

381 3152 544 3207 fuisse
572 3168 856 3222 pauperes,
883 3153 1208 3215 illitteratos,
1242 3159 1295 3204 et
1322 3150 1615 3217 imperitos.
1675 3149 1779 3205 Sed
1810 3163 1970 3218 argu-

2075 1932 2347 1990 Julianuui
2384 1933 2569 1987 eadem
2599 1933 2938 2001 objicientem
2972 1943 3388 2000 argmnentalur:
3430 1952 3445 1983 t
3475 1931 3580 1997 Quod

2077 2043 2204 2081 vero
2249 2027 2572 2100 mulierculae
2618 2026 2965 2100 crediderint,
3014 2043 3075 2080 ac
3111 2029 3311 2100 famuli,
3352 2037 3397 2081 et
3427 2026 3580 2080 ObSCIIri

2076 2118 2321 2172 nonnulli
2352 2105 2594 2174 homines
2623 2119 2792 2170 vocati
2827 2118 3047 2179 fuerint,
3099 2119 3216 2180 inde
3239 2117 3497 2173 Servatoris
3516 2117 3580 2170 de

2078 2212 2328 2290 mentium
2375 2210 2660 2290 vituperat.
2715 2209 2820 2265 Sed
2849 2211 3106 2286 numquid
3153 2208 3309 2264 satius
3337 2218 3408 2264 est
3441 2208 3580 2263 sentina

2067 2299 2368 2376 hominem,
2435 2305 2484 2378 in
2518 2316 2772 2374 quantum
2808 2317 2964 2380 nutus
3001 2317 3081 2358 est
3123 2307 3294 2376 homo,
3337 2303 3580 2372 nullttpacto

2075 2397 2275 2472 homini
2324 2397 2664 2461 anteeellcrc,
2717 2397 2810 2474 sed
2847 2412 3008 2474 unam
3031 2413 3134 2474 per
3175 2411 3348 2451 omnes
3387 2397 3578 2448 rationem

2076 2489 2384 2564 substantiae
2413 2489 2733 2566 procedere.
2785 2477 3166 2566 fUnusquippe
3194 2489 3409 2550 omnium
3437 2487 3580 2555 ingres-

2077 2597 2166 2634 sus
2213 2563 2264 2636 in
2323 2563 2602 2645 mundum,
2644 2591 2697 2636 et
2733 2563 2960 2651 aequalis,
2997 2563 3262 2652 egressus,
3303 2592 3354 2636 ut
3393 2581 3577 2648 scriptum

2075 2682 2176 2725 est.
2200 2713 2213 2728 .
2235 2716 2245 2727 .
2269 2712 2280 2724 .
2300 2715 2313 2728 .
2364 2673 2479 2728 Una
2509 2674 2721 2742 quidem
2750 2675 3000 2729 onmibus
3023 2667 3316 2730 hominibus
3342 2684 3411 2729 est
3430 2685 3579 2726 natura.

2078 2763 2167 2817 llla
2199 2773 2374 2819 autem
2407 2767 2482 2819 sic
2509 2773 2814 2833 comparata
2846 2776 2950 2834 est,
2983 2778 3041 2821 ut
3066 2766 3133 2821 ad
3173 2765 3366 2837 quidvis
3394 2763 3514 2819 laude
3533 2761 3583 2817 di-

2075 2871 2235 2924 gnum
2259 2848 2334 2910 'sit
2363 2857 2575 2911 idonea.
2625 2845 2851 2928 Sapiens
2881 2859 3026 2916 enim
3055 2871 3155 2922 est,
3185 2869 3236 2914 et
3255 2871 3497 2913 secernere
3517 2870 3582 2925 po-

2079 2959 2182 3001 test
2229 2968 2256 3001 a
2305 2950 2659 3006 deterioribus
2711 2945 2958 3004 meliora.
3015 2952 3156 3016 Nihil
3221 2967 3338 3021 ergo
3381 2947 3581 3020 prohibet.

2075 3042 2362 3117 quominus
2389 3043 2582 3096 infirme
2613 3045 2771 3099 sortis
2803 3045 2966 3099 homo
3001 3049 3071 3100 sit
3097 3048 3318 3117 sapiens,
3347 3056 3393 3100 et
3415 3043 3482 3114 qui
3502 3042 3585 3095 des-

2077 3115 2264 3189 iittttus
2291 3147 2372 3216 est
2401 3139 2660 3206 pecuniis,
2687 3139 2947 3208 justitiam
2985 3115 3239 3203 colat,_et
3261 3139 3344 3209 qui
3371 3134 3511 3190 servili
3532 3139 3588 3186 est

379 3253 636 3309 mentum,
670 3242 792 3296 inde
818 3244 886 3302 ab
903 3257 971 3296 eo
991 3241 1352 3308 desumptnm,
1387 3241 1598 3309 penitus
1629 3239 1897 3308 imbecille
1919 3249 1973 3293 et
2000 3251 2044 3311 ρ
2078 3227 2405 3294 conditione,
2433 3245 2616 3298 a-quus
2640 3241 2692 3284 et
2711 3229 2978 3300 honestus
3019 3232 3272 3285 videatur.
3290 3271 3302 3285 .
3326 3269 3368 3283 ..
3398 3223 3581 3296 Equidem

380 3335 648 3387 inlirmum
679 3348 800 3387 esse
845 3332 1118 3400 multiplici
1153 3331 1355 3385 ratione
1398 3331 1755 3385 demonstrat.
1801 3330 1975 3400 [Quili-

381 3425 471 3500 bet
493 3425 767 3477 enimvero
794 3423 1042 3484 homines
1074 3425 1308 3491 cujusvis
1343 3424 1537 3484 artatis,
1581 3437 1761 3486 sexus,
1806 3432 1859 3488 et
1893 3421 1974 3476 di-

382 3517 623 3584 gnitatis,
658 3516 970 3568 naturaliter
997 3530 1188 3583 sensus
1229 3527 1284 3570 et
1313 3516 1537 3570 rationis
1570 3531 1793 3582 capaces
1823 3524 1970 3582 sunt,

383 3609 554 3677 iisque
579 3608 835 3675 sapientia
870 3622 972 3660 non
1005 3618 1228 3673 temere,
1261 3612 1352 3662 sed
1383 3624 1412 3661 a
1448 3618 1633 3660 natura
1652 3608 1932 3680 inseritur.

458 3699 656 3752 Deinde
679 3699 901 3767 ipsimet
935 3699 1160 3768 gentiles
1197 3697 1526 3768 phil050phi,
1573 3707 1730 3765 atque
1779 3698 1866 3749 alii
1899 3713 1977 3753 ar-

384 3792 517 3844 tium
544 3792 870 3854 inventores,
913 3790 1087 3852 initio,
1123 3791 1315 3858 plebeii
1355 3788 1577 3854 indocti,
1609 3804 1671 3843 ac
1709 3788 1972 3844 seminudi

385 3885 611 3939 fuerant.
646 3885 782 3951 Quin
800 3885 966 3939 immo
989 3895 1275 3948 nostrates,
1306 3885 1475 3954 inquit
1501 3884 1771 3943 Octavius,
1797 3899 1977 3952 quam-

385 3979 576 4034 tutnvis
596 3993 877 4047 pauperes.
899 3979 1188 4032 cotiimenti
1214 3987 1340 4032 sunt
1363 3977 1722 4044 prudentiam,
1751 3993 1977 4047 eamque

379 4071 498 4124 aliis
523 4082 704 4141 postea
751 4071 1096 4125 tradiderunt.
1159 4070 1432 4140 Ingenium
1467 4084 1596 4138 ergo
1624 4085 1722 4123 nec
1758 4068 1979 4123 l‘acolta-

383 4165 520 4216 tibus
563 4169 615 4216 et
653 4162 852 4217 divitiis
879 4166 1067 4227 datur,
1129 4177 1230 4216 nec
1289 4173 1503 4228 paratur
1530 4161 1708 4214 studio
1738 4171 1791 4214 et
1820 4163 1971 4214 labo-

382 4271 468 4316 re,
506 4253 603 4309 sed
661 4253 859 4308 homini
897 4269 1016 4310 cum
1072 4255 1182 4324 ipsa
1228 4269 1322 4306 sua
1377 4263 1556 4309 mente
1604 4253 1974 4324 ingeneratum

382 4355 484 4398 est.

460 4435 694 4504 Denique
738 4437 789 4492 in
842 4435 1317 4504 disceptationibus
1365 4443 1418 4488 et
1460 4433 1840 4488 controversiis
1872 4448 1978 4489 non

385 4538 489 4582 tam
531 4529 849 4596 diSpntautis
877 4530 1168 4582 auctoritas
1210 4527 1485 4596 qmeritur,
1525 4542 1681 4594 quam
1714 4527 1978 4579 rationum

2079 3319 2304 3374 dixerim
2335 3336 2454 3390 ego,
2487 3321 2656 3374 virmn
2697 3322 2932 3392 inopem,
2965 3324 3015 3376 si
3059 3333 3256 3378 rectum
3281 3322 3586 3382 honestummtc

2080 3415 2287 3468 vivendi
2337 3430 2503 3485 genus
2528 3417 2844 3488 susceperit,
2877 3417 3014 3470 citra
3044 3419 3464 3487 comparationem
3496 3424 3588 3479 prte-

2077 3517 2219 3562 Stare
2258 3506 2406 3560 diviti
2437 3523 2617 3569 avaro,
2654 3519 2707 3561 et
2757 3523 2970 3563 servum
3029 3510 3312 3580 sapientem
3341 3508 3450 3561 hero
3487 3503 3587 3554 insa-

2081 3616 2243 3654 no....
2277 3599 2475 3655 Videre
2497 3598 2678 3655 autem
2718 3603 2839 3655 licet
2865 3617 2978 3668 eos,
3018 3606 3106 3672 qni
3130 3603 3279 3657 laude
3301 3589 3588 3660 virtutisapud

2079 3693 2295 3747 (ΙΙ-ηεροδ
2323 3697 2553 3747 maxime
2583 3698 2944 3764 ltl';l':Slil0rllnl
2987 3700 3222 3760 caneris,
3265 3689 3588 3748 artificesinilirt

2081 3779 2243 3839 fuisse
2272 3786 2687 3855 popularemque
2712 3798 2768 3860 et
2821 3788 3098 3843 sordidam
3148 3800 3308 3843 artem
3337 3781 3584 3840 exercuisti

2080 3893 2237 3945 quam
2268 3893 2295 3929 a
2328 3878 2634 3945 parentibus
2659 3879 3015 3948 accepissent,
3072 3896 3172 3935 non
3205 3882 3315 3934 sine
3339 3887 3471 3930 tamen
3508 3867 3582 3918 ml-

2081 3969 2363 4022 miratione
2400 3970 2693 4042 sapientite.
2756 3971 2944 4024 Multos
2970 3974 3331 4040 pra-termino.
3374 3963 3588 4030 Αάῖὶὶδωη

2082 4065 2238 4114 venio
2282 4061 2581 4127 Socratem,
2613 4062 2958 4131 Sephrouisci
2994 4067 3182 4123 filium,
3235 4065 3316 4132 qui
3349 4071 3482 4114 matre
3505 4051 3591 4104 olis-

2085 4154 2267 4206 tetrice
2294 4155 2526 4223 genitus,
2563 4165 2708 4221 patre
2736 4164 2910 4230 autem
2944 4159 3226 4221 statuario,
3259 4165 3452 4219 eamque
3469 4154 3590 4198 al'lt‘m

2082 4243 2322 4311 apprime
2365 4244 2568 4308 eallnit,
2605 4260 2777 4310 neque
2810 4245 2858 4297 id
2892 4245 2990 4298 sibi
3034 4246 3278 4300 dedecori
3304 4257 3410 4298 esse
3445 4230 3591 4306 νιιιεινίι

2087 4334 2280 4408 (Cyril.
2336 4335 2480 4388 Alex.
2539 4335 2626 4388 lib.
2696 4353 2744 4389 ιι
2824 4347 2998 4389 contra
3050 4337 3249 4390 Julian.
3293 4351 3398 4406 pag.
3438 4327 3588 4390 2οη»

2083 4427 2268 4483 Graeca
2296 4428 2477 4501 Cyrilli
2517 4430 2696 4490 verba,
2749 4431 2869 4498 quia
2902 4433 3111 4500 longius
3140 4442 3279 4486 esset
3319 4428 3396 4481 hic
3427 4419 3593 4488 rclt'l‘fe»

2085 4522 2135 4573 in
2169 4521 2284 4590 ejus
2314 4521 2447 4574 libro
2481 4522 2657 4590 legere
2681 4523 2897 4590 poteris,
2930 4523 3014 4576 ubi
3048 4523 3176 4578 illud
3204 4533 3255 4576 et
3277 4516 3540 4574 auctoritate
3561 4512 3596 4558 et

382 4630 673 4679 momenta,
701 4629 754 4672 et
781 4621 992 4672 veritas.
1039 4619 1190 4687 Quod
1218 4620 1455 4688 quidem,
1491 4627 1548 4668 ut
1577 4618 1624 4670 id
1648 4619 1820 4671 obiter
1843 4618 1980 4672 dica-
2001 4638 2057 4697 D
2089 4614 2268 4665 verbis
2313 4613 2615 4683 Porphyrii,
2668 4629 2732 4667 ex
2770 4615 2924 4667 lel‘lio
2966 4613 3210 4669 Historia?
3248 4605 3595 4697 Ρίπίίοευρίίντξξη

382 4727 519 4776 mus,
565 4711 648 4764 his
673 4728 700 4762 a
734 4711 990 4766 Cicerone
1018 4714 1276 4763 aSrel‘iltll'
1311 4711 1489 4765 verbis
1523 4729 1535 4765 :
1574 4729 1592 4760 ‹
1647 4709 1763 4766 Non
1809 4712 1976 4775 enim,

382 4815 487 4859 tam
504 4806 835 4859 auctoritatis
866 4805 1022 4875 (alias
1049 4807 1316 4875 auctores)
1349 4806 1398 4858 in
1430 4804 1769 4875 disputando,
1793 4821 1976 4875 quam,

381 4879 603 4950 rationis
662 4908 930 4950 ntomenta
983 4897 1268 4966 qmereuda
1315 4907 1438 4950 sunt
1494 4898 1634 4970 (Cic.
1692 4898 1781 4952 lib.
1849 4915 1864 4952 ι
1919 4899 1984 4953 de

381 4986 576 5040 Namr.
612 4987 766 5043 Deor.
808 4999 920 5056 post
951 4990 1068 5044 init.
1096 5008 1217 5061 pag.
1259 4991 1361 5052 197
1383 4991 1424 5060 ),
1458 5010 1477 5042 ι
1523 4991 1860 5061 Quapropter
1888 4991 1978 5061 qui

379 5081 447 5134 de
483 5081 594 5135 Deo
621 5084 885 5151 rebusque
919 5082 1112 5137 divinis
1139 5083 1396 5152 disputat,
1429 5087 1472 5139 is
1499 5101 1563 5139 eo
1592 5085 1861 5138 efﬁcacius
1889 5101 1981 5138 ve-

382 5176 593 5228 ritatem
617 5191 644 5228 a
674 5192 729 5228 se
757 5177 1073 5242 propugnari
1102 5178 1351 5231 omnibus
1395 5176 1696 5246 persuadet,
1736 5193 1840 5248 quo
1863 5192 1980 5229 ma-

379 5268 462 5336 gis
492 5268 606 5335 ejus
631 5282 808 5320 sermo
838 5268 1129 5335 impolitus,
1176 5270 1458 5340 minusque
1486 5286 1634 5321 vana,-
1661 5269 1981 5338 cloquentite

382 5375 574 5430 pompa
606 5361 811 5414 fucatus
843 5371 942 5414 est.
987 5361 1089 5416 Sed
1125 5373 1334 5430 praestat
1362 5361 1635 5415 Octavium
1667 5362 1776 5414 suis
1804 5360 1983 5412 verbis

381 5465 566 5508 contra
605 5445 874 5526 Caecilium
906 5455 1263 5527 disputantem
1293 5454 1515 5509 audire:
1570 5473 1587 5506 (
1627 5451 1828 5512 Sciant,
1883 5453 1976 5518 ait,

381 5564 570 5602 omnes
595 5527 837 5605 homines
864 5551 979 5604 sine
1004 5550 1212 5602 delectu
1246 5549 1437 5607 artatis,
1463 5563 1648 5626 sexus,
1667 5529 1977 5614 dignitatis,

379 5643 606 5696 rationis
629 5653 682 5696 et
719 5658 913 5697 sensus
942 5657 1168 5710 capaces
1199 5653 1251 5694 et
1279 5629 1482 5694 habiles
1523 5649 1851 5710 procreatos,
1885 5657 1980 5692 nec

385 5742 598 5790 fortuna
646 5745 852 5800 nactos,
899 5735 992 5788 sed
1027 5744 1210 5786 natura
1253 5733 1441 5787 insitos
1482 5749 1603 5787 esse
1643 5733 1977 5800 sapientiam.

383 5823 519 5890 Quin
569 5824 713 5893 ipsos
756 5825 916 5878 etiam
947 5822 1317 5893 philosophos,
1370 5822 1454 5875 vel
1475 5824 1517 5874 si
1547 5822 1635 5890 qui
1664 5821 1752 5875 alii
1784 5823 1979 5876 artium

2084 4704 2220 4757 libro
2252 4721 2276 4754 a
2313 4718 2370 4757 sc
2404 4705 2756 4773 transcriptis,
2801 4703 3219 4759 lueulentissime
3248 4703 3507 4773 probatum,
3531 4687 3592 4741 Ti-

2085 4797 2201 4849 mari
2246 4797 2551 4850 testimonio
2576 4798 2877 4851 confirmat.
2936 4797 3028 4851 His
3055 4797 3174 4851 addi
3208 4805 3368 4866 potest
3392 4783 3594 4846 Laertius.

2084 4891 2170 4959 qui
2213 4893 2262 4943 in
2313 4890 2548 4945 Socratis
2581 4888 2701 4943 Vita
2752 4890 3024 4944 Platonem
3075 4892 3219 4955 citat,
3259 4889 3339 4955 qui
3389 4873 3600 4936 illmnSﬂ'

2087 4986 2371 5052 plu-nuisco
2401 4993 2547 5053 patre
2591 4983 2874 5049 lapidario,
2919 4984 3069 5052 cujus
3115 4995 3279 5035 artem
3312 4987 3466 5046 postea
3486 4980 3599 5023 εκεῖ·

2086 5076 2215 5135 cnit.
2263 5085 2315 5128 et
2357 5086 2524 5128 matre
2558 5075 2868 5128 Pbtenareta
2902 5075 3188 5130 obstetrice
3227 5081 3393 5125 ιιςιιιιιιι
3419 5057 3600 5118 tradidit.

2087 5165 2298 5239 (Lucri.
2356 5168 2444 5221 lib.
2529 5183 2604 5229 ll,
2658 5167 2684 5238 ᾗ
2750 5165 2876 5239 18).
2951 5168 3006 5222 Ei
3070 5178 3244 5220 autem
3313 5159 3602 5224 suffragantur

2089 5261 2331 5315 Valerius
2372 5261 2650 5324 Maximus,
2699 5263 2910 5327 Suidas,
2955 5261 3141 5315 Timon
3182 5277 3208 5311 a
3257 5257 3397 5311 nobis
3435 5238 3605 5303 articulo

2088 5357 2332 5426 sequenti
2375 5357 2692 5422 laudandus,
2737 5367 2790 5412 ct
2842 5357 2932 5410 alii
2977 5355 3188 5427 (i’aler.
3234 5342 3604 5410 dlaxi'ii-“b°""

2088 5465 2202 5515 cap.
2241 5449 2273 5502 4
2610 5439 2612 5442 ’

2160 5543 2297 5610 Quid
2329 5557 2487 5604 vero,
2517 5541 2655 5609 quod
2704 5540 2934 5613 Cyrillus
2983 5539 3173 5595 ibidem
3196 5579 3211 5604 ,
3257 5535 3415 5589 adhuc
3453 5520 3600 5616 80d?“

2090 5635 2386 5706 Porphyrio
2429 5643 2592 5697 teste,
2629 5636 2960 5688 demonstrat
2991 5633 3256 5687 Platonem
3285 5616 3514 5697 palmstris
3542 5607 3606 5661 di“

2092 5729 2317 5796 primum
2345 5727 2727 5790 exercitatum,
2747 5744 2809 5781 ex
2842 5724 3105 5780 athleticis
3136 5721 3402 5776 sudoribus
3422 5755 3434 5776 ,
3462 5705 3545 5766 Vel.
3569 5705 3608 5750 ¹¹ί

2088 5820 2305 5889 quidam
2334 5819 2516 5885 aiunt,
2560 5835 2624 5874 ex
2656 5819 2889 5874 lsthmiis
2917 5830 2968 5874 ct
3002 5814 3234 5890 Pythiis.
3285 5809 3360 5864 vel
3398 5803 3496 5858 “ms
3520 5805 3605 5850 θεῖ’
