3802 6276
227 371 302 429 115
1584 361 1746 419 DlSSl

1911 361 2051 420 .TIO.

3340 371 3451 431 411·

160 532 165 533 ,
221 481 457 539 taminibus
481 477 546 534 ad
575 476 969 550 philosophiam
1001 477 1316 535 transivisse
1353 476 1557 551 (Cyria.
1596 477 1744 533 Alex.
1776 480 1823 540 Α
1854 480 2007 535 sione
2036 480 2135 537 sibi
2165 481 2421 539 utendum
2460 484 2885 553 existimavisse;
2930 495 2991 543 ut
3033 502 3095 544 ea
3129 487 3350 545 lenitate
3387 502 3452 543 ac

215 576 304 630 libr.
328 589 372 628 vt
393 571 578 626 adem.
605 567 814 624 Julian.
849 587 969 641 pag.
987 569 1138 641 208).

273 666 409 724 Addit
429 672 677 734 praiterea
709 661 806 716 ille
835 662 1128 717 Zalmoxim
1153 661 1415 719 Thracem
1461 660 1628 718 fuisse
1647 661 1750 734 Py-

220 763 418 833 thagora:
437 770 630 813 servum
650 796 664 820 .
702 763 760 807 et
790 754 936 808 illum
968 754 1163 817 multas
1188 755 1459 815 mulieres,
1488 753 1749 825 quemad-

220 853 406 912 modum
462 849 594 906 Plato
641 846 988 913 Marcellam,
1062 846 1447 917 philosophicis
1492 846 1750 901 imbuisse

224 943 488 1013 disciplinis.
539 938 643 994 Huc
687 952 853 1007 porro
901 938 1139 1002 accedit,
1184 937 1327 1006 quod
1371 953 1468 992 nos
1511 937 1635 992 alibi
1681 937 1750 994 de

223 1034 484 1095 mulieribus
501 1029 847 1099 philosOpbis,
884 1030 1210 1099 pictricibus,
1243 1040 1298 1085 et
1326 1030 1543 1100 poetriis
1566 1029 1751 1099 dispu-

219 1125 574 1194 tavimusU‘am.
604 1141 644 1183 ι.
688 1125 943 1198 Apparet.
985 1127 1072 1191 lib.
1105 1142 1185 1189 ιιι,
1210 1127 1410 1181 dissert.
1438 1142 1497 1191 ιι,
1518 1142 1633 1195 cap.
1656 1124 1746 1193 18,

213 1221 339 1282 ml,
362 1236 466 1289 pag.
497 1218 651 1281 “55;
682 1227 865 1288 etcap.
896 1217 989 1282 21,
1013 1228 1114 1272 art.
1143 1220 1208 1285 ὅ,
1238 1235 1357 1290 pag.
1388 1217 1480 1285 25,
1512 1228 1560 1272 et
1589 1226 1745 1289 καφ).

263 1311 471 1379 Denique
491 1310 533 1363 si
562 1308 821 1371 Minucius
852 1309 958 1365 hoc
991 1311 1240 1375 nomine,
1269 1309 1570 1377 Nostrates,
1601 1311 1748 1366 desi-

200 1403 413 1476 gnaverit
436 1402 681 1458 llebrzeos
701 1446 717 1471 ,
770 1404 863 1473 qui
911 1403 1142 1461 ethnicis
1170 1414 1315 1459 artes
1345 1413 1400 1460 et
1437 1404 1750 1475 disciplinas

205 1494 509 1558 tradiderint,
551 1492 601 1549 id
630 1509 660 1548 a
691 1493 848 1548 nobis
870 1494 981 1564 jam
1028 1495 1310 1565 probatum
1367 1505 1451 1550 est
1505 1504 1637 1551 tom.
1693 1511 1747 1560 ι,

202 1589 425 1660 Apparat.
449 1587 537 1641 lib.
589 1601 663 1654 ιι,
697 1585 1090 1656 dissertatione
1114 1586 1150 1643 ἓ
1169 1629 1184 1653 ,
1209 1602 1322 1657 cap.
1363 1588 1393 1641 7
1414 1628 1428 1651 ,
1464 1586 1511 1659 δ.
1538 1587 1594 1642 2.
1624 1602 1745 1657 pag.

205 1681 391 1743 587,3
412 1678 611 1733 Iustino
640 1687 918 1749 martyre,
970 1688 1026 1733 et
1077 1694 1143 1733 ex
1198 1679 1472 1747 Clemente
1522 1680 1750 1734 Alexan-

213 1769 553 1827 drino.lbidem
584 1770 678 1823 lib.
711 1786 767 1824 ut
787 1815 801 1840 ,
831 1769 1050 1825 dissert.
1080 1769 1150 1837 2,
1180 1785 1300 1840 cap.
1335 1787 1373 1835 ι,
1403 1780 1507 1824 art.
1532 1784 1581 1837 ι,
1626 1778 1747 1840 pag.

1854 573 2223 631 moderatione
2248 577 2615 633 adversarium
2642 594 2799 633 suum
2824 581 2890 634 ad
2916 580 3204 650 ejurandos
3232 595 3449 637 errores

1852 680 2010 731 suos,
2034 667 2490 739 christianamque
2530 670 2841 741 religionem
2882 673 3291 743 amplexandam
3316 675 3448 730 t‘aci-

1853 761 1955 816 lius
1983 763 2247 818 alliceret.
2648 770 2651 791 λ

1922 852 2063 907 Nihil
2093 871 2254 918 porro
2284 857 2518 928 ineptius
2547 870 2683 927 erat,
2736 877 2894 931 quam
2926 862 3060 918 illud
3109 862 3252 933 quod
3294 878 3448 934 urge-

1852 945 1945 1001 bat
1969 944 2221 1002 Caacilius
2250 948 2588 1005 Christianos
2616 953 2887 1009 nationem
2923 970 3045 1009 esse
3087 954 3408 1009 latebrosum
3431 997 3447 1021 ,

1854 1036 2205 1108 lucifugacem
2226 1081 2242 1107 ,
2270 1051 2325 1096 et
2365 1042 2418 1096 in
2444 1043 2654 1113 angulis
2692 1046 2983 1115 garrulam.
3016 1045 3121 1101 Sua
3153 1047 3295 1101 enim
3321 1062 3451 1101 vero

1852 1131 2173 1188 documenta
2221 1134 2434 1203 publice
2481 1136 2843 1205 pmdicabant
2868 1155 2882 1191 :
2912 1137 3007 1193 sed
3053 1137 3170 1192 haec
3209 1137 3447 1204 ethnici,

1855 1240 1922 1280 ne
1950 1241 2075 1279 vera
2105 1241 2226 1281 esse
2254 1241 2451 1297 negare
2493 1243 2596 1282 non
2627 1238 2883 1298 possent,
2932 1230 3119 1285 audire
3161 1229 3451 1286 erubesce-

1852 1316 1982 1372 bant
2012 1332 2075 1373 ac
2102 1317 2444 1374 verebantur.
2475 1319 2580 1376 Sed
2612 1321 2680 1375 de
2712 1323 2794 1376 his
2824 1323 2959 1377 intra
2988 1322 3178 1377 fusius.

1926 1410 2206 1466 Postremo
2256 1428 2320 1466 ex
2378 1413 2540 1468 dictis
2593 1415 2871 1470 evidenter
2919 1416 3095 1471 adhuc
3149 1415 3452 1472 ostenditur

1853 1507 2195 1574 quantumvis
2232 1508 2394 1562 varia:
2416 1523 2481 1562 ac
2534 1507 2904 1579 discrepantes
2960 1507 3159 1563 iuerint
3208 1509 3452 1578 philoso-

1853 1596 2083 1665 phorum
2121 1596 2401 1666 gentilium
2425 1597 2492 1652 de
2535 1598 2644 1653 Deo
2669 1600 2984 1661 sententiae,
3017 1599 3360 1669 quantumvis
3383 1598 3453 1654 de

1852 1685 1947 1741 illo
1971 1686 2362 1752 dubitaverint,
2409 1704 2495 1755 ac,
2540 1691 2583 1743 si
2614 1690 2778 1757 velis,
2810 1691 3024 1760 quidam
3064 1706 3189 1745 eum
3218 1690 3453 1747 existere

1853 1781 2203 1849 negaverint;
2238 1779 2573 1836 Christianos
2604 1791 2814 1846 tamen,
2843 1783 3053 1839 etiamsi
3097 1796 3360 1852 pauperes
3397 1792 3454 1834 et

214 1863 437 1931 834.cap.
466 1862 550 1926 l5,
576 1870 684 1916 art.
733 1877 783 1923 ι,
809 1872 865 1917 et
911 1876 1064 1932 seqq.
1089 1877 1104 1926 ;
1147 1869 1307 1932 atque
1334 1877 1399 1919 ex
1432 1863 1496 1915 iis
1519 1878 1640 1932 quae
1680 1863 1746 1918 de

1918 1874 2190 1937 itteratos,
2226 1874 2466 1943 potuisse
2496 1874 2565 1928 de
2589 1876 2707 1944 ipso
2732 1874 3011 1943 disputare
3029 1917 3043 1940 ,
3094 1889 3159 1930 ac
3185 1875 3318 1932 certi
3339 1882 3456 1929 sta-

215 1957 429 2019 Thalete,
449 1969 561 2024 cap.
598 1954 685 2020 l7,
715 1965 822 2011 art.
854 1971 902 2021 t,
924 1956 1061 2024 tpag.
1092 1954 1223 2018 1121
1253 1972 1267 2017 ;
1297 1954 1366 2009 de
1403 1955 1704 2033 Pythagora
1728 1998 1745 2023 ,

213 2049 378 2105 ibidem
397 2061 502 2116 cap.
530 2048 621 2111 17,
653 2057 758 2102 art.
792 2046 861 2110 2;
891 2046 960 2103 de
1002 2047 1247 2113 Platone,
1290 2047 1488 2103 ibidem
1537 2057 1636 2101 art.
1668 2047 1705 2101 4
1727 2088 1743 2114 ,

200 2151 344 2211 atque
364 2140 785 2211 philosophorum
818 2155 882 2194 ex
914 2154 1066 2195 sacra
1108 2151 1291 2195 nostra
1332 2141 1608 2208 Scriptura
1635 2141 1747 2196 l'ur-

196 2234 261 2288 tis
284 2243 331 2288 et
352 2232 744 2303 expilationibus
767 2274 781 2297 ,
825 2246 946 2307 cap.
972 2230 1062 2298 16,
1090 2240 1192 2289 art.
1220 2232 1276 2296 2;
1308 2247 1373 2291 ac
1415 2232 1626 2287 tandem
1677 2247 1746 2289 ex

193 2325 369 2379 artium
394 2333 439 2379 et
460 2325 797 2379 scientiarum
837 2324 1229 2378 inventoribus.
1263 2323 1464 2379 Ibidem
1492 2339 1612 2394 cap.
1639 2325 1704 2381 51
1728 2365 1743 2390 .

188 2426 284 2472 art.
310 2433 346 2482 ι,
367 2431 473 2487 pag.
500 2415 657 2483 1187,
692 2425 748 2470 et
765 2430 921 2487 seqq.

255 2510 477 2577 Quamvis
505 2521 680 2569 autem
730 2509 847 2564 hwe
871 2509 1082 2569 Minucii
1132 2511 1437 2582 responsio,
1485 2526 1605 2581 quas
1647 2511 1744 2567 fri-

192 2604 349 2659 volam
371 2602 553 2661 Circilli
582 2606 1100 2675 argumentationem
1146 2604 1385 2673 funditus
1420 2607 1649 2669 evertit,
1691 2616 1746 2661 et

193 2696 353 2765 ipsiet
384 2695 624 2763 cuilibet,
655 2696 999 2764 quantumvis
1043 2710 1260 2751 moroso
1296 2696 1534 2758 homini.
1587 2696 1746 2771 plene

189 2789 463 2846 satisfacere
519 2790 800 2857 debuerit;
861 2789 1150 2846 secundum
1203 2800 1383 2845 tamen
1440 2792 1490 2844 ei
1538 2790 1740 2860 adjicit.

189 2881 337 2937 Plane
357 2882 600 2952 siquidem
633 2883 951 2952 penitusque
990 2892 1247 2953 pernegat
1293 2882 1432 2937 tales
1461 2898 1558 2936 suo
1605 2895 1745 2938 tem-

194 2973 637 3041 poreChristianos
684 2972 887 3038 fuisse,
945 2973 1133 3041 quales
1186 2973 1438 3029 Caecilius
1484 2982 1590 3028 tam
1644 2990 1743 3027 au-

197 3064 354 3121 dactcr
393 3069 650 3131 asseruit,
711 3080 977 3138 pauperes
1030 3076 1194 3136 atque
1244 3067 1441 3122 intimae
1502 3069 1742 3123 omnium

191 3160 332 3213 sortis
346 3156 568 3214 homines
593 3159 836 3214 indoctos
860 3169 915 3214 et
944 3159 1266 3229 illitteratus.
1293 3158 1410 3216 Non
1438 3165 1579 3216 enim
1616 3179 1637 3212 ι
1672 3161 1742 3216 de

187 3250 376 3318 ultima,
403 3252 597 3321 inquit,
627 3252 807 3307 statim
838 3251 993 3321 plebe
1019 3251 1393 3313 consistimus,
1434 3253 1478 3307 si
1510 3253 1747 3309 honores
1771 3245 1817 3310 C

179 3351 371 3396 vestros
412 3350 461 3397 et
498 3357 759 3413 purpuras
794 3356 1127 3399 recusamus.
1167 3361 1187 3393 ι
1223 3346 1395 3413 Atque
1454 3344 1567 3400 haec
1612 3360 1743 3415 pro-

182 3430 315 3487 fecto
336 3448 425 3489 nec
448 3435 591 3504 plura
619 3434 783 3489 homo
812 3434 1269 3498 modestissimus,
1300 3435 1496 3505 quibus
1524 3436 1575 3490 id
1601 3436 1745 3505 quod

178 3520 406 3580 Caecilius
427 3537 622 3582 temere
641 3525 971 3593 afﬁrmabat,
1016 3540 1202 3585 verum
1243 3541 1364 3582 esse
1409 3528 1746 3598 paucissimis

180 3616 345 3670 verbis
365 3617 639 3673 inliciatur.

242 3702 495 3776 Sedqnod
546 3716 688 3764 tanta
739 3708 999 3781 modestia
1051 3717 1213 3779 negat
1264 3709 1393 3767 illud
1450 3708 1742 3780 Origenes,

178 3793 263 3847 ubi
287 3795 431 3851 Celso
470 3800 785 3869 respondet,
840 3802 1131 3855 maximum
1185 3801 1487 3855 convicium
1542 3813 1595 3857 et
1648 3803 1748 3857 im-

178 3887 446 3953 pudentem
495 3892 811 3946 calumniam
855 3907 974 3946 esse
1017 3892 1189 3961 palam
1227 3903 1498 3947 asseverat
1555 3893 1744 3966 (Orig.

187 3973 270 4027 lib.
293 3994 362 4041 Ill,
383 3992 537 4036 contr.
560 3982 693 4036 Cels.
722 3999 843 4053 pag.
866 3983 989 4045 “‘2,
1022 3992 1068 4035 et
1089 3983 1384 4052 seqq.).Nec
1406 3984 1600 4038 mirum
1629 3988 1748 4054 qui-

190 4065 320 4123 dem.
339 4070 459 4127 Nam
489 4074 846 4135 Tertullianus
886 4075 1113 4130 Minucio
1144 4078 1302 4145 paulo
1327 4078 1598 4147 antiquior
1618 4121 1631 4142 ,
1679 4079 1747 4134 de

188 4173 261 4225 se,
283 4167 605 4237 omnibuSque
631 4170 806 4223 aetatis
832 4185 944 4224 suae
972 4168 1294 4224 Christianis
1325 4173 1440 4227 tunc
1468 4178 1748 4229 memoria:

192 4253 434 4319 prodidit:
477 4278 495 4311 ι
526 4259 777 4316 Hesterni
806 4276 1022 4323 sumus,
1054 4272 1106 4315 et
1134 4273 1308 4317 vestra
1340 4265 1518 4318 omnia
1552 4266 1746 4334 imple-

202 4343 382 4412 vimus,
418 4353 591 4413 urbes.
638 4353 844 4407 insulas
864 4396 878 4418 ,
912 4354 1131 4408 castella
1152 4397 1164 4417 ,
1211 4356 1499 4425 municipia
1521 4399 1535 4422 ,
1566 4358 1749 4413 conci-

208 4431 403 4504 liabula,
437 4453 596 4498 castra
649 4445 801 4514 ipsa,
859 4445 1062 4511 tribus,
1121 4445 1398 4510 decurias,
1454 4449 1747 4518 palatium,

204 4541 445 4601 senatum,
499 4536 674 4595 forum
729 4556 744 4593 :
797 4539 909 4593 sola
957 4540 1110 4597 vobis
1152 4541 1507 4610 relinquimus
1549 4543 1749 4612 templa

1854 1973 2004 2020 tuere
2029 1965 2249 2034 aliquid,
2282 1981 2573 2035 verumque
2602 1966 2744 2021 l'erre
2773 1968 3118 2022 sententiam.

1923 2057 2142 2112 Frustra
2196 2072 2326 2126 ergo
2380 2057 2631 2113 Czecilius
2680 2073 2775 2112 eos
2829 2059 2932 2113 sub
2978 2060 3240 2114 orationis
3290 2058 3452 2112 ﬁnem

1851 2148 2113 2214 hortatur,
2167 2150 2421 2204 desinant
2454 2167 2473 2201 ι
2510 2153 2632 2205 caeli
2666 2149 2881 2221 plagas,
2931 2158 2987 2204 et
3032 2148 3216 2203 mundi
3264 2148 3369 2203 fata
3398 2158 3456 2204 et

1846 2253 2058 2297 secreta
2090 2243 2293 2296 rimari.
2331 2242 2478 2297 Satis
2501 2243 2646 2297 enim
2677 2253 2764 2297 est
2788 2257 2885 2312 pro
2912 2241 3143 2313 pedibus
3188 2240 3452 2310 aspicere,

1850 2335 2085 2389 maxime
2128 2334 2380 2399 indoctis,
2432 2335 2691 2404 impolitis
2728 2344 2782 2389 et
2812 2335 3054 2389 rudibus.
3096 2352 3115 2386 ι
3149 2333 3302 2400 Quod
3333 2333 3454 2403 qui-

1849 2423 1974 2480 dem
2021 2441 2087 2479 ex
2135 2425 2476 2491 Democrito,
2533 2427 2689 2496 cujus
2740 2427 2887 2482 fonte
2912 2428 3180 2497 Epicurus
3211 2425 3455 2480 hortulos

1849 2530 1977 2571 suos
2018 2517 2170 2571 vanis
2218 2516 2475 2585 falsisque
2519 2518 2862 2587 opinionibus
2917 2517 3144 2588 rigavit,
3198 2516 3450 2572 haustum

1850 2608 2039 2671 fuisse,
2095 2608 2252 2663 docet
2294 2608 2381 2663 his
2428 2610 2610 2664 verbis
2637 2609 2864 2664 Cicero:
2903 2628 2923 2661 ι
2962 2611 3299 2665 Democritus
3344 2625 3451 2663 non

1850 2700 2040 2754 inscite
2090 2708 2355 2768 nttgatur,
2414 2710 2474 2754 ut
2525 2702 2812 2771 physicus,
2885 2716 2991 2770 quo
3064 2716 3262 2771 genere
3317 2699 3456 2756 nihil

1850 2790 2190 2861 arrogantius
2222 2809 2234 2845 :
2275 2790 2458 2858 «Quod
2487 2801 2611 2845 ante
2645 2792 2831 2861 pedes,
2863 2807 3022 2847 nemo
3052 2800 3293 2861 spectat;
3327 2793 3451 2847 εωιί

1849 2895 2118 2937 scrutatur
2157 2883 2359 2953 plagas.
2394 2903 2413 2935 ι
2466 2884 2485 2955 (
2515 2881 2649 2949 Cic.,
2680 2885 2773 2939 Lb.
2802 2900 2837 2939 ll
2868 2884 2931 2938 de
2954 2881 3185 2938 Diuinat.
3228 2902 3282 2953 p.
3307 2882 3441 2947 282,

1849 2976 1943 3029 lin.
1977 2975 2096 3044 50.)
2140 2973 2274 3028 Nam
2303 2976 2403 3030 hoc
2430 2975 2647 3045 superbi
2689 2975 2955 3037 hominis,
3005 2975 3199 3029 litteris
3239 2983 3296 3029 et
3340 2974 3453 3029 otio

1850 3067 2273 3136 intemperanter
2316 3069 2613 3131 abutentis,
2653 3075 3032 3137 argumentum
3072 3081 3144 3122 ex
3191 3065 3456 3123 hactenus

1848 3159 2007 3216 dictis
2031 3174 2253 3231 prorsus
2284 3174 2533 3214 eversum
2561 3169 2664 3215 est.

2460 3356 2754 3399 ARTICULUS
2793 3359 2852 3399 11.

1853 3478 2226 3550 Expendunlur
2242 3489 2541 3551 argumenta
2567 3479 2745 3550 quibus
2776 3477 3009 3534 chilius
3037 3477 3251 3550 probare
3274 3476 3454 3533 nititur

1906 3570 2004 3645 [ηε
2030 3568 2332 3657 Christianis
2359 3562 2404 3625 et
2434 3571 2550 3624 aliis
2570 3560 2677 3624 non
2704 3587 2810 3624 esse
2835 3571 2898 3624 de
2931 3569 3038 3625 Deo
3067 3570 3352 3640 disputare.

1921 3705 2255 3764 Christianos
2279 3708 2348 3764 ab
2373 3709 2518 3764 omni
2547 3708 2614 3762 de
2646 3708 2757 3767 Deo
2796 3707 3157 3776 disputatione
3186 3706 3450 3764 arcendos

1849 3801 1953 3854 alia
1980 3799 2227 3857 Caecilius
2260 3801 2448 3870 probat
2477 3802 2708 3864 ratione,
2760 3817 2882 3869 qua:
2911 3802 3041 3870 ipsis
3072 3816 3193 3855 cum
3239 3801 3454 3856 ueteris

1853 3891 2157 3945 hominibus
2206 3892 2365 3960 plane
2402 3892 2706 3947 communis
2741 3902 2843 3947 est.
2876 3891 3009 3947 Eam
3040 3892 3236 3947 etenim
3267 3890 3454 3960 objicit

1850 3998 1971 4037 esse
2005 3991 2206 4037 natura:
2239 3983 2487 4039 humana:
2529 3984 2934 4048 inﬁrmitatem;
2970 3991 3026 4035 ut
3081 3982 3278 4036 runnini
3335 3996 3453 4048 quae

1852 4089 2012 4143 supra
2044 4088 2139 4128 nos
2164 4074 2306 4130 cutio
2332 4062 2617 4144 suspensa,
2650 4084 2742 4143 aut
2771 4073 2905 4129 infra
2962 4073 3011 4125 in
3068 4082 3226 4126 terrae
3281 4073 3453 4126 visce-

1853 4168 2000 4223 ribus
2030 4169 2221 4236 posita,
2252 4167 2414 4232 scire,
2435 4177 2528 4221 ant
2550 4168 2775 4223 scrutari
2807 4171 3136 4222 concedatur
3168 4181 3180 4216 :
3221 4185 3238 4218 ι
3272 4165 3447 4228 Absit,

1853 4259 2026 4328 inquit
2081 4260 2205 4323 ille,
2261 4262 2331 4315 ab
2379 4260 2751 4329 esploratione
2778 4259 2957 4312 divina
2989 4259 3218 4325 lnmiana
3248 4258 3456 4315 medio-

1854 4354 2035 4416 critas,
2068 4368 2192 4407 cum
2243 4368 2416 4423 neque
2439 4368 2559 4422 qua:
2587 4367 2746 4421 supra
2774 4366 2873 4413 nos
2898 4352 3039 4406 ctelo
3067 4365 3451 4420 suspensa..."

1853 4461 2027 4516 neque
2063 4462 2185 4518 qua:
2239 4447 2374 4500 int’ra
2415 4455 2732 4500 terram.....
2801 4447 2941 4499 scTre
2989 4444 3061 4499 sit
3112 4444 3318 4508 datum,
3361 4453 3454 4499 aut

1852 4540 2079 4593 scrutari
2128 4539 2471 4608 permissum.
2512 4556 2531 4589 ι
2569 4535 2864 4605 Unicuique
2912 4535 3179 4607 siquidem
3231 4535 3448 4601 sufﬁcit,

196 4618 268 4689 (Τ
262 4624 409 4687 θησα-
432 4628 640 4701 Apolog.
675 4646 792 4700 cap.
825 4631 916 4695 57,
947 4648 1065 4702 pag.
1091 4630 1207 4703 55).
1246 4651 1265 4684 ι
1305 4637 1375 4686 At
1420 4643 1601 4697 certe,
1656 4638 1745 4705 qui
1774 4634 1827 4706 D
1852 4635 1897 4688 si
1931 4652 1950 4687 ι
1987 4633 2282 4688 secundum
2315 4643 2467 4687 vetus
2495 4632 2751 4702 sapientis
2779 4631 3058 4686 oraculum
3089 4629 3449 4697 nosmetipsos

188 4712 372 4782 urbes,
399 4719 584 4788 lorum,
630 4733 806 4777 castra
829 4763 845 4787 ,
875 4720 1152 4788 decurias,
1186 4725 1438 4793 palatium
1464 4767 1478 4790 ,
1503 4737 1749 4782 senatum

187 4815 237 4858 et
259 4814 330 4862 tot
349 4811 440 4866 alia
468 4812 578 4873 loca
608 4815 925 4883 implebant,
956 4830 1020 4869 ex
1069 4815 1153 4870 bis
1200 4826 1346 4870 certe
1393 4817 1604 4885 plurimi
1624 4858 1639 4884 ,
1695 4828 1753 4875 ut

177 4893 280 4963 jam
306 4901 514 4961 diximus
532 4947 546 4969 ,
596 4921 698 4961 nec
722 4907 919 4963 intimae
948 4907 1109 4962 sortis
1135 4918 1290 4962 erant
1321 4908 1565 4967 homines
1585 4949 1601 4975 ,
1652 4927 1752 4966 nec

180 5002 440 5063 pauperes,
467 5014 564 5054 nec
588 4999 791 5055 indocti
816 5010 869 5053 et
895 4999 1174 5055 illitterati.

244 5086 309 5138 At
333 5101 449 5153 cur,
479 5090 683 5160 inquiet
714 5091 938 5159 aliquis,
972 5093 1085 5144 haec
1113 5100 1168 5145 et
1204 5091 1307 5144 alia
1339 5107 1367 5145 a
1418 5093 1571 5149 nobis
1610 5091 1747 5155 infe-

183 5172 287 5229 rius
302 5176 522 5245 citanda,
548 5192 660 5235 tam
690 5180 802 5234 alto
832 5180 1089 5237 Minucius
1110 5179 1328 5245 silentio
1356 5183 1748 5251 praetermisit?

189 5262 297 5329 Cur.
329 5270 586 5341 inquimus
624 5281 680 5326 et
717 5286 847 5336 nos,
877 5272 966 5329 ille
995 5273 1078 5328 vel
1107 5274 1223 5330 solo
1266 5288 1366 5329 suo
1412 5275 1659 5343 exemplo
1687 5290 1750 5330 os

188 5356 398 5429 Caecilii,
441 5374 546 5419 tam
580 5363 922 5434 impudenter
969 5366 1278 5427 mentientis
1332 5366 1590 5421 continuo
1642 5381 1748 5423 non

194 5452 414 5510 occlusit?
457 5455 572 5515 Non
621 5457 764 5511 enim
793 5472 858 5511 ex
888 5456 1086 5517 intimae
1124 5458 1291 5526 plebis
1341 5459 1473 5513 lmce
1524 5459 1603 5512 vir
1643 5459 1753 5515 dici

197 5545 361 5609 potuit,
396 5548 485 5617 qui
532 5556 587 5601 ut
611 5546 722 5617 jam
769 5562 836 5604 ex
884 5546 1319 5617 locupletissimis
1346 5550 1571 5604 testibus
1612 5550 1751 5611 Lac-

189 5638 328 5694 tantio
361 5648 525 5710 atque
556 5639 887 5711 llieronymo
914 5641 1352 5706 observavimus,
1385 5641 1572 5698 Romae
1617 5643 1750 5699 insi-

176 5736 275 5802 gnis
298 5732 600 5789 causidicus
626 5742 762 5788 erat.
806 5731 975 5795 Nobis
1003 5734 1182 5801 itaque
1230 5733 1373 5805 haud
1425 5750 1569 5805 aegre
1624 5752 1747 5806 pcr-

164 5825 485 5891 swtebitur,
516 5839 640 5881 eum
671 5834 780 5885 tam
825 5824 1069 5885 modesta
1093 5824 1477 5897 moderateque
1507 5840 1739 5899 respon-

1853 4728 2180 4783 noveritnus.
2218 4745 2237 4776 ι
2274 4725 2475 4781 Alltulit
2512 4736 2688 4780 autem
2739 4724 2803 4779 ad
2850 4722 3260 4781 celeberrimum
3317 4719 3447 4785 illud

1853 4819 2120 4887 adagium,
2150 4821 2292 4889 ’γνῶθι
2315 4824 2531 4883 σεαυτόν,
2563 4837 2581 4869 ι
2614 4816 2785 4871 Nosce
2816 4828 2868 4869 te
2890 4816 3096 4886 ipsum;
3128 4834 3148 4866 ι
3176 4811 3318 4885 quod
3353 4826 3453 4867 nos

1854 4911 1982 4964 alibi
2029 4910 2097 4965 ab
2128 4911 2249 4963 aliis
2273 4909 2509 4982 Thaleti,
2557 4910 2625 4993 ah
2648 4909 2768 4981 aliis
2795 4906 3029 4967 Cltiloni,
3082 4915 3241 4997 atque
3287 4906 3450 4958 etiam

1858 5000 2064 5072 Pythiae
2117 5000 2445 5070 adscriptum
2498 4986 2876 5051 annotavimus
2908 4995 3077 5068 (Tom.
3119 4986 3161 5050 t‘
3198 4995 3452 5069 Apparet.

1854 5095 1941 5148 lib.
1973 5110 2052 5157 ιιι,
2080 5096 2203 5149 diss.
2233 5093 2289 5155 2,
2321 5111 2436 5161 cap.
2469 5094 2558 5157 14,
2587 5102 2687 5146 art.
2714 5092 2772 5158 3,
2804 5108 2923 5163 pug.
2960 5091 3119 5155 1097;
3143 5101 3190 5144 et
3216 5108 3331 5160 cup.
3359 5091 3447 5155 19,

1854 5196 1954 5241 art.
1983 5187 2040 5250 4,
2073 5204 2193 5257 pag.
2230 5183 2413 5257 1170).

1927 5278 2092 5339 Addit
2117 5276 2362 5343 Caecilius
2388 5275 2529 5345 quod
2556 5275 2600 5330 si
2629 5275 2917 5345 aliquando
2937 5275 3129 5331 insano
3159 5275 3463 5345 ineptomic-

1855 5370 2025 5431 labori
2054 5368 2388 5438 indulgentes
2408 5409 2422 5429 ,
2454 5367 2592 5421 ultra
2620 5366 2936 5437 humilitatis
2964 5375 3162 5421 nostrae
3193 5364 3452 5420 terminos

1855 5475 2167 5531 evagemur,
2193 5459 2334 5514 hunc
2353 5471 2592 5514 errorem
2617 5460 2766 5510 vanis
2791 5454 3261 5525 fortnidolusisque
3289 5453 3449 5517 illiri-

1857 5554 2156 5607 stianorum
2191 5549 2534 5618 opinionibus
2580 5561 2683 5603 n0u
2715 5562 2839 5603 esse
2887 5545 3288 5619 implicandum.
3331 5545 3448 5611 Non

1855 5645 1967 5700 vult
1995 5658 2124 5712 ergo
2151 5645 2312 5703 ullam
2341 5658 2370 5697 a
2415 5640 2734 5709 ChriStianis
2774 5641 2843 5696 de
2873 5641 2984 5697 Deo
3015 5640 3280 5711 rebusque
3308 5639 3449 5711 divi~

1854 5739 1938 5803 nis
1963 5736 2166 5815 institui
2211 5737 2658 5808 disputationem,
2686 5735 2925 5807 satisque
2952 5734 3084 5807 ipsis
3127 5747 3284 5798 esse,
3316 5732 3450 5798 sise

1852 5831 1999 5901 ipsos
2021 5828 2291 5891 noverint.
3318 5842 3331 5858 ‘
