3802 6276
421 326 528 383 “ii

1683 319 1768 375 DF.
1810 316 2064 375 lllNUCll
2139 317 2433 376 OCTAVIO
3362 333 3389 386 '7
3527 346 3600 404 m

493 445 678 516 Magna
704 451 904 509 autem,
929 443 1004 497 uti
1032 441 1246 512 quidem
1281 439 1379 510 ipsi
1418 439 1717 506 videbatur,
1747 440 2009 504 Socratis,
2041 438 2092 498 Α
2123 455 2143 490 ι
2175 438 2424 496 Omnium
2463 441 2769 497 testimonio
2793 441 3064 512 professus
3111 453 3190 502 est
3211 489 3225 512 ,
3256 463 3310 506 se
3345 466 3432 509 non
3456 465 3598 523 tantum

423 538 511 608 qui
544 538 723 591 divino
759 535 976 590 oraculo
1014 532 1293 588 hominum
1341 532 1768 602 sapientissimus
1811 547 2012 585 renun-

423 631 587 684 tiatus
614 639 712 692 est,
741 628 1058 682 auctoritate
1101 625 1545 694 testimoniaque,
1598 624 1730 678 illud
1775 624 2014 678 stabilire

423 731 477 777 et
501 720 820 777 continuare
848 719 1036 774 nititur
1065 736 1077 772 :
1115 737 1134 772 ι
1165 717 1220 773 Si
1254 715 1684 789 philosophandi,
1715 719 1822 779 ait,
1849 715 2014 770 libido

419 823 522 881 est,
557 815 852 878 Socratem,
885 813 1161 880 sapientizr
1189 812 1507 883 principem.
1528 811 1755 881 quisque
1777 820 2012 864 vestrum

419 915 598 962 tantus
624 915 726 969 est,
755 907 800 961 si
829 907 1046 976 poterit,
1081 906 1336 960 imitetur.
1393 905 1522 970 Eius
1577 904 1675 958 viri
1708 904 1918 974 quoties
1946 902 2014 958 de

418 999 731 1054 caelestibus
782 998 1089 1068 rogabatur,
1146 1008 1269 1052 uota
1324 997 1605 1066 responsio
1654 1006 1737 1050 est
1792 1014 1805 1049 :
1865 996 2014 1064 Quon

417 1107 584 1149 suras
607 1107 702 1148 uos
725 1108 869 1148 ututi.
894 1108 960 1147 Ito
990 1107 1107 1147 nos.
1141 1091 1331 1146 Merito
1357 1106 1485 1161 ergo
1514 1091 1580 1143 de
1607 1090 1825 1144 oraculo
1859 1089 2012 1143 testi-

417 1185 700 1241 timoniuin
747 1184 937 1240 meruit
986 1184 1284 1254 prudentiae
1329 1183 1632 1254 singularis.
1691 1183 1842 1250 Quod
1888 1198 2012 1237 ora-

417 1278 594 1334 culum
651 1279 764 1348 ipse
811 1277 1121 1347 praesensit.
1174 1277 1370 1331 ideirco
1413 1275 1676 1331 universis
1718 1290 1840 1330 esse
1872 1291 2011 1344 pra:-

423 1369 690 1440 p0situm,
748 1384 854 1424 non
904 1369 1045 1439 quod
1077 1369 1255 1424 omnia
1285 1368 1666 1438 comperisset,
1722 1366 1814 1421 sed
1869 1367 2012 1437 quod

418 1464 548 1520 nihil
605 1478 664 1519 se
730 1463 872 1520 scire
921 1463 1215 1518 didicisset.
1284 1463 1356 1517 lta
1416 1459 1678 1516 confessa:
1735 1459 2012 1530 sapientia:

418 1571 625 1612 summa
657 1556 935 1627 prudentia
962 1564 1062 1611 est.
1101 1574 1119 1607 ι

491 1648 616 1703 Ηίθε
641 1657 818 1703 autem
843 1663 873 1702 a
895 1647 1108 1701 Caecilio
1133 1661 1236 1700 non
1266 1645 1657 1700 inconsiderate
1678 1642 1818 1700 dicta
1848 1643 2013 1699 fuisse

417 1741 544 1798 inde
574 1742 850 1809 probatur,
872 1741 1014 1810 quod
1039 1740 1105 1795 de
1140 1739 1328 1794 eodem
1351 1739 1572 1795 Socrate
1603 1740 1794 1794 Cicero
1822 1739 2012 1792 litteris

2115 533 2314 595 omnia.
2346 535 2440 588 sed
2472 536 2523 589 in
2551 540 2857 590 universum
2885 535 3014 592 nihil
3047 552 3220 606 nosse,
3255 552 3339 598 aut
3360 545 3443 603 hoc
3459 559 3599 613 tantum

2118 639 2178 680 se
2205 627 2366 692 scire,
2399 626 2543 697 quod
2572 627 2826 682 nesciret.
2863 645 2882 680 ι

2189 715 2559 773 'l‘heodoretus
2581 733 2747 787 porro
2789 717 3069 783 (Theodor.
3100 721 3162 776 de
3199 721 3352 780 (ἔναυε.
3374 729 3511 794 affect.
3543 755 3602 792 αι.

2114 820 2215 864 rat.
2248 827 2399 865 serm.
2431 813 2490 876 ‘2,
2524 830 2642 884 pag.
2663 813 2788 877 488;
2810 814 2935 867 ibid.
2978 831 3129 868 serat.
3151 816 3214 882 4,
3259 836 3367 889 pag.
3394 823 3523 893 551),
3546 837 3603 901 qui

2117 902 2324 974 Pythia:
2354 905 2455 958 hoc
2489 905 2763 959 oraculum
2794 906 3052 972 attribuit,
3100 906 3286 961 alicubi
3325 909 3603 984 Xenophontis

2115 996 2274 1049 verba
2330 994 2494 1051 refert
2551 995 2820 1068 (XenOplt.
2869 997 2955 1050 lib.
3005 1012 3023 1051 ι
3080 997 3344 1054 Memorab.
3387 1021 3482 1074 pag.
3513 1010 3603 1078 710;

2115 1097 2162 1140 et
2191 1087 2276 1140 lib.
2310 1104 2381 1154 tv,
2429 1105 2549 1158 pag.
2586 1087 2754 1156 815),
2797 1088 2988 1154 quibus
3019 1097 3200 1144 narrat
3222 1097 3458 1160 quomodo
3477 1097 3604 1156 Socii.

2117 1186 2199 1234 tes
2260 1178 2525 1250 quoslibet
2579 1180 2823 1236 homines
2869 1197 2898 1233 a
2946 1181 3240 1236 ctelestium
3291 1183 3603 1265 divinarumque

2117 1286 2296 1326 rerum
2377 1274 2787 1344 investigatione
2856 1272 3270 1340 dehortabatur;
3323 1283 3602 1356 asserehatqne

2116 1376 2232 1431 eos,
2279 1364 2370 1435 qui
2415 1366 2530 1420 illas
2588 1366 2767 1420 rimari
2816 1367 3166 1432 conabantur,
3212 1379 3297 1422 aut
3337 1368 3484 1427 fatuos
3513 1392 3602 1445 esse,

2115 1465 2208 1510 aut
2254 1457 2304 1510 in
2346 1461 2579 1512 maximo
2626 1457 2866 1513 stultitize
2915 1458 3173 1528 periculo.
3210 1458 3604 1531 Xenophontsan.

2117 1557 2222 1604 tem
2251 1550 2410 1605 verba
2443 1553 2646 1621 integra
2678 1551 2729 1605 itt
2760 1551 2877 1619 eius
2906 1551 3062 1605 libris
3082 1592 3097 1616 ,
3145 1560 3200 1606 et
3251 1553 3408 1608 adhuc
3428 1571 3452 1609 a
3474 1559 3605 1630 Cyrillo

2115 1639 2480 1696 AleXandrino
2536 1640 2741 1712 (Cyrill.
2774 1642 2810 1696 ι.
2875 1657 2908 1696 v
2949 1651 3127 1696 contra
3153 1640 3341 1699 Julian.
3389 1653 3603 1718 pag.180),

2117 1741 2171 1786 et
2211 1731 2390 1788 Gellio
2439 1733 2598 1788 citata
2626 1734 2868 1804 reperies
2895 1731 3138 1804 (Gellius.
3187 1735 3270 1788 lib.
3312 1751 3358 1789 tv
3397 1737 3518 1793 Noct.
3542 1745 3606 1796 Att.

418 1833 666 1888 similiter
689 1832 960 1886 mandavit
991 1850 1005 1886 :
1041 1851 1059 1885 ι
1096 1832 1346 1888 Socrates
1376 1833 1503 1886 mihi
1533 1832 1758 1897 videtur,
1795 1831 1844 1884 id
1869 1829 2009 1900 quod
2042 1831 2090 1891 Β
2117 1847 2232 1901 cap.
2288 1832 2367 1904 ι).
2445 1831 2691 1886 Laertius
2733 1830 3084 1886 nihilominus
3139 1831 3159 1904 (
3190 1829 3351 1889 Laert.
3400 1835 3472 1889 lib.
3514 1853 3553 1892 ll.
3591 1841 3606 1910 ξ

419 1933 632 1979 constat
659 1926 796 1978 inter
819 1939 1028 1989 omnes,
1059 1926 1260 1994 primus
1292 1941 1321 1980 a
1354 1925 1513 1979 rebus
1537 1925 1782 1991 occultis,
1835 1935 1888 1978 et
1931 1923 2001 1978 ab

420 2010 534 2081 ipsa
576 2019 762 2066 natura
810 2011 1176 2068 involutis.....
1230 2015 1535 2067 avocavisse
1584 2011 2010 2082 philosophiam,

421 2112 477 2159 et
502 2103 568 2158 ad
596 2103 755 2157 vitam
779 2118 1120 2159 communem
1149 2104 1472 2169 adduxisse;
1504 2114 1561 2158 ut
1609 2103 1677 2158 de
1731 2103 2014 2158 virtutibus

420 2205 469 2250 et
507 2197 669 2259 vitiis,
705 2198 1031 2268 omninoque
1057 2197 1124 2252 de
1153 2198 1306 2253 bonis
1348 2200 1509 2253 rebus
1537 2206 1592 2251 et
1612 2197 1766 2252 malis
1793 2211 2016 2267 quaere-

419 2301 545 2348 ret:
573 2291 810 2348 etelestia
839 2301 1017 2346 autem
1047 2300 1139 2345 aut
1178 2291 1363 2361 procttl
1393 2305 1514 2346 esse
1558 2305 1588 2344 a
1639 2301 1822 2344 nostra
1872 2288 2016 2358 cogi-

421 2383 624 2438 tatione
675 2392 951 2447 censeret,
1008 2383 1093 2436 vel
1160 2384 1203 2436 si
1256 2382 1486 2436 maxime
1540 2383 1748 2452 cognita
1801 2387 2012 2442 essent,

421 2473 556 2530 nihil
612 2484 787 2528 tamen
836 2474 902 2528 ad
949 2473 1087 2528 bene
1145 2473 1430 2528 vivendum
1477 2473 1747 2528 conferre.
1809 2470 1905 2526 Hic
1961 2471 2016 2524 in

422 2566 670 2622 omnibus
702 2566 812 2622 lere
840 2565 1211 2631 sermonibus,
1244 2568 1332 2636 qui
1376 2565 1445 2619 ab
1469 2564 1568 2630 iis,
1610 2564 1700 2634 qui
1735 2563 1879 2617 illum
1923 2578 2018 2617 au-

421 2660 636 2716 dierttnt
655 2701 669 2724 ,
709 2659 990 2730 perscripti
1048 2659 1225 2724 varie,
1255 2659 1473 2728 c0piose
1501 2667 1646 2720 sunt,
1673 2657 1740 2710 ita
1760 2656 2014 2726 diSpulal,

423 2763 482 2807 ut
511 2753 640 2827 nihil
684 2751 918 2807 allirntet
946 2753 1081 2822 ipse,
1116 2751 1326 2806 refellat
1375 2751 1509 2804 alios
1541 2768 1555 2803 :
1590 2748 1722 2803 nihil
1773 2763 1831 2802 se
1875 2747 2018 2802 scire

421 2846 585 2913 dicat,
618 2847 716 2901 nisi
759 2847 1020 2918 idipsum;
1071 2862 1241 2916 eoque
1288 2856 1542 2916 prmstare
1585 2844 1826 2909 emeris,
1873 2842 2015 2912 quod

423 2938 536 3002 illi,
579 2955 698 3008 quae
730 2941 998 3001 nesciant,
1055 2941 1194 2993 scire
1244 2953 1303 2992 se
1357 2946 1582 3007 putent:
1615 2937 1729 3005 ipse
1772 2951 1831 2988 se
1885 2933 2016 2988 nihil

423 3033 564 3087 scire
586 3032 636 3085 id
666 3047 827 3086 unum
864 3032 1031 3095 sciat;
1056 3031 1126 3084 ob
1151 3044 1378 3098 eamque
1407 3043 1521 3081 rem
1568 3041 1626 3080 se
1665 3025 1912 3079 arbitrari
1953 3025 2020 3080 ab

425 3125 677 3196 Apolline
700 3125 941 3180 omnium
975 3121 1430 3192 sapientissimum
1459 3133 1582 3173 esse
1611 3117 1843 3182 dictum,
1877 3115 2020 3188 quod

2116 1927 2185 1982 37
2211 1937 2258 1980 et
2287 1925 2380 1998 45)
2430 1927 2670 1997 ejusdem
2701 1926 3078 1997 Xenophontis
3114 1929 3401 1983 testimonio
3426 1929 3607 2000 (Xenoph.

2117 2019 2205 2072 lib.
2253 2034 2270 2072 ι
2329 2017 2612 2074 Memorab.
2671 2037 2790 2090 pag.
2840 2019 2992 2090 726)
3047 2020 3232 2088 probat
3297 2020 3524 2076 Socratem
3567 2024 3608 2078 de

2118 2109 2457 2165 Providentia
2502 2111 2595 2166 Dei
2644 2111 2932 2182 aliquando
2961 2111 3265 2182 disputasse
3302 2129 3314 2165 :
3359 2122 3408 2168 et
3443 2112 3608 2169 laudatus

2118 2203 2186 2257 ab
2211 2217 2279 2257 eo
2309 2202 2684 2274 Xenophontis
2733 2203 2883 2260 locus
2905 2205 2958 2259 in
2995 2206 3164 2276 ipsius
3201 2205 3342 2261 libris
3381 2219 3526 2261 revera
3557 2209 3606 2262 in-

2119 2299 2345 2352 venitur.

2191 2388 2427 2443 Citatutn
2474 2389 2688 2446 tandem
2717 2405 2742 2443 a
2773 2389 2994 2446 Czecilio
3045 2389 3277 2461 ejusdem
3315 2391 3509 2449 Socratis
3532 2393 3607 2446 atla-

2119 2481 2263 2551 gittm
2297 2500 2310 2535 :
2349 2499 2368 2532 ι
2406 2479 2560 2550 Quod
2588 2495 2748 2552 supra
2773 2497 2890 2546 nos,
2921 2481 3058 2537 nihil
3082 2482 3146 2536 ad
3175 2498 3288 2550 nos,
3325 2501 3343 2536 ι
3372 2501 3398 2536 a
3418 2483 3606 2537 Lactantio

2121 2573 2384 2644 (Lactant.
2409 2575 2497 2628 lib.
2519 2590 2597 2638 ιιι,
2638 2574 2701 2628 de
2727 2575 2862 2646 falsa
2883 2575 3125 2645 Sapient.
3148 2592 3259 2646 cap.
3286 2574 3370 2639 20,
3403 2593 3496 2648 pag.
3510 2575 3601 2641 308).

2121 2664 2206 2720 his
2256 2667 2526 2736 profertur
2581 2666 2760 2721 verbis
2810 2685 2822 2722 :
2877 2684 2897 2718 ι
2944 2667 3174 2722 Celebre
3228 2666 3322 2720 hoc
3368 2666 3606 2736 proverbium

2125 2760 2376 2814 Socrates
2400 2760 2585 2814 habuit
2615 2777 2629 2814 :
2662 2758 2814 2829 Quod
2837 2774 3001 2828 supra
3049 2773 3145 2814 nos
3168 2802 3182 2825 ,
3235 2759 3355 2813 nihil
3395 2759 3449 2813 ad
3490 2773 3603 2812 nos.»

2125 2849 2482 2922 Hieronymus
2522 2867 2652 2906 vero
2678 2855 2757 2906 sic
2788 2851 2918 2906 illttd
2945 2862 3138 2906 contra
3169 2851 3396 2906 Ruﬁnum
3435 2849 3604 2904 adhibet:

2131 2961 2150 2994 ι
2186 2943 2375 2997 Totam
2410 2944 2540 2998 mihi
2571 2946 2844 3016 physicam
2871 2945 3127 3016 opponis,
3169 2953 3226 2999 ut
3251 2944 3420 2999 frustra
3448 2943 3497 2997 ad
3523 2942 3608 2996 etlti-

2123 3050 2240 3090 cam
2270 3037 2538 3091 transiens
2561 3038 2812 3093 Socrates
2832 3039 3035 3092 dixerit
3062 3056 3076 3093 :
3107 3037 3232 3106 Qua:
3253 3051 3396 3106 supra
3415 3051 3503 3098 nos,
3524 3034 3605 3087 nihil

2123 3126 2190 3180 ad
2246 3143 2344 3182 nos
2387 3127 2720 3199 (Hieronyttt.
2750 3129 3021 3199 Apologet.
3061 3129 3257 3183 advers.
3304 3127 3456 3197 Ruﬁn.
3483 3126 3541 3179 lilt.
3561 3140 3603 3189 ll,

426 3215 542 3271 haec
583 3226 731 3272 esset
779 3230 881 3269 una
913 3214 1088 3268 omnis
1116 3211 1374 3281 sapientia
1395 3251 1409 3275 ,
1471 3223 1574 3263 non
1605 3207 1850 3262 arbitrari
1899 3223 2020 3262 sese
2045 3216 2090 3279 ρ
2125 3221 2273 3292 (auge
2302 3231 2414 3290 ροςι
2439 3221 2707 3294 medium).
2749 3241 2766 3273 ,
2808 3223 3080 3277 οωιενηη,
3109 3222 3347 3278 caminus
3369 3237 3427 3276 εχ
3445 3219 3599 3273 hisco...

423 3308 584 3372 scire,
616 3307 759 3377 quod
814 3307 1017 3360 nesoiat
1069 3303 1198 3370 (Cic.
1251 3302 1378 3356 lib.|
1416 3301 1579 3355 Acad.
1604 3312 1785 3371 quam.
1813 3317 1930 3371 pag.
1963 3301 2016 3367 5,

424 3400 519 3456 lin.
549 3399 640 3462 41,
669 3408 716 3451 ει
745 3398 934 3467 seqq)
970 3416 988 3448 ι
1020 3396 1152 3463 Quis
1181 3409 1358 3451 autem
1388 3395 1543 3450 facile
1573 3395 1672 3449 sibi
1708 3394 2017 3464 persuaderi

425 3509 532 3548 non
559 3492 696 3548 sinet
735 3491 847 3546 huic
874 3502 925 3546 et
953 3493 1052 3547 alia
1079 3491 1356 3547 Ciceronis
1381 3493 1577 3556 verba,
1608 3491 1730 3544 alibi
1769 3505 1799 3543 a
1842 3489 2016 3556 nobis,

427 3587 516 3640 ubi
568 3585 635 3640 de
689 3585 878 3640 eodem
937 3586 1159 3641 Socrate
1207 3587 1526 3656 agebamus,
1559 3585 1762 3651 relata,
1817 3583 2018 3639 Czccilii

425 3681 585 3735 dictis
613 3681 683 3733 ita
711 3691 1070 3735 consentanea
1101 3695 1258 3745 esse;
1311 3689 1367 3733 ut
1393 3679 1536 3733 hunc
1567 3678 1692 3733 inde
1747 3692 1842 3732 sua
1887 3677 2020 3730 hau-

425 3772 563 3827 sisse
604 3771 742 3826 haud
791 3787 1010 3841 prorsus
1054 3771 1286 3826 absurde
1343 3770 1644 3840 suSpicandi
1696 3770 1870 3824 locum
1922 3783 2020 3823 nos

427 3865 625 3920 habere
669 3865 947 3920 videamur
989 3863 1177 3938 (Tom.
1213 3880 1249 3918 tt
1282 3866 1530 3936 Apparat.
1584 3863 1671 3918 lib.
1707 3878 1783 3928 Ill,
1815 3861 2016 3916 dissert.

423 3960 479 4020 2,
504 3975 620 4026 cap.
653 3959 740 4022 1⁵1,
771 3970 870 4013 art.
906 3960 960 4021 5,
990 3975 1108 4028 pag.
1139 3957 1300 4023 1155,
1329 3967 1376 4010 et
1396 3955 1596 4027 seqq)?

497 4051 667 4105 Porro
692 4059 867 4105 autem
903 4049 1126 4118 hujusce
1151 4047 1415 4117 Apollinis
1449 4049 1499 4102 in
1532 4047 1768 4103 Socratis
1809 4045 2020 4100 laudem

424 4143 629 4196 oraculi
691 4158 877 4196 rursus
925 4141 1116 4197 Cicero
1152 4141 1270 4195 aliis
1311 4142 1361 4194 in
1405 4140 1555 4194 libris
1610 4139 1798 4211 (Cicer.
1844 4140 1934 4194 lib.
1961 4141 2024 4192 de

429 4233 631 4289 Settrcl.
665 4251 787 4307 pag.
813 4235 938 4300 M7,
973 4235 1066 4290 liti.
1087 4233 1172 4298 1:2;
1203 4245 1250 4286 et
1281 4233 1366 4286 lib.
1402 4234 1466 4286 de
1492 4233 1696 4287 Amicit.
1727 4250 1846 4302 pag.
1879 4233 2017 4299 “9‘,

426 4327 518 4380 lin.
549 4327 637 4393 45,
670 4337 717 4381 et
747 4345 865 4398 pag.
914 4327 1026 4393 129,
1055 4327 1148 4380 litt.
1181 4325 1308 4396 22.)
1335 4368 1350 4391 ,
1405 4325 1696 4380 Pausanias
1751 4324 2014 4397 (Pausatt.

424 4419 511 4474 lib.
539 4436 585 4482 ι,
618 4437 738 4491 pag.
769 4419 842 4474 20
944 4421 1149 4475 Plinius
1205 4419 1384 4490 (Plin.
1420 4419 1508 4472 lib.
1551 4435 1619 4474 vn
1670 4429 1840 4472 natur.
1881 4417 2018 4472 Hist.

422 4530 540 4583 cap.
571 4515 687 4582 5|).
717 4513 934 4568 Solinus
983 4512 1179 4583 (Solitt.
1213 4528 1327 4582 cap.
1363 4529 1400 4578 ι,
1439 4529 1558 4582 pag.
1597 4511 1730 4583 11),
1779 4511 2023 4567 Valerius

2122 3313 2290 3367 eludit
2340 3313 2650 3368 imitandam
2703 3329 2825 3369 esse
2853 3314 3137 3378 Arcesilae,
3186 3311 3462 3372 Carneadis,
3495 3309 3603 3363 Simo-

2124 3403 2283 3470 nidis,
2338 3414 2391 3458 et
2438 3404 2882 3460 Academicorum
2934 3406 2987 3459 in
3017 3406 3261 3471 summis,
3286 3418 3345 3458 ac
3366 3401 3602 3473 potissimum

2121 3495 2188 3550 de
2214 3496 2336 3561 diis,
2369 3504 2535 3549 tutam
2568 3495 2979 3557 dubitatiOnem,
3022 3495 3186 3552 Vides
3210 3504 3346 3551 certe
3368 3494 3515 3563 quibus
3533 3490 3604 3543 lun-

2122 3585 2387 3641 damentis
2413 3587 2612 3641 nitatur
2642 3588 2756 3643 haec
2803 3586 3043 3654 Cascilii,
3092 3592 3204 3644 sive
3249 3586 3422 3642 ethnici
3454 3583 3602 3638 botniois

2121 3679 2531 3747 argumentatio.
2581 3677 2700 3732 Jam
2741 3693 2870 3735 vero
2913 3679 3044 3751 quid
3105 3679 3170 3736 ad
3215 3693 3326 3736 eam
3383 3672 3600 3745 restionle

2121 3771 2374 3828 Octavius
2390 3811 2406 3839 ,
2439 3771 2828 3828 examinentus.

2729 4055 3024 4097 Αιιτιευιυε
3063 4056 3142 4099 III.
3189 4085 3195 4091 ι

2125 4217 2470 4285 Experiamur
2497 4216 2695 4272 Octavii
2712 4233 2955 4287 responsa
2971 4257 2988 4282 ,
3015 4217 3199 4289 quibus
3235 4214 3462 4286 superiora
3479 4205 3602 4263 Catilli

2544 4321 2842 4381 argumenta
2871 4311 3023 4365 diluit
3051 4321 3100 4366 et
3121 4311 3305 4366 euertit.

2198 4514 2418 4569 Fatetur
2441 4511 2654 4582 quidem
2683 4511 2954 4574 Octavius.
2983 4525 3044 4566 ac
3090 4511 3303 4568 Czccilio
3327 4502 3520 4564 concedit
3545 4497 3602 4550 lto~

422 4606 686 4660 Maximus
713 4602 919 4674 (Valer.
963 4602 1110 4656 Max.
1144 4602 1233 4656 lib.
1269 4617 1346 4668 ιιι,
1385 4600 1602 4672 εηρ.4),
1635 4599 1832 4673 aliique
1861 4619 2019 4672 quam
2045 4607 2099 4668 D
2125 4605 2324 4662 minem
2367 4620 2526 4660 nosse
2571 4619 2630 4659 se
2659 4605 2830 4675 ipsum
2864 4604 3063 4659 debere
3086 4647 3101 4670 ,
3157 4616 3310 4674 atque
3354 4604 3512 4654 attento
3541 4591 3601 4642 cir-

423 4699 606 4768 plurcs
638 4694 958 4749 meminere.
1005 4694 1248 4748 Laertius
1295 4708 1424 4748 vero
1455 4693 1584 4748 illud
1634 4693 1712 4748 sic
1763 4709 1792 4748 a
1833 4695 2020 4766 Pythia

423 4793 600 4847 lusum
633 4799 860 4846 testatur
883 4806 897 4843 :

673 4909 818 4970 λνδρῶν
838 4920 1005 4957 ἁπάντων
1029 4917 1214 4969 Σωκράτης
1238 4919 1461 4967 coctilium;-

578 4988 851 5038 Mortalium
871 4989 1083 5038 omnium
1109 4988 1340 5036 Socrates
1364 4987 1768 5049 sapientissimus.

975 5050 1163 5111 (Laert.
1190 5051 1226 5099 Ι.
1250 5065 1283 5098 ιι
1330 5053 1376 5100 in
1411 5048 1504 5101 Vit.
1533 5052 1674 5100 Socr.
1693 5051 1719 5111 §
1741 5049 1845 5113 57.)

426 5158 630 5231 Martyr
673 5165 852 5211 autem
883 5155 1126 5211 JuSIinus
1167 5156 1393 5230 (Justiti.
1429 5158 1692 5213 Cohortat.
1737 5159 1804 5212 ad
1853 5157 2020 5213 Graec.

426 5269 547 5322 pag.
573 5249 688 5321 33),
711 5251 952 5304 eamdem
977 5265 1038 5305 ac
1067 5251 1309 5306 Caecilius
1350 5263 1404 5307 et
1448 5252 1655 5314 Cicero.
1691 5254 1850 5323 hujus
1902 5268 2026 5308 ora—

425 5345 530 5398 culi
569 5345 830 5397 rationem
865 5343 1103 5412 protulit.
1160 5343 1428 5399 Lucianus
1467 5360 1597 5399 vero
1641 5345 1894 5414 (Lucina.
1962 5344 2026 5397 de

427 5436 618 5491 Saltat.
679 5451 795 5506 pag.
855 5435 986 5499 507;
1029 5435 1166 5491 Dial.
1216 5437 1391 5492 Antor.
1440 5455 1564 5509 pag.
1611 5438 1740 5500 585;
1785 5447 1832 5490 et
1880 5436 2020 5490 Dial.

423 5528 488 5580 de
533 5525 719 5591 Sectis,
780 5545 900 5600 pag.
953 5529 1104 5595 30$),
1165 5539 1448 5599 postquam
1497 5530 1638 5583 illius
1694 5529 2021 5585 mentionem

422 5621 590 5676 semel
620 5630 781 5688 atque
809 5621 998 5674 iterum
1039 5622 1181 5688 fecit,
1213 5623 1278 5677 de
1315 5624 1548 5691 ipsomet
1569 5622 1790 5676 Socrate
1823 5622 1936 5676 haec
1970 5623 2022 5677 in

424 5713 588 5768 verba
621 5711 853 5776 loquitur
877 5731 888 5764 :
915 5703 981 5774 ὁς
1011 5722 1254 5786 ὺεςκράγει
1281 5725 1392 5786 πρὸς
1419 5719 1660 5780 ἅπαντας,
1692 5721 1778 5784 aiax
1803 5722 1928 5780 ὅπως
1951 5739 2023 5783 μυ

423 5809 581 5857 πάντα
609 5809 736 5860 ἀλλὰ
753 5806 866 5873 μήδ’
891 5812 1006 5868 ὅλως
1028 5810 1201 5860 εἰδέναι
1221 5810 1290 5874 τὶ,
1312 5814 1340 5866 ἢ
1369 5813 1505 5862 τοῦτο
1532 5811 1688 5873 μόνον,
1705 5814 1779 5861 ὃτι
1803 5813 1884 5861 ὃυκ
1909 5809 2024 5863 οἶδε.

2125 4699 2460 4768 cumspicere
2499 4697 2700 4760 animo.
2751 4696 2878 4765 quid
2908 4697 3040 4766 ipse,
3094 4683 3148 4752 et
3202 4695 3332 4749 unde
3371 4694 3446 4754 sit,
3491 4693 3596 4739 utrum

2125 4806 2190 4847 ex
2219 4790 2523 4852 elementis,
2565 4789 2646 4844 vel
2675 4790 2868 4842 atomis
2891 4799 3173 4842 concretus
3195 4829 3208 4852 ,
3241 4785 3365 4840 vela
3389 4782 3474 4835 Deo
3501 4777 3601 4828 [πως

2128 4892 2184 4939 et
2213 4893 2448 4938 creatus.
2481 4880 2586 4937 Sed
2629 4880 2748 4943 hoc,
2785 4881 2975 4951 inquit,
3004 4880 3070 4934 ab
3094 4879 3189 4934 illo
3217 4877 3334 4934 sciri
3371 4889 3455 4930 non
3476 4871 3600 4938 ριιιοδιι

2130 4977 2232 5032 ιιἱεὶ
2267 4977 2430 5031 Deum
2453 4983 2761 5047 cognoscat.
2814 4973 3016 5028 Deinde
3042 4987 3168 5027 vero
3212 4972 3340 5026 sicut
3362 4975 3511 5022 ett-tera
3531 4955 3601 5053 alni'
3672 5039 3673 5053 χ

2126 5069 2326 5123 mantia
2356 5083 2541 5137 prona,
2592 5075 2753 5136 atque
2791 5065 2859 5120 ad
2905 5064 3006 5119 hoc
3033 5075 3176 5129 nata,
3227 5072 3281 5117 ut
3323 5059 3463 5114 solum
3499 5047 3601 5120 Wbu'

2126 5161 2344 5229 lumque
2379 5157 2738 5226 cortSpiciant;
2790 5159 2858 5211 ita
2892 5157 3053 5210 homo
3105 5155 3298 5209 voltum
3338 5147 3552 5206 sublimem
3571 5143 3601 5229 ιι

2127 5227 2364 5308 erectum
2393 5250 2577 5313 habet,
2627 5257 2686 5302 ut
2713 5248 2858 5303 humi
2914 5264 3018 5304 non
3065 5255 3232 5318 repat,
3279 5242 3360 5300 sed
3399 5227 3600 5292 atlollendo
3669 5295 3671 5312 1

2127 5345 2193 5399 ad
2225 5345 2421 5398 cmlum
2453 5343 2667 5406 oculos,
2697 5357 3019 5412 omnemque
3046 5339 3224 5396 mundi
3278 5342 3481 5390 ornatum
3519 5334 3598 5417 tot):

2129 5437 2468 5506 templando,
2520 5435 2584 5488 ad
2653 5435 2745 5488 Dei
2801 5407 3079 5504 perveniat
3140 5431 3476 5502 cognitionem.
3514 5407 3598 5512 Qui“

2126 5545 2276 5597 vero,
2310 5529 2449 5599 quod
2484 5529 2564 5583 las
2611 5529 2684 5582 illi
2733 5543 2838 5583 non
2887 5539 2986 5595 est,
3021 5529 3330 5598 ingerentem
3375 5529 3474 5572 sese
3493 5504 3597 5599 oculis

2127 5623 2480 5692 sensibusque
2543 5621 2743 5675 nostris
2802 5619 3036 5674 divinam
3085 5621 3317 5687 ignorare
3357 5593 3596 5665 claritatem?
3667 5639 3669 5692 i

2127 5717 2257 5785 Quae
2286 5715 2428 5771 enim
2460 5712 2614 5781 infra,
2647 5714 2811 5778 circa,
2853 5728 3117 5782 supraque
3166 5713 3346 5781 ipsum,
3391 5712 3484 5770 qua:
3520 5695 3593 5743 ante

2129 5809 2292 5880 pedes
2342 5820 2491 5873 suos,
2525 5815 2580 5860 et
2605 5805 2658 5860 in
2685 5803 2810 5861 οωιί
2849 5805 3022 5875 plagis
3045 5813 3164 5858 sunt
3195 5799 3366 5872 posita,
3394 5791 3429 5846 si
3468 5787 3591 5840 Ιυςιησ
