3802 6276
212 352 286 410 117
1515 343 1726 402 DISSEI

1901 344 1988 402 [0.

3333 363 3436 420 M8

209 463 331 521 verit;
357 456 616 514 tumillico
643 454 980 524 apertissime
1020 457 1314 525 comperiet
1359 472 1479 513 esse
1520 459 1734 530 aliquod
1765 458 1817 518 A
1914 462 2084 517 Porro
2110 472 2288 520 autem
2327 465 2589 523 Minucius
2617 477 2771 524 acute
2797 472 3018 527 omnino
3055 485 3108 528 et
3135 475 3302 531 facete
3332 476 3434 532 So-

211 551 595 627 prmshmtissiunc
621 548 820 604 mentis
851 564 1068 614 numen,
1119 566 1147 602 a
1175 561 1281 620 quo
1330 561 1511 606 creata
1560 551 1737 606 omnis

214 660 359 705 natura
381 653 622 705 movetur,
675 640 841 694 alitur
869 651 922 695 ct
953 641 1299 711 gubernatur.
1362 643 1426 697 Et
1461 642 1560 697 hoc
1616 643 1733 713 qui-

219 741 314 798 dem
333 755 384 795 ex
406 739 551 806 primo
577 733 853 788 Ciceroais
880 735 944 787 de
969 732 1170 788 Natura
1203 733 1422 789 Deorum
1451 736 1587 790 libro
1611 752 1734 792 eum

220 828 599 901 decerpsissejani
625 825 878 881 vidimus.
905 823 1192 881 Christiani
1213 826 1371 896 igitur
1402 827 1451 881 id
1483 838 1736 882 constan-

221 926 392 982 tissime
414 929 677 976 asserentes
698 958 714 982 ,
747 917 912 973 nullis
951 933 1011 974 se
1049 919 1200 974 vanis
1228 929 1320 975 aut
1367 919 1734 974 formidulosis

217 1014 496 1084 opinionibus
513 1010 866 1078 implicabant.

271 1107 340 1162 Ab
375 1105 546 1170 objecta
571 1117 703 1156 vero
728 1101 967 1158 Socratis
993 1103 1308 1160 auctoritate
1353 1105 1440 1161 ille
1467 1104 1731 1161 facillime

206 1195 538 1265 scseexpedit,
561 1203 616 1250 et
649 1209 770 1249 eam
801 1195 1135 1264 paucissimis
1183 1197 1360 1252 verbis
1389 1199 1587 1262 elevat,
1620 1200 1732 1268 pla-

195 1304 340 1358 neque
360 1286 569 1342 conticit.
603 1285 895 1355 Postquam
931 1287 1075 1343 enim
1105 1289 1293 1353 multa,
1341 1290 1533 1360 quibus
1564 1291 1730 1347 Deum

186 1381 387 1436 existere
410 1377 731 1448 probaverat,
758 1387 904 1433 certa
935 1394 1059 1434 esse
1087 1380 1432 1442 ostendisset,
1465 1392 1572 1436 tum
1595 1399 1727 1438 con-

186 1475 313 1528 tiuuo
339 1471 439 1525 haec
465 1470 650 1540 adjecit
674 1490 687 1527 :
725 1491 744 1524 ι
779 1473 1011 1528 Proinde
1036 1473 1286 1530 Socrates
1310 1489 1492 1530 scurra
1519 1475 1731 1529 Atticus

189 1565 370 1629 viderit,
400 1563 521 1618 nihil
543 1579 602 1619 se
623 1566 766 1620 scire
789 1566 1093 1631 confessus,
1125 1565 1431 1622 testimonio
1462 1566 1586 1621 licet
1616 1565 1732 1619 fal—

189 1659 400 1714 lacissimi
439 1657 691 1712 daemonis
741 1658 1026 1728 gloriosus.
1064 1678 1083 1712 ι
1114 1657 1225 1715 Nec
1271 1661 1340 1714 ibi
1387 1659 1602 1730 quidem
1639 1658 1730 1714 ille

195 1751 340 1822 plura,
361 1748 440 1804 sed
459 1765 570 1820 qua:
617 1749 832 1806 abunde
881 1749 1153 1805 sufficiunt
1181 1749 1249 1805 ad
1281 1765 1343 1806 ea
1368 1751 1544 1806 omnia
1573 1751 1728 1821 peni-

1840 562 2041 609 cratem
2074 557 2222 612 illum
2269 561 2520 629 corripit.
2574 561 2662 629 qui
2709 564 2778 618 de
2819 565 3080 632 Apollinis
3129 570 3436 628 testimonio

1838 645 2182 715 gloriabatur.
2229 650 2583 706 Fallacissimi
2627 656 2824 725 quippe
2853 656 3114 712 dannonis
3155 662 3434 718 oraculum

1838 748 1973 804 erat,
2007 741 2148 811 quod
2176 758 2305 798 sane
2328 745 2467 799 sicut
2495 755 2549 801 et
2590 747 2693 801 alia
2719 750 2788 802 ab
2814 749 3046 806 ethnicis
3072 752 3337 822 jactitata,
3369 757 3436 812 ab

1838 831 2014 901 impiis
2039 833 2371 891 daemonibus
2393 836 2565 892 fusum
2597 839 3001 912 profectumque
3033 844 3219 906 fuisse.
3243 862 3436 915 quem-

1837 921 2122 978 admodum
2163 925 2298 981 infra
2358 929 2688 996 videbimus,
2737 932 3094 990 demonstrat.
3135 935 3289 993 Unde
3335 954 3435 1010 op-

1837 1014 1967 1070 time
2009 1016 2222 1085 quidem
2275 1017 2637 1076 Tertullianus
2687 1022 2739 1076 in
2794 1022 2897 1079 hoc
2946 1026 3117 1096 ipsum
3169 1029 3432 1098 Apollinis

1835 1107 2140 1171 oraculum,
2169 1124 2298 1178 quo,
2332 1110 2532 1182 inquit,
2569 1131 2588 1164 ι
2624 1114 2900 1170 Socratem
2931 1119 3121 1187 Apollo
3145 1122 3435 1190 sapientis-

1835 1195 2026 1252 simum
2056 1203 2293 1254 omnium
2326 1203 2553 1269 cecinit,
2585 1204 2664 1260 sic
2691 1207 2957 1262 exclamat
2987 1227 3000 1264 :
3044 1209 3090 1266 0
3132 1212 3435 1282 Apollinem

1836 1289 2329 1348 inconsideratum!
2378 1295 2668 1364 Sapientia:
2707 1301 3072 1358 testinmuium
3118 1305 3432 1364 rcddiditei

1835 1381 1978 1446 viro,
2009 1387 2097 1452 qui
2118 1386 2490 1456 negabatdeos
2514 1404 2634 1446 esse
2661 1390 2905 1461 (Tertull.
2935 1395 3153 1468 Apolog.
3195 1413 3312 1468 cap.
3337 1401 3428 1467 46,

1834 1489 1956 1544 pag.
1986 1475 2098 1545 40).
2140 1495 2158 1528 r

1905 1568 2140 1623 Socratis
2187 1569 2366 1640 itaque
2415 1577 2736 1631 auctoritate
2787 1577 2866 1632 sic
2907 1593 3136 1647 eversa,
3207 1581 3428 1640 citatum

1833 1658 2026 1715 deinde
2054 1677 2083 1715 a
2110 1661 2326 1716 Cmcilio
2371 1664 2652 1730 Arcesilae,
2711 1667 3036 1736 Carneadis,
3092 1672 3429 1746 aliorumque

1834 1756 2278 1811 Academicorum
2309 1758 2672 1813 testimonium
2698 1761 2850 1827 plane
2877 1765 3192 1834 penitusque
3212 1777 3430 1824 corruat

196 1853 270 1897 tus
288 1841 583 1905 destruenda,
619 1857 740 1912 quae
763 1857 833 1897 ex
860 1843 1098 1897 Socratis
1123 1843 1443 1897 auctoritate
1468 1843 1721 1913 decerpta
1750 1847 1800 1908 B
1828 1861 2048 1902 necesse
2077 1858 2177 1902 est.
2225 1847 2358 1902 Nam
2388 1848 2442 1902 hi
2460 1890 2474 1913 ,
2509 1852 2647 1904 sicut
2690 1860 2744 1906 et
2774 1853 2887 1923 ipse
2925 1855 3170 1911 Carcilius
3202 1859 3426 1925 fatetur,

190 1945 325 1990 erant
360 1933 541 1988 (Lucilio
563 1934 707 1988 enim
733 1934 962 1989 libenter
1007 1935 1225 2005 largitur
1252 1936 1528 1990 Socratem
1558 1950 1617 1990 se
1641 1937 1723 1990 ni-

185 2028 252 2082 hil
274 2029 388 2082 scire
420 2026 716 2082 confessum
761 2028 976 2097 quidem
1007 2043 1148 2093 esse,
1180 2027 1273 2082 sed
1306 2028 1499 2083 ibidem
1527 2030 1722 2084 asserit

175 2120 305 2175 illum
335 2119 479 2174 fuisse
511 2137 529 2171 ι
563 2133 807 2176 scurram
834 2121 1083 2174 Atticum.
1117 2139 1136 2173 ι
1162 2122 1279 2186 Quo
1299 2130 1476 2174 autem
1503 2131 1724 2177 auctore

145 2193 215 2266 ‘id
241 2211 434 2277 dixerit,
462 2212 504 2266 si
527 2227 758 2282 qttzrras.
779 2211 874 2266 tibi
904 2211 1247 2282 respondebit
1265 2209 1458 2267 Cicero
1497 2228 1618 2268 eum
1650 2212 1722 2268 ita

167 2320 192 2360 a
213 2305 410 2362 Zenone
444 2306 764 2375 appellatum
797 2323 811 2360 :
839 2305 984 2360 Zeno
1009 2305 1248 2376 quidem,
1281 2307 1467 2376 inquit,
1498 2323 1602 2360 non
1629 2323 1723 2363 eos

163 2401 320 2454 solum
349 2401 427 2469 qui
455 2411 562 2454 tum
593 2409 768 2466 erant,
798 2399 1204 2469 Apollodorum,
1228 2401 1434 2472 Syllum
1469 2411 1723 2457 cmtcros—

162 2496 450 2564 queligebat
475 2493 771 2548 maledictis
802 2492 932 2551 :sed
965 2494 1242 2548 Socratem
1290 2495 1483 2564 ipsum,
1529 2509 1722 2563 paren-

164 2594 257 2639 tem
277 2585 628 2655 philoSOphize,
653 2585 819 2640 latino
839 2586 1003 2641 verbo
1026 2596 1202 2650 utens,
1223 2600 1460 2640 scurram
1486 2585 1722 2641 Atticum

168 2676 312 2730 fuisse
328 2675 522 2731 dicebat
551 2677 570 2747 (
602 2678 709 2730 (lic.
759 2677 847 2731 lib.
889 2692 926 2742 ι,
951 2677 1014 2731 de
1040 2675 1231 2731 Natur.
1268 2677 1423 2730 Deor.
1453 2695 1573 2748 pag.
1596 2678 1722 2746 209,

163 2771 247 2824 lin.
275 2768 346 2839 9).
386 2790 403 2822 ›
431 2770 764 2842 Quapropter
790 2771 1096 2828 Lactantius
1122 2773 1260 2827 hanc
1290 2774 1458 2842 ipsam
1491 2773 1541 2826 in
1569 2788 1682 2828 rem
1707 2813 1724 2838 ,

161 2861 332 2916 eodem
357 2862 562 2919 Zenone
581 2865 769 2930 citato,
795 2864 878 2918 his
904 2865 1180 2921 Socratem
1212 2865 1391 2920 verbis
1433 2867 1666 2936 exagitat
1709 2883 1722 2921 :

172 2951 458 3009 tl’ercanem
475 2965 524 3010 et
539 2970 784 3012 anserem
801 2956 1096 3026 dejerebat.
1113 2957 1157 3013 0
1175 2958 1441 3013 hominem
1462 2973 1723 3026 scurram,

170 3049 305 3101 utait
327 3048 451 3104 Zeno
494 3049 810 3120 Epicureus,
867 3053 1128 3120 ineptum,
1162 3050 1447 3122 perditum,
1476 3053 1727 3123 despera-

167 3151 278 3204 tum,
301 3144 339 3197 si
359 3146 582 3200 cavillari
609 3145 775 3199 voluit
822 3144 1166 3215 religionem;
1195 3147 1521 3211 dementem,
1552 3148 1594 3202 si
1623 3148 1726 3202 hoc

1824 1937 2062 1995 Socratis
2094 1939 2342 2006 discipuli
2383 1941 2628 2008 fuerunt,
2657 1944 3007 2016 ejusdemque
3036 1950 3306 2018 Opiniouis
3342 1966 3430 2006 as-

1825 2041 2061 2086 sertores
2097 2049 2110 2084 :
2147 2050 2166 2083 ‹
2203 2031 2314 2086 lloc
2341 2032 2517 2086 fonte)
2551 2031 2751 2088 Ctecilii
2779 2038 2940 2092 verba
2985 2047 3140 2105 sunt,
3176 2039 3432 2096 «defluxit

1825 2123 2099 2189 Arcesilae,
2129 2131 2184 2178 et
2213 2123 2381 2178 multo
2408 2134 2524 2193 post
2546 2123 2838 2180 Carneadis
2857 2169 2870 2188 ,
2899 2137 2953 2182 et
2981 2128 3428 2188 Academicorum

1825 2215 2176 2284 plurimorum
2219 2215 2270 2269 in
2303 2216 2530 2270 summis
2558 2217 2948 2285 quaestionibus
2975 2230 3084 2274 tuta
3115 2221 3377 2279 dubitatio
3411 2243 3427 2280 :

1825 2321 1932 2374 quo
1958 2321 2156 2374 genere
2189 2306 2556 2376 philosophari
2587 2318 2640 2362 et
2669 2319 2826 2365 caute
2858 2311 3061 2367 indocti
3097 2325 3341 2383 possunt,
3375 2325 3431 2373 et

1826 2397 1966 2453 docti
1996 2399 2247 2468 gloriose.
2285 2419 2304 2452 ι
2341 2399 2488 2454 llauc
2514 2409 2691 2455 autem
2725 2403 3002 2468 Arcesilae,
3031 2405 3344 2469 Carneadis.
3377 2419 3433 2465 et

1827 2490 2050 2544 aliormn
2092 2491 2532 2546 Academicorum
2573 2493 2880 2560 opinionem
2922 2497 3224 2555 clarissime
3255 2501 3433 2568 cxpli-

1827 2591 1911 2636 cat
1936 2582 2146 2646 Cicero,
2175 2581 2268 2637 lib.
2299 2599 2356 2638 ttt
2391 2585 2460 2639 de
2485 2582 2635 2639 Orat.
2670 2601 2790 2656 pag.
2833 2587 2971 2650 l95;
3021 2589 3113 2645 lib.
3148 2609 3184 2647 It
3225 2593 3293 2648 dc
3340 2594 3434 2648 Fi-

1828 2674 1937 2729 nib.
1970 2689 2088 2744 pag.
2122 2675 2193 2730 58
2227 2691 2240 2726 :
2271 2675 2343 2729 lib
2373 2691 2431 2730 ιιι
2470 2676 2539 2731 de
2583 2674 2736 2732 Offic.
2771 2693 2892 2749 pag.
2926 2681 3032 2736 590
3061 2683 3166 2738 :de
3203 2683 3431 2740 Divinat.

1828 2766 1921 2821 lib.
1957 2781 2013 2823 ll.
2060 2781 2180 2835 pag.
2225 2765 2326 2822 501
2369 2783 2382 2820 :
2421 2769 2692 2838 praecipue
2742 2769 2877 2824 lib.t
2928 2773 3180 2829 Academ.
3233 2785 3430 2846 quaest.

1829 2873 1948 2929 pag.
1978 2860 2073 2926 10,
2103 2872 2157 2916 et
2186 2861 2279 2917 lih.
2311 2876 2388 2926 tv,
2430 2878 2550 2932 pag.
2580 2862 2669 2925 15.
2708 2862 2811 2930 14,
2844 2874 2900 2919 et
2937 2881 3126 2936 seqq;
3155 2876 3210 2921 et
3240 2868 3434 2940 Dioge-

1830 2967 1929 3008 nes
1955 2952 2202 3008 Laertius
2263 2955 2356 3010 lib.
2384 2971 2436 3010 tv
2480 2956 2549 3012 de
2581 2957 2685 3012 Vit.
2724 2967 2779 3013 et
2823 2958 3067 3029 Dogmat.
3119 2960 3432 3034 PhiloSOpb.

1831 3044 1917 3100 ubi
1949 3045 2225 3116 utriusque
2259 3047 2511 3102 Arcesilae
2555 3055 2610 3102 et
2653 3047 2946 3105 Carneadis
2985 3052 3149 3107 vitam
3190 3055 3428 3126 scripsit.

1830 3137 2157 3202 Augustinus
2200 3139 2293 3194 lib.
2322 3155 2410 3194 χιχ
2451 3139 2520 3195 de
2573 3140 2790 3197 Civitat.
2843 3159 2961 3212 cap.
2995 3145 3062 3203 18
3083 3187 3099 3212 ,
3129 3157 3182 3202 et
3213 3148 3307 3203 lib.
3339 3165 3431 3218 Ill,

156 3233 286 3286 Serio
315 3233 443 3298 fecit,
462 3245 518 3289 ut
537 3235 734 3290 animal
759 3235 1122 3306 turpissimum
1149 3252 1243 3306 pro
1268 3238 1377 3292 Deo
1401 3238 1664 3293 habuerit.
1697 3257 1716 3290 ι
1755 3229 1801 3292 C
1833 3240 1977 3286 conl-
2017 3232 2276 3288 Academ.
2316 3249 2436 3304 pag.
2469 3233 2596 3290 284.
2626 3236 2830 3291 Gellius
2855 3237 2950 3292 lib.
2983 3255 3035 3292 XI
3075 3239 3230 3296 Noct.
3263 3243 3428 3298 Attic.

155 3323 396 3392 (Lactant.
423 3329 504 3383 lib.
535 3345 594 3384 ιιι
619 3330 684 3383 de
709 3329 841 3397 falsa
885 3329 1120 3399 Sapiam.
1147 3346 1263 3399 cap.
1289 3331 1376 3395 20,
1403 3349 1524 3401 pag.
1575 3331 1728 3401 509.)

149 3416 216 3470 lta
246 3420 448 3488 quidem
475 3422 563 3477 ille
613 3431 761 3477 certe
791 3423 976 3490 probat
1019 3422 1295 3477 Socratem
1320 3425 1442 3492 jure
1488 3425 1680 3480 merito
1709 3465 1726 3490 ,

149 3523 175 3561 a
201 3510 423 3579 Zenone,
470 3516 714 3584 quamvis
744 3513 1028 3583 Epicureo,
1083 3529 1322 3570 scurram
1353 3514 1674 3584 appellatum
1709 3532 1724 3581 ;

147 3606 552 3676 quandoquidem
584 3609 628 3663 si
665 3623 762 3680 per
809 3623 996 3663 canem
1027 3618 1080 3662 et
1105 3622 1350 3662 anserem
1375 3607 1560 3676 jocose
1581 3607 1730 3678 jura-

145 3695 233 3760 vit,
263 3697 561 3768 religionem
593 3699 778 3764 irrisit,
819 3710 874 3754 et
900 3699 1180 3754 cavillatus
1208 3706 1309 3754 est.
1344 3696 1397 3752 Si
1427 3713 1604 3752 autem
1633 3713 1725 3754 se-

147 3788 242 3852 rio,
273 3788 486 3844 demens
517 3791 760 3861 profecto
787 3789 911 3854 fuit,
947 3792 1036 3859 qui
1079 3787 1444 3859 turpissimum
1485 3791 1724 3854 animal,

148 3892 246 3932 non
291 3894 440 3936 secus
466 3892 628 3952 atque
674 3879 946 3952 Egyptii,
993 3895 1091 3950 pro
1140 3880 1250 3934 Deo
1293 3879 1544 3934 habebat.
1594 3880 1725 3937 Inde

147 3973 315 4037 procul
345 3974 501 4029 dubio
536 3973 730 4030 Timon
760 3975 813 4028 in
840 3973 989 4029 Sillis
1035 3972 1178 4027 hunc
1219 3970 1595 4043 philosophum
1638 3975 1724 4031 his

145 4063 372 4136 depinxit
393 4067 634 4124 versibus
663 4084 678 4121 :

382 4163 429 4211 tu
449 4168 484 4210 δ’
499 4167 572 4223 ἄρα
595 4177 665 4210 τῶν
687 4171 854 4210 huius
875 4169 1054 4217 λιθοξόος,
1078 4170 1350 4220 ιννομοὶίσκης,

379 4227 535 4282 mm
559 4230 746 4280 ιαοιδος,
768 4234 1028 4286 ἀκριϐολόγους
1049 4234 1254 4284 ἀποφήνας,

215 4339 268 4388 Fl
332 4347 341 4354 .
381 4299 520 4356 Iuni"
543 4299 827 4347 ῥητορόμυκτος,
850 4297 1060 4374 ὒπατῖυιὸς,
1085 4297 1302 4355 alternus-4;.
1473 4347 1482 4358 ν

223 4402 252 4417 ρ
270 4349 368 4392 uxtt
384 4347 524 4396 atihts
548 4347 817 4417 legumque
843 4346 1019 4408 loquax
1044 4346 1356 4417 laptdtunque
1387 4347 1582 4411 polttor,

222 4402 466 4470 ﬁmum-um
491 4402 645 4460 vates.
674 4402 1055 4470 iuiposturieque
1080 4402 1337 4470 magister,

222 4460 425 4540 Derisor,
436 4470 706 4540 rhetorque
731 4460 1013 4540 subatticus.
1033 4477 1085 4518 et
1105 4460 1375 4540 simulator.

412 4531 576 4591 (laert.
603 4528 691 4581 lib.
716 4547 751 4581 ιι
773 4533 823 4581 in
847 4531 943 4582 Vit.
964 4534 1158 4582 Socrat.
1205 4533 1229 4594 §
1257 4534 1358 4596 l9.)

1833 3339 1951 3394 cap.
1981 3325 2034 3389 5,
2069 3325 2157 3379 ubi
2187 3325 2534 3382 Academicos
2564 3327 2703 3384 inter
2720 3339 2776 3383 et
2804 3329 3134 3400 Pyrrhonios
3159 3332 3286 3403 quid
3316 3334 3433 3390 dis-

1833 3417 2074 3473 criminis
2097 3418 2326 3485 intersit,
2349 3419 2628 3488 perspicue
2643 3421 2926 3488 enucleat;
2952 3422 3196 3490 Vossius,
3211 3424 3428 3480 Jonsto-

1833 3527 1952 3575 nus,
1983 3519 2036 3566 et
2064 3510 2177 3577 alii,
2197 3512 2286 3581 qui
2311 3511 2379 3566 de
2401 3512 2734 3581 philosophis
2762 3529 3058 3587 eorumque
3083 3519 3250 3573 sectis
3282 3519 3432 3588 plura

1829 3600 2022 3655 litteris
2051 3603 2460 3657 mandaverunt.
2491 3602 2603 3657 Nos
2629 3615 2807 3659 autem
2829 3605 2896 3660 de
2923 3622 3058 3662 vana
3087 3609 3432 3666 Academico-

1831 3708 1948 3746 rum
1980 3701 2123 3748 secta
2144 3735 2158 3756 ,
2183 3709 2247 3748 ac
2270 3695 2584 3749 nominatim
2613 3696 2682 3752 de
2721 3698 3000 3754 Areesilao
3026 3710 3081 3756 et
3113 3700 3428 3770 Carneade,

1830 3793 1976 3838 tomo
2008 3785 2178 3849 primo
2209 3784 2431 3854 hujusce
2470 3789 2768 3856 Apparatus
2811 3789 2902 3845 lib.
2955 3807 3046 3857 ut,
3096 3791 3316 3848 dissert.
3362 3795 3425 3860 2,

1827 3889 1946 3944 cap.
1980 3877 2075 3942 l7,
2107 3885 2210 3930 art.
2239 3877 2306 3942 5,
2339 3891 2461 3947 pag.
2489 3878 2629 3933 1154
2655 3877 3063 3949 disputavimus.
3105 3882 3235 3950 Quis
3268 3899 3432 3951 porro

1827 3981 1932 4020 non
1963 3965 2207 4036 intelligit
2228 3983 2333 4036 quo
2357 3966 2479 4036 jure
2503 3967 2790 4032 Minucius,
2813 3970 3092 4026 contutato
3119 3974 3430 4044 rejectoque

1824 4056 2079 4123 Socrate,
2113 4057 2302 4112 horum
2331 4058 2571 4113 omnium
2614 4060 2930 4130 opiniones,
2965 4072 3019 4115 et
3059 4064 3428 4121 testimonium

1825 4147 1979 4202 flocci
2010 4147 2272 4216 nihilique
2298 4149 2455 4216 facit,
2482 4165 2544 4204 ac
2575 4152 2788 4220 penitus
2817 4153 3211 4222 adspernatur?

1895 4236 2011 4292 Non
2043 4238 2264 4307 majoris
2292 4239 2422 4292 illud
2469 4239 2610 4308 apud
2651 4255 2774 4294 eum
2819 4250 2904 4295 est
2943 4244 3137 4311 pretii,
3179 4246 3322 4314 quod
3361 4261 3430 4305 ex

1826 4331 2101 4386 Simonide
2129 4331 2286 4399 paulo
2313 4331 2481 4386 fusius
2509 4341 2663 4401 urget
2681 4331 2950 4388 Czecilius.
2985 4354 3004 4387 ‹
3041 4336 3220 4402 Quid?
3253 4339 3432 4396 Simo-

1823 4421 1964 4476 nidis
1990 4421 2194 4484 Melici,
2245 4422 2445 4491 inquit,
2496 4438 2676 4480 nonne
2723 4423 3036 4481 admiranda
3080 4429 3328 4486 omnibus
3373 4441 3432 4488 et

1822 4514 2073 4569 sectanda
2118 4514 2390 4570 cunctatio
2417 4516 2544 4572 est?
2586 4516 2688 4584 Qui
2737 4517 3042 4574 Simonides
3084 4535 3207 4576 cum
3239 4523 3308 4576 de
3346 4539 3414 4580 eo

153 4607 262 4666 Nec
295 4622 368 4665 est
400 4616 529 4684 quod
571 4615 769 4684 aliquis
806 4614 1052 4682 objiciat,
1101 4615 1377 4672 Socratem
1422 4631 1452 4670 a
1481 4613 1718 4683 Graecis,
1743 4615 1799 4676 D
1824 4605 1951 4676 quid
1979 4615 2034 4660 et
2059 4606 2245 4675 quales
2271 4606 2622 4662 arbitraretur
2650 4608 2812 4674 deos,
2835 4609 2911 4665 ’ab
2935 4611 3168 4668 Hierone
3195 4623 3428 4686 tyranno

151 4712 207 4756 ut
231 4711 436 4761 testatur
465 4707 658 4764 Cicero
685 4714 852 4777 ιῖρωνι
879 4719 1127 4762 vocatum
1147 4748 1163 4774 ,
1205 4707 1256 4763 id
1283 4718 1396 4773 est,
1431 4708 1678 4763 festivum
1705 4748 1720 4774 ,

150 4793 382 4864 facetum,
431 4798 730 4870 elegantem
773 4799 906 4868 (Cic.
946 4800 1036 4854 lib.
1069 4816 1103 4854 ll
1155 4801 1218 4855 de
1247 4799 1394 4855 Orat.
1428 4817 1550 4872 pag.
1582 4801 1720 4867 167,-

155 4893 198 4937 et
232 4886 281 4940 in
319 4885 501 4954 Bruto,
551 4909 671 4963 pag.
721 4890 852 4958 240,
913 4891 1002 4946 lib.
1075 4907 1114 4946 tt
1174 4891 1332 4946 Acad.
1377 4902 1556 4961 quaest.
1599 4907 1720 4961 pag.

153 4975 246 5041 ﬂ;
274 4980 354 5035 lib.
387 4998 420 5037 ll
462 4983 526 5039 de
575 4983 723 5053 Ome.
752 5000 873 5054 pag.
909 4982 1075 5055 565);
1101 4985 1296 5054 quippe
1323 4985 1410 5053 qui
1443 4983 1556 5038 sale
1585 4982 1724 5038 Atti-

149 5080 236 5135 co,
275 5086 364 5127 seu
399 5073 580 5128 verbis
615 5075 879 5144 gravitate
919 5074 1108 5139 salsis,
1159 5075 1295 5129 alios
1336 5074 1724 5146 philosophos,

153 5163 230 5230 qui
253 5164 347 5218 sibi
373 5167 692 5237 sapientiam
729 5166 986 5231 ascivisse
1027 5165 1401 5232 venditabant,
1435 5181 1724 5236 numquam

157 5266 249 5308 non
275 5256 665 5316 insectabatur:
698 5275 819 5315 cum
845 5274 974 5314 vero
1011 5259 1255 5328 Epicurei
1289 5259 1505 5330 gravius
1533 5257 1586 5313 id
1613 5259 1723 5313 fer-

159 5355 282 5412 rent,
305 5348 445 5404 illum
472 5350 1024 5406 contumeliosissimo
1052 5365 1253 5406 scurrae
1278 5350 1506 5405 dicterio
1531 5349 1723 5404 verbe-

170 5445 336 5493 nrunt.
368 5442 496 5509 Quis
523 5444 670 5499 enim
701 5446 975 5514 negaverit
1005 5445 1308 5509 hominem,
1349 5442 1441 5511 qui
1469 5441 1634 5506 nihil,
1659 5458 1728 5498 nc

179 5523 307 5586 Deum
330 5537 541 5605 quidem
588 5537 762 5607 ipsum
801 5553 862 5592 se
900 5537 1040 5592 scire
1077 5535 1458 5608 profitebatur,
1504 5535 1574 5589 ab
1609 5535 1729 5590 aliis

171 5621 358 5680 ethnicis
395 5627 766 5698 philosophis,
822 5637 984 5699 atque
1012 5645 1042 5683 a
1079 5627 1313 5683 Minucio
1351 5634 1408 5683 et
1448 5625 1729 5681 Lactantio

165 5729 423 5775 tscurram
461 5740 519 5786 ι,
562 5720 651 5776 vel
694 5719 839 5791 quod
879 5721 1063 5779 mitius
1107 5729 1191 5778 est
1239 5737 1258 5772 ι
1312 5733 1557 5775 scurram
1589 5716 1730 5774 Atti-

151 5815 257 5870 cum
289 5829 308 5864 ι
340 5821 487 5870 recte
515 5812 758 5871 vocitari.

1827 4710 2179 4772 quaereretur,
2211 4700 2383 4770 primo
2423 4701 2796 4759 deliberationi
2826 4703 2968 4760 diem
3012 4707 3197 4776 petiit,
3233 4709 3429 4777 postri-

1827 4792 1914 4847 die
1944 4792 2162 4848 biduum
2196 4795 2535 4864 prorogavit.
2583 4810 2706 4850 mox
2735 4795 2962 4851 alterum
2995 4805 3200 4852 tantum
3241 4799 3432 4856 admo-

1828 4886 1972 4941 nitus
2013 4887 2292 4953 adjunxit;
2349 4897 2621 4956 postremo
2650 4904 2774 4944 cum
2819 4904 3011 4945 causas
3059 4902 3219 4947 tanta:
3265 4911 3429 4950 nium:

1830 4989 2086 5050 tyrannus
2116 4978 2442 5051 inquireret,
2472 4981 2753 5049 restiondit
2790 4979 2882 5036 ille
2910 4981 3052 5051 quod
3083 4981 3184 5037 sihi
3229 4996 3429 5055 quanto

1827 5071 2106 5143 inquisitio
2132 5072 2333 5127 tardior
2355 5081 2621 5142 pergeret,
2655 5081 2805 5125 tanto
2827 5073 3023 5126 veritas
3057 5073 3212 5130 heret
3237 5077 3432 5131 obscu-

1827 5165 1958 5220 rior.
2001 5185 2019 5218 ι
2058 5168 2096 5219 Α
2130 5165 2393 5220 Cicerone
2422 5173 2602 5219 autem
2650 5161 2768 5217 huic
2807 5172 3078 5219 mutuatus
3116 5180 3238 5220 esse
3277 5167 3431 5223 vide-

1828 5265 1933 5310 tur.
1967 5256 2189 5311 Latinus
2213 5255 2357 5310 enim
2384 5266 2570 5309 orator
2597 5252 2787 5309 eadem
2819 5256 2898 5309 sic
2927 5267 3109 5310 narrat
3143 5272 3157 5308 :
3193 5275 3210 5306 ι
3254 5257 3431 5326 Rogas

1828 5363 1914 5402 me
1945 5347 2071 5418 quid
2103 5355 2196 5401 aut
2222 5345 2396 5416 qualis
2416 5345 2486 5399 sit
2515 5345 2693 5399 Deus?
2722 5349 2956 5403 Auctore
2985 5356 3104 5402 utar
3132 5347 3430 5418 Simonide,

1828 5438 1896 5494 de
1925 5455 2030 5508 quo
2059 5453 2181 5493 cum
2211 5435 2550 5508 quaesivisset
2593 5435 2696 5490 hoc
2741 5436 2883 5491 idem
2925 5445 3186 5508 tyrannus
3233 5439 3430 5504 llicro,

1827 5529 2164 5586 deliberandi
2190 5543 2349 5584 causa
2381 5528 2481 5584 sibi
2533 5543 2698 5582 unum
2747 5528 2889 5583 diem
2939 5530 3253 5598 postulavit.
3297 5530 3436 5588 Cum

1830 5623 1970 5683 idem
1996 5639 2061 5678 ex
2089 5638 2156 5677 eo
2185 5620 2445 5692 postridie
2473 5629 2766 5692 quaereret,
2801 5620 3022 5676 biduum
3057 5623 3279 5692 petivit;
3309 5638 3434 5681 cum

1831 5714 2027 5784 sapius
2075 5713 2372 5781 duplicaret
2415 5727 2698 5767 numerum
2747 5711 2990 5778 dierum,
3053 5711 3438 5785 admiransque

1832 5805 1995 5866 llicro
2025 5811 2309 5876 (maereret,
2338 5818 2435 5858 cur
2460 5801 2531 5858 ita
2557 5802 2759 5860 faceret
2786 5819 2798 5856 :
2823 5801 2958 5872 Quia
2984 5812 3207 5876 quanto,
3239 5804 3435 5878 inquit,
