3774 6270
381 339 489 403 419

383 553 472 608 lib.
500 567 517 606 ι
555 550 618 604 de
646 549 835 603 Natur.
864 545 1018 600 Deor.
1052 561 1172 614 pag.
1201 543 1328 607 204,
1357 543 1450 596 lin.
1490 542 1578 608 f2,
1612 551 1661 595 et
1709 557 1847 612 seqq.
1879 545 1917 610 ).
1954 558 1973 593 ι

381 644 456 700 lbi
489 657 616 698 vero
641 637 943 696 Simonides
975 635 1044 690 ab
1073 636 1262 690 eodem
1299 632 1568 688 Cicerone
1593 651 1611 683 ‹
1653 633 1812 688 Poeta
1845 649 1974 686 sua-

379 735 458 788 vis
494 751 512 784 r
535 731 852 800 appellatur,
879 737 1041 798 atque
1063 725 1204 786 inde,
1227 733 1285 778 ut
1310 727 1382 776 ait
1407 723 1623 787 Suidas,
1651 729 1979 793 Μελικιρτης,

380 825 714 888 Meliecrtus,
755 827 975 892 propter
1014 818 1333 872 suavitatem
1365 825 1604 868 vocatus.
1639 815 1982 882 Quapropter

379 927 629 986 corrupte
655 917 706 969 in
737 911 1099 979 manuscripto
1131 909 1281 978 regio
1329 907 1542 962 Minucii
1593 906 1762 960 nostri
1789 904 1982 960 codice

379 1009 571 1078 legitur
601 1006 882 1062 Simonidis
935 1003 1124 1058 Melclti
1150 1044 1164 1065 ,
1197 1016 1296 1056 nec
1326 1001 1468 1054 male
1513 1000 1564 1053 in
1596 999 1755 1053 editis
1805 997 1982 1050 Melici

380 1100 705 1155 reStitutum.
734 1096 882 1151 lllius
902 1105 1080 1148 autem
1114 1091 1401 1146 Pausanias
1429 1090 1707 1155 meminit,
1739 1097 1793 1143 et
1813 1087 1984 1142 {Elia-

377 1205 499 1252 nus,
529 1187 700 1258 patria
739 1185 906 1240 Ceum
939 1184 1103 1238 fuisse
1151 1180 1487 1236 testificatur.
1536 1178 1644 1233 Nos
1687 1188 1867 1232 autem
1913 1177 1984 1232 de

387 1281 478 1334 illo
517 1280 628 1349 jam
676 1276 1032 1331 disseruimus
1079 1271 1338 1345 (Pausan.
1374 1272 1463 1323 tib.
1517 1285 1535 1324 ι
1600 1269 1726 1322 Atti.
1768 1269 1978 1338 pag.2,

381 1369 588 1424 xElian.
608 1368 767 1422 lib.tv
804 1363 1006 1419 Variar.
1031 1363 1168 1416 Hist.
1194 1378 1311 1432 cap.
1343 1359 1536 1424 15,1ib.
1570 1375 1650 1425 rx,
1675 1375 1790 1428 cap.
1817 1359 1910 1412 ult.
1936 1367 1983 1411 et

381 1462 473 1516 lib.
507 1476 619 1528 xtl,
668 1476 786 1528 cap.
819 1458 912 1512 25.
963 1455 1110 1509 Tom.
1159 1471 1209 1516 ι,
1240 1455 1495 1522 Apparat.
1525 1452 1613 1505 lib.
1647 1467 1702 1505 tn
1729 1493 1744 1517 ,
1773 1451 1980 1505 dissert.

376 1553 434 1622 2,
465 1570 579 1624 cap.
610 1553 703 1606 ult.
735 1559 837 1604 art.
866 1549 960 1602 ult.
993 1565 1112 1617 pag.
1150 1544 1328 1615 1284).

450 1647 621 1714 Quam
648 1642 738 1697 vili
780 1657 938 1712 porro
967 1638 1228 1693 Minucius
1269 1637 1468 1706 pendat
1495 1652 1602 1690 non
1632 1637 1805 1691 solum
1838 1635 1984 1690 hunc

381 1737 748 1800 Simonidem,
808 1733 890 1787 vel
949 1731 1281 1786 Arcesilaqu
1339 1738 1394 1783 et
1461 1726 1829 1795 Carneadem,
1887 1727 1985 1782 sed

1649 337 1738 392 DE
1777 331 2041 394 MINUCII
2074 333 2374 392 OCTAVIO
3498 348 3576 406 .320

382 461 584 516 diutius
617 455 921 521 considero,
954 461 1102 509 tanto
1129 447 1259 506 mihi
1288 449 1500 508 videtur
1531 451 1812 506 obscurior
1840 450 1968 522 (Cic.
1999 451 2056 510 Α

2669 455 2964 508 nrtcnws
2998 466 3068 507 tv.

2117 571 2495 639 Examinantur
2523 589 2844 656 argumenta,
2872 585 3046 656 quibus
3073 583 3226 638 Deum
3249 586 3431 640 existere
3447 601 3554 658 negat

2398 675 2651 744 Caecilius,
2677 687 2724 732 et
2755 677 2991 732 Octavius
3018 669 3328 732 demonstrat.

2157 814 2290 870 Cum
2323 813 2572 869 Cmcilius
2599 828 2692 869 sua
2735 815 2786 869 in
2819 814 3172 884 disputatione
3196 824 3359 883 partes
3381 817 3581 872 officium-

2085 922 2192 977 que
2223 907 2690 972 Academicorum,
2723 905 2796 960 uti
2825 906 3075 971 diximus,
3103 907 3364 970 sustineat,
3388 907 3493 963 nihil
3513 911 3583 964 mi-

2085 1013 2205 1052 rum
2225 1039 2240 1062 ,
2271 998 2316 1051 si
2346 999 2412 1052 ab
2445 999 2561 1066 ipso
2587 997 2846 1052 orationis
2871 998 3094 1053 exordio
3131 1009 3463 1056 asseveranter
3483 1002 3584 1056 affir-

2087 1098 2228 1154 met,
2262 1089 2412 1143 nullo
2443 1089 2600 1158 plane
2647 1089 2862 1159 negotio
2893 1089 3106 1159 probari
3148 1105 3296 1160 posse
3326 1109 3343 1141 ι
3385 1093 3523 1146 omnia
3550 1096 3584 1149 in

2087 1179 2252 1232 rebus
2279 1180 2526 1234 humanis
2558 1179 2718 1234 dubia
2739 1219 2754 1245 ,
2789 1180 2989 1236 incerta
3010 1223 3025 1245 ,
3069 1195 3350 1252 suSpeusa,
3386 1185 3586 1255 magisque

2089 1272 2269 1325 omnia
2299 1273 2638 1338 verisimilia,
2661 1289 2821 1342 quam
2852 1289 2998 1329 vera.
3033 1293 3055 1328 ι
3085 1274 3328 1342 Quamvis
3353 1283 3491 1330 autem
3511 1286 3584 1331 tam

2089 1363 2339 1418 absurdae
2388 1365 2712 1434 insulsaaque
2759 1366 3142 1435 propositionis
3185 1365 3376 1420 falsitas
3417 1381 3441 1419 a
3483 1367 3590 1422 nobis

2089 1470 2212 1527 post
2249 1458 2528 1512 Octavium
2563 1459 2616 1512 in
2642 1458 3011 1527 superioribus
3056 1459 3287 1514 articulis
3322 1457 3496 1512 abunde
3523 1458 3588 1513 de-

2090 1559 2386 1607 monstrata
2419 1554 2520 1616 sit,
2558 1551 2680 1606 inde
2722 1561 2898 1606 tamen
2941 1552 3184 1607 CtBCillUS
3214 1551 3449 1606 coniicere
3478 1565 3589 1605 cona-

2091 1651 2179 1698 tur
2229 1643 2429 1698 nemini
2477 1643 2738 1697 hactenus
2785 1632 2992 1698 certum
3037 1642 3449 1712 exploratumque
3481 1640 3591 1696 fuisse

2092 1747 2268 1794 utrum
2311 1739 2452 1793 Deus
2491 1737 2683 1794 existat
2717 1756 2731 1793 :
2779 1757 2798 1790 ι
2838 1739 2958 1795 Sint
3001 1740 3288 1809 principio,
3318 1739 3491 1808 inquit,
3514 1754 3590 1791 out-

375 1837 536 1891 etiam
565 1831 896 1904 Pyrrhonem
918 1829 1157 1898 aliosque
1185 1843 1373 1882 omnes
1401 1828 1753 1884 Academicos
1778 1837 1833 1882 et
1854 1841 1983 1897 gen-
2011 1837 2069 1900 ι
2095 1833 2241 1886 nium
2269 1832 2496 1897 semina,
2529 1841 2717 1886 natura
2749 1833 2800 1886 in
2828 1847 2890 1886 se
2913 1841 3162 1896 coeunte,
3191 1831 3406 1895 densata,
3431 1831 3522 1900 quis
3540 1828 3594 1882 hic

378 1931 500 1986 tiles
530 1929 906 1998 philosophos,
936 1941 1001 1980 ex
1032 1925 1114 1979 his
1142 1923 1260 1992 ejus
1287 1923 1464 1977 verbis
1486 1923 1679 1991 collige
1706 1939 1718 1975 :
1757 1941 1775 1973 ι
1811 1924 1980 1976 Arec-

377 2025 526 2089 silas,
551 2030 607 2077 et
629 2018 967 2084 Carneades,
1010 2026 1066 2070 et
1114 2013 1350 2086 Pyrrho,
1393 2033 1412 2065 ι
1443 2012 1510 2068 de
1561 2025 1668 2082 quo
1715 2012 1984 2080 Laertius,

380 2116 676 2182 Eusebius,
703 2124 759 2168 et
782 2112 906 2176 alii,
933 2124 1138 2179 nosque
1163 2109 1319 2172 alibi,
1354 2125 1373 2158 ‹
1411 2115 1464 2161 et
1493 2107 1667 2160 onlnis
1696 2106 1986 2161 Academi-

381 2223 573 2263 corum
599 2203 885 2260 multitudo
912 2201 1212 2263 deliberet;
1243 2199 1550 2255 Simonides
1579 2199 1737 2254 etiam
1778 2199 1831 2253 in
1863 2213 1986 2268 per-

381 2309 598 2370 petuum
645 2296 1090 2365 comperendinet
1137 2309 1151 2345 :
1203 2291 1645 2361 philosophorum
1693 2291 1985 2370 supercilia

377 2392 802 2455 contemnimus,
848 2403 986 2458 quos
1025 2395 1373 2454 corruptores
1403 2394 1461 2439 et
1504 2384 1782 2440 adulteros
1832 2369 1982 2438 no‘vi-

381 2502 531 2550 mus,
571 2494 628 2539 et
668 2491 957 2555 tyrannos,
1001 2489 1056 2535 et
1083 2479 1345 2534 adversus
1391 2492 1486 2532 sua
1529 2477 1659 2531 vitia
1704 2476 1984 2531 facundos.

380 2577 488 2632 Nos
519 2590 624 2631 non
657 2575 839 2630 habitu
879 2572 1226 2642 sapientiam,
1259 2570 1353 2624 sed
1392 2579 1572 2624 meme
1613 2567 1984 2637 praeferimus;

382 2687 490 2726 non
517 2670 820 2740 eloquimur
849 2680 1039 2735 magna
1061 2707 1075 2728 ,
1119 2664 1214 2719 sed
1248 2663 1474 2717 vivimus
1505 2679 1518 2716 :
1545 2661 1841 2731 gloriamur
1885 2673 1984 2714 nos

382 2771 700 2817 consecutos
722 2801 736 2825 ,
773 2758 915 2830 quod
940 2757 1014 2811 illi
1042 2771 1250 2811 summa
1272 2755 1570 2810 intentione
1596 2754 1982 2823 quaesiverunt,

382 2871 482 2911 nec
504 2854 742 2909 invenire
773 2861 1058 2922 potuerunt
1087 2849 1106 2920 (
1137 2847 1310 2902 Laert.
1343 2847 1430 2900 lib.
1464 2861 1519 2900 ιι
1549 2847 1600 2898 in
1645 2843 1760 2897 Vita
1787 2843 1981 2914 Pyrrh.

383 2944 572 3001 Euseb.
619 2945 708 2999 lib.
759 2958 888 3009 xiv,
947 2940 1182 3007 Prwpar.
1254 2936 1454 3006 Euang.
1504 2952 1619 3002 cap.
1673 2935 1739 2988 17
1785 2945 1830 2988 et
1879 2934 1986 3001 18,

386 3054 505 3109 pag.
539 3035 689 3108 550).
731 3054 750 3086 ι

459 3130 717 3187 Similiter
748 3126 1076 3199 Cyprianus,
1106 3122 1199 3193 qui
1226 3135 1291 3176 ex
1325 3119 1409 3173 his
1443 3117 1621 3173 verbis
1649 3117 1891 3184 quamam
1931 3117 1983 3170 in

2095 1935 2285 1978 auctor
2340 1922 2524 1976 Deus?
2573 1921 2690 1977 Sint
2750 1921 2988 1977 fortuitis
3038 1921 3446 1977 concursionibus
3489 1919 3596 1973 totius

2100 2017 2284 2072 mundi
2317 2016 2558 2070 membra
2587 2016 2812 2081 coalita,
2854 2014 3092 2086 digesta,
3121 2014 3364 2082 formata,
3389 2015 3486 2084 quis
3506 2011 3596 2066 Deus

2095 2109 2434 2164 machinator
2453 2111 2476 2159 ’ἔ
2517 2107 2702 2163 Sidera
2731 2107 2855 2161 licet
2883 2107 3022 2176 ignis
3047 2106 3367 2170 accenderit,
3397 2105 3594 2158 eternium

2097 2201 2226 2255 licet
2253 2200 2474 2253 materia
2499 2213 2595 2253 sua
2629 2199 2995 2268 suspenderit,
3019 2199 3144 2254 licet
3170 2207 3353 2253 terram
3378 2195 3597 2251 fundaverit

2097 2294 2367 2364 pondere,
2415 2302 2470 2346 et
2497 2309 2646 2347 mare
2676 2293 2800 2347 licet
2831 2292 3103 2348 influxerit
3133 2293 3328 2361 liquor,
3375 2289 3491 2345 unde
3520 2289 3594 2342 hac

2095 2388 2314 2458 religio,
2349 2386 2491 2440 unde
2521 2385 2752 2438 formido
2772 2426 2786 2449 ,
2819 2399 2940 2453 qua:
2969 2386 3273 2453 superstitio
3297 2383 3406 2436 est?
3437 2399 3453 2432 ι
3480 2377 3597 2433 Athis

2095 2491 2244 2536 certe
2271 2481 2448 2535 verbis
2475 2479 2719 2534 Cincilius
2750 2480 2952 2548 rejecta
2983 2479 3052 2534 ab
3077 2480 3195 2533 aliis
3223 2475 3512 2548 philosOphis
3533 2473 3598 2526 De-

2096 2574 2309 2628 mocriti
2335 2583 2389 2628 et
2419 2572 2639 2642 Epicuri
2680 2573 2956 2641 Opinione,
3008 2589 3112 2643 qua
3161 2583 3216 2626 ut
3265 2571 3434 2626 Cicero
3469 2568 3601 2636 aliique

2095 2666 2264 2729 aiunt,
2293 2675 2592 2719 atomorum
2624 2678 2768 2717 mom
2801 2672 2856 2718 et
2881 2667 3237 2720 concursione
3265 2663 3422 2719 omnia
3447 2662 3601 2715 formata

2095 2773 2216 2814 esse
2248 2758 2663 2823 arbitrabantur,
2691 2772 2877 2812 verum
2904 2757 3325 2812 Christianorum
3353 2756 3410 2809 de
3435 2754 3518 2808 Deo
3537 2750 3600 2804 do-

2095 2861 2403 2905 cumentum
2459 2850 2776 2904 labefactare
2820 2849 3048 2904 molitur
3084 2849 3210 2922 (Cic.
3241 2849 3323 2903 lib.
3367 2864 3382 2902 ι
3430 2846 3480 2898 de
3519 2840 3600 2895 Fin.

2095 2960 2216 3013 pag.
2247 2945 2308 2998 41
2340 2984 2355 3008 ,
2386 2953 2432 2998 et
2475 2959 2611 3014 seqq.
2645 2953 2692 2996 et
2731 2942 2819 3000 lib.
2852 2959 2870 2998 ι
2911 2944 3078 2998 Acad.
3139 2944 3322 3011 Quart.
3365 2958 3464 3012 pag.
3498 2938 3602 2998 l;ct

2094 3033 2185 3089 lib.
2218 3035 2313 3088 Ide
2341 3033 2470 3088 Nat.
2502 3033 2660 3089 Deor.
2687 3052 2807 3106 pag.
2839 3034 2947 3090 205
2968 3077 2984 3100 ,
3035 3036 3162 3102 θοι,
3207 3045 3251 3090 et
3296 3049 3441 3103 scqq.;
3480 3030 3601 3082 Laeti.

2092 3125 2185 3184 lib.
2234 3141 2288 3180 ιχ
2336 3135 2383 3180 et
2431 3140 2498 3190 x,
2539 3125 2592 3178 in
2645 3125 2858 3181 Democ.
2904 3137 2953 3180 et
3003 3107 3152 3198 Epic.
3194 3125 3319 3181 Vita.
3370 3121 3598 3179 Theodoret.

384 3237 538 3278 suum
568 3221 636 3276 de
664 3219 806 3273 Bono
835 3216 1108 3270 Patientiw
1133 3212 1328 3266 librum
1355 3209 1430 3262 sic
1459 3207 1726 3262 transtulit
1759 3225 1771 3262 :
1804 3227 1822 3260 ‹
1854 3207 1982 3262 Plii-

2097 3235 2249 3274 serm.
2291 3219 2325 3272 2
2346 3260 2361 3285 ,
2420 3236 2541 3288 pag.
2588 3218 2694 3273 487
2717 3259 2732 3284 ,
2767 3229 2812 3273 et
2840 3235 2999 3274 iterm.
3036 3223 3071 3276 4
3091 3263 3105 3286 ,
3133 3234 3249 3291 pag.
3273 3219 3396 3282 5‘28,
3422 3213 3600 3271 Currendi

383 3313 637 3381 losophos
664 3325 760 3365 nec
793 3307 1020 3364 humiles
1047 3304 1287 3360 videmus
1311 3317 1466 3366 esse,
1515 3315 1615 3355 nec
1660 3300 1817 3353 mites
1843 3339 1857 3362 ,
1890 3299 1988 3354 sed

385 3406 488 3459 sibi
517 3405 746 3458 multum
784 3403 1086 3470 placentes,
1116 3398 1210 3452 sed
1243 3399 1346 3452 hoc
1387 3398 1502 3466 ipso
1531 3394 1676 3466 quod
1723 3395 1824 3449 sibi
1875 3395 1987 3462 pla-

387 3504 569 3562 ceant,
608 3497 719 3550 Deo
743 3493 1162 3562 displicentes...
1193 3489 1303 3545 Nos
1331 3499 1533 3552 autem,
1565 3488 1653 3556 qni
1685 3486 1987 3556 philosophi

387 3605 497 3646 non
526 3589 725 3654 verbis,
755 3587 850 3643 sed
877 3586 1030 3642 factis
1053 3601 1260 3651 sumus,
1289 3599 1395 3638 non
1419 3583 1613 3638 vestitu
1642 3583 1981 3652 sapientiam,

387 3682 482 3738 sed
516 3683 742 3737 veritate
770 3679 1139 3752 praeferimus,
1186 3679 1277 3748 qui
1306 3678 1560 3731 virtutum
1593 3676 1984 3730 conscientiam

387 3772 590 3843 magis,
621 3787 781 3842 quam
803 3770 1114 3840 iactantiam
1137 3769 1383 3823 novimus
1412 3785 1425 3822 :
1457 3767 1546 3836 qui
1579 3782 1684 3820 non
1714 3768 1986 3836 loquimur

388 3879 618 3935 magna,
666 3863 761 3919 sed
802 3864 1027 3918 vivimus
1075 3860 1258 3934 (Cypr.
1307 3861 1397 3914 lib.
1449 3859 1512 3913 de
1558 3857 1704 3913 Bono
1757 3858 1982 3914 Patient.

388 3965 499 4028 post
525 3957 634 4011 init.
667 3974 786 4028 pag.
816 3955 956 4021 2l0,
986 3964 1032 4008 et
1057 3955 1240 4024 ιαμ).
1279 3971 1298 4005 t

457 4051 720 4107 Cit-terum
763 4046 1158 4110 Tcrtullianus,
1186 4044 1256 4099 de
1293 4059 1396 4114 quo
1425 4058 1524 4097 nos
1561 4057 1659 4097 suo
1697 4043 1814 4097 loco
1845 4040 1990 4112 (Dis-

388 4151 508 4198 sert.
553 4143 608 4196 in
639 4140 858 4195 Tertull.
890 4155 1007 4209 cap.
1038 4139 1093 4198 4.
1124 4146 1224 4190 art.
1275 4133 1369 4206 4),
1412 4134 1601 4190 eadem
1633 4135 1699 4188 de
1725 4131 1984 4198 Thalete,

383 4250 502 4304 quite
543 4232 802 4288 Minucius
829 4230 899 4286 de
925 4228 1202 4284 Simonide
1231 4228 1372 4281 hunc
1405 4226 1586 4281 retulit
1623 4226 1675 4279 in
1717 4224 1933 4278 modum
1968 4241 1981 4276 :

392 4345 411 4377 ι
441 4326 579 4395 Quid
615 4325 812 4381 Thales
861 4324 952 4380 ille
1002 4324 1249 4393 princeps
1298 4320 1643 4392 physicorum
1689 4318 1984 4375 sciscitanti

385 4425 574 4481 Crteso
611 4425 678 4480 de
724 4425 1009 4479 Divinitate
1047 4433 1254 4478 certum
1303 4421 1668 4479 renuntiavit,
1711 4431 1988 4472 commea-

389 4525 473 4572 tus
502 4514 833 4572 deliberandi
878 4529 1025 4582 sarpe
1070 4511 1360 4566 frustratus
1404 4508 1664 4578 (Tertull.
1712 4509 1982 4578 Apologet.

2097 3322 2222 3367 tant.
2251 3328 2298 3376 ι,
2331 3328 2450 3382 pag.
2481 3311 2612 3376 256,
2642 3321 2687 3365 et
2705 3329 2842 3383 seqq.
2895 3322 3027 3368 tam.
3069 3314 3220 3385 Synt.
3267 3313 3488 3383 philosop-
3511 3303 3599 3373 ΕΡί·

2093 3421 2206 3457 cur.
2251 3414 2384 3474 part.
2417 3402 2471 3468 2,
2503 3402 2530 3473 ς
2565 3418 2616 3469 t,
2649 3419 2767 3472 cap.
2810 3403 2910 3468 15;
2969 3414 3019 3458 et
3058 3422 3168 3460 nos.
3207 3415 3319 3457 toni.
3359 3417 3390 3456 ι.
3416 3401 3601 3467 Apparet.

2096 3511 2215 3566 pag.
2248 3494 2355 3549 455
2407 3504 2453 3547 et
2503 3494 2685 3564 1156).
2737 3494 2892 3564 Apud
2936 3495 3112 3566 ipsum
3169 3498 3305 3550 enim
3366 3491 3602 3546 Ciceronem

2097 3586 2335 3642 Velleius
2364 3585 2660 3654 Epicureus
2691 3585 2933 3642 Platonis
2955 3587 3026 3643 de
3054 3590 3162 3645 Deo
3185 3586 3468 3643 sententiam
3491 3577 3603 3636 refel-

2095 3679 2209 3735 lere
2235 3678 2422 3733 eadem
2453 3679 2916 3748 argumentatione
2953 3682 3212 3735 connisus
3236 3691 3314 3734 est
3338 3695 3350 3731 :
3381 3695 3397 3728 t
3425 3672 3600 3742 Quibus.

2094 3771 2388 3840 inquiebat,
2411 3771 2582 3825 oculis
2620 3773 2811 3826 intueri
2841 3773 3015 3841 potuit
3040 3782 3216 3828 vester
3253 3772 3387 3826 Plato
3412 3763 3602 3820 fabricam

2094 3865 2240 3920 illam
2274 3865 2404 3918 tanti
2430 3864 2641 3933 operis,
2673 3879 2793 3934 quas
2820 3865 3065 3920 construi
3090 3881 3118 3919 a
3153 3867 3295 3932 Deo,
3324 3871 3448 3930 atque
3468 3849 3599 3908 (ediﬁ'

2093 3955 2206 4012 cari
2235 3955 2490 4010 mundum
2532 3953 2700 4010 facit?
2739 3955 2870 4023 Quae
2897 3958 3152 4011 molitio?
3180 3969 3295 4026 qua:
3320 3939 3600 4008 ferramenta?

2094 4047 2185 4115 qui
2215 4055 2390 4101 vectes
2416 4047 2438 4100 ?
2465 4062 2586 4116 qua:
2628 4045 2933 4102 machinae?
2963 4049 3054 4118 qui
3084 4048 3308 4103 ministri
3333 4042 3440 4099 tanti
3463 4048 3602 4093 mune-

2093 4136 2170 4192 ris
2199 4136 2452 4193 fuerunt?
2486 4137 2952 4206 Quemadmodum
2970 4148 3150 4195 autem
3181 4125 3382 4195 obedire
3407 4143 3451 4190 et
3469 4137 3600 4199 parcre

2094 4230 2352 4284 voluntati
2382 4230 2660 4284 architecti
2686 4245 2797 4295 aer,
2832 4231 2992 4300 ignis,
3025 4245 3184 4302 aqua,
3213 4240 3343 4285 terra
3367 4213 3597 4296 ροιιιθτυηίῖ

2092 4320 2247 4377 Unde
2277 4337 2403 4377 vero
2443 4331 2575 4377 orta:
2604 4321 2709 4376 illic
2738 4321 2970 4392 quinque
3002 4301 3220 4389 fortine,
3251 4323 3314 4377 ex
3338 4301 3497 4388 quibus
3517 4304 3602 4363 reli-

2091 4430 2194 4484 qua
2236 4413 2564 4479 formantur,
2617 4424 2741 4483 apte
2789 4414 3046 4468 cadentes
3093 4415 3157 4468 ad
3188 4413 3404 4466 animum
3430 4399 3602 4460 ἀηθίαν

2091 4505 2218 4558 dum
2239 4547 2252 4569 ,
2284 4506 2675 4574 pariendosque
2706 4520 2918 4559 sensus.
2955 4502 3198 4575 Longum
3233 4513 3312 4559 est
3337 4500 3426 4554 iter
3450 4491 3501 4548 ad
3521 4501 3602 4542 οω·

388 4625 506 4679 cap.
535 4608 638 4673 46,
684 4623 807 4676 pag.
859 4604 974 4675 40).
1019 4604 1185 4657 Recte
1229 4617 1362 4672 ergo
1408 4600 1668 4654 Minucius
1715 4599 1987 4653 concludit
2013 4612 2070 4671 υ
2095 4599 2215 4660 nia,
2242 4614 2362 4668 qua:
2394 4599 2515 4653 talia
2556 4607 2714 4663 sunt;
2760 4607 2818 4654 ut
2840 4607 3019 4667 optata
3051 4599 3252 4669 magis,
3281 4605 3423 4664 quam
3451 4585 3602 4679 inte?“

385 4707 561 4763 neque
584 4691 870 4745 humanam
902 4689 1299 4750 infirmitatem,
1341 4700 1513 4754 neque
1544 4684 1837 4755 professam
1869 4683 1988 4754 phi-

384 4783 733 4854 losophorum
778 4779 1168 4851 ignorationem
1226 4776 1514 4847 prohibere
1577 4791 1827 4844 umquam
1891 4790 1989 4845 po-

387 4877 588 4942 tuisse,
631 4874 761 4945 quin
791 4872 1083 4927 Christiani
1125 4870 1192 4927 de
1237 4869 1348 4924 Deo
1377 4868 1788 4938 caelestibusque
1826 4869 1990 4925 rebus

386 4970 742 5041 disputarem.
783 4968 918 5023 Nam
948 4976 1074 5022 ante
1101 4965 1389 5021 Minucium
1422 4975 1663 5020 nostrum
1700 4963 1991 5018 Tertullia-

389 5078 488 5120 nus
513 5064 678 5119 citato
710 5063 819 5133 jam
849 5062 966 5115 loco
993 5060 1200 5114 dixerat
1229 5075 1243 5113 :
1279 5077 1298 5110 ι
1346 5057 1513 5112 Deum
1544 5056 1768 5127 quilibet
1806 5055 1992 5124 opifex

388 5157 711 5214 christianus
754 5164 810 5210 et
838 5154 1042 5210 invenit
1070 5163 1125 5208 et
1151 5151 1417 5218 Ostendit,
1447 5160 1502 5206 et
1541 5150 1738 5208 exinde
1778 5158 1982 5214 totum,

385 5252 528 5323 quod
559 5253 611 5306 in
647 5251 756 5306 Deo
780 5251 1058 5320 quaeritur,
1087 5259 1146 5304 re
1173 5261 1384 5318 quoque
1405 5246 1682 5316 assignat:
1713 5243 1836 5298 licet
1862 5243 1988 5297 Pla-

387 5356 442 5402 to
468 5348 704 5401 affirmet
729 5344 1091 5399 factitatorem
1131 5340 1498 5396 universitatis
1536 5353 1711 5408 neque
1754 5335 1986 5390 inveniri

388 5437 620 5505 facilem,
651 5447 707 5494 et
732 5439 1013 5493 inventum
1044 5436 1097 5490 in
1127 5449 1314 5489 omnes
1339 5432 1578 5487 enarrari
1619 5429 1916 5485 difficilem.
1959 5447 1980 5481 ι

388 5530 630 5600 Denique
655 5528 727 5584 ibi
756 5529 1152 5590 Tcrtullianus,
1184 5533 1242 5578 ut
1269 5525 1436 5578 fusius
1464 5537 1563 5577 suo
1588 5522 1706 5576 loco
1731 5519 1988 5575 ostende—

387 5636 540 5687 mus,
575 5635 640 5676 ea
670 5620 860 5690 prohat
903 5627 1026 5689 quze
1066 5617 1135 5672 de
1175 5615 1616 5686 philosophorum
1657 5611 1800 5668 vitiis
1852 5611 1989 5666 dixit

389 5715 672 5772 hlinucius.

2095 4691 2378 4745 videantur
2411 4689 2562 4762 (Cic.
2612 4690 2702 4744 lib.
2749 4692 2812 4745 de
2857 4690 2988 4748 Nat.
3028 4691 3186 4746 θεον.
3237 4703 3350 4760 pag.
3404 4672 3598 4742 “8.5"-

2091 4779 2229 4850 22)?
2267 4801 2286 4833 ι

2166 4875 2504 4931 Αιϐωοίιίυε
2553 4873 2692 4929 haud
2738 4874 2898 4934 dubie
2924 4873 3262 4930 existimabat
3282 4870 3377 4926 hoc
3399 4851 3607 4921 Ciceronis

2094 4969 2340 5026 cuniculo
2389 4984 2578 5024 omnes
2635 4969 2928 5040 expugnari
2971 4966 3399 5040 philosophorum
3433 4957 3489 5012 de
3529 4952 3608 5005 90°

2092 5063 2392 5132 Opiniones.
2422 5063 2476 5116 Si
2519 5061 2663 5116 enim
2694 5060 2912 5115 fortuito
2956 5070 3256 5116 atomorum
3284 5065 3415 5112 motu
3447 5057 3494 5104 et
3513 5056 3608 5098 coa-

2091 5171 2254 5211 cursu
2297 5163 2486 5209 cuncta
2515 5154 2812 5222 composita
2856 5163 3016 5221 sunt,
3047 5163 3208 5223 atque
3251 5151 3489 5206 elementa
3521 5135 3606 5223 εἰηῄο

2091 5248 2201 5301 ullo
2241 5246 2444 5301 artifice
2473 5245 2552 5300 vel
2584 5256 2802 5301 auctore
2834 5246 2887 5302 in
2918 5261 2976 5300 se
3007 5221 3371 5316 ipsa—refluunt
3404 5249 3459 5290 ac
3480 5221 3607 5285 revol-

2091 5350 2322 5407 vuntur,
2353 5340 2532 5394 nullus
2562 5337 2802 5408 profecto
2845 5338 2985 5394 Deus
3023 5337 3233 5399 existit,
3273 5340 3361 5388 aut
3397 5331 3520 5383 certe
3538 5316 3607 5370 ιιιι·

2089 5435 2235 5492 bium
2266 5435 2396 5490 illud
2437 5435 2804 5501 incertumque
2833 5443 2936 5486 est.
3529 5502 3535 5504 Α
3603 5499 3609 5504 _

2165 5527 2272 5584 Sed
2303 5537 2448 5582 recte
2478 5523 2766 5594 respondet
2801 5523 3086 5588 Octavius,
3117 5536 3209 5577 eos
3229 5560 3243 5584 ,
3282 5515 3364 5586 qui
3405 5502 3607 5566 mundum

2091 5634 2413 5690 omnemque
2453 5619 2570 5689 ejus
2596 5624 2843 5672 ornatum
2889 5616 3072 5671 frustis
3105 5607 3406 5682 quihusdam
3430 5611 3509 5655 seu
3531 5601 3608 5690 tio‘

2092 5717 2190 5772 mis
2219 5726 2435 5774 temere,
2469 5729 2531 5766 ac
2563 5712 2780 5765 fortuito
2804 5711 2903 5766 sibi
2932 5705 3315 5765 colrxt'etuibus
3333 5741 3347 5765 ,
3372 5685 3604 5760 congloba-

2091 5819 2199 5866 tum
2232 5823 2352 5862 cs.=c
2379 5813 2603 5862 censent
2625 5845 2639 5872 ,
2680 5804 2848 5860 videri
2881 5818 2980 5860 nec
3021 5809 3284 5864 mentem,
3312 5804 3402 5848 uec
3421 5785 3596 5843 sel-ium
