3774 6270
217 348 305 402 iet
1555 323 2023 394 ntssunrario.

3344 350 3455 406 422

210 475 300 516 nec
322 461 481 516 oculos
506 458 705 514 habere.
740 455 900 513 Prius
929 471 1059 514 vero
1083 458 1270 514 Cicero
1310 460 1516 514 dixerat
1549 477 1560 511 :
1597 478 1614 510 ι
1655 459 1750 512 llic
1774 461 1830 518 Α
1857 465 1972 520 ιιιι·;
1999 469 2062 508 ac
2109 454 2324 510 tandem
2366 470 2431 511 ex
2476 445 2642 511 indita
2674 453 2961 529 unicuique
2999 467 3092 515 aut
3121 461 3330 518 ratione
3362 479 3454 516 ua-

217 567 337 623 ergo
360 569 452 606 non
475 554 612 606 mirer
632 565 752 605 esse
784 566 1141 620 quemquam,
1171 552 1261 621 qui
1287 551 1389 606 sibi
1432 551 1752 622 persuadeat

228 659 428 714 corpora
451 643 647 712 quaedam
673 642 844 695 solida
892 651 1052 712 atque
1083 643 1350 699 individua
1383 645 1433 696 vi
1474 652 1528 698 et
1568 644 1749 714 gravi-

237 745 336 790 tate
373 734 499 801 ferri,
534 735 870 803 mundumque
915 736 1054 789 effici
1095 737 1495 790 ornatissimum
1539 745 1595 790 et
1626 736 1749 804 pul-

240 827 514 883 cherrimum
538 843 590 881 et
609 841 780 880 eorum
807 840 1100 896 corporum
1123 829 1478 884 concursione
1496 826 1746 883 fortuita?

244 919 344 974 lloc
358 920 428 989 qui
447 920 662 974 existimat
687 917 806 973 fieri
836 920 1099 988 potuisse,
1130 935 1235 974 non
1266 923 1504 992 intelligo
1524 937 1618 978 cur
1640 937 1747 977 non

246 1011 361 1066 idem
383 1021 519 1080 putet,
541 1011 576 1064 si
603 1011 1021 1067 innumerabiles
1060 1013 1212 1067 unius
1242 1021 1298 1067 et
1336 1014 1521 1084 viginti
1562 1015 1748 1068 formte

241 1102 498 1166 litterarum,
525 1104 593 1157 vel
619 1119 796 1158 aurea:
817 1148 831 1169 ,
882 1106 966 1159 vel
1009 1107 1325 1176 qualeslibet
1369 1107 1551 1176 aliquo
1579 1108 1749 1176 conji-

231 1197 421 1261 ciantur,
445 1210 582 1265 posse
616 1211 684 1250 ex
731 1197 818 1250 his
863 1197 915 1250 in
965 1207 1161 1251 terram
1213 1199 1492 1263 excussis,
1526 1199 1748 1254 annales

219 1288 372 1353 Ennii,
401 1299 448 1342 ut
484 1291 724 1359 deinceps
771 1291 872 1360 legi
905 1289 1142 1358 possint,
1189 1289 1348 1369 cflici.
1383 1290 1535 1356 Quod
1565 1291 1747 1346 nescio

214 1394 268 1433 ait
293 1396 347 1434 ne
367 1381 410 1435 in
435 1397 527 1436 uno
555 1384 764 1452 quidem
797 1397 956 1436 versu
985 1383 1154 1452 possit
1181 1391 1382 1437 tantum
1423 1385 1603 1439 valere
1634 1383 1745 1438 for-

216 1481 415 1527 tuna.....
443 1475 581 1541 Quod
608 1479 650 1530 si
690 1477 949 1531 mundum
981 1476 1197 1532 efﬁcere
1224 1489 1402 1549 potest
1448 1493 1745 1534 concursus

216 1576 480 1632 atomorum,
506 1584 594 1623 cur
623 1571 910 1638 porticum,
939 1585 1036 1624 cur
1061 1571 1344 1640 templum,
1373 1586 1468 1624 cur
1489 1571 1709 1625 domum
1727 1611 1744 1636 ,

217 1671 289 1714 aut
307 1663 462 1716 urbem
487 1678 584 1716 non
614 1672 824 1732 potest,
868 1679 988 1733 quae
1030 1674 1154 1718 sunt
1185 1664 1360 1718 minus
1401 1679 1627 1734 operosa
1649 1707 1662 1729 ,
1693 1674 1746 1719 et

226 1752 349 1806 multo
369 1753 557 1819 quidem
595 1753 879 1808 faciliora?
912 1753 1070 1810 Certe
1108 1757 1176 1809 ita
1224 1766 1426 1811 temere
1450 1757 1517 1810 de
1544 1760 1746 1813 mundo

1853 546 2038 600 sceudi
2059 588 2074 610 ,
2102 557 2193 600 aut
2217 549 2507 617 generandi
2538 549 2807 618 cupidine.

1922 638 2114 694 Cicero
2139 650 2317 693 autem
2349 640 2486 694 hanc
2509 640 2870 696 inductionem
2895 643 3052 714 longe
3075 644 3241 701 fusius
3270 664 3454 716 prosc-

1851 731 2035 799 quitur
2067 769 2082 796 ,
2127 741 2289 799 atque
2334 733 2614 799 plurimam
2663 735 2824 788 totius
2872 735 3092 791 secundi
3145 738 3214 792 de
3242 737 3447 793 Natura

1853 820 2088 876 Deorum
2118 822 2240 876 libri
2270 834 2498 892 partem,
2531 826 2585 878 in
2616 841 2732 880 eam
2760 827 3135 895 explicandam
3163 831 3453 885 enuclean-

1850 914 2082 985 damque
2117 916 2305 986 (Cicer.
2351 917 2438 972 lib.
2481 934 2518 972 ιι
2569 919 2633 973 de
2678 917 2870 974 Natur.
2927 919 3087 975 Deor.
3149 940 3268 994 pag.
3319 921 3452 991 2‘28,

1849 1017 1895 1060 et
1919 1006 2108 1080 δέρᾳ).
2137 1008 2374 1080 Longius
2417 1011 2658 1080 profecto
2688 1023 2867 1080 esset,
2923 1024 2978 1068 et
3010 1031 3193 1083 parum
3229 1016 3360 1071 utile
3387 1031 3451 1071 ea

1850 1103 2053 1166 omnia,
2078 1117 2198 1170 quae
2224 1101 2290 1157 ab
2314 1103 2404 1156 illo
2423 1143 2436 1166 ,
2461 1118 2612 1158 more
2638 1118 2737 1158 suo
2761 1106 3160 1174 elegantissime
3189 1107 3329 1161 dicta
3351 1149 3366 1174 ,
3397 1118 3453 1162 et

1851 1208 1881 1246 a
1917 1194 2148 1248 Minucio
2177 1205 2362 1250 nostro
2390 1194 2624 1250 delibata
2655 1205 2798 1264 sunt,
2834 1198 2921 1252 hic
2950 1199 3341 1265 transcribere;
3370 1200 3454 1254 vel

1851 1299 1917 1339 eo
1963 1287 2230 1354 maxime,
2262 1289 2404 1357 quod
2435 1304 2464 1341 a
2496 1289 2736 1358 quolibet
2777 1291 2919 1360 apud
2946 1307 3067 1346 eum
3099 1294 3251 1347 facile
3281 1294 3451 1348 videri

1850 1379 2079 1446 possint.
2103 1379 2246 1433 Satis
2274 1379 2453 1448 itaque
2483 1381 2638 1435 nobis
2667 1384 2769 1435 erit
2797 1385 2841 1436 si
2873 1384 3223 1439 observemus
3253 1386 3324 1440 ibi
3351 1401 3451 1440 nos

1849 1485 1880 1522 a
1924 1469 2217 1536 Cicerone,
2259 1475 2601 1540 quantumvis
2650 1474 3097 1529 Academicorum
3139 1485 3405 1531 sectatorc
3431 1517 3445 1542 ,

1850 1561 2127 1618 admoueri
2173 1565 2274 1618 hoc
2310 1576 2682 1634 argumentum
2720 1584 2828 1621 nun
2869 1569 3029 1624 modo
3069 1586 3100 1623 a
3131 1570 3447 1638 quibusdam

1851 1655 2067 1708 tractari
2115 1657 2471 1726 philoSophis,
2501 1674 2564 1712 ac
2607 1661 2927 1714 nominatim
2963 1677 2994 1715 a
3036 1660 3322 1730 Cleanthe,
3353 1661 3450 1717 sed

1849 1763 2037 1802 omnes
2078 1749 2241 1802 etiam
2287 1751 2636 1820 philosophos
2682 1752 2934 1808 debuisse
2973 1770 3040 1807 eo
3079 1755 3240 1824 plane
3291 1757 3448 1824 peni-

229 1842 438 1911 equum,
479 1856 531 1900 ιη
559 1847 687 1900 mihi
718 1848 936 1916 quidem
966 1864 1257 1919 numquam
1285 1854 1425 1904 hunc
1453 1851 1742 1906 admirabi.
1771 1855 1820 1916 Β
1851 1854 2044 1910 Iusque
2068 1847 2336 1897 convinci.
2367 1861 2386 1894 ι
2415 1843 2546 1897 Nam
2571 1843 2896 1915 philosophi,
2916 1847 3104 1916 inquit,
3124 1847 3447 1914 debuerunt,

230 1933 309 1990 leui
328 1939 416 1993 ceili
437 1952 694 2007 ornatum,
725 1943 813 2010 qui
846 1942 993 1997 locus
1014 1954 1095 1997 est
1117 1945 1410 2013 proximus,
1440 1951 1744 2016 suspexisse

227 2029 404 2084 videatur
429 2030 543 2102 (Cic.
574 2033 662 2086 lib.
697 2049 738 2086 Il
775 2035 836 2088 de
887 2033 1081 2088 Natur.
1125 2035 1284 2092 Deor.
1326 2055 1446 2110 pag.
1477 2040 1608 2106 228,
1647 2041 1738 2095 lin.

225 2121 279 2187 6).
306 2141 321 2173 i
344 2122 498 2194 Neque
518 2129 685 2182 semel
725 2128 779 2182 id
808 2128 1011 2183 dixisse
1039 2141 1354 2197 contentus,
1393 2133 1499 2188 alio
1525 2134 1578 2188 in
1606 2135 1743 2188 libro

224 2211 383 2268 brevius
406 2218 637 2285 quidem,
683 2216 780 2274 sed
826 2236 930 2274 non
965 2222 1142 2278 minus
1184 2228 1462 2295 perspicue
1494 2229 1684 2298 repetit
1725 2247 1738 2282 :

231 2319 245 2350 t
272 2302 390 2370 Esse,
417 2306 598 2376 inquit,
629 2323 978 2380 prastantem
1001 2315 1230 2385 aliquam
1258 2327 1622 2389 aeternamque
1649 2335 1742 2374 na-

226 2399 442 2462 taram,et
478 2415 588 2456 eam
629 2406 1026 2472 suspiciendam
1058 2409 1532 2479 admirandamque
1570 2411 1744 2466 homi-

228 2499 318 2539 num
337 2493 508 2558 generi,
539 2495 881 2563 pulchritudo
907 2499 1123 2564 mundi,
1154 2500 1393 2571 erdoque
1421 2517 1600 2558 rerum
1626 2518 1740 2559 ete-

231 2574 387 2668 lestiuni
409 2584 535 2654 cogit
579 2586 825 2644 conﬁteri
873 2588 1065 2660 (Idem,
1108 2592 1195 2646 lib.
1238 2593 1302 2647 de
1339 2592 1569 2652 Divinat.
1618 2613 1733 2668 pag.

237 2665 339 2732 ΞΜ,
360 2673 431 2724 lin.
583 2695 604 2728 ι

298 2759 379 2816 Nec
395 2771 597 2838 estquod
626 2773 784 2827 nobis
814 2773 1010 2829 atlieus
1045 2779 1229 2832 nescio
1269 2780 1390 2849 quis
1408 2820 1424 2848 ,
1453 2791 1546 2836 aut
1575 2783 1741 2852 perti-

249 2865 329 2906 nax
351 2855 586 2917 incredulus
611 2864 850 2934 ._objiciat
875 2867 1193 2924 Ciceronem
1235 2873 1592 2927 acadeniicam
1625 2889 1743 2929 see-

250 2953 331 2999 tam
351 2961 528 3008 secutum
550 2957 715 3014 luisse
737 3000 752 3026 ,
782 2960 876 3029 qui
908 2961 1086 3016 omnia
1114 2963 1317 3020 incerta
1343 2981 1464 3022 esse
1487 2969 1744 3038 Opinaba-

249 3043 464 3110 lllrﬂque
487 3055 649 3102 utrum
693 3065 860 3105 verus
905 3051 1065 3118 Deus,
1097 3064 1188 3108 aut
1230 3056 1318 3110 alii
1363 3059 1637 3128 gentilium
1669 3059 1744 3114 dii

237 3132 473 3190 exsisterent
516 3155 698 3198 revera
755 3145 1053 3201 dubitabat.
1100 3147 1216 3202 Non
1267 3153 1406 3206 enim
1453 3155 1744 3223 quaerimus

1847 1933 1890 1986 si
1921 1931 2061 1988 forte
2102 1949 2197 1988 eos
2226 1938 2428 2003 primus
2459 1936 2745 2004 adspectus
2779 1938 2961 1992 iiiuudi
2991 1941 3405 1994 conturbaverat
3430 1982 3446 2008 ,

1849 2035 2034 2093 postea
2059 2041 2180 2079 cum
2200 2027 2460 2082 vidissent
2482 2037 2656 2083 niotus
2676 2029 2791 2098 ejus
2820 2030 3022 2097 ﬁnitos,
3048 2040 3102 2086 et
3127 2034 3445 2102 inquabiles,

1846 2118 2130 2188 omniaque
2173 2121 2302 2172 ratis
2341 2123 2618 2176 ordinibus
2662 2123 2970 2189 moderata,
3022 2125 3449 2196 iiiiiniitabi!ique

1846 2210 2148 2264 constantia
2174 2251 2190 2276 ,
2223 2213 2521 2282 intelligere
2549 2213 2723 2268 inesse
2749 2217 2981 2285 aliquem
3014 2233 3120 2270 non
3151 2220 3322 2272 Solum
3351 2218 3449 2273 ha-

1845 2299 2130 2356 bitatorem
2174 2304 2226 2356 in
2261 2304 2360 2358 hac
2391 2306 2597 2360 ctelesti
2627 2322 2690 2361 ac
2718 2307 2894 2360 divitia
2922 2309 3116 2375 domo,
3157 2310 3251 2364 sed
3285 2312 3444 2364 etiam

1845 2406 2109 2450 rectorem
2142 2412 2204 2450 ae
2243 2398 2638 2453 moderatorem
2665 2445 2680 2468 ,
2709 2410 2763 2454 et
2792 2413 3057 2470 tamquam
3093 2403 3448 2460 architectum

1849 2488 1979 2540 tanti
2007 2487 2205 2556 operis,
2239 2491 2476 2558 tantique
2504 2493 2746 2546 tnuneris
2794 2492 2930 2562 (Lib.
2962 2511 3001 2548 ii
3029 2496 3093 2549 de
3123 2483 3250 2549 Nat.
3284 2496 3445 2553 Deor.

1846 2596 1966 2650 pag.
1997 2579 2124 2644 227;
2151 2583 2278 2636 ibid.
2309 2601 2362 2652 ρ.
2393 2583 2498 2638 216
2523 2588 2562 2652 ).
2601 2604 2620 2636 i
2667 2584 2784 2640 Alia
2819 2585 2902 2640 his
2949 2589 3104 2656 plane
3132 2591 3325 2645 similia
3353 2606 3449 2645 e0-

1845 2671 1968 2725 deut
2001 2671 2054 2725 iu
2095 2673 2233 2727 libro
2267 2675 2377 2743 jam
2419 2675 2647 2730 dixerat.
2695 2677 2801 2732 Sed
2841 2680 2991 2734 adire
3028 2681 3202 2736 adhuc
3245 2687 3449 2756 poteris

1845 2763 2122 2820 Philonem
2150 2765 2399 2820 Judaeum
2418 2807 2434 2832 ,
2474 2778 2749 2824 auctorem
2776 2771 2896 2826 libri
2924 2773 2992 2827 de
3020 2773 3327 2831 Monarcliia
3348 2818 3364 2844 ,
3395 2787 3452 2834 et

1845 2857 2212 2924 Quaestionum
2241 2877 2537 2930 graecarnin
2564 2903 2580 2928 ,
2611 2861 3010 2931 Athenagoram
3036 2905 3056 2931 ,
3087 2864 3447 2936 Theophilum

1845 2951 2263 3018 Antioclienuin,
2294 2951 2578 3026 lrenaeum,
2615 2953 2977 3022 Laetantium,
3011 2956 3366 3014 Athanasium
3394 2971 3450 3018 et

1845 3044 2000 3097 alios.

1917 3135 2053 3203 Quid
2083 3152 2243 3204 vero,
2273 3137 2416 3209 quod
2443 3153 2548 3195 non
2593 3140 2647 3194 hi
2677 3141 3046 3197 tantummodo
3075 3144 3273 3200 ethnici
3299 3187 3314 3213 ,
3357 3147 3450 3204 Ju-

225 3224 318 3292 συξη]
337 3227 409 3283 me
425 3235 654 3299 sentire"
685 3251 787 3292 nec
816 3248 992 3293 utrum
1028 3241 1218 3296 “more
1243 3243 1421 3313 aliquo
1452 3220 1554 3300 πίοι,
1583 3248 1743 3302 ηυδε,
1772 3243 1817 3305 C
1850 3227 1949 3282 dati
1977 3271 1991 3294 ,
2021 3245 2084 3284 ac
2108 3220 2396 3286 Christiani
2427 3234 2720 3302 scriptores
2746 3276 2760 3299 ,
2791 3234 2886 3289 sed
2919 3237 3248 3292 recentiores
3284 3240 3448 3296 etiam

215 3327 293 3382 ret,
315 3335 443 3389 quem
463 3331 818 3396 cognoscebat
837 3348 1024 3386 verum
1059 3335 1243 3402 Deum,
1274 3337 1446 3405 palam
1474 3338 1738 3395 conliteri.

210 3407 292 3463 Sed
321 3417 643 3482 expendimus
670 3423 855 3490 quanti
897 3426 1152 3479 momenti
1183 3427 1250 3479 sit
1282 3428 1423 3482 illius
1462 3444 1748 3499 argumen-

209 3510 308 3557 tum.
335 3509 478 3579 Atqui
517 3527 674 3567 nemo
716 3525 798 3569 est
823 3518 938 3570 sani
970 3520 1158 3587 capitis
1185 3519 1344 3574 homo
1366 3561 1381 3587 ,
1409 3523 1497 3592 qui
1552 3539 1746 3595 negare

206 3597 335 3661 possit
368 3615 430 3656 eo
475 3605 825 3662 invictissime
865 3609 1220 3666 demonstrari
1257 3615 1474 3668 unicum
1511 3611 1746 3672 etiistere

206 3686 363 3762 Deum,
393 3711 562 3751 rerum
594 3702 832 3755 omnium
864 3699 1160 3759 creatorem
1195 3715 1248 3760 et
1289 3717 1572 3762 rectorem.
1607 3711 1749 3777 Quo-

207 3787 544 3847 quueuinivero
559 3792 764 3860 oculos,
785 3794 860 3847 uti
882 3795 1238 3863 aitUctaviits,
1258 3795 1370 3853 sive
1383 3814 1617 3866 sursum,
1635 3799 1747 3857 sive

210 3869 458 3944 deorsum,
497 3881 612 3936 sive
657 3884 800 3938 ultro
856 3887 1100 3957 citmque
1144 3899 1349 3956 vertat,
1383 3897 1486 3944 tam
1534 3891 1686 3946 facile
1727 3933 1742 3959 ,

217 3976 339 4030 Quam
376 3984 517 4027 certo
555 3977 852 4046 comperiet
892 3993 1014 4034 esse
1043 3979 1255 4050 aliquod
1297 3985 1749 4051 praestantissimae

210 4058 363 4146 mentis
385 4052 595 4131 numen,
609 4077 639 4121 a
657 4082 764 4136 quo
780 4071 956 4123 omnia
977 4070 1112 4125 facta
1129 4082 1268 4132 sunt.
1289 4088 1350 4129 ac
1364 4077 1745 4146 gubernantur.

262 4144 460 4223 Uterque
486 4167 674 4225 :autem
722 4167 778 4215 et
813 4161 1003 4218 Cicero
1043 4173 1098 4219 et
1132 4144 1384 4222 Oetavius
1429 4168 1560 4224 illud
1607 4170 1748 4226 haud

216 4232 328 4293 brevi
362 4255 523 4300 rerum
570 4259 875 4306 ereatarum
920 4257 1262 4312 enarratione
1316 4261 1748 4319 manifestissime

219 4332 520 4425 metunt.
552 4339 621 4394 Et
647 4340 907 4400 Octavius
930 4347 1146 4415 quidem
1173 4366 1238 4404 ex
1265 4352 1423 4420 ctelo,
1455 4354 1749 4425 rapidoque

230 4417 350 4516 ei“:
368 4441 418 4484 ac
435 4433 554 4488 solis
581 4443 636 4489 et
663 4435 808 4490 lunae
834 4449 954 4494 rato
981 4447 1227 4512 slatoque
1268 4417 1452 4511 metu;
1508 4417 1575 4500 ex
1602 4417 1746 4516 ejus-

231 4508 327 4568 dem
355 4519 460 4578 lin
485 4527 634 4584 senio
669 4541 728 4584 et
756 4529 971 4598 labore,
1006 4533 1060 4588 id
1096 4545 1199 4598 est,
1233 4539 1392 4592 variis
1423 4539 1565 4593 illius
1593 4555 1746 4595 erro-

1850 3322 2179 3391 scholastici,
2206 3340 2268 3379 ac
2295 3328 2594 3394 praesertim
2621 3328 2684 3382 D.
2716 3327 2971 3396 Thomas,
3012 3331 3103 3400 qui
3127 3332 3195 3386 ad
3225 3333 3451 3389 demon-

1849 3414 2155 3479 Strandam,
2199 3418 2274 3470 uti
2307 3416 2358 3470 lii
2401 3418 2711 3488 loquuntur,
2767 3421 2860 3477 Dei
2913 3422 3259 3482 existeiitiain
3286 3467 3300 3491 ,
3345 3425 3451 3484 hoc

1849 3515 2204 3573 argumento,
2251 3522 2422 3577 eoque
2477 3509 2597 3564 aliis
2647 3521 2796 3565 tanto
2839 3514 3104 3583 gravioris
3159 3519 3450 3588 momenti,

1850 3609 2090 3666 utuntur,
2119 3608 2319 3669 quanto
2345 3602 2412 3655 ab
2440 3604 2690 3659 omnibus
2730 3605 2939 3661 facilius
2969 3609 3168 3680 percipi
3200 3611 3454 3682 intelligi.

1849 3706 1954 3760 que
1982 3702 2177 3760 potest.
2211 3692 2572 3759 Quamobrem
2601 3698 2896 3767 Apostolus
2924 3699 3051 3756 inde
3080 3714 3453 3760 asseveranter

1850 3784 2160 3851 pronmitiat
2189 3786 2456 3841 neminem
2488 3802 2610 3861 esse
2642 3791 2938 3859 hominem,
2967 3794 3056 3863 qui
3088 3796 3257 3864 possit
3291 3797 3454 3853 ullam

1851 3889 2070 3944 prorsus
2099 3877 2324 3946 ignorati
2348 3895 2378 3934 a
2411 3895 2469 3936 se
2497 3881 2592 3936 Dei
2620 3882 2820 3940 habere
2864 3887 3289 3942 excusationem.
3319 3888 3452 3944 Nam

1857 3987 1875 4019 ι
1911 3969 2224 4038 lnvisibilia,
2255 3973 2462 4045 inquit,
2493 3975 2658 4044 ipsius
2687 3993 2717 4031 a
2753 3986 2998 4032 creatura
3031 3980 3212 4032 mundi
3245 3996 3340 4050 per
3364 3996 3452 4050 ea,

1849 4078 1969 4132 quae
2006 4062 2143 4118 facta
2173 4075 2316 4131 sunt,
2345 4067 2611 4122 intellecta
2647 4071 3067 4138 conspiciuntur.
3112 4071 3451 4140 Sempiterna

1849 4170 2063 4225 quoque
2105 4156 2223 4226 ejus
2250 4158 2420 4213 virtus
2450 4168 2504 4212 et
2532 4160 2806 4226 divinitas;
2838 4163 2906 4215 ita
2939 4171 2996 4216 ut
3027 4163 3136 4218 sint
3164 4165 3452 4219 inexcusa-

1851 4247 1989 4304 biles
2017 4249 2262 4321 (Roman.
2297 4267 2346 4316 ι,
2376 4251 2490 4318 20).
2530 4271 2550 4302 ›
2587 4252 2720 4306 llinc
2743 4253 3106 4309 Tertullianus
3136 4273 3152 4308 :
3191 4275 3210 4308 ι
3241 4257 3308 4311 Et
3337 4260 3453 4315 haec

1850 4343 1960 4408 ait,
1988 4353 2069 4396 est
2099 4359 2308 4397 summa
2343 4344 2524 4398 delicti
2554 4346 2848 4400 nolentium
2874 4362 3265 4417 recognoscere
3289 4393 3304 4419 ,
3332 4368 3454 4424 quae

1850 4433 2097 4504 ignorare
2164 4450 2270 4489 non
2332 4443 2555 4503 possunt
2623 4434 2878 4504 (Tertull.
2924 4438 3140 4510 Apolog.
3192 4459 3309 4512 cap.
3361 4444 3452 4514 l7,

1851 4543 1972 4597 pag.
2002 4523 2118 4595 18).
2171 4543 2190 4577 ι
2226 4527 2526 4597 Cyprianus
2543 4543 2671 4583 vero
2699 4528 2887 4584 iisdem
2905 4546 3041 4600 pene
3055 4533 3232 4588 verbis
3264 4531 3280 4586 έ
3318 4553 3336 4586 (
3359 4537 3454 4591 At-

226 4602 348 4662 ΐῖδυδ
371 4615 466 4673 sive
491 4617 845 4678 incrementis
883 4636 938 4678 et
967 4627 1353 4695 decrementis,
1400 4634 1475 4686 uti
1510 4649 1576 4687 ex
1601 4635 1746 4690 Cice-

1927 4636 1957 4676 e
1991 4629 2073 4675 est
2102 4637 2310 4677 summa
2341 4622 2540 4690 delicti,
2573 4623 2714 4680 nolle
2741 4638 3057 4694 agnoscere,
3099 4644 3258 4700 quem
3299 4630 3452 4700 igno-

219 4710 322 4795 φξβ
365 4722 467 4766 mox
510 4715 774 4782 eitando,
833 4727 994 4788 atque
1048 4721 1266 4776 Marene
1319 4717 1614 4795 intelligere
1667 4734 1750 4782 est

220 4789 400 4882 (Virgil.
425 4802 501 4859 lib.
559 4823 596 4862 ιι
652 4807 841 4878 Georg.
875 4825 927 4864 v.
957 4811 1064 4865 478
1090 4814 1140 4882 );
1196 4814 1319 4868 item
1353 4789 1574 4871 lucis'ac
1606 4826 1752 4873 tene-

221 4875 385 4946 δηηῶ
416 4891 714 4954 continuata
756 4875 1163 4969 vicissitudine,
1208 4903 1442 4960 siderum
1472 4907 1662 4963 ordine
1687 4923 1751 4964 ae

213 4973 536 5058 “Milionia;
578 4995 763 5050 stabili
803 4991 1042 5063 frugum,
1089 5005 1144 5052 et
1171 4999 1400 5068 quatuor
1439 5002 1565 5055 anni
1612 5011 1745 5056 lem-

204 5075 422 5166 lignatum
448 5087 722 5153 varietate;
756 5089 895 5142 mari
921 5092 1035 5144 suis
1069 5103 1286 5146 orarum
1320 5094 1659 5166 Iittorumqoe
1691 5095 1752 5150 fl-

201 5163 332 5223 ιίδυε
368 5173 805 5250 ὼαιωεθτίβιος
852 5175 1197 5250 reciprocatis
1242 5184 1439 5240 Oceani
1485 5163 1748 5253 testibus;

201 5264 388 5346 perenni
410 5265 679 5325 ﬂuminum
727 5272 1122 5346 ﬂuviorumqtte
1146 5282 1328 5342 cursu,
1362 5279 1524 5334 rectis
1551 5282 1751 5336 n‘ionti-

199 5339 312 5441 δυξ,
345 5357 553 5416 collibus
591 5365 783 5432 ﬂexis,
831 5339 1200 5438 porrectisque
1239 5339 1482 5441 campis;
1525 5372 1753 5427 naturali

203 5436 500 5535 agitantium
535 5456 743 5520 tutela;
783 5461 847 5510 ac
881 5436 1151 5535 praecipue
1191 5436 1422 5516 Itoiuinis
1460 5462 1755 5532 pulchritu-

213 5523 340 5626 diu,
355 5533 583 5614 illiusque
611 5545 902 5612 membris,
937 5525 1164 5620 quorum
1196 5555 1398 5609 nullum
1425 5557 1528 5611 nisi
1561 5571 1751 5613 neces-

213 5621 441 5687 πίειῐειιι
467 5635 674 5696 decoris
701 5635 864 5696 causa
891 5637 1216 5712 formatum,
1246 5653 1405 5718 atque
1437 5651 1548 5718 ipsa
1577 5652 1751 5705 homi-

211 5719 316 5811 Μηξ
331 5726 540 5782 omnium
573 5731 777 5801 ﬁgura;
810 5742 916 5804 qua
945 5737 1044 5790 etsi
1069 5738 1171 5791 sibi
1203 5740 1484 5796 videantur
1513 5745 1747 5811 similes,

213 5805 343 5861 cenis
367 5819 524 5875 tamen
553 5822 890 5886 lineamentis
916 5829 1114 5904 singuli
1141 5831 1432 5892 dissimiles
1460 5805 1748 5895 inveniun;

1852 4729 1973 4770 rare
2013 4729 2118 4769 non
2157 4715 2535 4788 possis(Cgpr.
2573 4717 2663 4772 lib.
2690 4718 2752 4772 de
2782 4717 2923 4774 ldol.
2969 4720 3134 4776 Vanit.
3187 4742 3240 4794 p.
3277 4722 3387 4792 14).
3425 4741 3446 4776 ι

1851 4804 2005 4871 Quod
2057 4807 2274 4875 quidem
2326 4817 2453 4864 ante
2500 4819 2788 4881 utrumque
2820 4826 2852 4866 a
2893 4811 3172 4869 Clemente
3211 4813 3453 4869 Alexan-

1851 4897 2008 4953 drino
2036 4911 2299 4956 assertum
2328 4904 2558 4958 vidimus
2609 4903 2770 4976 (tom.
2823 4919 2841 4958 ι
2895 4905 3091 4975 Appar.
3141 4906 3346 4964 dissert.
3391 4907 3450 4980 2,

1845 5007 1964 5060 cap.
1992 4992 2046 5059 6,
2079 5003 2180 5048 art.
2215 4996 2264 5062 l,
2286 5012 2408 5066 pag.
2435 4996 2540 5050 948
2559 4993 2599 5065 ).

2456 5141 2746 5208 aurieutus
2775 5149 2825 5207 v.

1850 5305 2174 5382 [impenditur
2221 5312 2365 5384 aliud
2413 5299 2630 5366 Minucii
2677 5307 3078 5384 argumentum,
3130 5331 3232 5387 quo
3282 5313 3446 5375 Deum

1927 5404 2106 5458 intimo
2160 5391 2420 5459 hominum
2459 5395 2630 5474 sensu,
2681 5417 2739 5472 ac
2789 5403 2902 5475 ipsa
2935 5423 3113 5461 eorum
3141 5400 3453 5468 conscientia

1927 5495 2205 5568 cognitum,
2238 5514 2411 5552 revera
2437 5499 2650 5553 existere
2674 5487 3010 5554 demonstrat.

1928 5651 2183 5709 EthnicOs
2214 5653 2476 5713 Minucius
2507 5663 2692 5714 noster
2721 5675 2749 5711 a
2781 5659 3064 5726 creaturis,
3098 5661 3454 5733 mirandoque

1852 5755 2069 5818 prorsus
2111 5747 2270 5802 totius
2302 5751 2486 5806 mundi
2514 5763 2710 5809 ornatu
2733 5795 2747 5819 ,
2779 5751 2844 5808 at!
2874 5770 2931 5809 se
2960 5754 3105 5820 ipsos
3127 5795 3142 5822 τ
3178 5755 3454 5813 intimum-

1851 5847 1957 5912 que
1985 5850 2170 5896 eorum
2199 5853 2444 5913 sensum,
2474 5858 2538 5900 ac
2580 5847 2854 5919 propriam
2883 5847 3300 5925 uniuscujusque
3324 5858 3454 5915 coit~
