3774 6270
377 297 482 355 425

1652 290 1739 350 υΕ
1769 287 2028 346 MlNUCll
2066 288 2367 346 OCTAVIO
2399 249 2410 252 Α

3485 301 3561 356 ωδ

375 411 655 468 scientiam
681 413 915 464 revocat.
943 404 1036 460 Dei
1057 403 1253 474 quippe
1274 416 1462 457 revera
1489 400 1799 456 exsistentis
1825 402 1963 462 idea,
1995 406 2044 462 Α
2073 402 2197 455 alibi
2239 401 2472 455 afﬁrmat
2515 400 2666 462 ﬁeri,
2711 413 2818 454 non
2865 400 3007 456 nasci
3037 399 3356 458 Christianos.
3394 407 3563 474 Quamu-

374 512 427 560 et
455 503 688 574 cognitio
708 542 721 565 ,
756 499 925 568 inquit
952 538 966 563 ,
999 496 1209 550 illorum
1235 494 1433 548 animis
1462 495 1598 547 adeo
1631 492 1793 546 insita
1828 493 1977 561 inge-

373 595 591 663 nitaque
618 603 718 654 est;
764 597 824 643 ut
852 603 956 642 non
1000 586 1162 641 modo
1194 583 1499 655 philosOphi
1521 625 1534 649 ,
1566 598 1628 636 ac
1655 582 1800 637 docti
1821 624 1836 647 ,
1879 581 1975 635 sed

372 685 568 756 plebeii
613 683 771 736 etiam
812 689 866 734 et
891 678 1113 744 indocti,
1171 685 1364 732 natura
1396 677 1554 741 duce,
1587 691 1708 730 eum
1740 674 1976 729 existere

367 776 541 846 palam
572 782 863 844 aperteque
891 772 1055 825 variis
1097 769 1147 824 in
1187 768 1564 824 occasionibus
1587 769 1967 820 conﬁteantur.

372 889 390 922 ι
425 868 584 934 Quid,
621 867 789 936 inquit
824 864 1106 930 Minucius,
1139 865 1280 934 quod
1305 865 1543 916 omnium
1571 861 1640 916 de
1665 861 1767 915 isto
1799 859 1973 914 habeo

363 978 685 1018 consensum
710 962 734 1014 ?
758 961 932 1017 Audio
955 961 1167 1028 vulgus,
1191 975 1314 1013 cum
1339 959 1390 1011 in
1415 957 1611 1012 cmlum
1640 969 1829 1008 manus
1855 964 1971 1007 teu-

365 1056 519 1120 duut,
551 1054 683 1108 nihil
719 1053 896 1116 aliud,
931 1068 1091 1122 quam
1124 1051 1292 1106 Deum
1323 1051 1509 1103 dicunt
1539 1065 1552 1100 :
1589 1056 1663 1109 et,
1698 1046 1837 1099 Deus
1865 1060 1973 1098 ma-

364 1163 498 1218 gnus
525 1157 639 1210 est;
671 1157 720 1200 et
747 1187 762 1212 ,
808 1145 947 1198 Deus
988 1157 1149 1197 verus
1185 1151 1304 1205 est;
1348 1150 1422 1205 et,
1469 1139 1524 1194 Si
1559 1139 1698 1192 Deus
1736 1135 1963 1190 dederit.

368 1241 521 1310 Vulgi
553 1241 652 1295 iste
681 1240 938 1294 naturalis
969 1251 1149 1292 sermo
1192 1246 1274 1292 est
1297 1276 1311 1300 ,
1360 1244 1449 1288 aut
1477 1232 1771 1304 Christiani
1811 1229 1970 1286 conﬁ-

367 1334 528 1389 tentis
559 1332 771 1387 oratio?
805 1351 824 1383 ι

441 1426 710 1480 Praeterea
743 1424 812 1477 ibi
844 1423 934 1477 ille
961 1422 1297 1478 continenter
1319 1419 1517 1490 adjecit
1536 1417 1799 1478 ctlmicos,
1827 1415 1965 1469 l‘also

360 1520 508 1577 Jovis
548 1521 879 1589 deorumque
908 1534 1127 1572 suormn
1170 1515 1408 1577 nomine,
1451 1529 1634 1568 verum
1676 1517 1964 1583 ipsuuunet

362 1613 530 1669 Deum
562 1612 735 1680 reipsa
764 1610 1054 1680 appellare.
1091 1627 1108 1658 ι
1147 1608 1245 1674 Qui
1275 1605 1495 1671 Jovem’,
1530 1605 1734 1673 inquit,
1775 1602 1964 1672 princi-

357 1722 477 1779 pem
508 1708 715 1772 Volunt,
758 1705 1014 1760 falluntur
1057 1704 1108 1757 in
1141 1701 1358 1757 nomine
1379 1742 1392 1765 ,
1431 1699 1523 1755 sed
1565 1698 1632 1753 de
1662 1698 1838 1751 divina
1870 1711 1962 1763 po-

2083 493 2231 548 brem
2277 494 2537 548 Minucius
2569 501 2752 549 noster
2780 493 2914 548 dixit
2945 511 2959 546 :
2993 513 3011 545 ι
3050 494 3274 564 Vulgaris
3299 498 3386 552 iste
3407 511 3565 556 natura-

2081 589 2147 643 lis
2173 605 2352 644 sermo
2387 599 2467 644 est
2492 628 2507 656 ,
2544 599 2634 643 aut
2659 588 2939 644 christiani
2975 589 3259 644 conﬁtentis
3287 610 3304 642 ›
3336 591 3470 646 Deum
3499 596 3565 649 sci-

2077 683 2202 739 licet
2244 684 2478 738 existere
2516 701 2534 733 ι
2580 685 2773 737 oratio.
2813 701 2831 734 ι
2875 681 2972 736 Ubi
3015 697 3138 737 vero
3178 681 3272 736 hoc
3325 685 3571 753 primitiuae

2077 778 2403 846 prmcipuum
2445 793 2584 831 vera:
2621 776 2895 848 religionis
2923 775 3280 831 documentum
3316 779 3448 834 varis
3467 794 3571 835 com-

2077 870 2322 936 probavit
2355 870 2794 939 pliilosOphorum
2823 871 3098 940 gentilium
3125 872 3438 936 testimoniis,
3459 875 3574 930 exiis

2075 966 2342 1020 concludit
2380 985 2398 1018 ‹
2421 978 2507 1019 aut.
2527 981 2668 1020 nunc
2687 966 3020 1021 Christianos
3044 981 3160 1020 esse
3180 966 3494 1035 philosophus,
3511 977 3575 1022 aut

2075 1056 2424 1126 philosophos
2464 1057 2576 1127 j:-m
2623 1068 2748 1112 tunc
2796 1056 2958 1113 fuisse
3000 1057 3343 1122 Christianos,
3379 1075 3396 1108 ι
3423 1055 3575 1122 iuboc,

2072 1151 2212 1221 quod
2245 1166 2427 1204 verum
2460 1151 2646 1218 Deum,
2679 1168 2783 1204 non
2815 1166 2944 1205 vero
2978 1151 3078 1205 alia
3110 1151 3401 1206 Christianae
3425 1151 3576 1221 religio-

2073 1242 2156 1294 nis
2185 1241 2377 1309 placita
2405 1241 2740 1310 agnoverint.
2773 1239 2880 1296 Sed
2899 1241 2967 1296 de
2998 1240 3099 1294 hoc
3117 1239 3283 1295 adhuc
3303 1241 3350 1296 in
3369 1250 3509 1296 nostra
3529 1239 3577 1295 de

2073 1333 2386 1387 Tertulliani
2418 1333 2768 1404 Apologetico
2792 1334 3186 1389 dissertatione.

2139 1425 2405 1481 Caeterum
2433 1428 2622 1482 eodem
2654 1428 2811 1496 plane
2830 1469 2842 1489 ,
2875 1443 2982 1497 quo
3023 1428 3108 1482 ille
3130 1469 3144 1493 ,
3175 1437 3229 1482 et
3254 1427 3476 1482 Minucius
3498 1442 3582 1482 nos-

2070 1531 2170 1586 ter,
2200 1521 2360 1574 modo
2389 1531 2794 1592 argumentatur
2821 1523 3089 1576 Arnobius
3121 1539 3134 1574 :
3168 1541 3187 1573 (
3224 1521 3312 1584 Da,
3343 1520 3500 1590 inquit,
3521 1537 3583 1574 vc-

2068 1629 2184 1668 rum
2220 1613 2501 1684 judicium,
2548 1625 2602 1670 et
2648 1615 2761 1670 haec
2802 1616 2982 1668 omnia
3028 1612 3472 1682 circuitispiciens,
3503 1627 3585 1680 que

2066 1704 2333 1771 videmus,
2367 1705 2536 1774 magis
2578 1720 2644 1758 an
2683 1706 2793 1759 sint
2836 1705 2907 1758 dii
2939 1705 3147 1763 caueri.
3183 1703 3436 1766 dubitabit,
3473 1717 3586 1771 quam

357 1807 547 1853 testate
588 1797 952 1852 c0iiseutiunt.
1011 1813 1031 1846 ›
1074 1792 1274 1848 Eadem
1318 1791 1475 1860 plane
1514 1787 1850 1858 Cyprianus,
1904 1802 1921 1840 ι

2070 1796 2118 1850 in
2169 1797 2277 1852 Deo
2319 1798 2690 1860 cunctabitur,
2742 1812 2901 1866 quem
2957 1811 3079 1851 esse
3129 1810 3311 1850 omnes
3347 1795 3589 1849 naturaliter

355 1901 515 1947 antea
547 1891 801 1949 vidimus.
835 1887 1051 1956 scriptis
1080 1884 1318 1939 tradidit.
1349 1883 1456 1936 Sed
1491 1882 1700 1948 utrique
1732 1879 1960 1949 prmive-

354 1994 437 2039 rat
466 1982 856 2046 Tertulliauus,
888 1979 977 2048 qui
1009 1981 1059 2031 in
1093 1977 1311 2032 eosdem
1340 1974 1585 2030 ethnicos
1613 1973 1773 2026 simili
1805 1971 1962 2039 plane

355 2076 517 2131 modo
557 2080 1006 2144 argumentatur:
1043 2089 1061 2122 ι
1094 2069 1293 2134 Vultis,
1333 2067 1526 2137 inquit.
1554 2081 1618 2120 ex
1646 2065 1840 2118 anima)
1880 2062 1960 2130 ip-

357 2171 468 2224 sius
506 2167 817 2223 testimunio
843 2164 1261 2233 comprobemus
1294 2180 1313 2214 ι
1347 2175 1508 2214 unum
1539 2157 1787 2212 videlicet
1811 2157 1956 2208 dum-

354 2269 500 2316 taxat
547 2274 724 2314 rerum
771 2257 937 2312 Deum
987 2253 1288 2310 exsistere?
1337 2271 1356 2304 ι
1403 2253 1533 2318 Qum
1574 2251 1697 2306 licet
1739 2262 1957 2303 carcere

351 2351 597 2421 corporis
641 2363 850 2420 pri-sSa,
893 2347 1018 2402 licet
1053 2344 1480 2400 institutionibus
1519 2343 1697 2413 pravis
1735 2343 1956 2395 circum-

351 2445 572 2514 scripta.
609 2443 736 2497 licet
763 2439 1074 2495 libidinibus
1098 2454 1162 2493 ac
1181 2435 1633 2507 concupiscentiis
1657 2435 1951 2504 evigorata,

349 2534 474 2589 licet
499 2533 644 2588 falsis
668 2531 785 2587 deis
810 2531 1164 2595 exancillata;
1205 2545 1328 2584 cum
1362 2537 1540 2582 tamen
1568 2525 1856 2595 resipiscit,
1896 2531 1955 2577 ut

348 2641 415 2682 ex
444 2624 659 2695 crapula
682 2665 698 2686 ,
734 2631 792 2677 ut
821 2637 884 2677 ex
932 2637 1154 2684 somno,
1201 2631 1256 2674 ut
1284 2635 1352 2675 ex
1382 2619 1558 2688 aliqua
1597 2617 1902 2672 valetudine
1932 2657 1946 2682 ,

349 2719 515 2774 Deum
539 2717 799 2782 nominat,
834 2714 937 2770 hoc
966 2715 1104 2778 solo,
1131 2713 1252 2784 quia
1283 2712 1496 2782 proprie
1518 2726 1677 2766 verus
1699 2711 1785 2764 hic
1814 2723 1950 2762 unus

350 2810 490 2866 Deus
525 2810 697 2864 bonus
723 2819 778 2864 et
805 2823 1052 2878 magnus;
1089 2827 1108 2859 ι
1142 2807 1212 2860 ita
1245 2805 1457 2860 codices
1487 2803 1832 2871 manuscripti
1860 2818 1952 2855 an-

347 2901 602 2970 tiquiores
629 2911 684 2954 et
725 2899 966 2954 melioris
1009 2907 1169 2963 notzr,
1201 2894 1654 2964 quemadmodum
1692 2907 1791 2946 suo
1831 2892 1948 2945 loco

347 2994 672 3048 videbimus.
711 3011 729 3044 ε
762 2991 851 3053 Ει,
874 2989 1016 3061 quod
1043 2991 1185 3043 Deus
1205 2987 1431 3049 dederit,
1457 2987 1695 3039 omnium
1721 3000 1818 3038 vox
1843 2993 1944 3037 est.

344 3087 590 3143 Judicem
637 3100 850 3156 qucque
895 3090 1230 3138 contestatur
1259 3079 1404 3132 illum
1440 3096 1452 3131 :
1491 3079 1630 3130 Dens
1659 3075 1834 3131 videt:
1869 3085 1941 3140 et,

2063 1888 2264 1943 scimus
2286 1931 2298 1949 ,
2341 1888 2458 1942 sive
2487 1903 2606 1942 cum
2636 1889 3003 1943 exclamamus
3053 1907 3067 1942 :
3109 1886 3153 1941 0
3181 1887 3348 1942 Deus!
3383 1886 3477 1940 sive
3505 1901 3590 1939 cum

2063 1978 2212 2031 illum
2245 1987 2431 2034 testem
2462 1981 2838 2034 constituimus
2869 1977 3261 2049 improborum,
3293 1990 3343 2032 et
3377 1979 3502 2046 quasi
3525 1990 3592 2031 nos

2061 2082 2283 2138 cernat,
2364 2072 2553 2128 faciem
2617 2073 2965 2128 subit-vanius
3026 2072 3079 2126 in
3149 2070 3339 2129 ctelum
3411 2069 3589 2141 (Arnob.

2061 2165 2149 2220 lib.
2186 2181 2224 2221 tt
2278 2172 2476 2222 advers.
2513 2166 2661 2222 Gem.
2698 2168 2812 2222 t'm't.
2847 2185 2970 2239 pag.
3005 2169 3077 2223 45
3108 2164 3149 2237 ).
3180 2185 3198 2220 t

2134 2257 2373 2326 Denique
2411 2258 2720 2312 Lactantius
2755 2257 3009 2313 similiter
3035 2258 3089 2312 in
3116 2256 3354 2312 ethnicos
3377 2256 3592 2324 diSputat:

2065 2369 2084 2401 ι
2121 2350 2250 2405 Nam
2277 2365 2399 2406 cum
2438 2351 2622 2421 jurant
2649 2392 2663 2416 ,
2696 2351 2902 2422 inquit,
2935 2361 2990 2405 et
3021 2367 3144 2405 cum
3190 2357 3403 2420 aptant,
3429 2357 3476 2402 et
3509 2360 3592 2400 cum

2056 2444 2256 2513 gratias
2278 2453 2461 2513 agunt,
2492 2459 2598 2497 non
2627 2442 2838 2509 .luvein,
2866 2454 2960 2498 aut
2980 2442 3117 2498 deos
3143 2443 3354 2508 multos,
3376 2440 3457 2496 sed
3480 2440 3596 2492 Deum

2057 2535 2336 2589 nominant
2356 2576 2371 2600 ,
2403 2535 2539 2589 adeo
2567 2535 2682 2603 ipsa
2712 2535 2947 2599 veritas,
2984 2543 3215 2604 cogente
3247 2543 3420 2587 natura
3439 2573 3452 2596 ,
3483 2529 3598 2584 etiam

2055 2627 2121 2684 ab
2151 2627 2328 2680 invitis
2367 2627 2673 2696 pectoribus
2697 2627 3059 2696 erumpit.....
3096 2632 3165 2680 At
3193 2642 3321 2680 vero
3355 2625 3396 2678 si
3427 2638 3512 2693 qua
3538 2637 3600 2674 ne-

2054 2721 2283 2774 cessitas
2312 2719 2492 2787 gravis
2522 2719 2801 2789 presserit,
2834 2728 2966 2773 tunc
3001 2719 3171 2774 Deum
3211 2716 3540 2773 recordentur.
3563 2709 3602 2764 Si

2055 2813 2177 2868 belli
2218 2822 2419 2868 tremor
2449 2814 2784 2868 inlrcmuerit
2808 2855 2824 2879 ,
2857 2814 2902 2868 si
2945 2815 3213 2870 alimenta
3246 2811 3466 2881 lrugibus
3488 2809 3602 2874 longa

2051 2903 2264 2958 sicvitas
2295 2904 2637 2974 denegaverit
2663 2948 2677 2968 .
2726 2905 2771 2960 si
2806 2921 2949 2962 saeva
3000 2917 3296 2976 tempestas
3318 2945 3332 2969 ,
3372 2903 3414 2957 si
3450 2898 3603 2971 grando

2053 2995 2344 3065 ingruerit,
2379 2997 2445 3051 ad
2481 2998 2647 3052 Deum
2682 2998 3040 3067 ccul'ugiunt,
3087 3015 3116 3050 a
3152 2999 3266 3052 Deo
3294 2996 3473 3065 petitur
3493 2989 3604 3044 auri-

2051 3086 2211 3152 limn;
2254 3087 2428 3150 Deus,
2461 3099 2517 3142 ut
2543 3088 2848 3152 subveniat,
2879 3101 3094 3143 oratur.
3143 3088 3199 3144 Si
3240 3089 3356 3158 quis
3395 3087 3439 3140 iu
3473 3080 3602 3143 tuari.

345 3182 457 3237 Dco
479 3196 566 3235 me
593 3175 936 3240 commendo;
965 3183 1038 3240 et,
1075 3174 1217 3228 Deus
1243 3171 1370 3226 mihi
1394 3169 1601 3225 reddet.
1632 3169 1676 3224 0
1709 3169 1921 3223 testiino

2070 3187 2213 3232 tento
2238 3182 2514 3246 saeviente,
2540 3179 2792 3249 iactatur.
2822 3180 2968 3236 hunc
3001 3182 3246 3237 invocat.
3269 3180 3322 3235 Si
3344 3177 3454 3248 quis
3470 3177 3602 3240 ειιῖριιλ

341 3273 489 3328 nium
535 3271 729 3324 animae
777 3267 1093 3322 naturaliter
1132 3264 1478 3320 christianzel
1525 3263 1768 3332 Denique
1813 3276 1939 3330 pro-

341 3365 596 3419 nuntians
628 3361 742 3414 hare
763 3401 778 3426 ,
814 3374 918 3414 non
945 3357 1012 3413 ad
1041 3356 1387 3427 Capitolium,
1418 3356 1510 3412 sed
1539 3355 1604 3410 ad
1633 3355 1826 3411 caelum
1856 3369 1941 3409 re-

340 3461 516 3530 spicit.
547 3456 706 3513 Novit
745 3457 886 3511 enim
935 3455 1119 3510 sedem
1167 3454 1257 3507 Dei
1301 3452 1426 3506 vivi.
1462 3451 1542 3506 Ab
1580 3450 1674 3504 illo
1705 3449 1846 3504 enim
1887 3456 1942 3503 et

339 3551 464 3608 inde
493 3547 777 3603 descendit
803 3545 1058 3616 (Tertull.
1086 3545 1308 3615 Apolog.
1331 3561 1447 3613 cap.
1481 3543 1569 3607 l7,
1605 3559 1657 3610 p.
1693 3541 1760 3597 18
1782 3538 1860 3611 ).›

407 3647 512 3702 Sed
542 3645 656 3698 hac
685 3643 774 3697 ille
802 3641 976 3696 adhuc
1003 3640 1172 3695 fusius
1197 3639 1302 3693 alio
1329 3638 1381 3692 in
1411 3637 1548 3691 libro
1575 3634 1937 3705 prosequitur.

336 3739 467 3807 Qua:
511 3736 726 3808 quidem
769 3734 947 3789 omnia
995 3733 1306 3788 describere
1351 3747 1470 3784 cum
1512 3728 1721 3799 longius
1761 3726 1936 3793 foret,

335 3831 589 3888 tionnttlla
609 3869 624 3896 ,
656 3838 814 3899 atque
841 3844 901 3882 ca
930 3827 982 3880 in
1013 3823 1198 3894 primis
1219 3866 1233 3892 ,
1263 3839 1383 3893 qua:
1419 3821 1486 3876 ad
1523 3819 1816 3875 secundum
1848 3817 1941 3871 Mi—

335 3925 479 3982 nucii
506 3925 672 3978 nostri
701 3926 878 3978 locum
907 3921 1127 3984 faciunt,
1165 3918 1500 3990 proferemus
1533 3933 1545 3968 :
1583 3934 1601 3968 ι
1635 3913 1712 3969 Te
1741 3911 1935 3982 palam,

335 4018 524 4090 inquit,
549 4031 604 4073 et
629 4027 736 4071 tota
764 4015 1035 4080 libertate,
1065 4027 1170 4083 qua
1198 4027 1303 4065 tion
1335 4009 1458 4064 licet
1492 4008 1670 4072 nobis,
1703 4005 1849 4059 domi
1877 4016 1942 4057 ac

335 4109 464 4165 loris
496 4108 744 4164 audimus
773 4109 841 4162 ita
887 4107 1235 4177 pronuntiare
1268 4121 1280 4157 :
1323 4101 1475 4169 Quod
1512 4101 1652 4154 Deus
1680 4095 1892 4153 dederit
1923 4108 1936 4144 :

334 4215 408 4269 et,
434 4202 490 4258 Si
522 4203 660 4257 Deus
695 4200 946 4257 voluerit.
977 4199 1052 4254 Ea
1093 4213 1224 4252 voce
1260 4204 1316 4252 et
1349 4196 1579 4266 aliquem
1611 4208 1733 4250 esse
1778 4192 1941 4262 signi-

333 4294 462 4349 ﬂeas
483 4335 498 4359 ,
531 4302 585 4348 et
614 4308 828 4348 omnem
866 4291 941 4347 illi
972 4289 1250 4346 conliteris
1291 4297 1644 4360 potestatem,
1688 4283 1755 4338 ad
1787 4284 1942 4354 cujus

331 4395 542 4457 Spectas
585 4385 913 4440 voluntatem
963 4399 977 4435 :
1017 4381 1178 4438 simul
1227 4389 1282 4436 et
1325 4388 1553 4434 ωηεγοε
1602 4392 1765 4447 negas
1807 4377 1940 4434 deos

330 4493 471 4544 esse,
520 4479 650 4532 dum
696 4479 810 4532 suis
851 4474 1128 4530 vocabulis
1167 4487 1466 4540 nuncupas,
1497 4469 1810 4532 Saturnum,
1839 4470 1937 4524 Jo-

2044 3270 2094 3323 vi
2126 3268 2440 3337 alllictatur,
2473 3272 2614 3327 hunc
2642 3273 2885 3342 protinus
2912 3273 3201 3342 implorat.
3257 3271 3310 3325 Si
3337 3268 3446 3340 quis
3469 3265 3519 3320 ad
3537 3277 3602 3316 et-

2043 3376 2270 3423 tremam
2304 3367 2643 3424 mendicaudi
2687 3369 3076 3425 necessitatem
3119 3370 3414 3431 deductus,
3456 3367 3608 3418 victum

2041 3460 2296 3531 precibus
2342 3461 2623 3530 exposcit,
2671 3461 2836 3515 Deum
2882 3462 3064 3516 solum
3111 3463 3423 3521 obtestatur,
3463 3465 3508 3511 et
3541 3465 3608 3520 per

2043 3552 2156 3624 ejus
2180 3553 2418 3610 divinmn
2469 3564 2627 3624 atque
2681 3555 2896 3610 unicum
2946 3572 3162 3613 numen
3221 3556 3467 3630 (Lactant.
3494 3548 3565 3605 lib.
3585 3560 3610 3599 ll

2039 3642 2275 3699 Iustitia.
2307 3661 2423 3713 cap.
2453 3646 2509 3711 2,
2543 3662 2663 3715 pag.
2697 3644 2844 3716 158).
2881 3664 2900 3698 ι

2107 3735 2278 3788 Porro
2301 3735 2388 3788 illa
2412 3734 2503 3790 Dei
2519 3736 2754 3805 cognitio
2777 3739 2850 3791 ita
2864 3740 3038 3794 menti
3059 3733 3612 3800 hominumintiinisque

2042 3825 2289 3880 sensibus
2319 3827 2628 3904 ingenerata
2653 3837 2753 3892 est,
2783 3840 2838 3882 ut
2864 3845 2892 3883 a
2919 3831 3154 3887 nemine
3183 3833 3305 3886 sine
3332 3840 3491 3896 magno
3511 3823 3604 3887 υἱε-

2045 3919 2168 3972 culo
2199 3917 2432 3987 ignorari
2464 3920 2650 3988 possit.
2677 3917 2812 3974 Nam
2841 3939 2860 3972 ε
2898 3921 3186 3991 ignorare,
3216 3925 3292 3978 ait
3322 3928 3480 3975 auctor
3505 3926 3611 3967 nos-

2044 4017 2146 4072 ter,
2177 4023 2275 4063 nec
2302 4009 2380 4063 fas
2406 4020 2510 4073 est,
2572 4026 2670 4066 nec
2699 4011 2824 4068 licet
2857 4013 3209 4083 ingerentem
3241 4028 3361 4070 sese
3386 4006 3549 4067 oculis.
3571 4008 3614 4056 εί

2041 4101 2291 4156 sensibus
2333 4103 2532 4158 nostris
2559 4106 2838 4160 cmlestem
2867 4105 3212 4163 claritatem.
3252 4126 3272 4159 ι
3305 4100 3614 4174 Quamobrem

2043 4195 2131 4250 ille
2160 4206 2342 4264 postea
2372 4195 2596 4251 ﬁdenter
2623 4207 2929 4264 assizverat,
2970 4200 3266 4269 quoslibet
3309 4199 3466 4254 Deum
3500 4194 3615 4260 ίεηο·

2041 4301 2222 4345 rantes
2252 4305 2356 4344 non
2401 4304 2560 4345 secus
2598 4300 2756 4360 atque
2785 4291 2978 4360 impios
3003 4332 3020 4358 ,
3069 4293 3283 4350 debitis
3324 4283 3616 4348 mulctandos

2042 4396 2163 4436 esse
2203 4382 2375 4452 poenis
2403 4398 2466 4438 ac
2493 4383 2789 4453 suppliciis.
2832 4384 3190 4454 Loqneutem
3226 4389 3375 4442 illum
3405 4385 3445 4439 si
3472 4377 3619 4435 audire

2041 4476 2196 4543 velis,
2239 4491 2366 4533 ecce
2403 4476 2630 4546 ipsemet
2674 4478 2792 4545 ejus
2835 4478 2998 4534 verba
3049 4497 3064 4533 :
3108 4501 3129 4533 ε
3184 4481 3299 4538 Eos
3328 4479 3525 4539 merito,
3554 4467 3623 4541 qui

327 4586 468 4636 vein,
496 4570 740 4636 Martem,
773 4579 826 4623 et
850 4567 1162 4621 Minervam.
1198 4564 1382 4620 Solum
1419 4563 1583 4618 Deum
1610 4563 1919 4630 conﬁrmas,
1947 4559 2001 4619 D
2030 4567 2195 4622 Deum
2226 4568 2510 4629 nesciunt,
2546 4579 2601 4623 ut
2632 4569 2847 4638 impios,
2881 4579 2938 4624 ut
2965 4571 3238 4641 injustas,
3274 4573 3376 4628 nisi
3408 4567 3622 4641 profanus

327 4681 489 4737 quem
529 4671 732 4718 tantum
765 4660 929 4714 Deum
972 4659 1237 4722 nominas;
1271 4664 1331 4711 ut
1355 4671 1476 4710 cum
1510 4655 1631 4710 illos
1660 4654 1924 4709 interdum

327 4760 460 4816 deos
494 4756 764 4827 appellas,
797 4753 863 4810 de
893 4752 1089 4813 alieno,
1123 4758 1180 4805 et
1203 4749 1353 4820 quasi
1387 4763 1483 4817 pro
1515 4756 1698 4802 mutuo
1728 4762 1821 4804 usa
1849 4747 1926 4802 vi-

325 4854 524 4910 dearis.
567 4853 640 4907 De
679 4859 865 4905 natura
903 4861 1118 4916 quoque
1160 4843 1287 4910 Dei,
1329 4858 1487 4914 quam
1531 4841 1922 4913 praedicamus,

323 4961 425 5002 nec
465 4954 513 5000 te
559 4945 707 4998 latet.
757 4943 897 4997 Deus
936 4939 1131 5006 bonus,
1181 4937 1317 4992 Deus
1357 4934 1644 5003 benefacit,
1689 4945 1775 4988 tua
1816 4948 1936 4987 vox.

322 5047 406 5094 est
436 5037 573 5109 (Lib.
606 5037 668 5090 de
695 5034 975 5088 Testimon.
1002 5032 1188 5086 anima:
1236 5047 1353 5100 cap.
1384 5029 1451 5098 9.,
1487 5046 1606 5099 pag.
1638 5027 1766 5098 81).
1811 5046 1830 5078 t
1867 5027 1923 5081 In

322 5129 462 5184 libro
483 5142 698 5198 quoque
724 5125 790 5180 ad
818 5125 1099 5196 Scapulam
1130 5141 1144 5176 :
1181 5141 1201 5175 ι
1237 5121 1491 5192 Populus,
1524 5120 1720 5189 inquit,
1749 5117 1925 5172 accla-

321 5237 478 5276 maus
509 5221 618 5273 Dco
644 5217 898 5284 Deorum,
930 5217 1018 5284 qui
1045 5215 1194 5270 solus
1218 5223 1409 5284 potens
1435 5222 1541 5279 est,
1574 5213 1625 5266 in
1649 5210 1798 5265 Jovis
1820 5225 1921 5264 no-

321 5313 488 5375 mine,
529 5311 638 5367 Deo
693 5318 878 5364 nostro
936 5305 1303 5363 testimonium
1334 5302 1567 5359 reddidit
1601 5299 1792 5373 (Idem,
1827 5299 1915 5354 lib.

321 5406 390 5460 ad
418 5406 636 5473 Scapul.
665 5421 780 5475 cap.
806 5405 863 5464 4.
893 5419 1014 5474 pag.
1047 5401 1176 5470 87).
1216 5418 1234 5451 ι

392 5503 460 5556 At
499 5498 649 5564 illud,
689 5497 880 5566 inquit,
913 5507 994 5552 est
1028 5514 1046 5548 ι
1084 5492 1451 5549 testiinonium
1484 5489 1677 5545 animm
1707 5496 1922 5543 natura-

320 5593 445 5649 liter
479 5592 788 5648 christianae
814 5632 828 5655 ,
869 5609 887 5642 ι
921 5590 973 5644 in
1011 5589 1114 5642 huc
1149 5585 1434 5652 videlicet,
1464 5584 1604 5655 quod
1633 5583 1847 5638 insitam
1889 5596 1920 5636 a

321 5694 512 5739 natura
558 5683 754 5738 habeat.
782 5682 894 5736 veri
939 5680 1368 5735 Christianorum
1401 5678 1495 5733 Dci
1536 5677 1914 5746 cognitionem.

319 5771 440 5830 Non
463 5773 609 5830 enim
635 5771 811 5830 minus
834 5770 1139 5841 perspicue,
1166 5769 1307 5827 sicut
1330 5783 1428 5826 suo
1449 5768 1568 5828 loco
1595 5766 1916 5834 videbimus,

2030 4672 2191 4712 nemo
2219 4656 2518 4722 deliberat;
2561 4674 2684 4713 cum
2717 4671 2994 4728 parentem
3031 4665 3320 4731 omnium,
3347 4673 3402 4720 et
3427 4659 3622 4718 omnium

2029 4747 2317 4803 Dominum
2349 4765 2454 4804 non
2500 4752 2726 4806 minoris
2766 4753 2990 4808 sceleris
3034 4755 3114 4810 sit
3167 4757 3457 4826 ignorare.
3492 4759 3624 4818 quam

2026 4839 2248 4896 laedere.
2300 4861 2318 4893 ι
2353 4841 2460 4898 Sed
2487 4842 2597 4912 jam
2647 4842 2846 4899 audisti
2890 4844 3094 4901 citatos
3147 4864 3180 4904 a
3231 4848 3395 4904 nobis
3440 4841 3629 4902 Paulum

2029 4933 2368 5002 Apostoluin,
2399 4935 2812 5003 Tertullianum,
2856 4935 3209 5008 Cyprianum
3247 4939 3438 4996 eadem
3464 4935 3527 4990 de
3547 4930 3630 4986 illis

2030 5027 2469 5096 pronuntiantes,
2499 5030 2587 5098 qui
2637 5045 2736 5085 nec
2765 5046 2829 5084 ex
2858 5032 3024 5085 rebus
3073 5034 3289 5089 creatis
3309 5075 3322 5098 ,
3359 5046 3456 5088 nec
3479 5043 3539 5086 er.
3563 5022 3632 5079 illa

2030 5117 2263 5187 ingenita
2295 5121 2566 5176 mentibus
2595 5125 2710 5177 suis
2757 5121 2850 5178 Dei
2877 5123 3212 5192 cognitione
3237 5167 3254 5195 ,
3303 5126 3454 5182 illum
3497 5129 3634 5190 agito-

2028 5220 2204 5276 scuut,
2235 5222 2328 5266 aut
2354 5212 2540 5267 volunt
2562 5228 2880 5284 agnoscere.

2100 5304 2171 5357 At
2200 5303 2322 5358 huic
2349 5303 2420 5359 de
2463 5306 2667 5361 homini
2701 5307 2881 5362 innata
2913 5307 3006 5362 Dei
3059 5312 3398 5380 cognitione
3427 5301 3637 5378 opinioni

2027 5405 2284 5465 quantum
2315 5395 2541 5464 gentiles
2569 5397 2730 5474 etiam
2765 5397 3077 5468 philosophi
3129 5400 3403 5465 faveant,
3450 5413 3513 5454 ex
3541 5393 3637 5449 illo.

2025 5502 2145 5542 rum
2176 5489 2404 5544 Oratore
2435 5487 2601 5542 latino
2635 5494 2819 5558 accipe
2853 5507 2866 5546 :
2907 5509 2926 5542 ι
2962 5487 3109 5554 Quae
3140 5503 3259 5559 est,
3295 5492 3495 5562 inquit,
3528 5497 3640 5558 gens

2025 5593 2116 5636 aut
2145 5579 2286 5650 quod
2313 5596 2482 5650 genus
2515 5585 2815 5649 hominum,
2839 5581 2977 5654 quod
3002 5598 3128 5640 non
3162 5586 3376 5642 habeat
3395 5585 3514 5642 sine
3535 5579 3643 5635 doc-

2026 5673 2163 5727 trina
2208 5672 2643 5742 anticipationem
2688 5675 2972 5744 quamdam
3003 5673 3261 5732 deorum
3292 5720 3307 5743 ,
3360 5689 3521 5744 quam
3561 5683 3642 5737 δυσ

2023 5764 2188 5837 pellat
2216 5767 2446 5836 πρεληφιν
2476 5766 2774 5838 Epicurus,
2823 5767 2876 5826 id
2913 5776 2995 5826 esi
3023 5807 3041 5836 ,
3085 5778 3457 5842 anteceptam
3488 5763 3644 5822 animo
