3802 6276
214 312 301 370 823

208 538 296 579 nec
328 525 501 591 qua-ri,
546 539 640 580 nec
678 525 942 595 diSputari
984 533 1267 598 possit.....
1300 535 1433 591 Cum
1473 541 1616 596 enim
1655 558 1759 598 non

208 617 424 672 instituto
447 616 635 685 aliquo.
666 626 759 673 aut
786 636 958 683 more,
986 633 1078 678 aut
1106 625 1223 696 lege
1251 628 1321 681 sit
1348 629 1529 699 opinio
1556 635 1761 690 consti-

213 720 336 775 tuta,
370 718 662 779 maneatque
704 712 774 767 ad
804 728 968 769 unum
1001 719 1238 773 omnium
1269 719 1420 776 ﬁrma
1451 730 1757 793 consensio,

218 804 420 876 intelligi
451 818 643 860 necesse
672 815 759 860 est
786 821 910 862 esse
946 808 1110 876 deos;
1157 814 1409 884 quoniam
1453 818 1638 875 insitas
1663 837 1759 878 eo-

223 914 372 963 rum,
405 900 475 953 vel
511 897 661 968 potius
700 897 921 955 innatas
970 905 1306 972 eugnitiunes
1350 908 1630 967 habemus.
1683 914 1759 970 De

224 1007 323 1063 quo
345 1002 491 1045 autem
510 990 727 1045 omnium
759 1002 946 1048 natura
994 1002 1284 1063 consentit,
1330 1001 1381 1057 id
1410 1018 1590 1059 verum
1639 1021 1759 1064 esse

218 1096 417 1138 necesse
436 1090 518 1136 est.
541 1080 668 1136 Esse
695 1082 859 1152 igitur
883 1084 1016 1143 deos
1042 1090 1404 1147 conﬁtendum
1431 1105 1515 1150 est
1541 1116 1559 1148 ι
1593 1096 1754 1169 (Cic.,

214 1173 300 1229 lib.
336 1190 355 1228 ι
395 1174 449 1226 de
480 1171 655 1229 ﬂatur.
693 1173 880 1236 Deor..
923 1194 1040 1248 pag.
1073 1179 1213 1248 202,
1247 1184 1339 1239 lin.
1383 1186 1417 1242 5
1459 1197 1514 1243 et
1542 1204 1693 1260 seqq.
1715 1190 1753 1259 ).

208 1269 331 1335 Quid
362 1278 516 1323 autem
545 1268 628 1323 illa
675 1271 907 1327 hominis
936 1273 1136 1330 ethnici
1185 1278 1522 1337 confessione
1567 1293 1622 1338 et
1664 1300 1755 1340 ar-

195 1360 559 1432 gumentatione
580 1362 781 1426 verius.
808 1365 910 1420 nisi
932 1366 1064 1422 deos
1086 1383 1215 1426 suos
1243 1387 1338 1441 pro
1363 1389 1494 1429 vero
1518 1383 1575 1430 et
1596 1380 1755 1433 unico

192 1455 294 1509 Deo
343 1453 585 1508 dixisset?
629 1455 700 1510 At
753 1457 891 1520 vide,
946 1476 1152 1529 qttmso,
1206 1480 1272 1517 an
1320 1465 1463 1521 hunc
1510 1484 1752 1525 errorem

192 1544 544 1611 emendaverit,
575 1545 664 1600 tibi
698 1547 855 1603 Ennii
884 1551 1193 1609 testimonio
1221 1559 1459 1614 ostendit
1491 1560 1632 1616 hunc
1663 1578 1754 1618 ve-

193 1655 300 1695 rum
338 1639 518 1705 Deum,
563 1641 719 1696 sicuti
765 1643 1028 1701 Minucius
1072 1657 1125 1702 ct
1166 1648 1530 1708 Tertullianus
1567 1657 1748 1725 aiunt,

198 1731 334 1788 lovis
367 1734 557 1790 nomine
594 1736 665 1791 ab
694 1738 947 1794 omnibus
992 1741 1225 1797 invocari
1276 1761 1289 1798 :
1341 1764 1360 1797 ι
1397 1746 1549 1813 Quod
1582 1752 1634 1803 ni
1677 1751 1750 1805 ita

1575 328 2043 390 DISSERTATIO.

209 430 275 484 rei
297 428 562 500 quamdam
593 431 1050 500 informationem,
1080 438 1198 493 sine
1234 453 1336 511 qua
1372 457 1473 500 nec
1497 444 1722 519 intelligi
1748 490 1762 514 ,
1791 453 1843 511 Α

3354 365 3460 420 426

2055 451 2271 516 Jupiter,
2292 457 2555 509 auctiferas
2571 460 2793 515 lustravit
2814 464 2995 518 lumine
3019 474 3191 523 terras.

1866 555 1928 610 Hi
1958 568 2135 614 autem
2164 576 2349 618 versus
2376 566 2515 635 apud
2545 567 2832 637 ipsummet
2862 572 3151 633 Homerum
3183 581 3261 637 sic
3284 598 3460 653 graece

1865 650 2189 707 exhibentur
2221 672 2235 709 :

2111 780 2215 840 Toto;
2240 779 2306 829 γὰρ
2329 781 2411 827 νόος
2436 782 2534 821 ἐστὶν
2557 784 2764 836 inﬂavit”
2786 788 2992 840 ἀνθρώπων,

2112 831 2201 877 Οῐον
2225 841 2280 878 ἀπ’
2302 841 2401 895 ἦμαρ
2422 840 2539 900 ἄγησι
2548 831 2680 900 -ῃξήρ
2700 846 2841 900 ἀνδρῶν
2857 831 2903 891 ¹τι
2928 831 3014 892 οιέν
3030 869 3085 894 τι.

2522 895 2700 957 (Hosti,
2728 895 2904 965 Odyss.
2930 917 3103 968 xxvm,
3133 921 3176 959 v.
3201 910 3331 975 155.)

1860 988 2005 1057 Quos
2034 991 2229 1051 latinus
2258 997 2527 1070 interpres
2554 1003 2632 1058 sic
2661 1006 2930 1063 reddidit:

1952 1101 2085 1175 Ialis
2102 1106 2232 1155 enim
2255 1122 2396 1175 mens
2419 1119 2497 1162 est
2520 1118 2833 1167 terrestrium
2858 1120 3107 1175 hominum

1954 1165 2159 1224 Qualem
2174 1171 2395 1231 quotidie
2418 1174 2554 1225 ducit
2577 1185 2722 1240 pater
2740 1165 3107 1248 hominum-que.
3121 1190 3449 1258 deorumque.

1931 1268 2144 1333 Scimus
2167 1275 2385 1345 quidem
2412 1294 2443 1333 a
2477 1280 2755 1340 Lactantio
2785 1289 3059 1359 traditum,
3087 1293 3219 1350 nihil
3248 1298 3315 1353 ab
3345 1300 3455 1356 llo-

1858 1379 2012 1421 mero
2046 1368 2158 1423 dari
2226 1374 2463 1441 potuisse
2523 1380 2663 1447 quod
2710 1384 2973 1450 pertineat
3016 1388 3081 1442 ad
3132 1394 3453 1462 veritatem;

1857 1459 2055 1531 quippe
2082 1463 2173 1531 qui
2202 1463 2429 1521 humana
2461 1472 2637 1538 potius
2664 1489 2822 1542 quam
2849 1477 3027 1534 divina
3071 1459 3457 1557 conscripserit

1859 1548 2163 1620 (Lactant.,
2200 1556 2291 1612 lib.
2334 1574 2351 1612 ι
2411 1557 2583 1615 Instit.
2635 1564 2817 1633 divin.,
2868 1584 2987 1639 cap.
3040 1572 3110 1635 5,
3162 1548 3451 1651 pag-21).

1861 1638 2054 1696 Verum
2088 1656 2440 1717 praeterquam
2484 1654 2626 1721 quod
2666 1656 2857 1712 Cicero
2898 1659 3013 1716 haec
3041 1667 3275 1723 carmina
3316 1678 3456 1724 tam-

1854 1748 2012 1803 quam
2046 1738 2265 1805 prohata
2295 1741 2492 1798 Stoicis
2531 1745 2751 1811 citavit,
2783 1766 2845 1805 ea
2876 1767 3007 1808 sane
3032 1754 3246 1813 Minucii
3285 1763 3455 1816 nostri

205 1837 379 1891 65561,)
402 1828 576 1898 inquit,
613 1848 632 1882 ι
659 1832 749 1901 qui
772 1834 1034 1903 potuisset
1056 1850 1278 1894 assensu
1308 1841 1546 1897 omnium
1573 1842 1754 1900 dicere
1782 1844 1831 1904 Β
1860 1829 2133 1921 proposito
2161 1830 2240 1886 sic
2269 1846 2609 1904 congruunt,
2649 1849 2708 1894 ut
2731 1840 2797 1895 ad
2831 1843 2916 1897 illa
2948 1845 3268 1905 collineasse
3299 1853 3457 1921 plane

207 1918 385 1975 Ennius
405 1937 416 1974 :

614 2035 796 2099 Aspice
809 2037 903 2089 hoc

309 2094 752 2206 Subli'tgfecsndens,
779 2113 930 2163 quem
954 2100 1186 2154 invocant
1203 2117 1376 2156 omnes

436 2170 589 2209 ovem.

198 2258 327 2314 Illum
356 2275 467 2316 vero
492 2272 543 2318 et
569 2262 758 2320 Jovem
789 2275 846 2321 et
873 2266 1264 2326 dominatorem
1295 2288 1507 2343 rerum,
1537 2285 1592 2331 et
1629 2290 1746 2331 om-

192 2351 274 2406 nia
299 2362 409 2407 nutu
433 2367 720 2426 regentem,
754 2368 809 2414 et
838 2371 894 2414 ut
921 2362 1059 2416 idem
1093 2364 1312 2432 Ennius,

355 2466 531 2518 Patrem
559 2468 836 2537 Divumque
857 2476 1231 2543 hominumque.

194 2578 250 2624 et
278 2582 584 2642 prasentem,
616 2591 681 2632 ac
710 2591 1093 2649 prmpotcntem
1126 2583 1310 2640 Deum.
1343 2586 1497 2656 Quod
1526 2589 1613 2657 qui
1644 2590 1744 2645 du-

198 2660 336 2728 bitat,
363 2664 643 2723 haud'sane
670 2672 911 2743 intelligo
934 2716 948 2741 ,
989 2690 1086 2730 cur
1111 2692 1216 2731 non
1248 2679 1410 2746 idem,
1443 2682 1524 2736 sol
1554 2681 1642 2750 sit,
1675 2698 1745 2737 an

196 2753 346 2808 nullus
375 2757 466 2823 sit,
500 2757 745 2816 dubitare
783 2765 956 2833 possit
997 2785 1017 2818 ι
1068 2767 1198 2839 (lib.
1241 2786 1278 2825 ιι
1303 2771 1367 2827 de
1395 2771 1525 2829 Nat.
1560 2774 1741 2844 Deor.,

195 2857 301 2913 pag.
325 2845 434 2914 214,
460 2847 549 2904 lin.
580 2851 650 2905 12
672 2861 728 2908 ct
751 2868 903 2926 seqq.
928 2854 969 2927 ).

768 2988 995 3047 CAPUT
1032 2991 1123 3048 IV.
1168 3046 1182 3062 ,

756 3118 822 3157 DE
860 3119 965 3159 Ι)Εο
1003 3120 1124 3162 υκο.

662 3253 955 3297 ABTICULDS
1007 3258 1216 3300 PRIMUS.

184 3339 490 3402 Euminatur
533 3365 886 3422 argumentum
915 3396 931 3423 ,
984 3374 1084 3427 quo
1135 3356 1376 3415 Octavius
1426 3362 1738 3419 ethnicorum

252 3448 480 3504 poetarum
523 3441 733 3499 Homeri
761 3456 808 3499 et
845 3446 1067 3519 Virgilii,
1097 3450 1520 3521 philosophorum
1550 3453 1738 3511 Thale-

249 3527 324 3593 tis,
351 3531 680 3603 Anaximenis,
714 3536 954 3608 Diogenis
980 3540 1345 3608 Apolloniatis,
1392 3544 1735 3616 Anaxagorw,

248 3620 531 3694 Pythagora:
575 3638 622 3682 et
672 3627 1012 3700 Xenophanis
1047 3635 1348 3691 auctoritate
1387 3653 1548 3691 unum
1590 3638 1741 3693 dunt-

252 3722 377 3769 taxat
401 3715 555 3773 Deum
584 3736 691 3776 esse
720 3724 959 3777 ostendit.

244 3848 672 3914 Quemadmodum
735 3855 1001 3913 Minucius
1065 3859 1409 3918 validissimis
1470 3864 1735 3922 rationum

172 3946 464 4013 momentis,
484 3962 545 4003 ac
562 3951 836 4005 communi
859 3951 1097 4007 omnium
1131 3956 1448 4025 populorum
1469 3972 1735 4015 consensu

169 4030 483 4094 demonstrat
510 4040 674 4098 Deum
717 4060 908 4100 revera
953 4046 1232 4103 existere:
1276 4050 1345 4104 ita
1378 4051 1539 4106 etiam
1587 4053 1735 4108 illum

174 4121 325 4190 plane
370 4132 564 4186 unicum
615 4149 772 4202 esse,
840 4138 1191 4207 ipsorummet
1233 4142 1566 4200 ethnicorum
1613 4161 1735 4202 cum

176 4223 431 4280 poetarum
458 4230 559 4278 tum
601 4225 1047 4297 philosophorum
1092 4231 1397 4288 testimonio
1438 4236 1739 4294 luculenter

177 4307 413 4363 ostendit.
434 4311 475 4368 A
505 4316 677 4385 poetis
704 4326 886 4373 autem
925 4319 1003 4376 sic
1036 4323 1244 4377 orditur
1269 4341 1283 4378 :
1327 4344 1347 4378 ι
1376 4327 1570 4392 Audio,
1603 4347 1622 4380 ι
1651 4330 1735 4384 in-

184 4397 319 4464 ltuit,
343 4420 361 4453 ι
390 4417 545 4472 poetas
561 4425 777 4482 quoque
804 4428 966 4469 unum
996 4428 1201 4484 patrem
1230 4416 1409 4474 divum
1451 4428 1611 4490 atque
1642 4424 1738 4478 hoc

183 4490 383 4547 "linum
414 4503 736 4566 pmdicantcs
756 4546 771 4570 ,
818 4516 872 4561 et
912 4507 1070 4563 talem
1102 4524 1222 4566 esse
1250 4514 1557 4570 mortalium
1589 4531 1740 4572 men-

179 4590 309 4642 tem.
335 4590 509 4657 qualem
536 4612 736 4666 parens
764 4599 1003 4654 omnium
1028 4602 1244 4659 dixerit.
1280 4625 1300 4658 ι

241 4672 416 4736 Utrum
440 4700 556 4742 vero
581 4687 742 4743 unius
778 4701 951 4760 poeta:
976 4691 1152 4751 Graeci
1177 4698 1261 4750 vel
1290 4696 1484 4767 Latini,
1510 4716 1579 4756 an
1609 4703 1729 4771 plu-

157 4764 298 4823 rium
330 4772 429 4829 sint
451 4775 560 4834 haec
587 4781 749 4837 verba
776 4822 792 4848 ,
828 4797 858 4837 a
899 4785 1055 4841 nobis
1083 4787 1309 4845 fortasse
1334 4764 1525 4864 aliquis
1554 4764 1733 4866 requi-

158 4866 261 4911 ret.
303 4866 373 4918 At
407 4866 456 4921 in
498 4869 603 4928 iine
647 4875 943 4942 superioris
994 4880 1203 4936 articuli
1244 4883 1474 4941 vidimus
1518 4887 1728 4958 Jovem,

155 4961 313 5017 quem
341 4970 522 5016 omnes
549 4962 821 5032 invocant,
852 4969 921 5023 ah
950 4969 1123 5026 Ennio
1152 4984 1304 5041 poeta
1342 4980 1524 5035 vocari
1561 5000 1581 5033 ι
1627 4983 1732 5037 Pa-

156 5047 290 5099 trem
333 5048 611 5121 divumque
651 5056 1057 5133 hOminumque.
1114 5085 1134 5118 ι
1185 5066 1375 5124 Cicero
1429 5085 1606 5129 autem
1663 5076 1735 5132 ibi

162 5130 369 5195 Balbum
408 5141 646 5202 Stoicum
687 5150 891 5207 inducit
930 5130 1045 5211 hinc
1087 5158 1198 5228 ipsa
1242 5162 1403 5217 verba
1444 5166 1696 5224 citantem
1720 5210 1735 5234 ,

161 5227 338 5294 quibus
381 5241 837 5303 praestantissima:
873 5248 1068 5302 mentis
1103 5227 1302 5307 numen
1341 5255 1572 5311 existere
1608 5274 1738 5315 con-

165 5316 338 5411 lirmet.
370 5327 639 5386 Testatnm
669 5346 929 5404 praeterea
964 5341 1289 5411 Augustinus
1334 5345 1461 5402 facit
1488 5350 1736 5406 eumdem

170 5405 448 5513 Ciceronem
471 5421 753 5494 (August.,
780 5427 870 5483 lib.
895 5446 930 5483 v
954 5423 1017 5486 de
1050 5405 1230 5496 cura,
1264 5451 1382 5507 Cap.
1410 5437 1466 5505 s,
1498 5454 1549 5508 p.
1581 5439 1729 5513 ist),

186 5504 249 5563 ubi
272 5513 445 5580 probat
473 5532 502 5568 a
534 5516 730 5575 Stoicis
754 5520 944 5579 Jovem
974 5546 993 5577 ί
1021 5542 1180 5597 quem
1212 5504 1480 5587 summum
1500 5504 1728 5590 ὀιξυηιῖ

176 5602 409 5672 Putabant,
454 5608 738 5676 appellari,
774 5612 873 5669 hos
901 5617 1096 5674 citasse
1130 5620 1349 5677 Homeri
1384 5638 1589 5693 versus,
1629 5626 1735 5682 sic-

167 5700 251 5771 (Ιυθ
271 5697 319 5754 in
349 5698 577 5754 latinam
609 5706 836 5762 vertisse
860 5708 1094 5780 linguam
1125 5731 1139 5768 :

323 5808 476 5865 Tales
497 5818 618 5864 sunt
632 5814 885 5868 homlnum
901 5828 1099 5875 mentes
1120 5827 1253 5891 quali
1275 5836 1419 5894 pater
1442 5834 1552 5898 ipse

668 5904 952 5969 Ρλτιοι..
1012 5908 1125 5977 llI.

1766 1990 1769 1993 _
1856 1918 2122 1974 videatur.
2157 1921 2213 1977 Si
2243 1926 2364 1993 quis
2397 1938 2594 1991 tamen,
2628 1940 2723 1985 aut
2750 1932 3003 1997 Ennium,
3034 1948 3127 1993 aut
3164 1942 3298 1997 alios
3329 1960 3457 2011 poc-

1854 2021 1935 2067 tas
1967 2013 2037 2068 ibi
2064 2016 2132 2070 ab
2161 2016 2252 2072 illo
2277 2020 2430 2076 citari
2457 2023 2611 2079 nobis
2633 2036 2778 2084 recte
2811 2031 3139 2101 probaverit,
3169 2036 3243 2092 illi
3273 2039 3454 2097 Statim

1851 2104 2275 2163 subscrihemus.

1920 2196 2072 2252 Alter
2111 2204 2266 2269 pueta
2306 2218 2336 2257 a
2381 2204 2653 2276 Minucio,
2698 2214 3149 2281 quemadmodum
3194 2232 3378 2291 postea
3422 2242 3456 2282 τι

1848 2287 2127 2346 Laetantio
2179 2294 2484 2365 (Lactant.,
2540 2299 2634 2355 lib.
2680 2317 2698 2358 ι
2746 2301 2920 2360 quit.
2980 2309 3163 2376 divin.,
3195 2287 3338 2386 icap.
3393 2318 3452 2385 5,

1848 2395 1965 2451 pag.
1998 2382 2117 2448 22),
2168 2386 2388 2441 nomine
2437 2403 2536 2444 suo
2575 2391 2654 2445 sic
2679 2396 3025 2464 appellatur:
3063 2420 3083 2453 ι
3120 2403 3257 2471 Quid
3288 2382 3453 2463 'Man;

1848 2481 2039 2528 tuanus
2060 2474 2242 2530 Maro?
2264 2477 2453 2536 Nonne
2481 2485 2740 2553 apertius,
2773 2491 3085 2562 proximius,
3122 2505 3177 2550 et
3202 2499 3398 2565 verius,
3425 2520 3444 2552 ι

1848 2568 1899 2623 id
1929 2578 2041 2634 est,
2084 2573 2302 2641 pr0pius
2327 2573 2392 2627 ad
2421 2590 2603 2630 veram
2626 2577 2694 2633 de
2721 2579 2829 2635 Deo
2850 2586 3171 2642 sententiam
3208 2593 3447 2660 accedit,

1847 2674 2078 2732 eamque
2103 2665 2342 2732 apertius
2362 2675 2417 2721 et
2441 2672 2620 2724 verius
2645 2668 2923 2728 declarat?
2944 2673 3091 2731 Illius
3123 2690 3298 2735 tamen
3328 2700 3454 2740 ver-

1848 2767 1941 2808 sus
1982 2764 2171 2811 auctor
2198 2769 2384 2814 noster
2407 2776 2510 2816 nec
2536 2761 2799 2832 integros,
2830 2782 2929 2822 nec
2959 2785 3067 2840 quo
3096 2773 3150 2828 in
3180 2775 3320 2831 libro
3348 2778 3451 2834 ha-

1846 2847 2111 2915 beantur,
2155 2850 2249 2906 sed
2289 2868 2476 2909 eorum
2502 2854 2784 2912 dumtaxat
2821 2875 3078 2930 sensum,
3120 2879 3172 2922 et
3201 2870 3449 2939 quaedam

1848 2942 2009 2998 verba
2040 2946 2283 3013 quamvis
2308 2961 2372 3002 ex
2402 2947 2614 3004 duobus
2638 2951 2754 3020 cjus
2789 2952 2943 3009 libris
2968 2968 3225 3029 excerpta
3249 3002 3263 3027 ,
3304 2961 3449 3020 hunc

1847 3033 2071 3090 exhibet
2100 3036 2151 3090 in
2182 3037 2402 3093 modum
2439 3057 2452 3093 :
2488 3060 2507 3092 ‹
2549 3040 2821 3113 Principio
2849 3046 3047 3103 cmlum
3077 3060 3132 3104 et
3170 3060 3360 3119 terras,
3394 3066 3454 3112 et

1847 3134 2040 3180 caetera
2069 3128 2252 3183 mundi
2282 3130 2543 3197 membra,
2582 3133 2802 3202 spiritus
2843 3136 2985 3193 intus
3022 3139 3152 3209 alit,
3194 3152 3250 3198 et
3276 3145 3453 3203 infusa

1765 3228 1810 3291 ρ
1847 3231 2001 3272 mens
2041 3219 2239 3289 agitat;
2269 3220 2396 3277 inde
2420 3222 2696 3280 hominum
2736 3228 3107 3301 pecudmnque
3142 3249 3312 3304 genus
3335 3278 3351 3303 ,
3394 3248 3453 3295 et

1840 3310 2098 3379 quidquid
2137 3312 2280 3366 aliud
2311 3316 2642 3370 animalium.
2681 3337 2700 3369 ι
2736 3318 2883 3374 ldem
2910 3321 3020 3377 alio
3048 3324 3169 3381 loco
3209 3338 3449 3388 mentem

1840 3401 1998 3458 istam
2037 3415 2091 3460 et
2135 3406 2382 3475 spiritum
2429 3411 2689 3465 nominat.
2746 3412 2872 3468 Haec
2916 3416 3062 3470 enim
3111 3419 3226 3488 ejus
3269 3433 3445 3479 sunt:

1847 3513 1866 3547 ι
1894 3496 2060 3552 Deum
2092 3514 2322 3569 namque
2355 3500 2434 3556 ire
2466 3518 2561 3571 per
2591 3519 2782 3560 omnes
2808 3514 3090 3577 terrasque
3134 3520 3447 3587 tractusque

1843 3592 2031 3656 maris,
2060 3592 2364 3664 caelumque
2405 3595 2725 3665 profundum
2756 3615 2770 3652 :
2807 3602 2949 3655 unde
2989 3601 3236 3661 homines
3266 3616 3321 3664 et
3347 3624 3445 3680 pc-

1840 3682 2028 3749 cudes,
2055 3684 2195 3740 unde
2221 3684 2395 3741 imber
2415 3695 2471 3742 et
2497 3687 2665 3758 ignes.
2707 3710 2727 3742 ι
2759 3690 2875 3747 Non
2909 3694 3067 3764 igitur
3092 3696 3296 3754 inutilis
3323 3715 3444 3757 om-

1842 3775 1969 3829 nino
2007 3776 2326 3846 quihusdam
2359 3794 2539 3850 opera:
2572 3784 2801 3851 pretium
2843 3784 2946 3839 erit
2975 3786 3212 3859 into-grus
3252 3808 3445 3852 versus

1839 3866 1964 3922 illos
1988 3867 2296 3924 describere
2321 3911 2334 3932 ,
2365 3878 2421 3926 et
2447 3871 2685 3928 indicare
2716 3876 2804 3929 ubi
2837 3878 3193 3946 reperiantur.
3222 3881 3442 3941 Priores

1839 3968 2017 4014 autem
2047 3959 2099 4014 in
2127 3971 2282 4016 sexto
2302 3960 2562 4018 IEneidos
2589 3964 2726 4020 libro
2746 3966 2825 4021 sic
2855 3968 3103 4036 leguntur
3134 3987 3149 4024 :

1962 4072 2209 4146 'Principio
2231 4075 2427 4146 coelum,
2446 4083 2630 4146 terras,
2656 4092 2954 4146 camposque
2979 4082 3249 4146 liquentes,

1961 4134 2335 4207 Eucentemque
2359 4134 2558 4207 globum
2585 4134 2730 4201 lunae,
2757 4134 3051 4207 Titaniaque
3069 4152 3220 4206 astra,

1963 4195 2177 4266 Spiritus
2193 4195 2326 4266 intus
2346 4195 2461 4266 alit;
2488 4195 2739 4264 totamque
2766 4203 2918 4253 infusa
2944 4195 3036 4266 p'er
3055 4195 3193 4257 artus

2016 4258 2283 4338 ens-Lagitat
2306 4258 2506 4318 molem,
2524 4269 2586 4338 ‘et
2608 4258 2785 4323 magno
2799 4277 2856 4313 se
2881 4258 3089 4338 corpore
3106 4272 3283 4338 miscet
3301 4286 3313 4322 :

1962 4317 2087 4400 Innde
2109 4317 2358 4368 hominum
2382 4317 2720 4400 pecudumque
2737 4337 2914 4400 genus,
2938 4317 3151 4389 vitatque
3173 4317 3439 4400 voiautum,

1962 4376 2025 4428 Et
2045 4392 2157 4442 quae
2176 4376 2452 4431 marmoreo
2475 4383 2572 4432 l‘ert
2594 4376 2808 4434 m'onsi'ra
2831 4376 2924 4435 sub
2945 4376 3147 4451 aequore
3174 4376 3368 4456 palmi;

2277 4467 2496 4532 (Virgil.,
2521 4467 2740 4532 Eneid.,
2764 4470 2799 4522 l.
2821 4486 2888 4535 vr,
2909 4486 2954 4525 υ.
2973 4475 3067 4526 719
3085 4485 3137 4529 et
3152 4483 3320 4545 seqq.)

1840 4572 2177 4630 Posteriores
2203 4590 2330 4632 vero
2356 4576 2410 4631 in
2438 4575 2821 4649 Georgicorum
2854 4581 2991 4638 libro
3019 4595 3211 4655 quarto
3230 4588 3307 4644 sic
3336 4587 3435 4646 ha-

1836 4664 2031 4722 bentur
2065 4684 2078 4721 :

2458 4782 2620 4835 Deum
2644 4798 2857 4851 namque
2880 4788 2956 4838 ire
2982 4800 3071 4851 per
3092 4803 3269 4840 omnes

1928 4842 2242 4914 [errasque,_
2254 4850 2542 4910 tractusque
2566 4851 2730 4914 maris,
2756 4842 3035 4912 cielnmqtie
3061 4851 3371 4914 profundum,

1930 4904 2057 4984 Eine
2086 4904 2321 4984 pecudes,
2342 4904 2583 4967 armenta,
2608 4904 2757 4984 viros,
2782 4904 3114 4972 genus'omne
3132 4904 3371 4984 ferarum;

1932 4967 2189 5034 Quemque
2211 4970 2306 5019 sibi
2326 4976 2505 5020 tenues
2525 4967 2810 5021 nascentem
2828 4984 3086 5021 arcessere
3106 4977 3248 5024 vitas.

2118 5052 2297 5116 (Idem,
2325 5054 2358 5102 ι.
2386 5069 2454 5105 ιν.
2481 5054 2723 5117 Georgia,
2748 5067 2795 5104 υ.
2820 5054 2912 5104 220
2937 5064 2989 5106 et
3010 5057 3179 5121 seqq.)

1841 5181 1898 5235 1n
1929 5181 2028 5235 hos
2053 5191 2253 5249 autem,
2286 5198 2349 5238 ac
2384 5184 2716 5253 potissimum
2748 5184 2953 5253 priores
2983 5202 3170 5242 versus
3196 5188 3438 5260 legenda:

1840 5282 1965 5326 sunt
2003 5274 2173 5328 Servii
2216 5275 2641 5330 observationes.
2669 5275 2856 5332 Plures
2903 5278 3039 5334 alios
3074 5296 3138 5336 ac
3173 5286 3441 5353 prmcipue

1841 5364 2060 5421 Grmcos
2107 5376 2327 5434 poetas,
2366 5367 2434 5423 de
2474 5369 2667 5438 quibus
2705 5370 2984 5439 superiore
3025 5383 3170 5428 tomo
3206 5377 3434 5443 egimus,

1837 5456 2098 5512 Minucius
2122 5459 2288 5513 citare
2319 5470 2526 5527 poterat
2551 5458 2570 5531 (
2601 5470 2729 5514 tom.
2756 5476 2774 5514 ι
2808 5461 3078 5530 Αρμαι-αι..
3108 5479 3231 5535 pag.
3266 5465 3393 5535 784)
3423 5485 3438 5521 :

1838 5550 1932 5606 sed
1962 5552 2086 5617 quia
2112 5550 2424 5614 Homerum,
2460 5550 2533 5603 uti
2574 5560 2818 5619 apparet,
2849 5553 3088 5608 omnium
3129 5553 3440 5612 Gra'Curum

1840 5653 2145 5712 poetarum,
2187 5642 2459 5697 Humilem
2502 5656 2627 5696 vero
2654 5641 2964 5697 Latinorum
2996 5647 3344 5717 coryphaeum
3377 5664 3443 5706 ac

1839 5733 2138 5805 principem
2188 5730 2356 5788 fuisse
2399 5748 2558 5788 nemo
2599 5747 2703 5787 non
2744 5732 2962 5793 fatetur,
3011 5736 3210 5791 idcirco
3249 5736 3446 5795 horum

1843 5824 2148 5883 testimonia
2187 5826 2255 5882 ad
2285 5825 2611 5897 praecipuum
2648 5825 2781 5883 illud
2819 5824 3129 5885 chriStianae
3168 5828 3449 5902 religionis

2931 5921 3031 5986 1h.
