3774 6270
229 303 301 364 liii
1572 290 2047 355 DISSERTATIO.

3365 310 3478 373 431)

228 427 330 481 {iiiis
350 418 458 478 sinit
480 416 758 486 διεκόσμησε
780 424 796 449 ⁸
830 412 950 489 παρ’
974 421 1003 471 ὃ
1029 418 1112 475 καὶ
1141 420 1241 477 νοῦς
1262 418 1496 480 ὶπεκλῆθη
1517 428 1530 444 ⁹
1554 424 1637 471 καί
1660 438 1750 487 pne

1933 413 2029 469 uod
2075 411 2292 483 quidem
2320 412 2464 471 hunc
2505 412 2600 473 ille
2640 417 2834 488 probat
2872 413 2927 479 in
2968 422 3234 480 modum:
3266 428 3338 483 Εὖ
3362 439 3469 498 γοῦν

234 525 310 591 arpi
333 522 458 575 εὖτδῦ
475 521 646 583 Τίμων,
676 520 728 568 ἐν
755 527 862 575 τοῖς
890 521 1078 576 Σίλλοις
1101 516 1241 569 ρῦτω.

265 929 282 964 t
317 908 481 966 Prius
512 906 581 961 liic
616 906 858 963 materiae
892 916 1129 962 mentem
1159 905 1372 976 adjecit,
1419 904 1471 961 in
1504 904 1764 977 principio

259 1000 404 1071 θρα-ξε
426 999 507 1063 sui,
530 998 657 1052 suavi
687 1008 744 1052 et
776 997 1065 1069 magniﬁca
1094 999 1338 1055 oratiOue
1364 1000 1445 1055 sic
1472 999 1716 1055 scribens
1745 1018 1760 1056 :

261 1114 278 1146 ι
302 1095 444 1150 Omnia
472 1093 607 1149 simul
647 1103 803 1148 erant
830 1135 846 1160 ,
879 1093 1078 1149 deinde
1121 1094 1348 1149 accessit
1392 1110 1566 1159 mens,
1593 1110 1765 1165 eaque

241 1188 498 1254 composuit;
525 1186 870 1255 quamobrem
898 1195 956 1240 et
991 1202 1142 1242 mens
1170 1187 1286 1243 sive
1309 1188 1521 1242 animus
1541 1228 1556 1252 ,
1583 1194 1611 1245 ὁ
1638 1196 1761 1255 vage,

228 1279 396 1333 dicitur.
437 1279 613 1334 Timon
658 1279 763 1336 hoc
806 1279 990 1350 ipsum
1035 1279 1106 1335 de
1152 1280 1571 1351 Anaxagora'in
1618 1281 1765 1338 Stllis

221 1370 473 1427 decatttavit
489 1389 502 1425 :

267 1527 383 1592 Hunc
396 1528 471 1578 ubi
489 1526 816 1591 Anaxagoras,
836 1542 984 1579 mens
1008 1535 1107 1592 est,
1128 1529 1420 1583 fortissimus
1444 1530 1616 1591 heros,

272 1588 347 1649 Qui
369 1597 559 1639 mentem
584 1588 766 1646 subito,
796 1606 905 1639 nam
933 1606 1074 1642 ruens
1094 1588 1192 1641 non
1209 1593 1372 1643 defuit
1389 1592 1478 1651 illi,

273 1651 566 1716 Composuisse
590 1661 726 1716 putat
764 1654 962 1705 fuerant
982 1668 1094 1718 quae
1118 1655 1363 1705 incondita
1384 1654 1648 1718 quondam.
1666 1666 1697 1702 »

1865 509 1950 559 nati
1982 510 2242 576 Ξενοφάνης
2269 513 2293 562 ὁ
2320 507 2614 580 Κολοφώνιος
2641 514 2888 581 διδάσκων,
2915 520 2990 572 ὅτι
3015 526 3080 579 εἷς
3102 522 3185 575 καὶ
3214 524 3475 591 deamat-ro:

1867 600 1893 649 ὁ
1917 604 2054 667 Θεὸς,
2083 604 2317 671 ἐπιφέρει.

2113 719 2176 772 Εἷς
2198 727 2288 773 Ouk
2312 725 2351 766 ἰν
2367 740 2409 768 τι
2433 728 2549 769 item
2570 731 2636 770 ιαὶ
2656 730 2878 784 ἀνθράκοισι
2892 737 3063 786 μέγιστος

2116 785 2169 828 Οὔ
2192 804 2229 829 τι
2249 786 2361 840 δέμας
2388 792 2573 841 θνητοῖσιν
2596 795 2754 844 ὀμοὶἰος,
2777 797 2819 835 οὗ
2843 795 2886 836 δί
2906 785 3032 851 νοληρά.

1874 897 1892 931 ι
1927 878 2094 937 Recte
2120 896 2250 953 ergo
2272 882 2632 956 Xenophanes
2662 889 3029 961 Colophonius
3062 892 3266 953 docens
3294 913 3463 956 unum

1868 986 1989 1031 esse
2018 974 2207 1040 Deum,
2241 984 2296 1032 et
2327 980 2725 1050 incorporeum,
2749 983 3023 1057 subiungit
3049 1005 3062 1042 :
3097 1008 3117 1041 ι

1961 1090 2204 1202 Maerus
2227 1095 2275 1143 in
2299 1107 2496 1155 genere
2520 1102 2600 1146 est
2619 1097 2786 1149 divum
2804 1106 2956 1164 atque
2968 1102 3217 1153 hominum

2102 1169 2192 1202 eus
2216 1171 2361 1202 unus.

2102 1169 2192 1205 eus
2216 1171 2361 1217 unus,

1963 1215 2055 1275 Qui
2073 1230 2169 1282 nec
2189 1215 2417 1282 corpore,
2437 1234 2533 1273 nec
2548 1231 2720 1275 mente
2744 1230 2823 1276 est
2839 1226 3127 1278 mortalibus
3149 1227 3263 1278 ullis

2056 1278 2317 1330 Assimilis.

1867 1383 2022 1441 Hunc
2079 1386 2253 1441 locum
2321 1404 2477 1459 quem
2524 1391 2651 1446 alibi
2708 1392 2947 1451 breviter
2991 1397 3286 1468 attigimus,
3328 1397 3469 1452 inte-

1869 1494 2024 1549 grmn
2072 1479 2361 1551 deSrripsit
2411 1485 2704 1552 Eusebius;
2756 1492 2845 1560 qui
2894 1502 3067 1546 tamen
3107 1493 3213 1546 alio
3256 1492 3307 1545 in
3349 1492 3472 1548 loco

1866 1569 2140 1627 Plutarchi
2186 1576 2345 1629 verba
2386 1576 2642 1642 exhibet,
2676 1582 2871 1650 quibus
2909 1584 3064 1655 longe
3099 1587 3254 1640 aliter
3283 1585 3471 1640 Xeno-

1865 1665 2059 1733 phanis
2102 1666 2169 1721 de
2204 1668 2312 1722 Deo
2344 1672 2653 1739 opinionem
2691 1689 3061 1741 repraesentat.
3112 1680 3320 1735 Videsis
3351 1679 3474 1750 Epi-

237 1779 297 1835 De
320 1779 388 1833 illo
410 1796 603 1853 quoque
636 1782 787 1852 plura
821 1781 1123 1849 Lucretius,
1152 1792 1313 1855 atque
1350 1783 1510 1838 etiam
1554 1784 1761 1855 Augus-
1788 1816 1837 1877 Β
1867 1758 2373 1877 ιῖξῖηῗιᾞιθῐξίξέί
2414 1763 2812 1877 Ἰίξξοίξ-(Ϊθίξω
2879 1769 2899 1842 (
2940 1778 3075 1877 “’2‘-
3124 1789 3140 1826 ῐ
3189 1774 3468 1877 Apparuit

242 1873 364 1936 tinus.
384 1883 426 1928 et
447 1889 537 1929 nos
564 1890 775 1946 quoque
802 1875 936 1931 locis
953 1875 1064 1946 jam
1093 1877 1270 1932 citatis
1296 1875 1562 1950 (Lucret.,
1593 1877 1684 1932 lib.
1715 1893 1754 1945 ι,

241 1978 337 2021 ante
357 1965 469 2040 lim).

292 2057 452 2114 Dehinc
492 2060 744 2116 Minucius
774 2080 788 2117 :
824 2081 844 2114 ι
881 2062 1201 2135 Pythagorae
1238 2063 1382 2120 Deus
1409 2072 1494 2120 est
1519 2065 1752 2132 animus,

228 2167 306 2225 per
336 2154 596 2208 universam
624 2171 810 2209 rerum
853 2166 1100 2215 naturam
1132 2172 1462 2224 commeans,
1503 2167 1557 2212 et
1582 2158 1757 2213 inten-

226 2254 313 2310 tus,
332 2262 383 2301 ex
404 2265 493 2317 quo
516 2249 670 2304 etiam
696 2249 1013 2304 animalium
1041 2250 1278 2304 omnium
1303 2251 1407 2323 vita
1433 2252 1692 2322 capiatur.
1728 2268 1749 2304 ›

223 2335 291 2391 Ex
325 2337 546 2395 Cicerone
588 2340 705 2396 haec
744 2340 921 2396 adhuc
972 2353 1158 2397 auctor
1212 2354 1395 2401 nosmr
1430 2343 1683 2401 delibavit
1741 2362 1754 2398 :

226 2447 243 2483 ι
267 2431 597 2503 Pythagoras,»
627 2436 699 2491 ait
727 2436 871 2503 ille,t
893 2437 1104 2492 censuit
1125 2439 1362 2493 animum
1389 2454 1509 2493 esse
1538 2455 1632 2509 per
1660 2455 1756 2495 na-

226 2532 373 2580 turam
395 2543 550 2582 rerum
573 2528 839 2585 intentum
864 2538 918 2583 υι
938 2539 1352 2593 commeantem,
1376 2545 1441 2584 ex
1466 2545 1572 2601 quo
1594 2530 1758 2585 animi

232 2624 372 2675 nostri
394 2633 711 2695 carperentur
748 2641 768 2674 ι
805 2620 986 2690 (Cic.,
1031 2623 1123 2679 lib.
1154 2639 1205 2691 ι,
1239 2623 1301 2677 de
1332 2622 1458 2677 Nat.
1489 2622 1668 2688 Deor.,
1700 2639 1754 2693 p.

247 2710 349 2778 199,
380 2714 455 2769 lin.
495 2717 614 2788 37).
665 2715 971 2786 Utrumque
1012 2717 1152 2773 haud
1202 2716 1363 2775 dubie
1416 2726 1630 2772 secutus
1674 2723 1760 2773 est

245 2802 501 2864 Lactantius.
525 2812 690 2881 Atque
720 2824 787 2865 eo
814 2812 975 2864 etiam
1017 2810 1237 2877 recidit,
1275 2810 1415 2883 quod
1448 2810 1518 2867 de
1553 2818 1757 2866 asserta

249 2895 312 2950 ab
331 2898 405 2952 illo
424 2900 707 2974 Pythagorea
738 2907 943 2959 unitate
971 2912 1024 2961 et
1052 2903 1308 2963 dualitate
1337 2904 1581 2961 Laertius
1628 2903 1757 2961 Plu-

250 2989 501 3063 tarchusque
521 3004 850 3062 memorant,
893 2996 969 3055 uti
1010 2997 1175 3066 liquet
1210 3012 1276 3057 ex
1307 2997 1390 3052 his
1417 3014 1535 3069 quae
1563 2997 1629 3051 de
1667 3012 1758 3055 eo-

243 3080 339 3136 dem
357 3084 631 3160 philosopho
658 3090 925 3158 superiori
973 3090 1265 3161 Apparatus
1293 3092 1460 3149 nOStri
1507 3101 1651 3147 tomb
1677 3090 1758 3145 lo-

229 3174 402 3248 cisjatn
422 3183 575 3237 citatis
601 3184 1010 3239 observavimus
1047 3183 1348 3255 (Lat-tant..
1386 3184 1479 3241 lib.
1508 3200 1527 3239 ι
1577 3183 1751 3239 Ιηδιὶι.
1782 3208 1827 3271 C

218 3269 370 3333 diem.
400 3289 502 3345 cap.
534 3278 589 3343 5,
623 3293 743 3351 pag.
782 3278 885 3344 24,
920 3287 975 3333 et
1004 3278 1098 3334 lib.
1128 3279 1194 3333 de
1219 3279 1310 3334 Ira
1342 3277 1470 3345 Dei,
1510 3294 1628 3349 Cap.
1663 3279 1752 3346 11,

212 3376 316 3432 pag.
346 3364 465 3432 796;
505 3368 708 3432 Laert.,
744 3370 836 3424 lib.
883 3386 935 3427 vr
976 3371 1029 3425 in
1084 3369 1180 3426 Vit.
1226 3370 1479 3443 Pyt/tag.;
1527 3371 1752 3435 l'lutar.,

207 3454 285 3512 lib.
315 3474 349 3515 ι.
374 3462 429 3515 de
451 3461 533 3516 Pl.
560 3461 888 3535 Phil050plt.,
920 3478 1043 3537 pag.
1071 3463 1199 3532 876,
1235 3475 1360 3520 toni.
1394 3464 1448 3531 1,
1478 3463 1751 3537 Apparat.,

202 3563 302 3621 pag.
334 3553 426 3610 785
438 3564 474 3624 ).
963 3608 969 3612 _

259 3645 373 3702 Post
405 3650 514 3706 haec
550 3660 729 3706 autem
763 3651 1024 3711 Minucius
1069 3672 1082 3708 :
1115 3670 1134 3707 ι
1166 3652 1578 3723 Xenophanem,
1608 3673 1628 3708 ι
1664 3654 1748 3711 in-

204 3739 313 3808 quit,
338 3760 362 3795 ι
390 3753 565 3803 notum
587 3754 671 3801 est
699 3761 858 3803 omne
881 3747 1146 3807 inﬁnitum
1178 3762 1297 3803 cum
1331 3758 1511 3805 mente
1536 3790 1550 3814 ,
1580 3749 1749 3805 Deum

207 3832 402 3890 tradere.
427 3855 449 3891 ι
471 3836 748 3895 Ciceronis
767 3850 945 3899 autem
960 3841 1086 3899 haec
1108 3850 1233 3901 sunt
1255 3841 1416 3899 verba
1442 3842 1709 3912 ipsiss'tma
1732 3860 1746 3898 :

210 3940 228 3977 t
255 3925 369 3984 Tum
390 3929 765 4003 Xenophanes.
793 3943 974 3991 mente
997 3935 1268 4007 adjuncta,
1302 3950 1462 3991 omne
1491 3946 1749 4003 praeterea

208 4023 467 4090 Massa
489 4028 779 4094 inﬁnitum,
810 4028 977 4087 Deum
1004 4030 1172 4086 voluit
1196 4044 1315 4085 esse
1346 4048 1366 4082 ι
1400 4030 1421 4102 (
1448 4028 1585 4095 Cic.,
1613 4030 1703 4086 lib.
1732 4046 1747 4084 ι

211 4112 261 4167 tle
283 4114 442 4177 Natta.
464 4121 641 4189 Deam,
666 4138 790 4195 pag.
822 4124 946 4191 199,
966 4107 1063 4180 liii.
1086 4125 1121 4180 1
1162 4122 1204 4197 ).
1225 4125 1291 4183 At
1314 4125 1561 4183 Laertius
1590 4127 1748 4195 paulo

218 4206 355 4277 aliter,
379 4215 461 4271 sed
486 4231 587 4273 non
624 4216 733 4271 alio
762 4233 983 4287 prorsus
1011 4233 1169 4274 sensu
1201 4232 1377 4275 narrat
1410 4235 1531 4276 eum
1564 4220 1750 4276 existi-

227 4305 439 4367 mi'ue:
472 4330 492 4363 ι
521 4311 614 4368 Dei
646 4311 1004 4368 substantiam
1027 4313 1302 4383 globosam
1332 4329 1473 4378 esse,
1506 4316 1747 4385 nihilque

239 4402 330 4447 “in
356 4396 621 4463 h“lintribus
666 4403 868 4463 habere
911 4421 1211 4462 commune.
1259 4407 1449 4465 Totum
1487 4425 1743 4481 cernere,

243 4488 446 4558 “Imque
473 4496 653 4561 audire
684 4513 861 4563 ,τηου
904 4505 1085 4557 tamen
1132 4500 1416 4569 respirare.
1468 4502 1746 4574 Simulque

1866 1866 1985 1921 pag.
2015 1854 2174 1919 “13;
2202 1854 2423 1923 Euseb.,
2451 1855 2543 1910 lib.
2581 1873 2675 1913 xm
2719 1858 2955 1926 Prtepar.
2984 1862 3206 1934 Euang..
3231 1881 3351 1935 cap.
3380 1867 3471 1935 15,

1860 1961 1961 2016 pag
2017 1946 2152 2011 679,
2184 1959 2239 2003 et
2270 1950 2360 2004 lib.
2393 1967 2440 2013 ι,
2476 1968 2594 2021 cap.
2638 1954 2704 2019 8,
2738 1970 2856 2026 pag.
2889 1956 2991 2022 2'5;
3028 1958 3319 2026 Epipltan.,
3358 1959 3464 2015 Ex-

1861 2040 2012 2110 posit.
2047 2041 2166 2109 fid.,
2208 2059 2327 2114 pag.
2362 2044 2538 2111 ltl87;
2569 2047 2866 2117 Theodor.,
2911 2049 3081 2106 Serm.
3112 2050 3169 2119 2,
3202 2051 3265 2107 de
3297 2050 3469 2110 Gram.

1859 2130 2041 2199 Aﬂ'ect.
2072 2141 2262 2201 curat.,
2294 2150 2416 2206 pag.
2449 2137 2557 2193 486
2578 2136 2621 2209 ).

2462 2266 2765 2309 ARTICULUS
2796 2270 2854 2310 ll.

1859 2356 1941 2416 De
1967 2362 2085 2416 aliis
2115 2363 2384 2433 gentilibus
2415 2365 2735 2434 philosophis
2786 2370 3104 2439 Antisthene,
3154 2372 3467 2445 Speusippo,

1936 2452 2242 2522 Democrito,
2287 2456 2546 2526 Stratone,
2584 2458 2831 2531 Epicuro,
2865 2466 3151 2533 Aristotele,
3188 2466 3468 2525 Heraclide

1932 2542 2173 2609 Pontico,
2203 2545 2575 2618 Theophrasto.
2602 2549 2868 2617 Cleanthe,
2898 2553 3123 2624 Zenone,
3156 2561 3465 2631 Chrysippo,

1932 2633 2161 2705 Diogene
2196 2636 2484 2709 Babylonio
2504 2680 2519 2707 ,
2551 2639 2893 2713 Xenophonte
2914 2686 2930 2713 ,
2958 2648 3196 2704 Aristone
3245 2661 3291 2707 et
3335 2650 3472 2707 Pla-

1937 2737 2071 2783 tone.

1933 2840 2016 2897 Ad
2048 2842 2183 2898 alios
2220 2845 2450 2915 gentiles
2500 2846 2850 2918 phil050phos
2887 2853 3131 2921 gradum,
3187 2858 3232 2911 si
3274 2860 3471 2931 placet,

1860 2950 1981 2991 cum
2011 2937 2242 2994 Minucio
2297 2952 2480 2995 nostro
2530 2944 2806 3001 iaciamus.
2865 2947 3129 3013 Quidnam
3173 2964 3349 3008 autem
3400 2957 3470 3014 de

1864 3028 1974 3084 Deo
2019 3031 2366 3086 Antisthenes
2408 3049 2471 3088 ac
2511 3034 2845 3106 Speusippus
2887 3043 3215 3107 consuerint,
3270 3046 3361 3101 ille
3390 3049 3470 3105 sic

1862 3130 2080 3177 enarrat
2115 3140 2128 3175 :
2166 3141 2184 3174 t
2208 3123 2605 3187 Anti~thonem.
2642 3129 2928 3197 pupulares
2953 3131 3086 3187 deos
3117 3138 3336 3204 multos,
3367 3141 3466 3196 sed

1863 3214 2162 3268 naturalem
2196 3232 2356 3268 unmn
2400 3219 2726 3287 pra-cipttttm
2759 3220 3152 3293 :Spt‘tlSlpplltll
3186 3242 3313 3282 vero
3360 3246 3459 3286 na-

1861 3305 2085 3358 turalem
2112 3305 2417 3372 animalem,
2436 3324 2542 3377 quo
2556 3312 2732 3363 monia
2752 3323 3028 3382 reguntur,
3051 3317 3215 3371 Deum
3241 3335 3420 3377 nosse.
3437 3342 3458 3376 ι

1857 3393 1924 3450 At
1981 3396 2092 3450 hinc
2146 3398 2328 3462 procul
2382 3399 2547 3454 dubio
2596 3417 2663 3457 ex
2704 3405 2963 3460 Cicerone
3016 3419 3288 3468 mutuatus
3335 3426 3462 3483 est,

1855 3488 1945 3557 qui
1974 3486 2041 3541 de
2063 3498 2289 3559 utroque
2319 3491 2539 3546 totidem
2568 3509 2703 3563 pene
2727 3498 2908 3551 verbis
2938 3499 3146 3555 dixerat
3180 3523 3192 3559 :
3228 3523 3246 3555 c
3273 3506 3459 3562 Antis-

1856 3577 2045 3633 thenes
2073 3580 2124 3632 in
2153 3596 2218 3634 eo
2262 3580 2402 3635 libro
2454 3585 2544 3652 qui
2595 3583 2849 3655 Physicus
2878 3590 3206 3659 inscribitur,
3238 3598 3461 3666 popula-

1855 3685 1943 3726 res
1964 3671 2093 3726 deos
2119 3673 2336 3738 multos,
2374 3678 2672 3733 naturalem
2726 3695 2889 3735 unum
2942 3698 3063 3739 esse
3099 3687 3318 3744 dicit....
3346 3690 3458 3747 Nec

1854 3764 2022 3817 multo
2044 3779 2199 3820 secus
2224 3768 2556 3838 Speusippus
2579 3771 2654 3842 (in
2687 3778 3053 3846 manuscripto
3070 3782 3218 3851 regio
3239 3783 3458 3854 Seuxip-

1856 3873 1972 3927 pus,
2006 3858 2099 3913 sed
2129 3858 2289 3932 male)
2320 3861 2596 3918 Platonem
2619 3868 2941 3922 avunculum
2964 3871 3315 3942 SUbSt‘QUBHS,
3346 3881 3453 3933 vim

1853 3952 2138 4021 quamdam
2196 3953 2345 4019 dicit,
2396 3972 2497 4026 qua
2530 3947 2708 4013 omnia
2747 3969 3021 4028 regantur,
3054 3980 3282 4031 eamque
3330 3972 3452 4025 ani-

1852 4044 2046 4099 malem
2080 4044 2266 4118 i(Cic.,
2291 4046 2380 4101 lib.
2402 4064 2416 4101 ι
2440 4048 2504 4101 de
2520 4048 2706 4104 Nalur.
2731 4051 2886 4106 Deor.
2918 4071 3039 4123 pag.
3064 4055 3191 4121 200,
3219 4058 3311 4111 lin.
3329 4060 3446 4130 22’).

1852 4134 1943 4191 Dc'
1961 4137 2046 4191 illa
2070 4140 2406 4194 Antisthenis
2432 4142 2685 4208 opinione
2707 4142 3017 4199 Lactantius
3042 4163 3224 4216 postea
3256 4151 3451 4211 litteris

1851 4228 2035 4282 eadem
2060 4230 2331 4284 mandavit
2356 4228 2634 4301 (Lactanl.,
2665 4234 2752 4285 lib.
2781 4250 2799 4287 ι
2824 4234 2999 4289 lnalit.
3030 4236 3228 4305 Divin.,
3248 4260 3362 4313 cap.
3390 4248 3450 4316 5,

1850 4340 1967 4393 pag.
1992 4324 2081 4387 24;
2113 4335 2158 4376 et
2184 4324 2269 4376 lib.
2301 4325 2365 4377 de
2396 4324 2485 4377 Ira
2517 4326 2629 4393 Dei,
2660 4344 2775 4395 cap.
2804 4330 2891 4393 11,
2921 4349 3041 4402 pag.
3069 4335 3215 4407 796).
3243 4338 3318 4393 De
3347 4342 3450 4399 hoc

1849 4425 2027 4468 autem
2090 4415 2412 4483 philoSopho
2462 4432 2525 4471 ac
2579 4417 2646 4472 de
2694 4418 2996 4490 Speusippo
3056 4425 3181 4480 alibi
3239 4432 3445 4501 egimus

1849 4506 2020 4580 (Tom.
2050 4524 2067 4563 ι
2116 4508 2391 4580 Αρρηναι..
2422 4528 2541 4582 pag.
2575 4512 2736 4578 1115,
2776 4513 2911 4568 1122
2941 4527 2987 4569 el
3039 4518 3180 4576 1151
3282 4526 3449 4584 Laer-

232 4585 331 4678 ING
359 4586 522 4655 οωιὼ.
566 4597 849 4653 mentem.
898 4593 1269 4657 prudentiam,
1314 4596 1671 4650 mternitatem
1720 4617 1739 4649 ι
1768 4601 1824 4662 D
1852 4603 1954 4657 tius
2009 4620 2136 4658 vero
2169 4605 2219 4657 in
2270 4604 2426 4675 hujus
2459 4604 2574 4660 Vita
2622 4612 2809 4661 asserit
2853 4626 2973 4663 enm
3024 4612 3159 4669 intra
3209 4585 3446 4678 blatonis

222 4665 403 4741 (ιω-ι..
429 4680 510 4736 lib.
539 4699 614 4745 rx,
650 4683 679 4754 ᾗ
714 4681 838 4753 15).
866 4682 941 4739 Ibi
968 4695 1143 4739 autem
1175 4684 1272 4740 bac
1294 4702 1424 4742 voce
1446 4694 1743 4760 σφαιροειδῆ,

218 4762 539 4831 Cumanum
567 4777 862 4832 rotundam
894 4777 1273 4844 substantiam,
1306 4781 1437 4834 nihil
1463 4782 1608 4837 aliud
1644 4784 1745 4837 nisi

220 4851 422 4919 inﬁnitam
446 4866 735 4935 signiﬁcat.
770 4868 843 4923 Ea
875 4880 1057 4924 autem
1089 4871 1287 4927 idcirco
1325 4888 1451 4927 usus
1479 4885 1581 4936 est,
1622 4878 1743 4945 quia

213 4943 340 5016 iam
381 4961 594 5015 rotunda
641 4975 818 5028 neque
866 4960 1073 5016 initium
1125 4963 1280 5018 habet
1336 4979 1511 5034 neque
1559 4943 1741 5022 linem.

209 5038 489 5121 Quapropter
512 5069 703 5109 rursus
744 5053 935 5109 Cicero
964 5055 1072 5115 alio
1113 5056 1164 5111 in
1192 5055 1333 5113 libro
1361 5060 1604 5116 eamdem
1638 5062 1745 5117 Xe-

209 5140 424 5205 Whanis
444 5148 763 5202 sententiam
808 5148 893 5203 bis
938 5150 1117 5204 retulit
1148 5151 1362 5206 verbis:
1407 5172 1426 5204 ε
1461 5154 1749 5221 Xenopha-

196 5237 287 5282 ,ια
304 5232 418 5291 dixit
441 5254 598 5295 unum
626 5253 751 5296 esse
781 5241 958 5295 omnia
977 5281 992 5307 ,
1026 5258 1197 5312 neque
1225 5243 1275 5298 id
1305 5259 1424 5299 esse
1453 5246 1705 5301 mutabile
1726 5292 1741 5316 ,

206 5322 308 5377 etid
322 5341 430 5383 esse
451 5332 633 5397 Deum,
664 5350 843 5405 neque
870 5345 1055 5390 natum
1084 5353 1361 5406 umquam,
1388 5348 1437 5394 et
1460 5341 1746 5408 sempiter-

210 5425 395 5481 καλε(
414 5428 722 5496 conglobata
752 5428 919 5499 ﬁgura
955 5447 974 5483 ι
1013 5428 1132 5503 (lib.
1161 5448 1213 5485 ιν
1247 5431 1503 5487 At-adem.
1533 5443 1746 5502 qumst.,

219 5511 426 5585 ηπ).
454 5518 587 5573 Ante
627 5521 843 5577 Minucii
884 5538 1044 5592 porro
1083 5533 1297 5579 aetatem
1334 5523 1585 5580 Clemens
1624 5527 1752 5582 Ale-

217 5598 458 5665 ﬂldﬂlus
474 5621 658 5682 aperte
676 5612 861 5671 docuit
886 5615 1024 5673 hanc
1053 5616 1403 5688 Xenophanis
1425 5618 1748 5674 sententiam

210 5699 576 5760 ωιηειιιιιιεδιη
604 5718 726 5763 esse
744 5708 1055 5764 christiana:
1074 5709 1360 5776 doctrinae,
1389 5711 1581 5781 bisque
1601 5711 1752 5768 Isaiae

210 5783 396 5846 milia:
442 5811 463 5849 σ
505 5794 604 5855 Cui
636 5800 1029 5863 assimilavistis
1053 5819 1162 5872 me,
1204 5804 1339 5862 dicit
1382 5804 1683 5864 Dominus?
1728 5827 1750 5863 ι

1850 4697 2097 4751 avunculi
2118 4698 2196 4750 sui
2221 4697 2468 4768 dogmata
2497 4700 2813 4767 perSIitisse.
2847 4702 3043 4759 Verttm
3070 4708 3137 4762 de
3167 4711 3267 4765 illis
3289 4715 3356 4767 ab
3379 4729 3446 4770 co

1849 4789 2176 4844 labefactatis
2206 4790 2497 4845 Numenius
2518 4794 2654 4862 apud
2682 4793 2965 4850 Eusebium
2987 4804 3306 4866 eXp-islulal,
3347 4806 3449 4863 ne-

1850 4881 2012 4949 hique
2058 4882 2299 4937 Laertius
2328 4882 2794 4939 aniinatlt'erlitab
2821 4886 2937 4955 ipso
2982 4890 3235 4959 scriptum
3278 4896 3445 4953 fuisse

1852 4972 2222 5039 Deﬁnitionum
2275 4976 2671 5044 librtttn,qnem
2726 4980 2965 5032 n0nnu|li
3020 4998 3140 5035 cum
3182 5002 3303 5043 esse
3329 4991 3446 5059 opi-

1851 5078 2045 5121 nantur
2074 5070 2164 5136 qui
2196 5069 2334 5122 inter
2379 5078 2499 5121 nutri
2534 5069 2770 5124 Plutonis
2801 5091 2963 5140 opera
3007 5078 3057 5129 in
3106 5078 3279 5135 lucem
3321 5101 3443 5153 pro-

1852 5161 1941 5214 diit
1984 5162 2131 5216 Illius
2152 5174 2328 5216 autem
2361 5162 2480 5215 libri
2512 5163 2661 5216 initio
2692 5164 2809 5219 inec
2833 5169 2921 5221 Ι)θί
2942 5169 3182 5227 deﬁnitio
3215 5175 3450 5246 legitur:

1848 5260 1963 5314 Θεὸς
1990 5264 2106 5317 ζῶον
2133 5256 2368 5305 ἀθάνατον
2387 5294 2400 5315 ,
2430 5259 2657 5324 αὖτάρκες
2686 5267 2802 5325 πρὸς
2833 5264 3152 5329 νῦδαιμονίαν.
3190 5271 3325 5322 oin/at
3366 5277 3447 5326 αἶ’

1853 5349 1970 5413 διος,
2000 5354 2087 5401 τοῦ
2113 5349 2292 5413 ἀγαθηῧ
2316 5352 2491 5414 φύσεως
2516 5350 2653 5402 αἰτία
2679 5366 2693 5401 :
2727 5367 2747 5399 ι
2786 5351 2927 5407 Deus
2977 5368 3059 5410 est
3097 5360 3294 5415 animal
3351 5363 3450 5418 im-

1852 5440 2077 5493 mortale
2127 5454 2184 5493 se
2240 5439 2358 5505 ipso
2401 5447 2710 5493 cantantum
2747 5480 2762 5503 ,
2813 5450 3045 5503 essentia
3102 5458 3454 5524 sempiterna,

1852 5542 2057 5587 natura:
2103 5530 2227 5585 boni
2266 5546 2424 5586 causa
2456 5550 2474 5583 ι
2511 5530 2731 5603 (Laert.,
2766 5534 2856 5590 lib.
2889 5554 2965 5593 iv.
3000 5540 3027 5611 ς
3059 5545 3112 5611 1,
3139 5546 3210 5611 5;
3241 5548 3460 5620 Ειιδεὸ.,

1854 5623 1942 5679 lib.
1972 5639 2028 5679 ιν
2050 5622 2289 5691 Prtepar.
2321 5622 2545 5695 Euang.,
2569 5640 2685 5693 cap.
2714 5625 2767 5693 5,
2791 5644 2912 5697 pag.
2944 5630 3045 5684 727
3064 5638 3204 5703 apud
3228 5638 3462 5713 Natam,

1878 5726 1999 5771 tont.
2024 5716 2076 5780 '5,
2121 5732 2242 5788 pag.
2269 5716 2422 5787 411).

1932 5808 2166 5865 Rursum
2187 5824 2318 5868 vero
2343 5825 2413 5868 ex
2450 5808 2717 5871 Cicerone
2743 5826 2807 5872 ea
2829 5812 3094 5879 Minucius
3120 5818 3477 5899 delibavorat,
