3774 6270
381 326 480 382 451

1662 315 1748 370 DE
1789 312 2050 372 MlNlJCll
2088 311 2388 370 OCTAVIO
3492 317 3569 374 4ῧὲ

371 457 491 513 quae
531 439 600 496 de
637 436 938 493 Democrito
980 431 1322 503 po<tmodnm
1369 429 1607 499 adjecit:
1645 449 1664 481 ‹
1693 429 1832 497 Quid
1867 431 1970 484 De—
1995 431 2048 489 Α
2073 427 2194 483 bus.
2224 428 2313 484 Sic
2353 425 2441 480 ille
2487 423 2653 479 Deum
2704 435 2870 492 opere
2911 434 3102 492 magno
3129 421 3323 488 liberat,
3360 432 3492 483 etme
3523 432 3571 485 ti-

374 534 653 598 mocritus,
677 528 918 601 quamvis
934 535 1234 579 atomorum
1261 524 1464 592 primus
1494 523 1756 586 inventor,
1785 537 1966 577 nonne

375 626 684 695 plerumque
710 629 978 682 naturam,
1007 632 1127 687 qua:
1155 616 1422 685 imagines
1452 615 1661 678 fundat,
1692 624 1748 668 et
1769 613 1968 668 intelli—

375 718 629 790 gentiam,
665 713 830 767 Deum
873 709 1187 780 loquitur?»
1226 707 1439 763 Etenim
1485 706 1676 762 Cicero
1725 706 1970 760 similiter

377 807 444 862 de
476 807 603 860 illo:
637 822 656 855 ι
680 802 819 872 Quid
854 802 1210 863 Democritus,
1237 800 1537 870 inquit,qui
1570 808 1682 853 tum
1712 799 1971 868 imagines

374 913 665 968 earumque
718 895 976 951 circuitus
1020 895 1072 948 in
1116 893 1341 949 deorum
1387 909 1610 947 numero
1641 891 1823 953 refert,
1860 901 1968 945 tum

378 992 521 1046 illam
576 998 822 1044 naturam
873 1002 993 1057 qua:
1039 987 1300 1055 imagines
1330 983 1516 1038 fundat
1542 998 1605 1038 ac
1634 983 1825 1048 mittat,
1859 990 1970 1036 tum

375 1083 657 1138 scientiam
709 1079 1220 1148 intelligentiamque
1276 1088 1516 1131 nostram
1550 1095 1568 1129 ›
1607 1075 1625 1146 (
1657 1074 1845 1141 Cicer.,
1880 1074 1968 1128 lib.

373 1178 486 1242 cit.,
518 1194 637 1247 pag.
668 1174 798 1239 200,
829 1174 923 1228 lin.
949 1171 1028 1243 5).
1053 1173 1314 1240 Quocirca
1373 1170 1701 1239 Augustinus
1745 1167 1862 1222 haec
1907 1167 1972 1220 ad

340 1311 348 1321 .
383 1269 695 1323 Dioscorum
722 1266 790 1321 de
807 1265 892 1319 illa
912 1263 1196 1319 Democriti
1219 1262 1470 1331 opinione
1484 1261 1701 1314 scribit:
1724 1278 1742 1309 ι
1764 1259 1975 1325 Quanto

380 1360 573 1415 melius
600 1374 669 1412 ne
690 1356 961 1412 audissem
989 1353 1204 1423 quidem
1235 1368 1430 1407 nomen
1467 1352 1779 1416 Democriti,
1811 1365 1972 1419 quam

375 1469 497 1508 cum
557 1451 744 1505 dolore
792 1449 1084 1516 cogitarem
1135 1446 1318 1500 nescio
1361 1461 1519 1516 quem
1563 1444 1675 1498 suis
1723 1444 1947 1513 tempori

376 1545 476 1599 bus
522 1556 772 1611 magnum
814 1548 1099 1610 putatum,
1147 1539 1235 1605 qui
1271 1536 1409 1590 Deos
1454 1550 1575 1590 esse
1623 1534 1978 1589 arbitraretur

377 1636 639 1704 imagines
677 1650 797 1705 quae
823 1633 891 1688 de
927 1632 1111 1685 solidis
1137 1630 1457 1700 corporibus
1483 1630 1737 1693 ﬂuerent,
1764 1628 1977 1682 solidio—

372 1746 477 1800 que
509 1730 637 1797 ipsae
690 1742 794 1779 non
845 1733 1051 1788 essent,
1104 1737 1301 1793 easque
1355 1721 1456 1776 hac
1508 1721 1795 1790 atqnehac
1826 1728 1973 1774 motu

2073 536 2224 575 more
2264 540 2282 572 ι
2312 518 2453 579 (Lib.
2484 518 2540 582 4,
2586 516 2830 569 Academ.
2861 525 3064 586 qutun,
3106 530 3220 585 pag.
3251 517 3332 578 33,
3359 516 3438 573 litt.
3464 521 3518 576 48
3539 524 3569 591 ).

2073 614 2248 669 Alium
2289 613 2380 668 tibi
2409 611 2563 667 citari
2594 611 2639 664 si
2666 609 2964 674 desideras,
3003 624 3069 663 en
3100 619 3283 679 prtesto
3314 620 3385 664 est
3424 612 3575 668 Plutar-

2072 706 2205 761 chus
2237 706 2327 775 qui
2354 705 2455 759 boe
2474 703 2541 759 de
2566 703 2835 760 Stratonis
2857 702 3106 771 Opinione
3131 702 3367 768 scriptum
3389 705 3572 774 reliquit:

2073 802 2174 850 Καὶ
2202 808 2297 865 pia
2320 809 2410 853 τῶν
2434 803 2587 852 ἄλλων
2614 805 2993 866 περιτατητιιιῶν
3013 800 3037 848 ὁ
3064 806 3400 865 κορυφαίοτατος
3420 804 3578 867 Στρὶτων

2075 897 2178 945 οὔτε
2200 885 2497 961 Ᾱριστοτὲλει
2522 896 2649 945 κα.τὰ
2675 893 2833 944 πολλὰ
2873 896 3174 958 συμφὲρεται,
3207 890 3283 940 καὶ
3319 894 3495 943 Πλάτωνι
3520 899 3578 953 τὰς

2074 988 2282 1046 ἐναντίας
2311 992 2480 1051 ἔσχηκε
2507 986 2645 1047 δόξεις
2676 984 2782 1052 περὶ
2811 1003 3051 1044 maxume,
3072 984 3179 1050 περὶ
3206 986 3297 1039 νοῦ,
3324 986 3392 1033 καὶ
3419 986 3500 1050 περὶ
3518 994 3578 1050 pu-

2076 1088 2185 1142 χίς,
2212 1077 2293 1127 καὶ
2323 1078 2428 1144 περὶ
2449 1082 2679 1139 variatur
2707 1077 2870 1135 αὐτὸν,
2893 1081 3134 1134 τελευτῶν,
3162 1079 3238 1126 τὸν
3259 1074 3424 1137 xiv/49v,
3440 1076 3482 1126 οὗ
3502 1079 3579 1138 βίην

2077 1170 2201 1220 εἷνειί
2221 1191 2360 1236 φησι,
2388 1176 2442 1222 τὸ
2469 1171 2517 1219 δὲ
2543 1173 2669 1222 iuerat
2709 1172 2848 1235 φύσιν
2888 1169 3084 1219 ἔπεσθαι
3110 1181 3173 1235 τῷ
3197 1171 3315 1218 κειτὰ
3334 1171 3468 1231 τύχην.
3497 1183 3512 1216 ι
3537 1165 3581 1220 Ει

2077 1257 2293 1323 quidem
2322 1256 2810 1327 Peripateticorum
2836 1257 3165 1324 reliquorum
3196 1269 3414 1309 summus
3436 1256 3578 1321 Strato,

2079 1364 2252 1418 neque
2277 1364 2399 1404 cunt
2434 1350 2721 1404 Aristotele
2750 1350 2914 1404 sentit
2965 1348 3143 1402 multis
3181 1348 3247 1401 de
3290 1348 3449 1413 rebus,
3480 1349 3582 1403 etde

2079 1455 2248 1509 motu,
2278 1452 2477 1509 mente,
2508 1443 2867 1508 anima,ortu,
2886 1440 3155 1496 contraria
3178 1439 3371 1495 Platoni
3394 1440 3581 1495 defendit.

2083 1534 2317 1605 Denique
2367 1535 2621 1589 mtutdnm
2660 1537 2835 1605 ipsum
2881 1532 3083 1588 animal
3128 1546 3244 1588 esse
3277 1543 3431 1602 negat,
3462 1533 3585 1602 aitque

2079 1636 2322 1682 naturam
2351 1629 2502 1699 sequi
2534 1628 2765 1683 fortuna
2798 1630 3030 1696 impetus
3052 1668 3065 1690 ,
3109 1642 3232 1682 casu
3260 1626 3441 1681 initium
3465 1608 3595 1683 motus

2082 1730 2287 1773 naturae
2315 1722 2606 1789 praebente,
2636 1726 2690 1773 et
2717 1718 2910 1773 deinde
2936 1719 3017 1772 sic
3046 1731 3075 1771 a
3102 1728 3284 1771 natura
3328 1730 3475 1772 monts
3499 1716 3587 1787 phy-

374 1821 589 1892 proprio
619 1816 1024 1877 circumeundo,
1054 1826 1211 1885 atque
1241 1815 1511 1869 illabendo
1544 1814 1595 1868 in
1625 1816 1834 1868 animos
1876 1814 1969 1866 lto-
2000 1817 2046 1876 Β
2076 1813 2217 1868 sicos
2245 1813 2447 1866 absolvi
2480 1830 2500 1864 ι
2535 1812 2859 1882 (Pltttarch.,
2890 1810 2981 1866 lib.
3011 1811 3209 1865 advers.
3235 1810 3385 1864 Colat.
3413 1808 3587 1879 Ερὶαιι..

374 1916 602 1978 ιιιὶηιιιιι,
633 1912 812 1966 facere
840 1920 898 1965 ut
927 1910 1008 1965 vis
1038 1909 1216 1963 divina
1247 1908 1535 1978 cogitetur,
1568 1922 1690 1962 cum
1733 1905 1973 1975 profecto

376 2004 507 2062 illttd
566 2017 761 2072 corpus
815 2000 959 2057 unde
1009 2001 1185 2070 imago
1234 1998 1445 2062 ﬂueret,
1496 2009 1698 2067 quanto
1752 1995 1976 2051 solidius

374 2106 477 2160 est,
508 2107 655 2149 tanto
684 2095 1024 2163 prmstantius
1072 2106 1285 2162 quoque
1333 2104 1455 2146 e5se
1499 2088 1791 2158 judicetnr.
1823 2089 1977 2142 Ideo-

378 2202 482 2257 que
503 2185 802 2252 ﬂuctuavit,
832 2187 971 2239 sicut
998 2184 1085 2237 isti
1113 2183 1320 2248 dicunt,
1342 2182 1651 2250 nutavitque
1672 2179 1936 2234 sententia
1960 2195 1974 2244 ;

381 2290 437 2336 ιιι
484 2278 769 2350 aliquando
817 2284 1060 2331 naturam
1106 2274 1436 2344 quamdam,
1480 2273 1547 2328 de
1599 2289 1702 2343 quzt
1750 2273 1979 2327 ﬂuerent

377 2374 677 2442 imagines,
723 2370 892 2425 Denut
946 2383 1070 2423 esse
1123 2365 1338 2431 dicent,
1387 2365 1477 2436 qui
1527 2374 1705 2419 tamen
1755 2364 1976 2433 cogitari

376 2473 484 2512 non
535 2465 737 2526 posset,
786 2454 885 2509 nisi
934 2468 1027 2522 per
1070 2467 1162 2505 eas
1218 2450 1481 2520 imagines
1524 2464 1656 2519 quas
1706 2447 1881 2503 fundit
1925 2457 1981 2503 et

379 2550 595 2613 emittit,
626 2546 677 2602 id
705 2557 811 2609 eSl,
836 2559 956 2616 quae
975 2543 1044 2599 de
1072 2543 1157 2596 illa
1185 2551 1396 2608 natura,
1420 2556 1577 2612 quam
1605 2540 1789 2595 nescio
1818 2554 1978 2610 quam

385 2655 702 2711 corpoream
742 2646 798 2694 et
827 2637 1213 2706 sempiternam
1237 2675 1251 2698 ,
1302 2648 1365 2688 ac
1394 2648 1486 2703 per
1515 2633 1618 2687 hoc
1643 2642 1807 2688 etiam
1837 2631 1977 2686 divi-

387 2751 509 2789 nam
539 2742 707 2803 putat,
742 2732 893 2800 quasi
920 2728 1167 2798 corporis
1194 2726 1566 2792 similitudine,
1600 2726 1852 2779 continua
1881 2739 1978 2777 ve-

382 2826 827 2882 lutemanatione
875 2823 1159 2884 ferrentur,
1206 2828 1260 2874 et
1308 2819 1582 2882 venirent,
1614 2816 1774 2886 atque
1814 2817 1982 2869 intra-

382 2930 503 2975 rent
537 2919 588 2974 in
618 2918 831 2979 animos
861 2924 1106 2979 nostros;
1145 2921 1202 2966 ut
1242 2911 1412 2965 Deum
1443 2910 1525 2964 vel
1565 2908 1699 2963 deos
1743 2907 1982 2977 engitare

378 3027 661 3083 possemus
699 3029 718 3062 ι
756 3008 1092 3078 (Augustin.,
1139 3003 1333 3072 Epist.,
1366 3000 1489 3065 H8,
1537 3015 1657 3069 pag.
1691 2998 1839 3070 540).
1875 2998 1982 3054 Sed

383 3101 729 3174 quantumvis
772 3097 1113 3154 ﬂuctuaverit
1142 3092 1577 3160 vacillaveritqne
1622 3090 1979 3157 Democritus,

2078 1921 2201 1976 pag.
2238 1901 2427 1974 1115).
2468 1902 2638 1971 Quam
2674 1918 2836 1973 porro
2869 1903 3054 1958 Strato
3084 1914 3319 1957 naturam
3359 1902 3588 1972 appellavit,

2075 1996 2185 2065 jam
2213 2011 2241 2048 a
2274 1996 2535 2051 Cicerone
2571 1996 2893 2065 explicatum
2944 1994 3197 2050 vidimus.
3229 1994 3329 2051 Sed
3368 1994 3426 2049 de
3459 1995 3531 2048 hac
3550 1993 3591 2047 il-

2078 2088 2183 2141 lius
2213 2087 2469 2157 opinione
2494 2088 2646 2143 nobis
2684 2087 2891 2159 aliquid
2919 2089 3097 2144 adhuc
3127 2087 3394 2144 dicendum
3413 2087 3510 2150 erit,
3531 2087 3589 2141 tibi

2080 2180 2353 2250 quomodo
2381 2195 2412 2234 a
2450 2180 2734 2236 Lactantio
2775 2181 3073 2247 refellatur,
3109 2181 3278 2253 palam
3300 2180 3509 2235 omnibus
3536 2177 3589 2233 la-

2078 2284 2206 2326 cere
2230 2270 2565 2326 conabimur.

2151 2362 2445 2420 Miuucium
2502 2375 2746 2420 nostrum
2794 2365 3012 2421 interim
3063 2380 3384 2437 sequamur:
3427 2360 3589 2418 (Etiam

2081 2455 2345 2526 Epicurus
2374 2456 2481 2515 ille.
2522 2476 2541 2509 ›
2578 2456 2780 2528 inquit,
2813 2475 2833 2507 ι
2873 2457 2963 2528 qtti
2995 2456 3127 2513 deos
3164 2466 3252 2512 aut
3277 2456 3452 2510 otiosos
3476 2453 3591 2521 lingit.

2080 2559 2173 2603 aut
2202 2549 2394 2615 nullos,
2428 2558 2672 2604 naturam
2703 2561 2878 2605 tamen
2905 2550 3309 2620 superimponit.
3345 2566 3362 2600 ι
3394 2545 3479 2603 Sed
3501 2547 3591 2598 hanc

2082 2641 2297 2711 Epicuri
2323 2642 2393 2697 de
2439 2642 2548 2697 Deo
2576 2643 2884 2712 ορὶιιὶοοθιιι
2917 2642 3035 2698 fuse
3078 2643 3314 2699 enucleat
3338 2641 3455 2711 apud
3486 2637 3592 2694 (lices

2083 2751 2271 2791 ronem
2300 2735 2536 2791 Velleius
2569 2735 2889 2803 Epicureus.
2922 2738 3212 2807 Postquam
3231 2736 3472 2791 enimvero
3495 2730 3592 2786 ntul-

2086 2826 2154 2880 tis
2184 2827 2430 2896 probavit
2477 2827 2571 2883 Dei
2617 2829 2780 2882 vitam
2807 2844 2927 2884 eam
2971 2844 3113 2896 esse,
3158 2845 3258 2899 qua
3288 2825 3592 2887 uiltilbeatius,

2084 2918 2217 2973 nihil
2240 2919 2462 2973 omnino
2492 2919 2648 2975 bonis
2672 2921 2922 2976 omnibus
2946 2921 3251 2977 afﬂuentius
3276 2918 3516 2990 excogitari
3535 2930 3597 2985 po-

2084 3018 2220 3076 test,
2275 3012 2416 3068 hanc
2455 3014 2741 3069 sententia:
2771 3028 2883 3069 suae
2930 3015 3114 3071 reddit
3139 3019 3386 3070 rationem
3422 3029 3475 3065 ει
3498 3008 3597 3065 Nihil

2084 3104 2226 3159 enim
2250 3105 2376 3175 agit,
2409 3106 2570 3161 nullis
2603 3108 3053 3176 occupationibus
3080 3117 3161 3164 est
3188 3106 3478 3177 implicatus,
3499 3100 3599 3153 nulla

380 3214 446 3252 ex
477 3197 562 3252 his
587 3205 735 3251 certe
775 3207 895 3261 qua:
921 3194 1035 3261 ipse
1067 3184 1397 3257 Augustinus
1419 3197 1482 3237 ac
1511 3180 1701 3236 Cicero
1729 3181 1796 3236 de
1836 3181 1980 3235 illius

2086 3210 2245 3265 opera
2269 3197 2507 3262 molitur,
2537 3213 2629 3253 sua
2660 3200 2921 3268 sapientia
2950 3211 3013 3255 el
3040 3201 3235 3256 virtute
3254 3201 3462 3269 gaudet:
3484 3193 3595 3248 habet

376 3292 633 3363 opinione
668 3288 882 3356 scriptis
905 3282 1264 3344 tradiderunt,
1297 3278 1416 3348 quis
1447 3292 1552 3331 non
1602 3275 1780 3331 videat
1807 3275 1978 3330 Mittit—

381 3385 522 3437 cium
568 3382 715 3448 jure~
748 3376 890 3431 haud
942 3374 1211 3429 innuerito
1261 3371 1463 3427 dixisse
1502 3369 1730 3441 quodam
1786 3370 1976 3424 saltem

380 3471 543 3529 modo
590 3470 824 3539 agnitatn
870 3466 939 3521 ab
985 3464 1078 3519 illo
1119 3462 1285 3519 fuisse
1337 3471 1576 3517 naturam
1610 3461 1869 3527 divinant,
1916 3476 1980 3517 ac

386 3567 553 3620 Deum
586 3576 772 3616 revera
800 3575 922 3615 esse
960 3557 1167 3614 unum?
1211 3558 1370 3627 Atqui
1407 3556 1459 3611 id
1496 3555 1562 3610 ad
1605 3554 1845 3625 ejusdem
1885 3554 1981 3610 Mi-

385 3656 531 3714 nucii
559 3654 862 3710 suflieiebat
888 3652 1241 3723 propositum.

459 3748 730 3807 Stratonis
760 3746 955 3802 dehinc
977 3746 1287 3816 opinionem
1328 3744 1410 3798 his
1443 3743 1779 3813 paucissimis
1805 3742 1983 3798 verbis

385 3844 644 3917 exponit:
690 3859 709 3894 ι
746 3839 962 3896 Straton
994 3852 1205 3907 quoque
1253 3847 1308 3893 et
1352 3838 1466 3908 ipse
1514 3847 1783 3890 naturam.
1822 3855 1843 3890 ι
1874 3834 1983 3917 Sed

387 3844 644 3917 exponit:
690 3859 709 3894 ι
746 3839 962 3896 Straton
994 3852 1205 3907 quoque
1253 3847 1308 3893 et
1352 3838 1466 3908 ipse
1514 3847 1783 3890 naturam.
1822 3855 1843 3890 ι
1916 3837 1982 3890 ed

387 3952 493 4009 quo
521 3934 795 4005 pauciora,
830 3947 896 3986 eo
942 3931 1118 3985 minus
1159 3929 1305 3983 clara
1345 3938 1468 3983 sunt
1515 3928 1630 3983 haec
1655 3928 1841 3982 verba.
1873 3837 1982 3986 Eo-

389 4044 507 4084 rum
535 4027 716 4092 itaque
746 4023 1124 4080 enodationem
1160 4020 1358 4088 saepius
1380 4018 1625 4074 laudatus
1654 4034 1683 4073 a
1712 4020 1867 4075 nobis
1892 4020 1983 4075 Ci-

386 4138 514 4178 cero
549 4120 644 4179 tibi
682 4115 1040 4189 suppeditabit
1074 4131 1087 4166 :
1125 4132 1143 4166 ι
1173 4112 1283 4168 Nec
1305 4113 1602 4168 audiendus
1624 4122 1761 4180 est,»
1794 4113 1983 4183 inquit,

395 4234 411 4266 ι
451 4215 589 4286 ejus,
613 4209 994 4281 TheOphrasti,
1026 4207 1243 4263 auditor
1273 4207 1474 4271 Strato,
1516 4207 1560 4261 is
1596 4207 1687 4277 qni
1735 4207 1986 4278 physicus

388 4306 713 4377 appellatur,
745 4303 835 4371 qui
864 4315 1079 4356 omnem
1111 4299 1219 4353 vim
1249 4298 1483 4354 divinam
1523 4298 1575 4351 itt
1610 4307 1800 4353 natura
1828 4299 1985 4352 sitam

390 4413 513 4453 esse
542 4406 748 4460 censet,
780 4409 902 4463 qua:
932 4406 1123 4447 causas
1154 4390 1425 4461 gignendi,
1456 4391 1708 4458 augendi,
1740 4391 1986 4446 minuen-

395 4490 515 4544 dive
542 4489 756 4564 habeat,
778 4484 872 4539 sed
916 4493 1097 4538 careat
1118 4482 1262 4535 omni
1294 4496 1455 4535 sensu
1490 4490 1545 4534 et
1568 4480 1736 4550 ﬁgura
1770 4498 1787 4530 ι
1824 4478 1986 4553 (Cic.,

2084 3289 2423 3358 espluratum
2452 3288 2568 3344 fore
2597 3305 2656 3345 se
2685 3306 2903 3360 semper
2931 3307 3062 3347 cum
3091 3294 3143 3347 in
3185 3292 3428 3353 maximis,
3458 3298 3535 3341 tum
3560 3281 3599 3335 iit

2081 3382 2296 3437 aeternis
2346 3382 2709 3454 voluptatibus
2769 3404 2789 3437 ι
2823 3384 3021 3441 Postea
3070 3384 3159 3440 ille
3204 3383 3383 3439 ibidem
3431 3378 3602 3435 declarat

2083 3474 2372 3544 Epicurum
2421 3474 2556 3530 falso
2593 3475 2842 3532 docuisse
2872 3486 3066 3533 natura
3093 3478 3332 3533 eﬂ'ectum
3358 3487 3459 3529 esse
3492 3482 3600 3524 murt-

2083 3563 2209 3618 dum
2240 3582 2255 3618 :
2284 3564 2415 3619 nihil
2460 3580 2595 3634 opus
2640 3565 2805 3622 fuisse
2837 3567 3063 3636 fabrica,
3092 3582 3312 3637 eamque
3337 3580 3433 3621 rem
3454 3563 3492 3616 ci
3515 3572 3601 3615 esse

2085 3652 2391 3711 facillimam
2430 3674 2449 3709 ι
2487 3655 2623 3730 (Cic.
2663 3656 2756 3712 lib.
2802 3674 2819 3712 ι
2872 3659 2935 3713 de
2967 3657 3166 3713 Nalur.
3199 3658 3367 3725 θέοι,
3394 3670 3487 3724 pag.
3511 3649 3600 3712 205,

2085 3750 2184 3806 lin.
2216 3749 2298 3822 8).
2340 3749 2488 3833 Nam.
2508 3753 2709 3820 omnia,
2746 3761 2806 3807 ttt
2820 3753 2929 3823 jam
2955 3753 3213 3820 diximus,
3242 3753 3433 3809 fortuito
3452 3755 3604 3802 atomo-

2089 3859 2208 3898 rum
2233 3858 2499 3899 concursu
2527 3842 2665 3900 facta
2697 3845 2863 3901 fuisse
2892 3847 3188 3915 garriebat.
3221 3846 3425 3914 Denique
3445 3836 3596 3892 ibidem

2088 3937 2278 3993 Velleii
2314 3953 2409 3994 seu
2440 3938 2828 4008 Epicureorum
2858 3941 3082 3998 nomine
3108 3941 3308 3997 Tullius
3342 3933 3480 3993 dixit:
3509 3944 3524 3979 t
3549 3924 3605 3981 Et

2088 4032 2175 4101 pie
2218 4039 2509 4103 sancteque
2557 4032 2783 4087 colimus
2822 4044 3071 4088 naturam
3120 4033 3461 4090 excellentem.
3482 4032 3599 4089 aul‘lc

2090 4128 2452 4190 praestantem.
2496 4142 2515 4174 ι
2548 4124 2617 4176 At
2634 4121 2891 4178 Minucius
2912 4133 3099 4179 noster
3124 4139 3242 4195 quae
3262 4121 3489 4190 Epicurus
3510 4109 3605 4164 iam

2088 4227 2208 4269 esse
2234 4212 2481 4280 docebat,
2506 4213 2574 4268 ab
2593 4213 2677 4269 his
2704 4214 3003 4286 distinguit,
3037 4216 3231 4288 quibus
3255 4207 3601 4286 praestantiorem

2088 4305 2298 4360 caeteris
2337 4306 2584 4361 omnibus
2610 4317 2874 4370 naturam,
2907 4316 3070 4377 atque
3099 4307 3267 4363 idirco
3294 4304 3514 4365 divinam,
3541 4304 3606 4346 '0‘
3700 4304 3701 4353 ἲ

2090 4398 2208 4454 lens
2237 4399 2445 4466 nolens,
2468 4398 2744 4455 confessus
2770 4410 2872 4455 est.
2902 4398 3023 4466 Adi,
3048 4400 3092 4455 si
3117 4399 3281 4463 lubet,
3311 4391 3550 4452 Laertium.
3570 4390 3607 4436 el
3700 4426 3701 4447 ι

2091 4490 2315 4561 Menagii
2360 4507 2423 4547 ac
2466 4493 2726 4549 Gassendi
2775 4494 2827 4547 itt
2874 4493 3024 4547 illum
3057 4504 3232 4558 notas,
3257 4500 3309 4548 et
3333 4489 3472 4544 alium
3497 4477 3607 4547 huius

388 4582 483 4637 lib.
513 4580 631 4643 cit.,
661 4591 779 4647 pag.
808 4575 935 4641 200,
968 4574 1063 4627 lin.
1106 4572 1174 4626 45
1193 4571 1236 4643 ).
1291 4572 1449 4626 Visne
1475 4571 1670 4641 plura?
1696 4571 1835 4626 Audi
1865 4588 1985 4627 rur-
2013 4588 2066 4648 ι)
2093 4581 2285 4637 librum
2312 4583 2515 4653 (Laert.
2544 4583 2637 4638 lib.
2656 4601 2709 4646 χ,
2735 4583 2763 4656 ς
2791 4584 2916 4650 125;
2945 4585 3153 4655 Menag.
3177 4595 3231 4639 et
3250 4575 3481 4638 Gasscnd.
3500 4577 3608 4656 notas

392 4688 486 4728 sus
526 4668 774 4726 eumdem
806 4666 1088 4720 Oratorem
1119 4663 1186 4719 de
1220 4664 1308 4718 illo
1355 4665 1659 4734 loquentem
1706 4682 1720 4719 :
1757 4683 1775 4715 (
1810 4664 1982 4736 Negas

394 4766 512 4819 sine
560 4761 669 4816 Deo
721 4772 879 4826 posse
929 4755 1242 4826 qnidquatn.
1293 4754 1430 4809 Ecce
1470 4754 1567 4807 tibi
1613 4770 1644 4810 e
1677 4764 1985 4814 transverso

394 4857 798 4925 Lampsacenus
848 4850 1048 4914 Strato,
1080 4848 1166 4917 qtti
1212 4847 1304 4902 det
1335 4847 1421 4901 isti
1454 4848 1564 4902 Deo
1592 4848 1985 4907 immunitatem

396 4945 575 5016 magni
597 4942 810 5015 quidem
840 4939 1096 4994 tnuneris.
1133 4938 1237 4993 Sed
1270 4953 1390 4994 cum
1431 4940 1738 4997 sacerdotes
1759 4942 1986 4999 deorum

401 5037 727 5094 vacationem
759 5033 1013 5097 ltabeant,
1046 5039 1245 5100 quanto
1275 5039 1358 5085 est
1395 5032 1599 5100 mqnius
1634 5031 1831 5089 habere
1858 5036 1989 5091 istos

398 5129 582 5189 Deos?
620 5126 791 5196 Negat
828 5138 988 5193 opera
1020 5121 1241 5178 deorum
1282 5136 1342 5176 se
1384 5123 1462 5177 uti
1508 5123 1573 5178 ad
1617 5123 1984 5183 fabricandum

394 5221 678 5280 mundum.
709 5218 1073 5284 Qua-cumque
1116 5214 1225 5269 sint
1251 5214 1409 5269 docet
1449 5217 1625 5271 omnia
1654 5233 1774 5273 esse
1800 5219 1986 5277 eﬂecta

396 5325 606 5375 natura,
641 5326 741 5367 nec
768 5317 828 5364 ιιι.
866 5308 954 5362 ille
980 5310 1069 5376 qui
1102 5307 1306 5376 asperis
1328 5316 1382 5360 et
1405 5307 1647 5372 Levibus,
1678 5319 1731 5365 et
1760 5311 1989 5369 hamatis

398 5404 771 5471 uncinatisque
795 5400 1113 5470 corporibus
1141 5408 1391 5454 concreta
1429 5399 1545 5455 hinc
1571 5416 1691 5457 esse
1710 5404 1872 5472 dicat,
1904 5407 1989 5461 in-

396 5500 620 5570 tcrjecto
649 5497 792 5551 inani
834 5492 1087 5548 :sotnnia
1127 5492 1311 5546 Censet
1360 5491 1476 5547 htec
1520 5508 1640 5550 esse
1689 5498 1988 5556 Detnocrati

397 5609 501 5649 non
525 5590 791 5655 docentis,
822 5588 913 5641 sed
934 5584 1190 5655 optantis.
1215 5585 1333 5653 Ipse
1348 5595 1527 5639 autem
1547 5587 1782 5658 singulas
1803 5595 1984 5650 mundi

398 5694 576 5754 partes
594 5694 941 5755 persequens,
972 5673 1229 5745 quidquid
1267 5684 1358 5729 aut
1388 5677 1474 5743 sit,
1505 5687 1595 5732 aut
1624 5679 1734 5748 tiat,
1766 5695 1982 5742 natura-

2085 4673 2151 4727 ad
2182 4673 2339 4743 hujus
2360 4675 2452 4729 lib.
2472 4690 2546 4741 IV,
2565 4675 2633 4731 de
2653 4654 2757 4731 vita
2784 4686 2839 4731 et
2853 4676 3048 4731 tnorib.
3068 4654 3309 4746 Epicur.,
3325 4684 3431 4740 cap.
3449 4654 3604 4726 m5)-

2162 4764 2422 4833 Deiuceps
2450 4781 2577 4821 vero
2604 4765 2863 4822 Minucius
2890 4766 3115 4836 plurima
3159 4762 3469 4827 transcripsit
3503 4750 3610 4807 (lict

2088 4856 2237 4909 ronis
2263 4856 2449 4921 verba,
2481 4856 2672 4926 quibus
2722 4857 3025 4912 Aristotelis
3049 4855 3119 4911 de
3150 4855 3259 4911 Deo
3282 4852 3431 4908 refert
3452 4839 3611 4914 ορίηὶο·

2092 4964 2236 5005 nem.
2270 4949 2407 5004 Ecce
2448 4950 2711 5020 siquidem
2757 4950 3028 5020 quomodo
3062 4949 3157 5004 ille
3194 4946 3415 5019 loquitur
3442 4957 3455 4996 :
3478 4956 3494 4987 ι
3523 4929 3611 4988 Ατί·

2091 5040 2316 5095 stoteles
2356 5041 2548 5107 variat,
2577 5050 2631 5096 et
2658 5041 2898 5113 assignat
2926 5052 3101 5096 tamen
3152 5053 3303 5093 unam
3336 5034 3611 5105 potestatem.

2091 5132 2224 5188 Nam
2259 5133 2473 5188 interim
2502 5145 2757 5196 mentem,
2790 5134 3045 5191 mundum
3089 5133 3297 5188 interim
3329 5129 3474 5183 Deum
3498 5114 3613 5176 dicit.

2090 5225 2303 5281 interim
2336 5225 2534 5281 mttndo
2565 5226 2733 5282 Deum
2763 5227 3001 5296 praeﬁcit.
3057 5245 3078 5278 ι
3108 5224 3198 5281 Sic
3235 5232 3400 5278 autem
3424 5209 3613 5268 Tullius:

2098 5336 2118 5367 ι
2156 5318 2473 5374 Aristoteles
2500 5320 2551 5372 iit
2576 5320 2733 5373 tertio
2757 5319 2824 5374 de
2853 5316 3196 5386 Philosophia
3225 5315 3358 5370 libro
3382 5307 3519 5362 multa
3537 5309 3618 5352 tur-

2093 5409 2205 5476 bat,
2238 5426 2267 5464 a
2297 5411 2552 5479 magistro
2580 5410 2802 5467 Platone
2832 5427 2938 5466 uno
2975 5408 3312 5465 dissentiens.
3350 5398 3486 5458 Modo
3507 5389 3612 5446 enim

2092 5503 2258 5559 menti
2316 5505 2500 5558 tribuit
2543 5519 2759 5561 omnem
2810 5505 3175 5567 divinitatem,
3231 5497 3381 5553 modo
3405 5484 3611 5546 mundum

2089 5594 2265 5664 ipsum
2294 5595 2462 5652 Deum
2496 5595 2628 5651 dicit
2672 5611 2814 5663 esse,
2846 5595 3006 5651 modo
3038 5592 3321 5663 quemdam
3344 5586 3490 5642 aliutn
3517 5582 3618 5645 ρπβ

2089 5684 2201 5741 [icit
2244 5688 2443 5744 mundo
2471 5706 2489 5740 ι
2525 5688 2659 5761 (Cic.
2703 5688 2797 5744 lib.
2837 5690 3006 5752 citat.,
3044 5701 3165 5756 pag.
3209 5683 3331 5747 200.
3361 5671 3546 5734 lin-96’
3573 5667 3618 5761 ξι

396 5775 538 5837 libus
570 5750 683 5833 tieri
711 5779 804 5827 ίιιιι
832 5768 1027 5827 “Clum
1058 5777 1178 5825 055°
1205 5763 1361 5822 (ίοουι
1389 5768 1715 5838 Ponderibus
1744 5785 1796 5833 ct
1827 5781 1981 5837 moti-
2082 5792 2237 5850 seqq.
2268 5777 2312 5852 ).
2359 5780 2425 5840 Et
2454 5750 2570 5840 haec
2606 5781 2823 5854 quidem
2849 5750 3401 5849 decerpsit'Minucitts,
3421 5762 3501 5824 sed
3525 5750 3616 5813 τελλ*
