3774 6270
248 373 320 428 m
1580 364 2047 424 DISSERTATIO.
3370 388 3477 441 43,,

247 491 328 561 quit
347 487 637 560 sequentia:
674 502 694 538 ι
728 483 912 556 Eique
947 496 1041 538 eas
1065 491 1237 553 partes
1262 481 1466 548 tribuit,
1495 490 1553 537 ut
1597 481 1761 550 replic
1787 479 1840 539 Α
1868 490 1998 539 turre
2024 489 2186 544 menti
2215 496 2378 561 atque
2398 493 2577 548 animo
2606 494 2708 550 hoc
2742 510 2938 552 nomen
2974 498 3182 565 tribuit,
3214 507 3325 555 tum
3353 499 3476 555 ulti-

253 583 419 639 catione
443 577 859 648 mundiqnadam
888 586 1091 631 motum
1136 584 1281 645 regat
1325 586 1484 645 atque
1511 584 1765 631 tueatur:
1871 594 2015 633 mum
2046 589 2101 635 ct
2127 582 2465 646 altissimum,
2511 594 2671 657 atque
2702 587 2936 659 undique
2979 590 3380 651 circumfusum.
3420 601 3476 648 et

257 674 462 731 mmcmli
486 673 699 726 ardorem
732 669 906 723 Deum
953 667 1080 722 dicit
1119 682 1348 724 esse...“
1401 665 1533 723 Cum
1586 678 1765 723 autem
1871 682 2169 730 extremum
2194 677 2372 732 omnia
2401 679 2726 749 cingentem,
2758 689 2917 751 atque
2943 684 3282 752 complexum
3307 685 3471 741 ardo-

265 768 350 824 siue
381 780 576 834 corpore
595 762 715 816 idem
741 760 999 814 vultesse
1028 759 1211 826 Deum,
1241 760 1390 814 omni
1431 760 1576 815 illum
1605 774 1767 814 sensu
1870 781 2008 832 rem,
2046 770 2133 835 qui
2178 768 2349 824 mther
2381 774 2710 837 nominatur,
2739 775 3098 830 certissimum
3129 777 3293 831 Deum
3331 777 3474 845 judi.

268 861 407 931 privat
441 866 489 912 et
526 855 790 926 prudentia.
839 871 860 905 ι
900 852 1149 907 Pauciora
1192 853 1559 916 nihilominus,
1605 868 1764 923 quam
1870 867 1957 912 cat
1991 878 2009 910 ι
2050 857 2183 929 (Cic.
2213 860 2307 915 lib.
2353 864 2469 928 cit.,
2496 880 2615 934 pag.
2647 865 2770 931 lOl,
2800 867 2894 920 lin.
2927 865 3038 940 lO).
3080 869 3229 935 Quod
3258 869 3471 939 quidem

269 961 460 1023 uterque,
486 949 542 1004 de
560 950 634 1003 illa
657 946 965 1004 Aristotelis
1013 948 1275 1000 sententia
1318 946 1503 1001 retulit
1544 947 1683 1000 hunc
1713 946 1763 1000 in
1870 949 1961 1004 ille
2004 951 2172 1005 fusius
2219 953 2394 1008 adlmc
2438 956 2724 1023 enucleat,
2766 959 3218 1027 quemadmodum
3254 977 3282 1015 a
3315 962 3471 1020 nobis

266 1045 433 1101 modum
478 1042 751 1097 Lactantius
792 1060 806 1096 :
852 1062 872 1094 ι
926 1040 1246 1097 Aristoteles
1286 1040 1531 1109 quamvis
1578 1052 1763 1092 secum
1868 1041 1993 1096 alibi
2021 1054 2332 1100 aunotatum
2358 1056 2441 1102 est
2461 1049 2639 1120 (Tom.
2670 1066 2685 1104 ι
2714 1051 2988 1122 Apparat.,
3023 1069 3140 1124 pag,
3171 1054 3319 1127 782).

262 1137 344 1207 ipse
368 1133 597 1195 dissideat.
626 1149 686 1188 ac
716 1139 1068 1205 repugnantia
1094 1131 1196 1187 sibi
1218 1131 1363 1186 dit-at
1387 1139 1440 1184 et
1470 1130 1694 1191 sentiat,
1721 1129 1766 1183 is
1940 1133 2244 1192 Secmidmn
2267 1138 2466 1195 dehinc
2494 1141 2666 1195 locum
2686 1141 2947 1198 Minucius
2968 1142 3169 1200 Zenoni
3196 1144 3472 1204 Cleanthis

253 1243 452 1285 summam
498 1236 663 1282 tamen
690 1243 852 1282 unam
902 1241 1138 1282 mentem
1170 1224 1370 1279 mundo
1415 1236 1651 1293 prmesse
1682 1231 1763 1276 le-
1869 1228 2128 1297 magiswo
2175 1231 2433 1301 assignat,
2482 1233 2737 1303 illiusque
2789 1234 2857 1289 de
2891 1236 2999 1291 lleo
3048 1239 3359 1306 opinionem
3391 1240 3473 1294 sic

242 1330 372 1378 statur
393 1319 773 1392 i(Lactant.lib.
793 1336 828 1376 Il
854 1318 1086 1374 Iustina.
1111 1318 1295 1380 diviu.,
1320 1331 1441 1385 cap.
1470 1314 1563 1379 25,
1589 1329 1645 1384 ι).
1668 1313 1760 1379 ‘25;
1865 1322 2085 1389 exponit
2116 1340 2128 1375 :
2164 1341 2183 1375 ‹
2219 1322 2426 1389 Zenon,
2456 1325 2696 1393 ejusdem
2728 1330 2999 1400 magister,
3046 1333 3344 1388 naturalem
3391 1334 3471 1387 leo

238 1414 359 1469 ellib.
374 1416 429 1466 de
448 1410 528 1466 Ira
546 1412 638 1466 Dei
672 1428 793 1483 cap.
815 1414 902 1478 ll,
930 1428 1052 1483 pag.
1075 1411 1202 1482 79b)
1249 1409 1315 1465 Et
1350 1408 1563 1463 brevius
1588 1406 1764 1462 adhuc
1864 1430 1984 1485 gem
2013 1426 2173 1488 atque
2198 1418 2458 1485 divinam,
2500 1429 2556 1475 et
2583 1422 2784 1477 :ethera
2816 1424 3055 1489 interim,
3088 1426 3471 1496 interdumque

233 1508 375 1563 aliain
415 1508 573 1564 libro:
610 1536 623 1559 ι
663 1509 863 1564 Eadem
904 1511 1036 1574 lere,
1072 1506 1265 1577 inquit,
1300 1516 1461 1573 atque
1492 1502 1764 1557 Antislhe-
1864 1508 2129 1562 rationem
2159 1510 2270 1563 vult
2313 1512 2551 1566 omnium
2591 1529 2712 1567 esse
2752 1516 3094 1586 principium.
3124 1517 3268 1572 ldem
3299 1520 3469 1573 inter-

230 1616 321 1670 nes,
348 1622 365 1655 ι
395 1602 453 1656 de
476 1618 577 1672 quo
605 1618 706 1659 nos
735 1604 895 1674 paulo
932 1610 1058 1657 ante
1095 1602 1329 1656 diximus
1371 1619 1389 1652 ι
1439 1596 1762 1653 Aristoteles
1864 1601 2145 1669 pri-tando,
2178 1601 2444 1658 Junoiiem
2490 1619 2637 1667 aera.
2668 1605 2856 1661 Jovem
2900 1611 3119 1674 rtelum,
3160 1610 3466 1680 Neptunum

233 1712 323 1752 cuin
347 1696 440 1751 suis
457 1697 840 1767 Peripateticis.
881 1716 899 1750 ι
930 1696 1143 1752 Videsis
1166 1694 1535 1761 Plutarchum,
1566 1692 1761 1747 Lesca-
1865 1706 2015 1746 mare
2037 1733 2051 1753 ,
2102 1694 2276 1760 ignem
2332 1710 2452 1752 esse
2483 1697 2776 1754 Vulcanum
2798 1741 2811 1761 ,
2865 1709 2919 1754 et
2956 1710 3183 1757 caeteros
3213 1704 3465 1759 similiter

236 1788 453 1858 lopierum,
481 1804 541 1845 ac
583 1791 629 1843 si
678 1790 815 1845 velis
845 1805 965 1859 quae
1005 1789 1128 1843 alibi
1169 1788 1574 1844 otiservavimus
1605 1784 1758 1857 (Plu-
1866 1785 2007 1851 vulgi
2035 1785 2177 1841 Deos
2199 1788 2466 1843 elementa
2494 1805 2615 1845 esse
2643 1792 3012 1859 monstrando,
3046 1794 3314 1863 publicum
3339 1811 3431 1866 gra
3452 1829 3465 1837 -

236 1881 368 1935 tarch.
389 1881 462 1935 lib.
486 1897 504 1936 ι
531 1881 595 1936 de
636 1880 830 1936 Placit.
862 1881 1191 1953 Philosoﬂn,
1222 1896 1342 1947 cap.
1373 1882 1429 1944 7,
1458 1895 1580 1950 pag.
1610 1876 1711 1933 88l
1744 1892 1758 1941 ;
1792 1868 1841 1929 B
1869 1876 2008 1931 viter
2038 1877 2213 1946 arguit
2239 1888 2293 1933 et
2320 1880 2549 1936 revincit
2576 1898 2838 1938 errorem.
2878 1903 2897 1936 ι
2927 1884 3118 1939 Nonne
3147 1895 3323 1941 autem
3349 1886 3466 1944 haec

228 1971 451 2045 Lemlop.
479 1975 528 2029 in
572 1975 666 2030 cit.
696 1973 872 2030 Cicer.
909 1974 937 2047 §
967 1975 1067 2040 35,
1114 1990 1234 2045 pag.
1270 1974 1362 2038 54,
1404 1983 1458 2029 et
1496 1974 1563 2028 de
1592 1972 1751 2026 Arist.
1859 1966 2035 2021 adhuc
2075 1969 2306 2025 delibata
2339 1982 2465 2027 sunt
2501 1988 2569 2028 ex
2610 1974 2711 2030 hoc
2736 1975 3015 2032 Ciceronis
3045 1977 3202 2033 loco?
3234 1998 3252 2030 ι
3278 1979 3463 2035 Zenon
3501 1982 3511 1991 ’

223 2064 468 2137 Immin,
493 2082 605 2140 pag.
640 2068 747 2125 184
790 2078 848 2125 ei
874 2083 1050 2139 seqq.,
1099 2076 1230 2123 tom,
1284 2085 1299 2121 ι
1333 2068 1753 2139 Αρραναεηρλε.
1860 2061 2155 2115 naturalem
2195 2062 2372 2133 legem
2426 2064 2659 2121 divinam
2703 2083 2822 2123 esse
2862 2081 3070 2136 censet,
3100 2087 3325 2143 eamque
3356 2073 3466 2129 vim

218 2159 341 2231 78”.
1860 2151 2107 2207 obtinere
2136 2164 2281 2210 recta
2314 2157 2693 2228 imperantem,
2742 2161 3222 2234 prohibentemque
3250 2174 3466 2221 contra-

275 2252 503 2308 Pmtem
532 2273 551 2305 ι
583 2253 896 2311 Heraclides
927 2254 1201 2322 pomicus,
1230 2256 1306 2310 ait
1333 2254 1612 2319 Minucius,
1644 2253 1758 2308 Deo
1860 2245 2057 2302 ria.....
2080 2247 2201 2303 Alio
2228 2249 2346 2305 loco
2368 2251 2566 2306 aethera
2594 2254 2757 2308 Deum
2781 2255 2914 2309 dicit
2934 2271 3173 2313 esse.....
3206 2258 3345 2314 Aliis
3368 2275 3469 2313 au-

212 2342 411 2399 divinam
438 2357 679 2414 mentem,
707 2347 953 2417 quamvis
976 2349 1119 2402 varie
1144 2348 1421 2409 adt-eripit,
1445 2347 1580 2402 alias
1599 2362 1757 2401 mnu.
1863 2345 1970 2392 tem
2014 2339 2163 2393 libris
2203 2343 2464 2399 rationem
2496 2345 2783 2413 quamdam
2818 2362 2912 2417 per
2936 2363 3150 2404 omnem
3184 2351 3461 2420 perzineu-

212 2435 300 2501 do,
327 2439 441 2493 alias
478 2437 661 2494 diving
703 2440 868 2494 menti
916 2440 1155 2495 tribuens
1201 2441 1578 2510 principatum.
1619 2456 1638 2491 ι
1682 2440 1756 2496 At
1864 2437 1968 2484 tem
2002 2440 2280 2498 naturam,
2316 2443 2369 2488 υι
2407 2435 2639 2490 divinam
2670 2451 2790 2493 8588
2836 2438 3081 2495 allectum
3111 2451 3280 2511 putat.
3313 2442 3462 2500 ldem

216 2526 320 2582 hac
350 2530 556 2598 quidem,
587 2540 643 2587 ει
670 2531 773 2586 alia
822 2532 1043 2602 insuper
1070 2531 1139 2586 de
1179 2531 1276 2586 illo
1323 2531 1482 2585 mum
1523 2530 1714 2585 Cicero
1741 2548 1753 2584 ;
1862 2522 2023 2576 astris
2051 2524 2149 2576 hoc
2195 2523 2333 2578 idem
2364 2526 2568 2593 tribuit,
2597 2538 2707 2581 tum
2738 2529 2915 2592 anuis,
2958 2534 3256 2597 mensibus,
3289 2550 3461 2591 anno-—

230 2636 250 2668 ι
273 2619 343 2673 Ex
359 2622 564 2686 eadem,»
592 2624 818 2694 inquit,r
852 2623 1083 2678 Platonis
1112 2623 1296 2677 schola
1322 2623 1573 2678 Ponticus
1596 2621 1759 2677 Hera-
1863 2629 2090 2684 rumque
2117 2618 2521 2675 mutationibus.
2539 2621 2673 2675 Cum
2702 2636 2830 2677 vero
2854 2623 3070 2679 Hesiodi
3093 2626 3463 2698 Theogoniam

232 2710 379 2765 clides
412 2716 664 2781 puerilibus
717 2716 914 2771 fabulis
968 2715 1177 2771 refersit
1228 2716 1424 2781 libros;
1473 2722 1528 2770 ει
1580 2723 1759 2769 tamen
1864 2707 2265 2774 interpretatur,
2292 2708 2428 2763 tollit
2449 2712 2672 2765 omnino
2701 2712 2925 2767 usitatas
2954 2729 3340 2789 perceptasque
3370 2734 3463 2776 c0-

235 2805 383 2857 lnodo
419 2808 623 2865 mundum
646 2852 662 2877 ’
722 2818 836 2864 tum
869 2818 1102 2864 menlem
1150 2808 1384 2863 divinam
1415 2823 1535 2865 esse
1565 2817 1714 2877 ρυιεη
1741 2826 1756 2862 ε
1862 2799 2130 2869 guitiones
2156 2800 2403 2858 deorum.
2437 2802 2620 2874 Neque
2650 2806 2793 2859 enim
2829 2805 3041 2874 Jovem,
3090 2825 3267 2879 neque
3294 2812 3461 2868 Juno-

241 2899 498 2954 errantibus
517 2905 653 2958 etiam
694 2901 869 2958 stellis
893 2900 1073 2955 tribuit
1101 2901 1460 2967 divinitatem,
1490 2915 1759 2970 sensuque
1866 2906 2009 2955 nem,
2036 2906 2208 2963 neque
2237 2892 2476 2962 VeStam,
2517 2910 2692 2967 neque
2748 2890 3071 2968 quemquam
3114 2902 3203 2971 qui
3240 2901 3312 2957 ita
3360 2917 3459 2974 ap-

244 2986 392 3042 Deum
429 2996 575 3058 prim,
613 3004 668 3050 et
693 2994 814 3064 ejus
862 2994 1090 3048 formam
1106 2992 1431 3047 mutabilem
1472 3006 1593 3047 esse
1623 2991 1755 3058 vult,
1865 2986 2095 3055 pelletur
2140 2987 2191 3041 in
2229 2987 2453 3044 deorum
2486 2989 2644 3045 habet
2690 3006 2936 3059 numero,
2962 2993 3057 3049 sed
3087 2995 3250 3050 rebus
3290 2999 3461 3052 inani-

237 3080 482 3154 uideoque
524 3086 652 3142 libro
704 3102 898 3143 rursus
948 3095 1143 3141 terrain
1173 3096 1225 3141 et
1255 3085 1452 3141 caelum
1499 3084 1663 3141 refert
1704 3085 1758 3140 in
1862 3080 2023 3136 matis
2069 3089 2230 3151 atque
2277 3083 2438 3136 mutis
2470 3126 2485 3148 ,
2537 3099 2633 3154 per
2678 3086 2967 3154 quamdam
3007 3087 3458 3156 signiﬁcationem

227 3170 348 3227 Deos
380 3195 398 3227 ι
420 3175 530 3247 (Cic.
550 3178 641 3233 lib.
669 3179 771 3233 ide
801 3176 997 3233 Natur.
1024 3177 1205 3238 θεον..
1241 3192 1359 3247 pag.
1389 3178 1514 3239 200,
1544 3177 1637 3230 lin.
1667 3176 1755 3243 39,
1864 3170 1979 3227 hmc
2009 3174 2194 3227 tribuit
2214 3175 2428 3230 nomina
2453 3195 2472 3229 ι
2497 3175 2742 3249 (Cic.|ih.
2770 3183 2862 3231 cit.
2894 3193 3014 3248 pag.
3041 3179 3168 3244 9.00,
3194 3179 3286 3234 lin.
3311 3183 3380 3236 47
3408 3191 3464 3237 et.

212 3275 264 3321 et
285 3280 388 3337 ειη.
414 3267 447 3339 ).
469 3269 719 3327 Minucius
756 3271 957 3340 itaque,
989 3270 1148 3325 sicuti
1172 3270 1339 3333 vides,
1371 3269 1438 3324 de
1463 3267 1757 3325 Ileraclidis
1781 3248 1827 3313 C
1861 3266 2062 3338 seqq.).
2106 3266 2351 3322 Laertius
2382 3248 2513 3323 vero
2541 3278 2790 3324 testatum
2811 3270 2968 3325 nobis
2990 3270 3115 3327 facit
3145 3288 3262 3327 eam
3290 3272 3460 3329 fuisse

208 3358 439 3427 opinione
471 3378 526 3418 ea
557 3373 758 3419 tantum
788 3364 972 3425 refert,
1019 3377 1139 3432 qua:
1168 3360 1235 3416 ad
1264 3376 1378 3415 rem
1408 3375 1560 3415 suam
1594 3359 1698 3413 facii

1970 3359 2097 3412 nonis
2126 3360 2433 3428 opinionem
2464 3380 2476 3413 :
2508 3351 2611 3415 έναι
2638 3387 2693 3417 τε
2723 3364 2848 3417 εἶναι
2897 3371 3030 3427 Θεὸν,
3081 3375 3165 3417 uti
3213 3376 3338 3430 ναῦν,
3378 3375 3460 3421 καὶ

206 3451 341 3505 bant.
374 3453 503 3511 lllius
539 3458 693 3511 vitam
742 3456 953 3525 scripsit
998 3454 1262 3521 Laertius,
1310 3469 1516 3524 nosque
1561 3453 1628 3507 de
1670 3452 1696 3507 il

1973 3461 2166 3523 ῑρμένην.
2197 3456 2280 3506 καὶ
2309 3463 2419 3519 Δία,
2450 3461 2650 3517 πολλαῖς
2692 3480 2742 3512 τε
2768 3464 2954 3527 ἑτέραις
2984 3463 3256 3525 ὀνομασίαις
3289 3483 3463 3530 προσο-

205 3549 337 3595 tomo
383 3548 625 3613 suieriori
679 3548 798 3603 loco
843 3546 1003 3616 paulo
1046 3553 1172 3600 ante
1199 3547 1362 3600 citato
1403 3545 1761 3600 disseruimus
1864 3551 2172 3612 νομίζεσθαι.
2210 3565 2229 3597 ‹
2256 3545 2428 3602 Unum
2459 3561 2581 3602 esse
2609 3549 2796 3612 Deum.
2820 3561 2874 3603 et
2904 3562 3158 3619 mentem,
3192 3552 3456 3619 etiamm,

204 3633 402 3705 (lactt.
428 3640 518 3693 sub
542 3640 698 3695 linem
739 3640 832 3695 lib.
857 3656 891 3694 ν
918 3651 1047 3694 tom.
1094 3655 1111 3693 ι
1153 3638 1429 3709 Apparal.,
1456 3654 1576 3709 pag.
1605 3635 1755 3708 779).
1863 3649 1915 3692 et
1933 3638 2143 3703 Jovem,
2165 3638 2451 3708 multiSque
2470 3640 2590 3693 aliis
2605 3641 2863 3710 appellari
2896 3643 3203 3698 nominibus
3223 3642 3457 3716 »(Laert.

267 3728 486 3797 Quatuor
516 3733 740 3788 subinde
764 3734 901 3787 alios
932 3731 1282 3805 philosophos
1305 3732 1461 3786 simul
1496 3731 1758 3786 Minucius
1863 3730 1957 3787 lib.
1991 3748 2063 3787 vn
2093 3734 2145 3785 in
2187 3731 2301 3786 Vita
2340 3733 2560 3802 Zenon.,
2602 3733 2630 3806 §
2679 3735 2782 3791 155
2826 3744 2880 3791 et
2931 3738 3026 3791 I47
3057 3738 3102 3809 ).
3160 3738 3293 3806 Quae
3340 3740 3459 3810 qui-

207 3818 271 3871 ila
292 3825 544 3895 coniungit
572 3847 585 3883 :
614 3844 632 3878 ι
675 3825 1074 3894 TbeOphrastus
1105 3835 1159 3880 et
1184 3823 1383 3881 Zenon.
1418 3834 1471 3880 et
1497 3824 1758 3895 Chrysip-
1863 3823 1985 3880 dem
2011 3826 2227 3880 nomina
2253 3826 2342 3881 ille
2373 3838 2557 3897 postea
2588 3830 2879 3884 recensuit.
2900 3829 3035 3885 lliuc
3062 3831 3457 3887 Tertullianus:

210 3923 316 3977 Pus,
355 3925 404 3969 et
426 3915 700 3974 Cleanthes
745 3927 874 3974 sunt
911 3927 965 3972 et
1011 3918 1111 3988 ipsi
1152 3916 1536 3981 multiformes,
1569 3917 1662 3971 sed
1692 3917 1758 3971 ad
1869 3931 1889 3965 ‹
1920 3915 2072 3985 Apud
2103 3926 2311 3971 vestros
2330 3934 2546 3990 quoque
2566 3920 2837 3989 sapientes
2861 3926 3010 3987 λόγον,
3044 3922 3091 3974 id
3116 3930 3218 3985 est,
3251 3937 3460 3978 Sermo-

212 4007 438 4064 nnitatem
492 4013 837 4080 providentia:
890 4026 1080 4065 omnes
1129 4011 1492 4067 revolvuntur.
1543 4029 1563 4061 ι
1622 4010 1756 4064 Tum
1866 4021 1986 4062 nem
2016 4015 2178 4077 atque
2208 4010 2492 4078 rationum,
2523 4021 2737 4067 Constat
2764 4014 3022 4067 artilicem
3047 4012 3214 4067 videri
3247 4015 3459 4070 univer-

217 4101 435 4156 continuo
456 4106 605 4160 trium
637 4105 992 4175 posteriorum
1022 4104 1302 4174 opiniones
1328 4102 1635 4172 singillatim
1675 4116 1760 4156 re-
1863 4098 2056 4153 silatis.
2086 4099 2239 4155 lluttc
2263 4103 2403 4156 enim
2438 4102 2586 4158 Zeno
2613 4105 2934 4158 determinat
2954 4102 3331 4171 factitatorem,
3362 4107 3458 4175 qui

223 4200 397 4256 censet,
423 4197 503 4251 sed
531 4197 653 4252 mhil
696 4198 764 4252 de
797 4199 972 4266 primo
1000 4195 1226 4264 amplius
1252 4195 1406 4249 dixit.
1440 4193 1628 4250 Utrum
1658 4208 1757 4247 au-
1863 4202 2055 4246 cunt-ta
2085 4194 2136 4246 in
2183 4195 2534 4262 dispositione
2567 4197 2897 4262 formaverit,
2930 4196 3176 4252 eumdem
3209 4210 3256 4252 et
3293 4202 3455 4254 latum

234 4286 328 4332 ιω
366 4283 410 4338 id
444 4288 501 4341 ab
526 4289 753 4359 ipsomet
792 4287 1045 4351 Minucio,
1087 4288 1171 4341 vel
1223 4286 1426 4341 librarii
1471 4284 1755 4339 oscitantia
1862 4284 2065 4348 vocari,
2099 4294 2151 4337 et
2189 4285 2353 4338 Deum
2376 4328 2392 4349 ,
2436 4296 2493 4340 et
2516 4287 2753 4340 animum
2799 4287 2967 4348 Jovis,
3002 4297 3055 4341 et
3081 4289 3456 4347 necessitatem

249 4372 446 4432 Missum
469 4380 615 4437 fuerit
635 4423 652 4449 ,
700 4380 823 4452 quis
849 4395 1094 4436 asserere
1125 4378 1358 4435 audeat?
1398 4377 1756 4449 Theophrasti
1862 4375 2101 4431 omnium
2129 4389 2309 4430 rerum
2335 4395 2355 4428 ι
2397 4377 2645 4447 (Tertull.
2676 4377 2922 4447 Apolog..
2951 4391 3070 4446 cap.
3098 4378 3216 4450 21).
3246 4380 3459 4438 Tertul-

256 4476 388 4528 1³0πο
406 4472 662 4538 opinionem
710 4478 756 4530 si
786 4476 926 4531 scire
956 4488 1137 4536 aveas,
1166 4489 1283 4527 eam
1315 4473 1409 4527 tibi
1437 4472 1760 4543 patefacient
1863 4468 2063 4522 lianum
2094 4468 2333 4537 sequitur
2354 4466 2665 4523 Lactantius
2689 4469 2954 4540 (Lactant.
2990 4470 3081 4524 lib.
3112 4486 3165 4524 IV
3190 4470 3454 4539 lustitut.,

250 4551 350 4608 hac
373 4557 585 4621 Ciceronis
634 4567 804 4623 verba
842 4584 856 4621 :
890 4586 908 4618 ι
947 4564 1057 4620 Nec
1104 4578 1231 4619 vero
1267 4563 1623 4632 Theophrasti
1678 4564 1761 4618 in—
1864 4577 1984 4632 cap.
2030 4562 2097 4622 7.
2146 4575 2261 4631 pag.
2312 4559 2462 4634 575).
2509 4561 2615 4617 Sed
2664 4562 2909 4634 quaedam
2953 4578 3018 4618 ex
3074 4564 3136 4619 iis
3175 4562 3280 4633 iam
3324 4566 3451 4619 atti-

239 4657 477 4711 Μωυσέα
515 4658 729 4716 ferenda
762 4673 875 4724 est;
922 4658 1083 4713 modo
1109 4658 1251 4711 enim
1302 4657 1468 4711 menti
1518 4656 1757 4711 divinum
1783 4636 1837 4697 Ῑ)
1864 4656 2040 4726 gimus
2068 4654 2120 4709 in
2148 4657 2428 4725 superiore
2458 4655 2762 4725 Apparatus
2789 4656 2955 4710 nostri
3010 4665 3157 4712 tomo
3207 4657 3406 4729 (Tom.
3447 4672 3466 4709 ι

237 4740 383 4797 tribuit
417 4751 773 4823 principatum,
805 4751 968 4806 modo
1012 4750 1172 4814 creto,
1211 4760 1323 4803 tum
1367 4761 1545 4803 autem
1573 4748 1759 4819 signis,
1865 4751 2149 4822 Apparat.,
2184 4768 2303 4823 pag.
2333 4752 2484 4824 780).
2515 4752 2629 4821 Qua
2675 4762 2851 4809 autem
2893 4753 3099 4808 ratione
3127 4754 3283 4808 iidem
3312 4752 3459 4808 Zeno

234 4832 543 4914 δίιιεήὺυείιυρ
565 4848 880 4904 caelestibus
921 4863 941 4898 ι
977 4842 1133 4917 (Cic.
1166 4843 1317 4909 ibid.,
1351 4858 1471 4913 pag.
1504 4842 1631 4904 200,
1664 4842 1759 4897 lin.
1865 4855 1921 4901 et
1951 4845 2115 4901 Stoici
2138 4844 2269 4900 deos
2298 4846 2438 4916 vulgi
2468 4846 2734 4901 elementa
2762 4860 2883 4901 esse
2912 4846 3246 4913 putaverint,
3282 4845 3335 4899 in
3362 4859 3454 4900 se-

230 4922 323 4997 42).
356 4932 479 4998 Vide.
516 4938 559 4993 si
596 4940 766 5005 lubet,
791 4954 911 5011 qum
931 4938 998 4993 de
1019 4938 1110 4993 illo
1134 4935 1259 4991 alibi
1285 4935 1762 4990 animadvertimus
1865 4939 2049 5009 quenli
2084 4937 2463 4993 dissertatione
2489 4939 2835 4994 ostendemus
2865 4936 3109 5006 (Dissert.
3152 4937 3205 4991 in
3253 4937 3455 4993 Arnob.

227 5015 369 5084 (Tum.
393 5041 408 5079 ι
428 5028 687 5099 Apparat.,
720 5044 842 5101 pag.
872 5026 1021 5100 78l).
1864 5047 1913 5086 c.
1946 5032 2034 5097 17,
2062 5041 2166 5087 art.
2197 5030 2276 5103 5).

282 5110 359 5169 llis
381 5118 677 5189 ob~ervatis,
709 5123 815 5190 iam
860 5122 986 5191 quid
1036 5121 1103 5178 de
1146 5120 1317 5177 tribus
1342 5120 1460 5175 aliis
1501 5120 1761 5176 Minucius
1938 5125 2150 5179 Tertius
2175 5140 2203 5178 a
2228 5123 2459 5178 Minucio
2486 5123 2785 5191 appellantur
2808 5121 3141 5193 Chrysippus
3183 5120 3271 5193 qui
3313 5140 3333 5172 ι
3362 5136 3459 5177 ea-

225 5211 401 5275 Slatuat,
424 5218 801 5273 exaininemus.
834 5219 878 5270 A
905 5212 1164 5269 Cleanthe
1208 5223 1388 5269 autem
1424 5215 1501 5269 sic
1530 5214 1715 5283 incipit
1742 5231 1756 5268 :
1865 5217 1987 5272 dem
2022 5217 2188 5282 lere,»
2216 5214 2552 5282 iuquil,¢vitn
2572 5215 2835 5278 divinam,
2857 5214 3170 5269 rationalem
3189 5224 3458 5279 naturam,

230 5312 245 5341 '
273 5295 518 5362 Cleanthes
560 5320 821 5375 mentem,
868 5307 1028 5363 modo
1064 5308 1320 5373 animum,
1350 5306 1511 5361 modo
1536 5306 1758 5371 aethera,
1866 5318 1921 5363 ct
1970 5307 2182 5363 fatalem
2212 5306 2585 5361 necessitatem
2630 5306 2796 5359 Deum
2834 5306 3007 5360 credit
3038 5324 3051 5359 :
3083 5305 3462 5376 Zenooemque

228 5385 488 5467 vitrumque
530 5404 816 5465 rationem.
852 5402 1016 5455 Deum
1046 5402 1257 5456 asserit.
1298 5420 1317 5452 ι
1366 5400 1442 5456 lta
1474 5401 1567 5455 ille
1590 5402 1657 5455 ab
1682 5401 1762 5455 ul-
1869 5399 2311 5470 interpretatione
2340 5396 2686 5466 physiologia:
2733 5396 3056 5461 ἱηᾘθείοιίίι
3086 5398 3322 5465 Homeri.
3356 5398 3463 5453 01⁵*

238 5484 337 5539 limo
360 5508 559 5554 exorsus
583 5510 689 5565 es].
718 5498 966 5569 quamvis
1008 5513 1154 5561 eum,
1186 5497 1342 5551 sicuti
1370 5498 1580 5560 Cicero,
1609 5496 1764 5566 cujus
1870 5493 2105 5560 pbeique
2129 5487 2454 5545 carminibus
2490 5487 2744 5565 imilalllr.
2784 5505 2803 5537 ι
2839 5489 3014 5553 Atque
3042 5488 3157 5541 haec
3189 5489 3345 5554 longe
3375 5487 3463 5544 fu-

238 5581 422 5653 Vcsligiis
442 5605 586 5646 more
608 5607 708 5647 suo
746 5590 963 5651 insistit,
999 5589 1228 5643 Zenonis
1254 5588 1575 5656 discipulum
1603 5587 1767 5641 fuisse
1873 5588 1983 5640 sius
2027 5585 2217 5637 Cicero
2257 5579 2595 5649 prosequitur
2617 5577 2778 5651 (Cic.,
2813 5577 2907 5630 lib.
2941 5577 3032 5629 cit.
3060 5591 3179 5646 pag.
3203 5580 3331 5644 201,
3363 5580 3459 5635 lin.

230 5669 429 5735 fateatur.
470 5684 542 5739 De
570 5686 715 5739 illius
748 5694 929 5738 autem
954 5682 1221 5737 sententia
1254 5683 1371 5734 hzec
1401 5681 1615 5748 scriptis
1654 5679 1770 5749 ipse
1873 5678 1942 5731 27
1967 5674 2007 5748 ).
2043 5674 2118 5727 Ex
2147 5672 2320 5740 primo
2346 5670 2544 5722 etenim
2577 5668 2817 5738 ejusdem
2850 5666 3133 5735 Chrysippi
3171 5669 3239 5721 de
3273 5681 3463 5722 natura

226 5765 379 5828 Cicero
400 5778 701 5833 mandavit:
740 5794 761 5828 ι
789 5774 1073 5832 Cleanthes
1114 5774 1204 5844 qui
1242 5772 1516 5829 Zenonem
1547 5771 1772 5839 audivit,
1875 5768 2096 5824 deorum
2128 5763 2282 5827 IibrO.
2312 5759 2426 5813 “:30
2454 5760 2644 5814 ίίιῑυτίδ
2660 5761 2969 5829 εοιιείεηαιε
3007 5767 3269 5810 memmi“
3299 5776 3353 5810 ε(
3375 5760 3469 5815 Ait

224 5865 313 5916 tum
337 5865 490 5935 ipsum
515 5868 779 5924 mundum
812 5868 979 5925 Deum
1012 5864 1139 5923 dicit
1178 5879 1322 5930 esse,
1346 5875 1456 5920 tum
1489 5863 1651 5921 totius
1677 5877 1772 5919 na-
1877 5863 1984 5918 vim
2014 5857 2246 5915 divinam
2272 5856 2323 5910 in
2345 5854 2553 5911 ratione
2579 5868 2698 5909 esse
2724 5853 2970 5925 positam,
2995 5857 3049 5905 et
3073 5849 3338 5906 universae
3371 5868 3472 5908 na-
