3818 6282
368 392 478 452 435

1622 376 1710 433 DE
1746 369 2005 431 MINUCII
2041 370 2357 432 OCTAVIO.

3493 394 3568 453 ιιι

367 520 507 565 tura:
529 506 728 572 animo,
757 508 915 570 atque
940 501 1149 562 mente;
1181 491 1766 565 ipsumque'mundum,
1795 489 1964 546 Deum
1990 490 2046 551 Α
2071 488 2212 555 802;
2261 489 2530 555 Lactant.,
2561 489 2655 547 lib.
2684 489 2748 546 de
2788 488 2878 545 Ira
2919 488 3048 557 Dei,
3089 494 3201 563 cap‘.
3244 494 3324 557 11,
3354 498 3566 575 pag-195;

370 601 507 658 dicit
550 608 691 661 esse,
731 603 785 649 et
808 590 924 661 ejus
954 589 1118 644 animi
1159 587 1429 643 fusionem
1470 585 1775 640 universam
1811 601 1824 638 :
1857 591 1967 637 tum

370 694 492 764 ejus
523 690 686 760 ipsius
716 684 1095 755 principatum,
1125 682 1213 750 qui
1243 682 1295 735 in
1338 687 1517 735 mente
1543 686 1595 734 et
1618 678 1824 732 ratione
1850 690 1972 731 ver-

372 797 542 844 setttr,
574 791 1023 846 communemque
1051 791 1227 831 rerum
1261 784 1502 829 naturam
1531 814 1544 837 ,
1605 773 1854 827 universa
1886 777 1969 825 at-

374 894 479 950 que
525 874 700 930 omnia
749 871 1153 932 continentem;
1211 879 1318 922 turn
1368 866 1581 921 fatalem
1622 864 1886 920 umbram.
1919 870 1974 918 et

376 971 750 1026 necessitatem
784 980 959 1019 reium
990 962 1344 1017 futurat'mnu
1378 961 1581 1028 Quibus
1608 958 1820 1027 quidem
1846 957 1969 1022 alia,

374 1080 493 1134 quae
543 1060 737 1115 ibidem
787 1059 964 1127 legere
1015 1057 1247 1126 poteris,
1279 1071 1398 1109 cum
1427 1054 1735 1124 adjecisst-t,
1768 1053 1880 1106 lucc
1908 1067 1973 1106 ex

375 1154 614 1214 secundo
640 1154 780 1206 illius
806 1152 870 1206 de
898 1150 1104 1204 Natura
1134 1148 1314 1203 itidem
1332 1147 1555 1202 Deorum
1586 1147 1721 1200 libro
1752 1145 1969 1200 retulit:

382 1269 401 1302 ι
459 1248 513 1301 1η
547 1245 785 1301 secundo
836 1253 1014 1297 autem
1057 1243 1169 1295 vult
1196 1241 1429 1308 Orphei,
1465 1238 1681 1303 Musaei,
1733 1235 1970 1301 Hesiodi,

376 1341 710 1409 Homerique
781 1336 1004 1390 fabellas
1083 1332 1493 1389 accommodare
1567 1331 1635 1385 ad
1697 1346 1799 1396 ea,
1855 1342 1972 1400 qua:

377 1436 493 1504 ipse
540 1433 710 1500 primo
748 1429 886 1484 libro
932 1428 999 1482 de
1037 1426 1141 1482 diis
1184 1424 1577 1480 immortalibus
1619 1423 1865 1485 dixerat,
1919 1430 1976 1477 ut

376 1526 539 1581 etiam
568 1523 840 1577 veterrimi
875 1531 1064 1591 poetae,
1090 1519 1178 1588 qni
1209 1517 1326 1574 hmo
1368 1531 1434 1571 ne
1459 1516 1712 1584 suspicati
1756 1514 1971 1583 quidem

376 1616 509 1682 sint,
539 1614 704 1670 Stoici
736 1613 901 1667 fuisse
931 1613 1232 1665 videantur.
1265 1628 1285 1661 ι
1325 1609 1397 1662 De
1424 1608 1507 1662 his
1534 1615 1714 1662 autem
1746 1606 1975 1676 aliisque

378 1709 578 1764 Stoicis
620 1706 815 1760 videsis
841 1703 1133 1781 Laertium,
1164 1701 1255 1773 qui
1281 1718 1466 1757 eorum
1496 1703 1632 1755 vitas
1661 1701 1974 1771 publicavit,

378 1797 748 1864 Plutarchum,
771 1796 1029 1867 Lipsium.
1056 1809 1119 1849 ac
1140 1810 1259 1865 quae
1290 1808 1317 1848 a
1341 1795 1495 1849 nobis
1524 1804 1671 1847 tomo
1701 1794 1979 1858 superiore

2075 580 2370 653 Theodor.,
2392 594 2520 640 tom.
2542 586 2599 653 4,
2622 598 2772 640 serm.
2802 582 2864 637 de
2892 576 3040 653 Fide,
3067 592 3183 655 pag.
3209 586 3344 661 477).

2147 676 2318 732 Pauca
2350 675 2562 731 Minucii
2592 676 2659 730 de
2696 674 2960 731 Aristonis
2987 676 3233 745 opinione
3267 679 3427 746 verba,
3453 687 3572 756 pluﬁ-

2076 769 2176 825 bus
2203 769 2286 825 his
2310 770 2520 830 Cicero,
2548 783 2610 824 ac
2631 770 2943 825 clarioribus
2967 772 3212 840 exposuit
3244 792 3255 827 :
3292 794 3309 825 ι
3338 765 3486 848 Neque
3505 783 3575 841 for.

2078 878 2217 916 mam
2250 861 2340 917 Dei
2370 860 2589 932 intelligi
2617 874 2773 930 posse
2799 870 3000 924 οθηερι,
3034 878 3202 931 neque
3229 865 3275 919 in
3306 865 3392 921 diis
3420 886 3573 931 sensum

2078 968 2198 1010 eSSe
2226 954 2378 1020 dicit,
2421 954 2735 1024 dubitatque
2764 955 2983 1008 omnino
3029 955 3165 1009 Deus
3206 959 3424 1015 animans
3462 980 3577 1024 necne

2078 1047 2148 1100 sit
2173 1047 2191 1112 (
2221 1044 2373 1100 Tom.
2404 1062 2423 1101 ι
2451 1053 2731 1114 Αριιοιιιειι.,
2778 1061 2896 1117 pag.
2929 1045 3034 1101 782
3058 1063 3073 1111 ;
3099 1046 3232 1115 Cic.,
3267 1050 3349 1104 lib.
3378 1053 3466 1107 Ide
3488 1054 3573 1114 Nat.

2077 1140 2257 1205 Deor.,
2291 1156 2410 1211 pag.
2456 1141 2583 1201 201.
2634 1141 2725 1194 litt.
2767 1137 2844 1209 8).
2885 1159 2904 1192 ι
2951 1141 3337 1197 Observandum
3375 1145 3510 1202 obiter
3542 1153 3576 1205 in

2078 1233 2225 1301 regio
2255 1232 2373 1285 cod.
2409 1247 2508 1287 ms.
2541 1230 2750 1287 Minucii
2778 1246 2880 1285 non
2913 1231 3013 1299 legi
3040 1233 3172 1284 sicut
3199 1233 3245 1284 in
3271 1233 3574 1296 editiStAristo

2077 1318 2264 1379 Chius,
2301 1336 2320 1369 ι
2358 1316 2465 1373 Sed
2501 1335 2520 1368 ι
2559 1318 2741 1371 Aristo
2768 1316 3001 1372 Stoicus.
3041 1334 3060 1369 ι
3095 1318 3405 1387 Quapropter
3431 1326 3576 1392 rogabis

2079 1409 2325 1471 fortasse,
2371 1424 2437 1463 an
2477 1409 2545 1462 ibi
2582 1427 2601 1460 ι
2646 1408 2858 1464 Stoicus
2897 1426 2916 1460 ι
2955 1409 3163 1477 potius,
3210 1427 3356 1480 quam
3385 1431 3401 1465 t
3426 1413 3576 1473 Chius:

2080 1501 2363 1572 legendum
2391 1501 2414 1553 ?
2443 1500 2548 1557 Sed
2571 1500 2810 1571 quolibet
2833 1500 2992 1554 modo
3021 1500 3184 1571 legas,
3213 1517 3383 1571 parum
3407 1504 3576 1563 interest

2080 1594 2262 1647 Aristo
2285 1591 2548 1660 siquidem
2574 1602 2628 1645 et
2659 1592 2826 1661 patria
2849 1591 3037 1656 Chius,
3072 1601 3123 1644 et
3156 1592 3469 1663 pltiIOSophia!
3485 1606 3579 1655 tecta

2081 1686 2290 1743 Stoicus
2316 1684 2432 1740 fuit.
2464 1684 2519 1739 id
2545 1692 2722 1740 autem
2751 1685 2885 1739 satis
2914 1693 3063 1753 patet
3103 1699 3167 1740 ex
3214 1686 3276 1740 iis
3308 1700 3411 1756 quae
3436 1688 3487 1744 tle
3522 1692 3581 1747 illo

2082 1778 2205 1833 alibi
2260 1776 2734 1831 animadVertimus
2783 1774 2986 1849 (Tom.
3022 1792 3039 1830 ι
3070 1774 3332 1847 Αρραηιι..
3363 1780 3392 1834 ὃ
3432 1780 3580 1838 dissert.

374 1892 657 1947 observata
689 1866 881 1954 sunt.r(
914 1887 1076 1942 Laert
1108 1930 1122 1952 ,
1158 1886 1252 1941 lib.
1286 1901 1360 1940 vu
1392 1885 1454 1941 de
1516 1884 1642 1939 Vitis
1667 1896 1713 1939 et
1745 1884 1974 1956 dogmat.

2086 1871 2137 1939 Ξ,
2167 1884 2287 1941 cap.
2314 1872 2402 1936 18,
2432 1879 2536 1924 art.
2560 1869 2614 1925 2.
2640 1884 2757 1939 pag.
2781 1866 2941 1934 Hi5,
2977 1878 3032 1925 et
3061 1885 3173 1932 seu.
3200 1867 3225 1940 )

377 1981 509 2038 clar.
563 1982 880 2054 philosoph.,
909 1976 1202 2044 Plutarch.,
1233 1978 1325 2032 lib.
1372 1995 1387 2032 ι
1418 1978 1480 2031 de
1514 1976 1701 2032 Placrt.
1745 1976 1981 2033 Philoso-

380 2077 498 2150 ph.,
530 2075 688 2143 eap.7
716 2084 769 2129 et
790 2075 852 2137 8;
883 2087 945 2127 ac
976 2073 1066 2126 lib.
1089 2070 1152 2125 de
1176 2071 1398 2127 Stoicor.
1426 2081 1760 2143 repugnant.:
1787 2070 1977 2140 Lipsi.,

379 2170 478 2226 lib.
513 2185 529 2223 ι
565 2166 865 2238 Physiolog.
898 2164 1086 2232 Staic.,
1124 2165 1378 2220 dissertat.
1410 2166 1465 2233 5,
1493 2175 1547 2221 et
1576 2180 1753 2237 seqq.;
1801 2176 1931 2220 tom.
1964 2182 1982 2220 1

379 2260 656 2330 Apparat.,
687 2273 809 2329 pag.
840 2255 997 2329 780.)

455 2351 805 2420 Prosequitur
837 2348 1098 2403 Minucius
1144 2355 1347 2412 noster,
1387 2357 1442 2403 et
1470 2349 1543 2403 ait
1582 2365 1595 2402 :
1631 2364 1649 2399 ι
1690 2347 1983 2418 Babylonio

381 2445 545 2501 etiam
580 2444 817 2512 Diogeni,
851 2440 1129 2511 disciplina
1153 2451 1236 2495 est
1267 2440 1568 2510 exponendi
1603 2448 1655 2495 et
1684 2439 1985 2497 disserendi

382 2537 536 2593 Jovis
568 2544 795 2605 partum,
825 2541 880 2588 et
927 2542 1104 2587 ortum
1137 2533 1426 2599 Minervae,
1470 2543 1523 2587 et
1555 2533 1656 2587 hoc
1687 2547 1854 2600 genus
1881 2546 1987 2588 caa-

384 2639 519 2690 tera.
551 2642 727 2682 rerum
761 2625 1017 2680 vocabula
1034 2639 1189 2687 esse.
1225 2641 1329 2679 non
1356 2627 1605 2680 deorum.
1638 2643 1656 2677 ι
1692 2624 1986 2681 Praeiverat

384 2722 577 2777 Cicero
616 2720 697 2774 his
732 2717 910 2772 verbis
943 2735 955 2769 ε
996 2734 1015 2769 ι
1053 2717 1317 2787 Diagenes
1369 2716 1730 2789 Babylonius,
1774 2736 1793 2769 ι
1824 2733 1984 2788 quem

385 2813 510 2869 alibi
556 2828 805 2881 magnum
836 2817 891 2864 et
920 2825 1139 2879 gravem
1178 2811 1419 2865 Stoicum
1470 2819 1654 2874 vocat,
1693 2828 1712 2861 ι
1741 2811 1793 2864 in
1825 2825 1891 2864 eo
1918 2810 1983 2864 li-

385 2908 505 2965 bro.
536 2909 624 2976 qui
648 2904 960 2960 inscribitur
984 2903 1052 2959 de
1078 2902 1335 2964 Minerva.
1370 2913 1577 2972 partum
1605 2902 1753 2959 Jovis
1784 2911 1987 2957 ortum-

387 3012 494 3069 quc
524 2997 743 3063 virginis
773 2995 837 3047 ad
869 2994 1261 3064 phiIOSOphiarn
1304 2994 1589 3048 traducens
1611 3034 1626 3056 ,
1678 2994 1932 3062 disjungit
1956 3006 1988 3048 a

389 3090 569 3146 fabula
607 3091 625 3160 (
656 3088 795 3153 Cic.,
830 3087 925 3141 lib.
970 3103 981 3138 t
1015 3086 1077 3139 de
1116 3084 1301 3139 Natur.
1352 3083 1532 3150 Deor.,
1561 3099 1686 3155 pag.
1728 3084 1855 3146 2‘20.
1888 3084 1984 3139 lin.

386 3185 477 3248 41,
503 3190 558 3238 ct
587 3183 677 3237 lib.
711 3180 766 3245 5,
802 3178 867 3235 de
897 3177 1066 3251 0fﬁc.,
1097 3194 1217 3247 pag.
1247 3176 1378 3245 594)
1415 3196 1433 3228 ι
1472 3178 1616 3232 Alios
1660 3177 1776 3245 ejus
1822 3178 1989 3233 libros

388 3279 456 3333 de
528 3275 845 3328 Divinatione
875 3314 890 3337 ,
943 3270 1254 3333 Nobilitate,
1302 3279 1347 3322 et
1389 3266 1606 3338 Legibus
1671 3269 1738 3324 ab
1796 3269 1984 3324 eodem
2012 3275 2057 3338 C
2092 3263 2246 3320 Unde
2290 3264 2530 3320 Justinus
2575 3265 2775 3338 Marlyr

390 3368 680 3431 Cicerone,
729 3365 1022 3425 Atlio-neco,
1064 3368 1119 3415 et
1168 3360 1454 3415 Plutarcho
1498 3362 1687 3415 citatos
1728 3361 1986 3430 reperies,

392 3461 611 3519 Laertio
656 3468 836 3512 autem
885 3455 929 3509 si
961 3454 1171 3520 credas,
1208 3473 1226 3506 ι
1265 3454 1497 3521 Stoicus,
1540 3474 1558 3507 ι
1597 3453 1696 3509 fuit
1738 3473 1757 3506 ι
1792 3469 1858 3509 ex
1887 3455 1990 3510 Se-

395 3554 592 3621 leucia,
622 3551 1026 3621 appellatusque
1073 3546 1155 3602 es't
1194 3547 1521 3619 Babylonius
1564 3546 1633 3600 ob
1671 3548 1880 3601 urbium
1910 3548 1990 3603 vi-

395 3648 669 3703 cinitatem
705 3661 718 3698 :
760 3661 778 3695 ι
814 3642 867 3698 Si
897 3640 1073 3696 Gellio
1105 3639 1261 3694 ﬁdem
1298 3641 1514 3699 habeas,
1546 3639 1636 3694 ille
1665 3639 1833 3693 Plauti
1861 3650 1989 3709 poe-

399 3750 489 3802 tae,
523 3736 923 3803 Carneadisqtte
955 3732 1266 3788 Academici
1312 3732 1444 3786 vixit
1490 3741 1732 3800 tempore
1766 3751 1780 3787 :
1809 3732 1851 3786 si
1882 3733 1989 3788 Lu-

394 3831 571 3889 ciano.
618 3842 787 3897 usque
834 3827 899 3880 ad
941 3824 1237 3880 secundum
1287 3838 1447 3894 supra
1492 3826 1777 3894 nonaginta
1821 3840 1991 3881 annos

395 3926 559 3980 vitam
592 3937 741 3977 suam
784 3914 1030 3990 produxit
1065 3918 1248 3993 (Cic.,
1280 3917 1375 3974 lib.
1409 3933 1426 3972 ι
1471 3917 1533 3972 de
1576 3916 1828 3984 Divinat.,
1867 3936 1987 3992 pag.

392 4016 535 4081 255;
569 4019 790 4085 Athen.,
818 4008 914 4072 lib.
947 4030 1002 4071 tv
1033 4016 1404 4086 Deipnowph.,
1431 4035 1485 4087 p.
1528 4016 1653 4081 l68,
1686 4026 1741 4071 et
1768 4017 1859 4071 lib.
1891 4033 1987 4086 xu,

393 4126 517 4181 pag.
543 4109 649 4165 526
676 4127 690 4175 ;
725 4108 1020 4175 Plutarch.,
1052 4108 1139 4162 lib.
1159 4109 1221 4162 de
1259 4106 1424 4171 Exil,
1454 4123 1570 4178 pag.
1612 4106 1718 4163 605
1743 4125 1755 4165 :
1784 4107 1989 4176 Laert.,

394 4201 490 4254 lib.
522 4215 597 4264 vr.
630 4199 729 4254 sub
760 4200 917 4254 ﬁnem
951 4200 1082 4253 Viue
1112 4199 1287 4270 Diog.,
1323 4199 1351 4270 §
1378 4200 1469 4263 8|;
1498 4198 1721 4264 Gellius,
1756 4196 1849 4254 lib.
1885 4217 1991 4257 xvu

396 4292 552 4347 Noct.
604 4292 745 4357 atti.,
776 4307 892 4358 cap.
918 4290 1019 4353 21;
1050 4291 1294 4357 Lucian.,
1320 4291 1384 4345 de
1411 4290 1663 4349 Macrob..
1695 4307 1816 4361 pag.
1838 4291 1990 4364 9l6).

465 4383 601 4452 Quid
652 4382 842 4453 plura?
877 4384 1018 4438 Duos
1047 4385 1183 4438 alios
1233 4382 1495 4438 Minucius
1528 4385 1727 4453 profert
1777 4386 1827 4439 in
1873 4401 1987 4439 me-

394 4475 563 4539 dium,
600 4473 689 4545 qui
752 4474 846 4529 Dei
901 4475 1236 4544 majestatem
1292 4475 1361 4527 ab
1410 4474 1717 4529 hominibus
1764 4475 1990 4547 intelligi

392 4582 553 4639 posse
581 4577 961 4637 pernegarunt.
995 4567 1144 4620 Alter
1185 4565 1327 4619 enim
1350 4609 1362 4625 .
1396 4570 1453 4619 ttt
1500 4566 1641 4621 illius
1667 4570 1843 4622 verbis
1876 4576 1989 4623 ula-

2160 1966 2361 2021 Horum
2390 1965 2619 2035 denique
2641 1960 3084 2036 philosophorum
3113 1979 3294 2035 agmen
3315 1966 3583 2023 meritoclau-

2086 2061 2164 2116 dit
2197 2061 2367 2126 Plato,
2417 2068 2736 2115 ceterorum
2766 2061 3006 2114 omnium
3051 2059 3202 2113 facile
3232 2060 3466 2131 princeps.
3490 2060 3583 2116 Illius

2086 2162 2263 2207 autem
2292 2153 2357 2208 de
2379 2153 2488 2208 Deo
2515 2152 2838 2207 sententiam
2861 2155 2941 2207 sic
2968 2152 3229 2207 Minucius
3254 2155 3584 2209 enarraterla-

2088 2246 2198 2301 toni
2228 2247 2281 2301 in
2324 2246 2512 2300 Timeo
2539 2246 2677 2300 Deus
2706 2252 2809 2309 est,
2844 2245 2961 2313 ipso
2988 2259 3088 2299 suo
3126 2245 3331 2301 nomine
3355 2247 3501 2301 mundi
3523 2262 3583 2316 pa-

2088 2353 2233 2404 rens,
2257 2338 2454 2394 artifex
2482 2339 2700 2403 animai,
2722 2337 3029 2393 etelestinm
3056 2338 3461 2407 terrestritnnque
3480 2337 3587 2393 fabri-

2088 2440 2257 2496 cator.
2285 2440 2447 2501 quem
2474 2439 2528 2485 et
2565 2432 2807 2485 invenire
2831 2430 3060 2487 difficile
3086 2446 3194 2501 przc
3224 2432 3372 2486 nimia
3396 2442 3442 2486 et
3469 2434 3585 2487 incre-

2088 2524 2235 2580 dibili
2262 2534 2544 2594 potestate,
2570 2530 2764 2579 etcum
2795 2525 3093 2592 inveneris,
3127 2526 3177 2579 in
3210 2526 3445 2593 publicum
3467 2526 3587 2581 dicere

2088 2620 2421 2688 impossibile
2451 2619 2723 2687 praefatur.
2768 2638 2787 2672 ι
2824 2619 3092 2686 Quocirca
3122 2620 3288 2691 palam
3327 2620 3403 2674 ille
3424 2619 3588 2676 declarat

2089 2713 2227 2767 hanc
2256 2713 2493 2767 Platonis
2514 2716 2835 2767 sententiam
2864 2713 2995 2767 aliis
3016 2713 3263 2768 omnibus
3290 2726 3395 2768 esse
3421 2714 3587 2780 apertio-

2089 2820 2224 2865 rem,
2252 2812 2525 2871 totamque
2553 2805 2665 2860 fere
2692 2804 3000 2869 ccelestem,
3039 2823 3057 2856 ι
3087 2806 3186 2860 nisi
3210 2805 3294 2860 ille
3319 2806 3588 2875 persuasionis

2090 2898 2263 2952 civilis
2311 2912 2709 2967 nonnumquam
2753 2897 3092 2953 admixtione
3126 2899 3489 2965 sordesceret,»
3523 2897 3587 2952 hoc

2092 2999 2192 3056 est,
2224 2990 2325 3044 nisi
2366 2989 2603 3045 Socratis
2638 2992 2985 3059 prmCeptoris
3017 2991 3099 3045 sui
3133 2991 3346 3045 cicutam
3375 3004 3588 3059 necemque

2091 3083 2315 3148 veritus,
2350 3081 2494 3136 falsis
2545 3082 2803 3152 vanisque
2855 3084 3093 3151 imperiti
3145 3084 3277 3153 vulgi
3333 3083 3585 3153 opinionibus

2093 3173 2282 3238 ignave
2311 3175 2682 3244 serviliterqne
2706 3176 2972 3230 interdum
3002 3176 3206 3230 adulari
3227 3191 3419 3231 coaetus
3444 3175 3581 3229 fuisset.

2830 3284 2845 3321 ε
2892 3257 3126 3323 ἐνταῦθα
3170 3273 3195 3321 ὁ
3236 3272 3409 3322 Πλάτων
3439 3274 3513 3325 τεὺς
3528 3277 3582 3318 rit

2096 3359 2419 3419 πολυθεότητα
2457 3363 2810 3427 ἀσπαζαμὲνους
2860 3362 3044 3420 δεδιὼς.
3097 3367 3161 3417 τὰ
3192 3364 3363 3415 bam-far.
3392 3366 3507 3427 ἑαωῲ
3538 3367 3585 3411 rb

2093 3450 2201 3505 κατ’
2227 3454 2371 3505 αὐτὸν
2398 3452 2682 3522 δημιιυργόν
2705 3456 2881 3518 εἰσάγει
2908 3456 3124 3517 λέγοντι.
3165 3470 3183 3503 t
3230 3452 3365 3506 Plaltt
3386 3451 3584 3505 multorum

2094 3544 2317 3599 deorum
2363 3547 2560 3600 eultutn
2592 3546 2868 3615 amplexos
2899 3548 3127 3609 veritus,
3162 3545 3405 3601 contraria
3432 3545 3585 3597 intcrse

2094 3639 2338 3708 opiﬁcem
2388 3637 2556 3693 Deum
2597 3652 2751 3694 suum
2806 3638 3015 3693 inducit
3060 3643 3388 3711 loquentemr
3417 3637 3581 3705 (lusum,

2094 3729 2313 3785 Cohort.
2341 3731 2406 3784 ad
2452 3730 2650 3796 Graec,
2678 3744 2796 3802 pag.
2822 3730 2914 3793 21;
2943 3732 3099 3787 Plato
3121 3735 3172 3787 in
3202 3731 3397 3797 Timaeo,
3424 3726 3577 3801 pag“.

2097 3832 2222 3877 tom.
2259 3823 2291 3878 5
2322 3820 2363 3894 ),
2404 3837 2523 3877 cum
2574 3823 2692 3877 aliis
2731 3824 2912 3894 utique
2963 3824 3104 3893 diis,
3134 3836 3265 3896 quos
3287 3822 3574 3891 abeogeuitus

2093 3912 2259 3969 fuisse
2288 3914 2483 3968 ibidem
2513 3914 2740 3970 dixerat.

2164 4006 2352 4061 Cicero
2372 4014 2547 4061 autem
2567 4006 2652 4061 ubi
2684 4008 2827 4063 illius
2851 4008 3166 4077 opinionem
3190 4017 3405 4071 enarrat,
3428 4005 3582 4075 primum

2091 4101 2381 4169 eXprobrat
2422 4101 2875 4161 inconStantiam;
2910 4120 2929 4155 ι
2962 4102 3082 4159 Jam
3125 4104 3191 4160 de
3227 4103 3439 4159 Platonis
3462 4100 3583 4153 incuu-

2093 4189 2709 4262 stantia,»ait.rlongum
2738 4201 2817 4247 est
2842 4192 3148 4264 dicere,qui
3183 4197 3232 4250 in
3259 4192 3423 4248 Timeo
3447 4198 3584 4260 mtrem

2095 4282 2251 4352 hujus
2278 4283 2462 4337 mundi
2492 4285 2751 4339 nominari
2781 4294 2939 4356 negat
2967 4301 3150 4357 posse,
3192 4287 3244 4342 in
3285 4285 3448 4355 Legum
3467 4289 3582 4334 autem

2094 4373 2244 4429 libris
2290 4373 2416 4445 quid
2456 4378 2522 4430 sit
2565 4377 2785 4431 omnino
2837 4379 2996 4443 Deus,
3029 4380 3223 4450 inquiri
3268 4388 3478 4447 oportere
3518 4382 3583 4424 non

2092 4479 2277 4524 censet
2314 4489 2333 4522 ι
2365 4469 2386 4542 (
2410 4470 2547 4535 Cic.,
2608 4470 2704 4527 lib.
2752 4487 2766 4526 ι
2812 4472 2875 4526 de
2909 4472 3101 4528 Natur.
3146 4473 3317 4538 Deor.,
3361 4484 3458 4541 pag.
3502 4463 3581 4528 200.

2093 4560 2189 4615 lin.
2225 4560 2336 4634 11).
2399 4560 2660 4617 Eumdem
2711 4562 2950 4619 Platonis
3004 4566 3200 4620 librum
3228 4607 3241 4630 ,
3269 4576 3326 4618 ac
3350 4558 3581 4618 sententiam

391 4674 536 4723 mur,
573 4675 593 4709 ι
629 4656 935 4710 Sorraticus
965 4652 1265 4723 XenOphon
1299 4654 1523 4709 fortnam
1570 4656 1662 4712 Dei
1688 4661 1798 4715 veri
1832 4673 1989 4731 negat
2017 4665 2066 4724 ι)
2091 4656 2273 4711 citavit
2303 4656 2613 4712 Lactantius
2651 4678 2670 4710 ι
2708 4658 2727 4730 (
2754 4657 3019 4727 Lactant.,
3054 4659 3146 4714 lib.
3180 4674 3197 4714 t
3242 4658 3415 4719 Iastia,
3440 4664 3521 4721 cap.
3542 4645 3574 4707 8,

392 4750 563 4806 videri
612 4763 792 4821 posse,
843 4755 897 4802 et
948 4748 1067 4803 ideo
1106 4749 1274 4817 qua-ri
1320 4762 1426 4800 non
1466 4758 1733 4818 oportere.
1784 4773 1803 4805 ι
1840 4756 1990 4811 Alter

391 4856 577 4905 νει-0,(
594 4841 771 4895 Aristo
796 4838 960 4894 Chius
981 4838 1366 4907 comprehendi
1394 4842 1614 4895 omnino
1641 4858 1745 4897 non
1769 4860 1945 4913 posse.
1961 4866 1979 4900 ι

393 4934 472 4989 De
506 4935 683 4997 priore
710 4932 991 4987 enodatius
1018 4931 1209 4985 Cicero
1238 4947 1250 4984 :
1286 4948 1304 4983 ι
1342 4930 1637 5002 Xenophon
1666 4934 1789 4989 facit
1822 4938 1871 4991 in
1898 4938 1982 5006 iis,

392 5039 513 5094 quae
551 5040 581 5078 a
618 5024 840 5080 Socrate
869 5024 1010 5077 dicta
1042 5023 1243 5088 retulit,
1291 5023 1565 5079 Socratem
1598 5025 1980 5100 disputantem,

386 5117 616 5173 fortnam
662 5117 753 5171 Dei
794 5116 959 5186 qumri
993 5128 1096 5170 non
1128 5126 1398 5185 oportere,
1430 5118 1786 5192 eumdemque
1813 5133 1864 5179 et
1890 5139 1984 5179 so-

383 5212 513 5276 lent,
541 5218 596 5266 et
624 5211 860 5264 animum
894 5207 1059 5263 Deum
1109 5208 1308 5275 dicere,
1351 5220 1406 5265 et
1446 5210 1607 5266 modo
1651 5230 1839 5281 unum,
1870 5224 1978 5273 tum

384 5313 562 5359 autem
593 5304 772 5374 plures
806 5300 958 5356 deos.
998 5321 1018 5354 ι
1054 5302 1110 5357 In
1153 5312 1342 5370 quarto
1388 5316 1565 5360 autem
1610 5305 1980 5377 Xenophontis

384 5394 797 5451 Memorabilium
821 5394 977 5461 libro,
1003 5397 1225 5466 idquiid
1255 5399 1324 5454 de
1349 5415 1414 5455 eo
1437 5412 1615 5456 narrat
1643 5402 1850 5469 Cicero,
1887 5419 1975 5461 re-

382 5503 510 5545 vera
564 5486 851 5542 invenitnr.
902 5486 1136 5544 Primam
1202 5506 1328 5546 vero
1382 5493 1541 5560 hujus
1596 5493 1978 5563 propositionis

379 5590 588 5650 partem
620 5581 670 5634 in
701 5594 829 5633 usus
852 5594 977 5633 suos
1004 5585 1231 5653 sump~it
1259 5583 1520 5639 Minucius
1544 5594 1746 5649 no~ter,
1778 5594 1832 5641 et
1858 5595 1977 5654 post

380 5674 532 5727 illum
568 5673 895 5739 Lactantius,
926 5684 1083 5743 atque
1126 5673 1285 5729 etiam
1330 5675 1724 5733 Tlteodoretns.
1748 5678 1857 5732 Nos
1882 5693 1976 5734 au-

378 5771 489 5817 tem
517 5766 583 5819 de
618 5782 678 5821 ea
712 5761 833 5822 alibi
877 5767 1080 5837 egimus
1110 5763 1259 5841 ’(Cic.
1298 5770 1386 5823 lib.
1412 5785 1429 5823 1
1459 5769 1522 5823 de
1573 5769 1759 5823 A'atur.
1793 5770 1970 5841 Deor.,

374 5866 496 5927 pag.
533 5856 661 5930 200,
705 5857 800 5918 lin.
832 5858 934 5929 18;
977 5858 1253 5933 Xenoph.,
1283 5861 1378 5919 lib.
1405 5874 1459 5920 tv
1498 5860 1808 5937 Memorat,
1847 5877 1969 5936 pag.

2092 4765 2207 4822 pag.
2243 4750 2334 4816 41,
2363 4756 2417 4805 et
2456 4750 2549 4807 lib.
2572 4750 2640 4807 de
2670 4752 2751 4807 Ira
2782 4752 2892 4821 Dei,
2927 4769 3047 4824 cap.
3081 4754 3169 4821 11,
3203 4769 3314 4824 pag.
3348 4746 3480 4819 795).
3512 4737 3578 4795 Sed

2093 4846 2240 4915 plura
2270 4845 2338 4900 ibi
2366 4846 2555 4901 Cicero
2579 4888 2593 4913 ,
2623 4853 2677 4901 et
2712 4855 2895 4917 postea
2923 4848 3184 4903 Eusebius
3205 4844 3268 4902 de
3293 4848 3393 4915 ipso
3412 4842 3578 4922 Platone.

2090 4936 2313 5008 ejusque
2359 4939 2714 4994 inconstantia
2760 4949 3085 5010 memorant,
3130 4940 3313 5011 quibus
3345 4929 3582 5002 respondere

2090 5032 2513 5101 Lescalortierius
2539 5042 2761 5088 conatus
2787 5045 2867 5089 est
2899 5034 2918 5106 (
2947 5022 3167 5101 Euseh.,
3201 5028 3288 5088 lib.
3314 5045 3393 5085 xm
3412 5026 3578 5091 Ρητριπ-

2090 5122 2267 5193 Ευαησ
2297 5167 2311 5190 .
2344 5136 2461 5193 (κιρ.
2496 5122 3198 5195 14:1-escalop.,Expastr.
3248 5122 3296 5176 in
3335 5119 3412 5174 lib.
3455 5130 3467 5168 ι
3504 5108 3577 5164 Cic.

2087 5216 2155 5271 de
2204 5212 2327 5271 Nat.
2380 5216 2559 5285 Deor.,
2595 5216 2622 5290 §
2656 5218 2744 5280 50.
2778 5234 2896 5289 pag.
2940 5216 3053 5291 50).
3094 5219 3162 5274 Ea
3192 5224 3352 5271 autem
3392 5204 3578 5265 Minucius

2085 5308 2151 5363 ad
2172 5309 2470 5363 institutum
2491 5325 2645 5365 suum
2679 5326 2784 5366 non
2808 5311 3159 5366 conducentia
3186 5301 3491 5381 pra-turmis".

2157 5399 2323 5455 Porro
2376 5409 2552 5456 autem
2605 5401 2764 5457 citata
2804 5418 2832 5456 a
2886 5402 3112 5458 Minucio
3171 5411 3223 5457 et
3264 5399 3369 5453 aliis
3405 5383 3575 5448 Platonis

2081 5494 2248 5550 verba
2294 5497 2344 5550 in
2388 5496 2504 5563 ejus
2541 5494 2744 5550 Timaeo
2775 5499 2852 5553 sic
2895 5512 3076 5553 revera
3114 5495 3349 5565 leguntur
3377 5507 3387 5542 :
3414 5505 3428 5538 ι
3452 5483 3574 5547 Attiue

2081 5587 2229 5641 illum
2261 5587 2474 5655 quidem
2525 5599 2797 5655 parentem
2838 5590 2994 5659 hujus
3036 5583 3373 5643 universitatis
3399 5571 3572 5633 invenire

2081 5679 2319 5746 diflicile,
2349 5689 2402 5733 et
2422 5695 2541 5734 cum
2574 5682 2861 5749 inveneris,
2896 5684 3127 5737 indicare
3164 5681 3214 5735 in
3244 5678 3410 5746 vulgus
3430 5672 3570 5735 impos'

2076 5770 2256 5838 sibile,
2308 5775 2374 5832 εἰς
2392 5777 2574 5831 πάντα(
2604 5777 2835 5829 ἀὸὒνιιτον
2856 5783 3003 5845 λέγειν
3040 5793 3061 5827 ι
3095 5771 3281 5843 (Plato,
3313 5776 3421 5820 tum.
3450 5768 3564 5823 111,Ρ⁹

2077 5864 2148 5925 28
2179 5864 2216 5937 ).
2268 5864 2473 5925 Eadem
2519 5868 2853 5939 transcripsit
2918 5867 3314 5938 Athenagoras,
3364 5854 3435 5916 ubi
3473 5849 3565 5907 sicut
