3774 6270
229 367 304 423 157
1532 345 1760 404 DlSSEﬁ

1929 346 2007 404 [Ο.

3337 337 3443 397 458

230 473 432 535 lhnucius
451 479 642 536 noster,
675 467 839 540 plane
865 465 1101 523 ostendit
1129 463 1370 521 ethnicos
1396 461 1748 535 philosophos
1774 463 1828 522 A
1926 465 1967 517 A
2000 461 2181 519 Persis
2207 462 2385 534 itaque
2404 458 2781 518 initl-rmbisce
2803 456 2952 512 duxit
2978 456 3187 512 verbis:
3215 454 3446 511 «Omitto

235 584 359 627 unum
392 564 641 637 agnovisse
666 575 942 616 summum
995 560 1156 615 Deum
1199 564 1217 628 (
1247 556 1524 626 Athenag.,
1567 552 1747 625 Legat.

243 680 311 735 pro
339 661 599 725 Christum,
622 671 733 727 pag.
761 654 821 713 6.
854 663 911 708 et
938 655 1102 723 seq.).
1135 653 1339 707 Rursus
1365 664 1492 704 vero
1523 650 1612 703 illa
1644 648 1751 717 phi-

244 754 413 827 losophi
437 753 577 808 verba
599 751 813 803 ritarunt
836 745 1033 802 Cirero
1062 747 1113 798 in
1150 742 1507 813 Fragmentis,
1538 750 1592 795 et
1618 740 1753 795 Ter-

253 848 466 904 tulltauus.
507 854 678 911 nosque
727 839 858 894 alibi
898 855 962 893 ea
997 838 1276 893 retulimus
1316 835 1473 907 (Cic.,
1509 832 1748 905 Fragm.,

253 955 341 1011 pag.
364 937 454 999 26;
476 933 687 998 Tertnll.,
722 932 948 1004 Apolog.
979 946 1096 1000 cap.
1130 931 1220 989 46.
1254 944 1376 1000 pag.
1405 927 1511 994 40;
1550 927 1704 983 Tum.
1736 943 1753 981 1

250 1036 463 1104 Apparat.,
487 1043 587 1100 pag.
614 1027 707 1082 781
750 1034 807 1081 et
835 1026 963 1091 918,
998 1041 1118 1095 pag.
1152 1022 1299 1093 155).

296 1124 399 1179 Tum
435 1118 602 1176 deinde
634 1119 903 1174 Minucius
955 1118 1070 1171 huic
1116 1113 1386 1171 subnectit
1432 1132 1446 1168 :
1485 1132 1503 1165 ι
1548 1113 1749 1168 Eadem

238 1219 317 1274 fere
332 1227 372 1271 et
391 1217 496 1279 ista,
519 1228 628 1282 quze
664 1223 851 1267 nostra
876 1218 1003 1264 sunt
1048 1208 1181 1263 Nam
1213 1217 1265 1262 et
1292 1208 1455 1261 Deum
1482 1207 1747 1271 novimus,

230 1317 266 1366 et
292 1315 521 1376 [urentem
558 1304 795 1358 omnium
843 1301 1109 1357 diximus.
1149 1319 1168 1353 ι
1216 1299 1478 1355 Similiter
1506 1297 1747 1353 Atheua-

224 1417 335 1474 geras
359 1420 370 1456 2
395 1404 435 1455 si
457 1408 597 1456 τθίνυν
625 1402 704 1453 οὒκ
733 1404 857 1451 ι’σ’τιν
903 1402 1032 1455 ἕιθιος
1074 1399 1286 1451 Πλάτων,
1317 1398 1396 1445 ἕνα.
1422 1400 1500 1449 τὸν
1526 1394 1754 1462 δημιουρ·

223 1504 277 1566 ᾑτ
303 1503 372 1548 τᾶν
408 1493 514 1545 ὅλων
557 1507 665 1544 rem
713 1493 964 1558 ἀγένητον
1011 1492 1147 1549 Θεὸν,
1196 1488 1297 1539 οὖδὲ
1330 1488 1461 1550 ἡμεῖς
1492 1490 1646 1544 ἄθεοι,
1679 1479 1756 1552 ὑφ’

226 1590 262 1640 οὗ
282 1592 372 1656 λέγει)
397 1586 807 1653 ειδὴμιοῦργηταιι,
840 1583 922 1633 καὶ
950 1589 1016 1648 τῷ
1039 1578 1155 1648 παρ’
1186 1581 1332 1631 αὺτοῦ
1358 1579 1595 1640 manuari
1617 1581 1751 1627 συνέ-

228 1682 387 1747 κῖτειιτὲ
412 1681 575 1741 πέντε,
592 1683 757 1728 τθῦτον
782 1674 956 1730 εἷδστες
987 1672 1070 1722 καὶ
1095 1674 1369 1739 κρατοῦντες
1387 1670 1520 1720 Θεὸν.
1556 1683 1575 1715 t
1600 1664 1752 1731 Quod

234 1773 267 1824 si
286 1785 358 1822 non
381 1767 520 1835 impia
563 1774 647 1819 est
678 1766 798 1817 hazc
848 1762 1089 1815 Platonis
1131 1765 1194 1813 de
1227 1773 1334 1813 uno
1385 1755 1751 1810 universitatis

1856 555 2080 619 Persas.
2132 557 2199 612 de
2245 571 2502 627 equorum
2554 553 2760 607 hinnitu
2807 559 3131 621 augurantes
3176 551 3446 621 principa-

1856 659 1987 705 tum.
2016 671 2035 704 ι
2069 651 2268 707 Verum
2300 652 2417 719 quis
2464 649 2578 702 hare
2609 647 2892 718 intelliget,
2942 646 3041 700 nisi
3078 647 3217 699 Darii
3249 645 3445 700 Persa-

1854 757 1971 795 rum
2007 743 2144 812 regis
2175 742 2450 795 hi~toriam
2484 741 2693 794 noverit
2739 747 2830 792 aut
2872 739 3140 793 revocarit
3168 740 3219 791 in
3245 751 3447 791 memo—

1855 834 1990 887 riam
2017 832 2041 885 ?
2070 833 2277 887 Occisis
2306 831 2568 901 siquidem
2602 831 2790 900 Magis,
2820 844 3183 898 oppressaque
3207 827 3445 893 Sordida,

1858 937 1914 982 ut
1938 927 2011 981 ait
2040 926 2279 983 Valerius
2309 927 2592 990 Maximus,
2624 940 2812 979 eorum
2842 923 3225 989 dominatione,
3260 921 3449 975 Darius

1855 1037 1919 1075 ex
1946 1037 1977 1090 p
1996 1028 2099 1073 tcto
2135 1030 2187 1073 et
2210 1033 2475 1074 conventu
2500 1034 2593 1073 rex
2623 1018 2770 1073 Solus
2798 1025 3010 1071 cre:ttus
3033 1024 3132 1077 est,
3168 1022 3448 1084 postquam
3490 998 3497 1001 ’

1855 1115 1970 1180 ejus
2006 1112 2175 1181 equus
2207 1113 2305 1165 sub
2338 1113 2511 1181 ipsum
2540 1110 2669 1165 solis
2701 1120 2878 1165 ortum
2918 1108 3042 1162 dolo
3078 1104 3295 1162 [Eliaris
3332 1107 3445 1160 hin-

1855 1204 2020 1258 nitum
2052 1201 2302 1257 edidisset
2325 1201 2527 1273 (Valcr.
2574 1201 2735 1260 Max..
2760 1200 2853 1254 lib.
2879 1214 2969 1261 γι),
2998 1213 3116 1268 Cap.
3141 1199 3177 1249 ‘2
3196 1239 3209 1261 ,
3236 1197 3446 1263 Exter.,

1856 1294 1901 1366 §,
1933 1293 2012 1366 ἒ).
2041 1293 2251 1348 Videsis
2281 1294 2628 1352 llerodotum,
2660 1291 2926 1346 Jttstiuum
2967 1289 3302 1348 historicum,
3344 1286 3453 1341 Va-

1855 1388 2044 1442 lerium
2066 1386 2374 1442 Maximum.
2406 1395 2459 1440 et
2490 1385 2624 1438 alios
2651 1383 2922 1456 (llerodot.
2958 1382 3043 1436 lib.
3075 1397 3154 1442 tu,
3190 1380 3218 1451 §
3251 1379 3338 1442 82,
3377 1378 3450 1433 85

1854 1490 1898 1533 et
1928 1496 2070 1550 scq.;
2096 1478 2313 1539 Justin.,
2343 1477 2434 1531 sub
2467 1477 2556 1545 lin.
2591 1476 2679 1530 lib.
2713 1492 2764 1541 I;
2809 1473 2978 1529 Valer.
3018 1472 3159 1530 Max.
3192 1475 3283 1526 loc.
3312 1470 3450 1540 cit.).

1926 1571 2036 1627 Nec
2087 1571 2254 1640 magis
2280 1571 2425 1624 clara
2478 1578 2603 1623 sunt
2649 1568 2763 1622 haec
2806 1567 3183 1637 subsequentia
3236 1563 3452 1619 Minucii

1856 1666 2019 1721 verba
2054 1680 2067 1719 :
2106 1683 2124 1715 (
2176 1663 2244 1718 Et
2293 1662 2668 1716 Thebanorum
2724 1676 2818 1727 par
2869 1668 3178 1723 tum-tuum,
3218 1655 3452 1710 lahulam

1858 1768 2073 1811 transro
2103 1774 2116 1811 :
2159 1776 2177 1808 ι
2211 1756 2292 1810 vel
2322 1755 2601 1807 obscurius
2631 1766 2693 1806 ac
2721 1761 2977 1818 corrupte
3032 1749 3082 1803 in
3133 1747 3320 1801 codice
3370 1759 3456 1800 re-

237 1862 410 1934 ingeuito
438 1857 848 1921 Deoseutentia,
877 1868 947 1909 ne
987 1867 1085 1907 nos
1110 1852 1321 1920 quidem
1353 1850 1610 1905 fuerimus
1649 1849 1749 1901 im-
1782 1848 1827 1906 B
1855 1853 1944 1923 gio
1976 1871 1994 1903 ι
2023 1867 2122 1923 per
2152 1859 2421 1904 mortuam
2468 1847 2719 1901 fabulam.
2760 1864 2778 1895 ι
2817 1843 3006 1897 Paucis
3037 1841 3122 1897 his
3149 1840 3330 1895 verbis
3360 1837 3455 1892 lili-

237 1958 309 2027 pii,
324 1955 389 2024 qui
410 1953 543 2008 illum
581 1954 928 2020 agnoscimus
954 1955 1009 2000 et
1048 1946 1397 2000 observamus
1429 1942 1615 2007 Deum,
1654 1955 1750 1995 cu-

226 2049 297 2118 jus
314 2057 354 2101 ut
386 2044 533 2101 verbo
579 2043 835 2098 fabricata
884 2050 1029 2104 sunt,
1079 2042 1157 2093 sic
1196 2037 1384 2108 spiritu
1409 2035 1752 2090 continentur

227 2139 311 2194 hac
334 2141 563 2194 universa.
595 2157 613 2189 ι

279 2232 343 2287 Ex
387 2235 456 2287 bis
501 2229 750 2287 omnibus
800 2226 1240 2298 philosophorum
1293 2221 1634 2293 opinionibus
1679 2220 1750 2274 ita

227 2324 451 2395 explicatis
468 2323 595 2378 hanc
617 2321 879 2376 Minucius
901 2318 1300 2373 conclusioin-m
1324 2314 1469 2370 elicit
1496 2331 1508 2367 :
1540 2331 1558 2364 ‹
1576 2312 1751 2381 Expo-

223 2419 288 2473 sui
310 2419 550 2489 opiniones
577 2416 817 2471 omnium
861 2414 1029 2468 ferme
1071 2410 1531 2480 philosophorum,
1558 2406 1747 2477 quibus

221 2511 432 2566 illusuior
470 2511 627 2581 gloria
666 2517 775 2570 est,
810 2508 980 2561 Deum
1016 2521 1176 2560 unum
1220 2502 1398 2557 multis
1452 2502 1577 2556 licet
1606 2500 1749 2553 desi-

225 2619 386 2674 gnasse
406 2603 705 2666 nominibus,
736 2611 795 2656 ut
822 2598 1001 2670 quivis
1018 2598 1306 2652 arbitretur
1327 2604 1416 2649 aut
1436 2609 1575 2648 nunc
1595 2593 1751 2647 Chri-

232 2696 403 2748 stianos
422 2709 519 2751 esse
544 2690 917 2766 philosophos,
951 2697 1040 2744 aut
1076 2688 1421 2758 philosophos
1457 2686 1622 2740 fuisse
1643 2688 1753 2751 jam

236 2794 354 2841 tunc
385 2785 686 2853 Christianos,
728 2803 748 2838 ι
784 2799 853 2840 eo
880 2781 1132 2837 videlicet
1170 2796 1350 2844 sensu,
1384 2796 1543 2849 quem
1591 2793 1753 2847 supe-

238 2877 346 2931 rius
383 2878 722 2942 explicavimus.
781 2875 853 2931 At
884 2873 1177 2946 perpende,
1228 2888 1430 2943 qumso,
1465 2882 1642 2927 utrmn
1689 2870 1756 2925 ab

245 2968 340 3023 hac
368 2971 641 3028 conclusione
673 2972 836 3042 longe
865 2967 1148 3025 rcce<scrit
1176 2967 1527 3038 Augustinus,
1569 2964 1657 3033 qui
1689 2963 1757 3019 de

243 3060 400 3117 iisdem
420 3064 716 3135 philosophis
758 3063 874 3116 haec
903 3059 1212 3132 pronuntiat
1246 3074 1257 3107 τ
1296 3075 1314 3110 t
1349 3057 1532 3127 Itaque
1553 3058 1596 3110 si
1623 3056 1760 3110 hanc

234 3153 368 3208 vitam
390 3155 447 3209 illi
466 3157 551 3210 viri
577 3157 856 3211 nobiscum
885 3168 1101 3207 rursum
1132 3165 1290 3222 agere
1321 3149 1643 3219 potuissent,
1675 3149 1759 3202 vi-

1860 1952 2046 2000 uucius
2088 1944 2425 1999 decantatatn
2480 1955 2508 1992 a
2575 1939 2746 1994 Statio
2807 1935 3073 2007 Polynicis
3115 1943 3170 1988 et
3218 1930 3455 1987 Eteoclis

1859 2039 2109 2103 fratrum,
2132 2051 2292 2106 atque
2312 2033 2505 2102 (Edipi
2529 2031 2909 2087 Thebanorum
2939 2029 3079 2099 regis
3109 2028 3341 2081 ﬁliorum
3375 2024 3453 2079 fa-

1856 2130 2033 2184 bulam
2091 2128 2399 2197 pcrstringit
2442 2124 2703 2196 (Statius,
2736 2122 2825 2177 lib.
2862 2137 2916 2176 xt
2946 2130 3001 2176 et
3040 2136 3110 2175 xu
3149 2114 3446 2188 Thebaid.).

1862 2221 1989 2276 llzec
2036 2230 2213 2273 autem
2243 2219 2321 2272 sic
2367 2224 2636 2272 narratur.
2680 2214 2813 2269 Cum
2844 2213 3085 2281 (Edipus
3116 2212 3167 2265 in
3196 2209 3447 2265 exsilium

1858 2321 2048 2383 Sponte
2091 2313 2542 2381 proﬁcisceretur,
2597 2307 2799 2364 eisdem
2854 2307 2958 2361 illis
2997 2304 3123 2360 ﬁliis
3152 2304 3262 2359 suis
3289 2318 3459 2373 regno

1858 2420 1955 2460 suo
1981 2421 2039 2459 ea
2060 2405 2175 2472 lege
2203 2404 2386 2465 cessit,
2420 2414 2476 2456 ut
2501 2402 2724 2455 alternis
2748 2399 3096 2463 imperarent.
3128 2395 3263 2451 Natu
3297 2407 3457 2461 porro

1858 2496 2031 2566 major
2061 2496 2308 2548 Eteocles
2336 2502 2616 2561 postquam
2643 2506 2786 2545 anno
2819 2491 2992 2559 primo
3032 2495 3327 2558 regnasset,
3354 2485 3455 2539 Po—

1860 2589 2018 2660 lynici
2052 2588 2400 2654 subsequenti
2429 2599 2569 2638 anno
2599 2581 2893 2652 imperandi
2928 2582 3103 2635 lacum
3149 2577 3449 2645 denegavit.

1859 2679 2148 2749 chulsam
2180 2678 2268 2731 ille
2294 2690 2502 2747 passus,
2536 2690 2594 2729 se
2620 2674 2843 2730 Cttnltllil
2872 2671 2938 2726 ad
2974 2671 3257 2725 Adrastum
3296 2667 3456 2738 Argi-

1860 2787 2048 2825 vorum
2076 2784 2277 2838 regem,
2313 2779 2366 2821 et
2394 2765 2609 2836 Argiam
2644 2763 2786 2818 illius
2818 2762 2981 2818 ﬁliam
3011 2761 3111 2815 sibi
3145 2757 3452 2826 de5p0ndit.

1861 2862 1995 2917 Tum
2027 2867 2213 2915 coacto
2236 2857 2495 2920 exercitu,
2526 2854 2799 2909 Thebanis
2830 2853 2919 2906 ille
2958 2866 3077 2905 cum
3119 2848 3341 2920 Tydaco.
3370 2848 3455 2901 al-

1863 2962 1981 3008 tero
2033 2950 2244 3006 Adrasti
2300 2962 2522 3020 genero,
2566 2945 2745 3000 intulit
2795 2943 3014 2999 bellum.
3067 2940 3123 2995 In
3169 2954 3236 2995 eo
3274 2946 3455 2994 autem

1865 3045 2022 3101 ambo
2073 3042 2265 3097 fratres
2316 3038 2564 3095 Eteocles
2613 3047 2665 3105 et
2690 3035 2972 3107 Polynices
3002 3031 3254 3099 singulari
3282 3039 3458 3085 certa-

1869 3148 2014 3192 mine
2044 3135 2176 3189 inito
2202 3176 2217 3198 ,
2261 3132 2457 3187 mutuis
2504 3128 2816 3183 vulneribus
2844 3125 3177 3181 occiderunt.
3219 3122 3456 3192 Denique

220 3244 387 3302 tierent
410 3248 622 3319 profecto
648 3251 804 3318 cujus
840 3248 1164 3302 auctoritate
1202 3243 1413 3299 facilius
1448 3243 1756 3297 consulere.
1785 3237 1831 3299 Ο
1864 3245 2048 3285 eorum
2092 3225 2440 3281 cadaveribus
2482 3237 2612 3292 rogo
2645 3219 2931 3289 impositis,
2978 3217 3191 3271 ﬂamma
3228 3214 3361 3268 duas
3402 3214 3457 3267 in

217 3347 303 3392 tur
337 3339 626 3407 hominibus,
679 3351 734 3397 et
762 3341 949 3411 paucis
975 3339 1192 3394 mutatis
1222 3338 1399 3393 verbis
1430 3345 1589 3405 atque
1636 3349 1760 3388 δυη-

220 3433 677 3500 tentiis,Christiani
706 3435 918 3492 ﬁerent.
949 3434 1087 3486 Slt‘lll.
1116 3431 1362 3501 plerique
1395 3426 1756 3483 recentiorum

220 3535 583 3597 murorumque
604 3537 906 3596 temporum
936 3524 1194 3579 Platonici
1218 3523 1461 3577 fecerunt
1494 3537 1512 3571 ›
1547 3519 1565 3589 (
1595 3522 1759 3589 Aug.,

223 3617 306 3671 lib.
344 3618 397 3672 de
444 3635 547 3673 vero
600 3617 795 3691 Relig.,
854 3632 972 3686 cap.
1017 3618 1079 3684 1,
1113 3624 1243 3670 tom.
1302 3614 1333 3667 7
1360 3656 1372 3677 ,
1422 3629 1542 3684 pag.
1585 3611 1760 3683 750).

224 3708 377 3766 Unum
399 3728 540 3783 porro
579 3714 663 3769 his
703 3711 939 3782 adjicere
963 3711 1143 3776 liceat,
1177 3708 1458 3777 plerosque
1490 3705 1610 3761 illos
1643 3703 1761 3773 phi.

228 3799 446 3869 losophos
487 3806 719 3861 eamdem
764 3804 834 3857 ob
867 3816 1082 3858 causam
1131 3800 1281 3854 citari
1329 3813 1359 3852 a
1409 3796 1762 3860 Ter-tulliano,

234 3888 482 3960 Lactantio,
507 3905 556 3951 et
579 3896 714 3956 aliis.
738 3904 900 3964 atque
932 3906 1000 3947 ex
1038 3906 1223 3945 eorum
1252 3888 1595 3958 opinionibus
1622 3886 1765 3940 idem

237 3983 368 4053 plane
391 3987 557 4044 conﬁci
588 4005 650 4045 ac
670 3985 943 4044 concludi.
960 3984 1067 4040 Sed
1088 3984 1153 4039 de
1184 3982 1291 4038 illis
1320 3990 1501 4051 postea
1524 3990 1762 4050 agemus.

763 4132 1059 4175 Αιιτιωιυε
1098 4132 1174 4173 Ill.

255 4227 511 4299 Εηαόὶιιτ
540 4235 682 4291 aliud
713 4233 912 4290 Octavii
943 4232 1006 4285 de
1035 4230 1145 4285 Deo
1169 4245 1270 4283 uno
1297 4233 1670 4298 argumentum,
1708 4239 1772 4278 ea:

320 4330 561 4381 lemurum
592 4341 889 4399 regnarunt,
922 4332 969 4379 et
992 4338 1156 4377 rerum
1186 4318 1502 4375 naturalium
1527 4316 1771 4387 exetnph's

329 4416 586 4489 deum.

329 4547 390 4606 Ex
412 4561 588 4614 terrenis
631 4555 899 4628 imperiis,
932 4553 1020 4608 ubi
1048 4551 1223 4607 nullus
1246 4545 1398 4620 regni
1426 4546 1631 4603 socium
1662 4545 1771 4615 pati

1863 3331 2042 3392 partes
2080 3334 2200 3374 sese
2232 3319 2282 3370 in
2311 3316 2418 3370 odii
2452 3313 2807 3383 implacabilis
2837 3313 3046 3379 signum
3076 3309 3327 3363 divisisse
3351 3307 3457 3362 fer-

1866 3426 1970 3470 tur.
2002 3414 2162 3480 Audi,
2188 3412 2230 3466 si
2256 3411 2421 3476 lubet,
2446 3408 2699 3465 Ovidium
2726 3407 2856 3463 illud
2875 3406 2959 3462 his
2988 3405 3232 3461 versibus
3257 3417 3457 3460 canen-

1862 3516 1970 3563 tem
2002 3523 2017 3560 :

2021 3616 2245 3673 Consilio,
2270 3628 2527 3666 commune
2550 3627 2740 3663 sacrum
2763 3625 2872 3662 cum
2897 3611 2979 3661 ﬁat
2994 3612 3045 3661 in
3071 3624 3157 3661 ara

2086 3680 2354 3729 Fratribus.
2379 3679 2571 3726 alterna
2594 3678 2677 3739 qui
2704 3676 2906 3739 periere
2933 3687 3095 3724 manu.

2019 3742 2126 3806 Ipsa
2152 3743 2240 3792 sibi
2264 3744 2464 3795 discors,
2485 3735 2720 3801 tanquam'
2736 3738 2992 3806 mandetur
3015 3740 3076 3786 ab
3098 3735 3196 3788 illis

2082 3805 2327 3854 Scinditur
2352 3806 2397 3851 in
2425 3799 2596 3863 partes
2606 3810 2710 3850 atra
2734 3799 2896 3849 favilla
2912 3801 3053 3863 duas.

2115 3865 2315 3929 (0vid.,
2334 3865 2366 3913 l.
2393 3861 2434 3914 v‘
2453 3861 2622 3927 πίει,
2657 3863 2780 3927 eleg.
2807 3865 2855 3922 5,
2875 3875 2921 3911 υ.
2945 3862 3009 3911 55
3031 3867 3078 3911 et
3099 3861 3258 3923 seqq.)

3064 3568 3171 3589 ".ﬁ

1943 3991 2169 4045 Exstant
2195 3992 2331 4045 hanc
2366 3990 2417 4045 in
2452 4005 2564 4046 rem
2597 3988 2768 4045 Graeci
2802 3986 3056 4041 Branoris
3086 3997 3289 4046 versus,
3323 3996 3462 4053 quos

1872 4086 2141 4141 Ausonius
2170 4085 2361 4140 latinos
2400 4083 2526 4138 fecit
2549 4083 2567 4155 (
2590 4085 2815 4145 Ausum,
2850 4079 3034 4148 Epigr.
3093 4074 3254 4147 129).
3290 4076 3466 4145 Atque

1872 4188 1931 4232 ut
1959 4178 2294 4240 Pausaniam,
2324 4175 2616 4229 Diodorum
2636 4173 2900 4235 Siculum,
2933 4170 3197 4227 Senecam
3219 4167 3464 4236 aliosque

1873 4274 2201 4334 omittamus,
2231 4267 2475 4321 Lucanus
2504 4265 2570 4319 ad
2601 4265 2650 4318 id
2672 4264 2850 4317 allusit
2876 4262 2958 4314 bis
2981 4260 3228 4315 versibus
3258 4278 3271 4313 :

2214 4376 2497 4428 Ostendens
2518 4374 2765 4426 confectas
2781 4375 2972 4424 ﬂamma
3004 4373 3184 4423 latinas

2000 4439 2246 4491 Scinditur
2271 4446 2321 4488 in
2346 4446 2527 4501 partes,
2556 4441 2856 4500 geminoque
2875 4437 3129 4486 cacumine
3147 4437 3309 4498 surgit

2000 4503 2261 4554 Thebanos
2284 4501 2469 4551 imitata
2501 4513 2665 4564 rogos.

260 4649 412 4711 West,
434 4648 547 4704 aliud
575 4624 841 4706 Minucius
883 4645 1013 4715 pctit
1042 4650 1413 4712 argumentum
1442 4682 1457 4706 ,
1509 4654 1614 4705 quo
1662 4652 1771 4691 non
1795 4624 1850 4686 D
1948 4629 2148 4686 Deinde
2173 4644 2301 4685 vero
2323 4627 2612 4684 Minucius:
2638 4646 2656 4680 ‹
2689 4626 2769 4682 01)
2792 4636 3121 4697 pastorum,»
3147 4624 3337 4697 inquit,
3375 4644 3394 4679 ‹
3415 4634 3472 4682 et

256 4734 381 4791 modo
415 4756 552 4796 unum
586 4743 865 4797 dumtaxat
923 4737 1086 4811 Deum
1118 4749 1256 4801 esse,
1299 4729 1393 4786 sed
1437 4728 1578 4783 illius
1620 4727 1776 4781 unius

258 4832 412 4885 limum
438 4834 641 4906 imperio
671 4832 857 4889 omnia
887 4828 1169 4902 gubernari
1216 4824 1500 4881 conﬁrmat
1538 4837 1600 4876 ac
1642 4835 1775 4874 con-

255 4917 412 4977 vincit:
442 4944 458 4978 t
488 4926 704 4994 Quando
731 4925 933 4987 enim,»
971 4921 1141 4991 inquit
1170 4918 1279 4979 ille,
1305 4934 1324 4968 ι
1352 4928 1600 4985 umquam
1628 4907 1777 4979 regni

248 5014 429 5073 δοεὶειλε
459 5030 544 5076 aut
571 5037 690 5075 cum
732 5019 839 5073 fide
867 5015 1030 5086 caapit
1055 5024 1145 5068 aut
1172 5012 1285 5066 sine
1311 5024 1506 5066 cruore
1532 5021 1780 5078 perman-

245 5104 337 5160 sit?
360 5127 378 5163 I
406 5112 557 5168 Antea
584 5112 789 5169 Ennius
822 5108 966 5180 apud
985 5107 1299 5163 Ciceronem
1335 5122 1348 5158 :

369 5221 489 5275 Nulla
509 5233 671 5276 sancta
694 5227 931 5281 societas,
956 5234 1049 5272 nec
1065 5221 1187 5271 ﬁdes
1207 5218 1467 5281 regniest.

446 5286 576 5350 (0a.,
601 5287 637 5338 l.
662 5304 680 5337 ι
709 5287 775 5339 de
793 5276 955 5351 Olﬁc.,
981 5299 1030 5349 ι).
1055 5284 1166 5346 554,
1194 5276 1294 5331 lin.’
1307 5276 1381 5341 9.)

1879 4739 2020 4779 casm
2051 4738 2294 4792 regnum,
2326 4721 2393 4775 de
2421 4719 2648 4791 geminis
2691 4721 2948 4775 memoria
3006 4718 3284 4773 Notissima
3313 4726 3414 4773 cst.
3445 4735 3466 4770 ι

1881 4818 2049 4872 Recte
2077 4817 2314 4889 quidem,
2348 4816 2441 4870 sed
2467 4815 2624 4886 longe
2645 4814 2865 4876 clarius,
2911 4814 2955 4867 si
2999 4812 3207 4866 Romuli
3233 4821 3285 4865 et
3318 4810 3476 4864 Remi

1883 4925 2079 4965 nomen
2130 4908 2443 4963 addidisset.
2477 4906 2649 4961 Nemo
2670 4907 2812 4961 enim
2857 4905 3023 4959 nescit
3054 4901 3279 4956 Remum
3306 4942 3320 4964 ,
3356 4914 3480 4971 pro-

1885 5011 2066 5073 pterea
2089 4998 2227 5070 quod
2253 4999 2429 5052 fratris
2450 4997 2681 5051 ludibrio
2701 4996 2870 5050 novos
2888 4992 3259 5049 transilivisset
3289 4992 3478 5046 [totum

1885 5107 2091 5158 llilll'OS,
2124 5091 2191 5145 ab
2210 5091 2344 5143 irato
2373 5088 2540 5143 fratre
2564 5088 2811 5152 llontulo,
2838 5094 2928 5141 aut
2951 5086 3090 5139 illius
3119 5084 3478 5153 saltemjussu

1886 5182 2224 5241 interii-ctum
2259 5179 2486 5253 (Livius,
2515 5179 2607 5233 lib.
2639 5195 2695 5243 ι;·
2716 5178 2928 5241 Florus,
2949 5179 3039 5233 lib.
3066 5193 3101 5240 ι,
3126 5184 3179 5231 et
3201 5174 3338 5245 alii).

1961 5277 2158 5332 Eorum
2186 5288 2430 5345 qu0que,
2468 5285 2605 5340 quos
2634 5280 2820 5324 auctor
2850 5280 3035 5324 noster
3075 5269 3319 5323 ttltimum
3350 5279 3475 5335 pro-

1889 5367 1992 5424 fert
2028 5368 2080 5420 itt
2110 5363 2436 5431 exemplum,
2487 5361 2700 5414 nomina
2729 5359 2943 5413 reticuit
2976 5375 2987 5411 :
3037 5377 3056 5410 ί
3086 5356 3282 5413 Generi
3308 5365 3363 5411 et
3390 5369 3477 5411 so-

1891 5462 2021 5526 ceri,
2037 5478 2056 5512 i
2076 5459 2148 5512 ait
2170 5457 2308 5523 ille,t
2330 5454 2463 5509 bella
2493 5463 2605 5507 toto
2631 5451 2762 5507 orbe
2786 5450 2976 5505 diﬁ‘usa
2994 5459 3205 5518 sunt,et
3232 5459 3337 5504 tam
3367 5462 3481 5503 ma-

1890 5556 1978 5625 gni
2020 5551 2227 5620 imperii
2269 5548 2403 5604 duos
2430 5550 2637 5602 fortuna
2672 5559 2776 5599 non
2806 5544 2947 5612 cepit
3004 5563 3023 5596 ›
3062 5546 3129 5597 At
3151 5542 3473 5614 Cyprianus,

1894 5650 1981 5717 qui
2025 5643 2138 5697 haec
2185 5646 2280 5695 tria
2314 5642 2607 5711 posteriora
2637 5636 2909 5706 exempla.
2942 5636 3079 5691 sicut
3115 5646 3169 5691 et
3197 5637 3297 5689 alia
3330 5636 3481 5704 plura

1895 5754 1960 5794 ex
1988 5732 2240 5798 Minucio,
2282 5734 2354 5786 uti
2396 5733 2661 5799 diximus,
2694 5727 3035 5798 compilavit;
3067 5736 3353 5795 utrumque
3382 5739 3481 5779 suo

1895 5828 2124 5904 appellat
2144 5827 2359 5885 nomine
2385 5846 2398 5884 :
2430 5845 2447 5881 ι
2478 5825 2814 5899 Pompeius,»
2838 5822 3028 5897 inquit,
3051 5842 3070 5877 ι
3092 5835 3143 5885 et
3167 5821 3349 5884 Caesar
3376 5818 3492 5878 afﬁ-

304 5383 525 5447 llinucius
558 5408 684 5449 vero
717 5400 903 5446 noster
928 5388 978 5444 id
1005 5396 1232 5459 quatuor
1263 5382 1456 5453 probat
1481 5378 1744 5448 exemplis
1766 5421 1780 5446 ,

259 5488 435 5542 (ιυοηιω
460 5484 690 5539 ultimutn
713 5499 745 5538 a
788 5481 1048 5538 Cicerone
1078 5478 1274 5535 ibidem
1307 5473 1642 5547 proponitur.
1679 5469 1784 5525 Sed

260 5576 311 5616 εδ
340 5582 488 5627 luctor
510 5586 687 5630 noster
727 5588 837 5641 quo
882 5572 1115 5639 brevius,
1161 5585 1228 5625 eo
1272 5564 1554 5621 obseurius
1584 5560 1786 5618 retulit.

256 5652 435 5719 Namne
457 5669 663 5721 nomine
692 5665 907 5737 quidem
933 5679 1030 5717 suo
1057 5663 1204 5722 illos.
1253 5658 1443 5730 quibus
1490 5655 1556 5710 dc
1586 5654 1783 5724 agitur,

257 5765 459 5825 umquam
487 5757 733 5829 appellat.
765 5757 877 5812 Non
907 5756 1003 5811 abs
1031 5771 1088 5812 re
1118 5754 1295 5823 itaque
1340 5748 1442 5806 crit
1474 5746 1589 5803 lucc
1630 5744 1788 5817 paulo

253 5846 493 5909 enodatius
517 5867 576 5911 ex
584 5851 799 5925 plicare.
