3818 6282
361 296 468 352 439

1619 290 1705 344 os
1743 281 2001 343 MINUCII
2038 282 2337 340 OCTAVIO
3489 299 3566 353 ω

357 426 456 468 nes
482 410 718 477 fuerunt,
735 424 833 464 nec
851 415 1027 463 tamen
1046 404 1457 460 necessitudinis
1478 401 1653 459 foedus
1682 403 1733 456 in
1758 402 1950 457 aemula
1978 402 2029 461 Α
2057 400 2343 469 imperaret
2373 407 2425 454 et
2450 398 2834 463 dominaretur,
2851 414 3009 455 nemo
3032 400 3120 469 qui
3145 410 3341 470 regeret
3359 412 3405 458 et
3426 410 3566 476 gum.

360 514 630 575 poteSIate
660 511 945 557 tenuerunt
983 517 1000 549 ι
1025 499 1045 566 (
1073 499 1347 570 Cyprium,
1379 496 1472 551 lib.
1520 496 1582 549 de
1611 493 1813 549 Idolor.
1857 492 1957 547 γα-

359 601 537 664 uitat,
588 612 709 668 pag.
766 596 830 649 li
863 595 905 662 ).
962 592 1244 661 Quomodo
1287 599 1466 644 atttem
1521 588 1740 652 afﬁnes,
1798 598 1958 657 atque

361 703 501 743 unus
554 702 727 749 socer,
775 699 1045 754 generque
1097 684 1235 738 alius
1284 681 1464 747 fuerit,
1508 680 1592 735 his
1620 681 1860 735 Suetonii
1889 680 1957 734 de

361 780 575 834 Ctesare
623 777 800 832 verbis
822 776 973 831 dices
1006 793 1018 828 :
1061 794 1081 827 ι
1120 774 1199 830 Ad
1229 774 1563 830 retinendam
1589 771 1827 841 Pompeii
1858 786 1955 826 ne-

360 870 744 926 cessitudinem
783 884 847 924 ac
888 870 1217 922 voluntatem
1244 908 1259 933 ,
1305 865 1582 921 Octaviam
1615 864 1818 919 sororis
1843 878 1955 917 suze

361 972 599 1032 neptem,
631 977 750 1031 qua:
789 958 851 1014 C.
908 959 1158 1014 Marcello
1188 970 1350 1029 nupta
1381 965 1517 1018 erat,
1565 955 1870 1010 conditione
1906 954 1955 1008 ei

361 1056 576 1121 detulit,
611 1055 819 1125 sibique
862 1053 1024 1108 filiam
1069 1052 1187 1123 ejus
1216 1053 1267 1107 itt
1299 1051 1698 1106 matrimonium
1744 1049 1894 1120 petiit
1933 1067 1951 1099 ι

359 1151 632 1220 (Stteton.,
655 1151 710 1204 in
748 1148 860 1202 Vita
886 1147 1104 1213 Cresam,
1142 1148 1171 1219 §
1200 1147 1318 1213 27),
1364 1145 1560 1201 Fausto
1591 1145 1754 1216 Sylla:
1790 1143 1958 1197 desti-

362 1254 566 1297 natam.
603 1242 756 1297 Prius
779 1256 906 1295 vero
934 1240 1143 1294 dixerat
1172 1254 1186 1294 :
1217 1256 1235 1289 ι
1272 1232 1384 1293 Sub
1418 1239 1559 1291 idem
1592 1246 1801 1305 tempus
1830 1233 1953 1289 Cal-

362 1335 646 1403 plturniam
678 1333 743 1388 L.
772 1334 979 1388 Pisonis
1001 1332 1186 1396 ﬁliam,
1220 1332 1518 1385 successuri
1553 1329 1654 1382 sibi
1683 1330 1734 1382 in
1772 1343 1961 1381 consu-

362 1427 498 1491 latu,
523 1428 674 1481 duxit
722 1442 964 1491 uxorem,
1022 1439 1281 1492 suamque
1328 1422 1521 1476 Juliam
1567 1421 1666 1475 Cu.
1702 1420 1958 1489 Pompeio

358 1519 662 1585 collocavit,
689 1518 967 1587 repudiato
992 1518 1170 1586 priore
1190 1530 1390 1585 sponso
1413 1514 1643 1569 Servilio
1662 1512 1913 1581 Crepione
1934 1531 1952 1565 ι

359 1611 415 1679 (§
440 1610 559 1680 21).
590 1609 725 1667 Vide
753 1623 1033 1680 prmterea,
1066 1610 1111 1661 si
1167 1608 1334 1672 lubet,
1376 1604 1721 1660 Plutarchum
1752 1606 1803 1659 in
1842 1604 1960 1658 Vita

360 1700 634 1773 Pompeii,
682 1711 736 1757 et
766 1703 902 1755 alios
934 1701 1189 1755 Romana:
1219 1699 1457 1754 historias
1490 1699 1786 1768 scriptores
1815 1697 1955 1768 (Plu-

360 1792 561 1855 tarch.,
588 1801 719 1847 tom.
747 1808 786 1855 ι,
817 1806 936 1861 pag.
969 1790 1121 1862 6H).

434 1883 619 1953 Neque
641 1898 803 1954 porro
831 1882 1079 1937 homines
1110 1891 1338 1949 tantum,
1366 1880 1523 1937 sicuti
1549 1881 1811 1937 Minucius
1837 1896 1958 1951 pcr-

364 1976 464 2046 git,
490 1976 595 2045 pati
621 1984 912 2046 potuerunt
937 1989 1159 2044 regnum
1180 1975 1317 2029 duos
1338 1974 1499 2042 inter,
1526 1975 1688 2029 etiam
1716 1973 1960 2028 arctiori-

364 2070 467 2123 bus
512 2079 716 2122 natura:
744 2068 969 2122 vinculis
1015 2068 1351 2137 conjunctos,
1381 2067 1570 2132 dividi,
1599 2065 1691 2120 sed
1724 2080 1823 2120 nec
1845 2067 1958 2135 ipsa

364 2173 578 2228 quoque
605 2167 813 2213 natura.
851 2177 869 2209 ‹
906 2157 1059 2220 Vide,
1094 2178 1112 2210 ι
1147 2159 1337 2227 inquit,
1368 2177 1386 2210 ‹
1422 2166 1619 2213 caetera
1646 2158 1790 2212 :Rex
1824 2172 1961 2211 unus

363 2250 594 2320 apibus,
642 2250 745 2303 dux
779 2265 916 2303 unus
966 2250 1017 2302 in
1066 2249 1351 2319 gregibus,
1396 2249 1448 2302 in
1495 2249 1754 2303 armentis
1780 2256 1962 2303 rector

366 2358 528 2398 unus.
569 2361 590 2394 γ
621 2342 750 2410 Quae
780 2343 993 2412 quidem
1034 2338 1333 2411 Cyprianus
1359 2340 1578 2395 totidem
1607 2339 1784 2393 verbis
1809 2349 1959 2392 retu-

360 2435 429 2489 lit
456 2433 668 2505 (Cypr.,
691 2434 780 2489 lib.
808 2435 871 2486 de
900 2431 1251 2497 Idol.Vauit.,
1282 2449 1381 2503 pag
1436 2433 1547 2495 Η).
1569 2430 1806 2500 Uterque
1832 2446 1960 2486 vero

367 2524 497 2580 inde
524 2524 819 2591 concludit,
869 2539 1042 2593 neque
1078 2540 1341 2579 summam
1384 2525 1435 2578 in
1475 2526 1614 2579 caelo
1666 2523 1827 2579 dividi
1861 2539 1960 2594 po-
1990 2590 1993 2595 ξ

366 2630 651 2690 testatem,
698 2631 858 2693 atque
902 2621 1069 2676 idirco
1120 2636 1281 2675 unum
1310 2620 1584 2675 dumtaxat
1614 2634 1734 2674 esse
1771 2619 1958 2674 Deum.

370 2714 533 2769 Plura
580 2731 645 2767 ex
680 2713 762 2770 Itis
792 2715 894 2768 alia
938 2713 1309 2781 hujuscemodi
1356 2722 1478 2783 post
1508 2713 1865 2779 Lactantinm,
1894 2713 1963 2769 de

370 2822 477 2878 quo
503 2823 601 2863 nos
629 2824 728 2864 suo
755 2810 897 2872 loco,
928 2808 1291 2880 Hieronymus
1318 2809 1520 2878 profert
1547 2809 1814 2878 exempla,
1840 2808 1962 2878 qui-

367 2900 470 2956 bus
499 2901 830 2968 probandntn
879 2910 1191 2968 susceperat
1221 2916 1384 2954 unum
1416 2902 1468 2953 in
1506 2901 1833 2954 monasterio
1868 2898 1965 2953 de-

368 2991 499 3046 bere
528 3005 649 3046 esse
674 3001 970 3047 rectorem:
997 3011 1015 3041 ‹
1048 2993 1218 3046 Etiam
1246 3003 1445 3055 muta,t
1475 2991 1600 3055 :til,(
1622 2990 1891 3051 animalia,
1912 3000 1967 3043 et.

370 3080 604 3136 ferarum
635 3097 826 3152 greges
848 3083 1010 3137 duces
1039 3092 1339 3152 sequuntur
1359 3095 1505 3134 suos.
1530 3081 1586 3134 ιιι
1613 3081 1802 3150 apibus
1831 3080 1967 3149 prin-

1987 1789 2036 1850 B

2060 501 2213 546 naret
2244 510 2262 543 ι
2310 490 2593 566 (Albanas.
2630 491 2777 546 Orat.
2802 503 2963 545 contr.
3000 490 3174 557 δεθείη
3208 489 3342 562 με,
3370 510 3467 566 pag.
3488 502 3570 571 δη.

2130 584 2259 648 Quis
2302 592 2477 637 autent
2527 599 2631 637 non
2678 583 2856 637 videat
2906 582 3044 637 idem
3092 584 3296 651 penitus
3336 600 3363 638 a
3404 587 3572 650 Minucio

2058 683 2244 727 nostro
2271 674 2370 728 hac
2392 676 2604 743 probari
2635 674 2884 729 ratione?
2926 690 2946 723 ί
2976 672 3112 728 Cum
3158 674 3322 743 palam
3354 676 3410 732 sit
3439 695 3575 750 pareo.

2060 774 2167 820 tetu
2219 767 2457 820 omnium
2506 766 2672 821 Deum
2707 781 2803 820 nec
2834 766 3153 835 principium
3185 764 3371 821 habere
3395 785 3477 825 nec
3498 785 3576 830 ter.

2060 862 2285 925 minum,
2319 862 2410 930 qui
2455 862 2785 916 nativitatem
2825 862 3077 915 omnibus
3108 869 3337 930 praestet,
3375 862 3462 920 sibi
3491 884 3578 937 ρει.

2059 953 2395 1022 pctuitatem,
2427 954 2516 1022 qui
2566 962 2692 1008 ante
2734 953 2991 1007 mundum
3026 952 3207 1017 fuerit,
3245 952 3341 1006 sibi
3381 955 3473 1022 ipse
3510 975 3576 1027 pro

2059 1045 2282 1112 mundo,
2311 1045 2399 1115 qui
2440 1045 2688 1100 universa
2714 1059 3069 1116 quacumque
3114 1052 3238 1098 sunt
3279 1044 3426 1099 verbo
3458 1050 3578 1117 jubet,

2060 1137 2268 1191 ratione
2332 1136 2630 1206 dispensat,
2704 1138 2901 1191 virtute
2961 1146 3300 1191 consummat
3361 1154 3377 1187 ι
3438 1137 3582 1198 Eadem

2063 1242 2226 1297 porro
2261 1236 2315 1281 et
2340 1237 2498 1282 antea
2557 1242 2585 1280 a
2639 1226 2972 1282 Tertulliano
3003 1236 3055 1281 et
3102 1234 3284 1296 postea
3313 1242 3339 1279 a
3385 1226 3581 1301 Cyprium

2059 1319 2199 1373 dicta
2232 1335 2353 1373 esse
2378 1319 2629 1374 vidimus.
2661 1319 2923 1375 Cernisne
2947 1318 3136 1388 quanti
3165 1318 3368 1371 roboris
3392 1319 3452 1372 sit
3491 1323 3584 1379 istud

2059 1423 2457 1481 argumentum,
2517 1426 2624 1480 quo
2669 1410 2964 1464 doctissimi
2998 1408 3078 1463 illi
3133 1408 3230 1462 viri
3273 1409 3585 1469 evidenterde

2061 1511 2363 1556 monstrant
2404 1501 2581 1556 nullos
2627 1503 2806 1572 plane,
2856 1501 2903 1555 si
2951 1500 3132 1570 plures
3172 1500 3292 1564 siut,
3347 1515 3479 1570 posse
3506 1519 3586 1560 esse

2060 1596 2214 1661 deos,
2246 1607 2407 1667 atque
2430 1595 2629 1652 ideirco
2660 1606 2716 1650 ut
2749 1610 2887 1651 unus
2914 1592 3309 1661 tantummodo,
3342 1607 3430 1649 nec
3461 1595 3582 1665 plum:

2062 1690 2171 1745 sint
2201 1690 2296 1758 dii,
2330 1704 2453 1746 esse
2483 1705 2706 1761 prorsus
2732 1688 3141 1745 necessarium?

2699 1824 2927 1881 CAPUT
2965 1824 3034 1880 ν.

2239 1957 2306 1995 DE
2354 1956 2441 1996 DEI
2495 1954 2714 2006 NOIINE,
2754 1955 2991 2002 NA'I‘UBA.
3045 1953 3116 1993 ετ
3171 1952 3473 1993 ATTBIBU'I'IS.

2602 2092 2896 2133 ARTICULUS
2924 2090 3142 2132 ιιιιιηυε.

2074 2215 2202 2281 Quis
2228 2223 2273 2268 et
2299 2212 2423 2282 quid
2449 2215 2513 2267 sit
2539 2211 2699 2277 Deus,
2727 2213 2924 2283 quodve
2949 2215 3065 2283 ejus
3103 2228 3301 2280 nomen,
3328 2229 3382 2267 ac
3402 2216 3585 2284 quomodo

2136 2305 2198 2361 ob
2225 2306 2429 2360 homine
2452 2315 2787 2377 cognoscatur
2813 2322 2832 2372 ;
2860 2307 3064 2361 tametsi
3093 2307 3347 2378 corporeis
3384 2310 3514 2362 oculis
3543 2312 3589 2363 ri-

2150 2399 2258 2452 deri
2285 2414 2386 2452 non
2414 2399 2593 2469 possit.

2138 2534 2391 2602 Quamvis
2433 2532 2686 2589 Octavius
2730 2542 2837 2588 tam
2867 2533 3062 2599 certis,
3116 2549 3273 2605 quam
3321 2533 3596 2604 evidentibus,

2065 2626 2399 2696 argumentis
2428 2623 2735 2694 probaverit
2783 2626 2945 2678 Deum
2988 2624 3254 2690 existere,
3285 2641 3486 2695 eumque
3516 2642 3596 2682 esse

2067 2722 2317 2783 unicum,
2347 2717 2596 2772 Ctrcilitts
2639 2728 2816 2772 tamen
2847 2719 3002 2771 Solita
3059 2717 3331 2787 gentilium
3375 2719 3596 2789 pervicacia

2067 2810 2242 2864 adhuc
2273 2820 2485 2875 nutans,
2528 2824 2739 2871 eorum,
2786 2812 2831 2863 si
2877 2819 3061 2864 tamen
3117 2811 3367 2878 potuisset
3393 2827 3593 2879 umquam,

2066 2906 2176 2958 vim
2205 2912 2259 2957 et
2284 2904 2447 2958 robur
2478 2902 2752 2958 inﬁrmare
2784 2903 2883 2957 ltac
2937 2903 3371 2972 percunctatione
3401 2916 3597 2957 conatur:

2075 3011 2095 3045 ¢
2133 2993 2307 3058 Unde,
2337 3012 2355 3045 ι
2390 2994 2579 3064 inquit,
2618 3012 2637 3045 ι
2669 2993 2751 3047 vel
2791 2996 2910 3062 quis
2938 2992 3053 3056 ille,
3077 3003 3167 3047 aut
3194 2994 3279 3047 ubi
3304 2993 3427 3047 Deus
3451 2993 3596 3055 unicus,

2069 3089 2357 3154 solitarius,
2384 3088 2690 3152 destitutus,
2723 3102 2881 3158 quem
2911 3103 3016 3141 non
3060 3100 3198 3156 gens
3225 3087 3401 3150 libera,
3429 3100 3510 3139 nun
3540 3099 3598 3139 re-

372 3174 521 3243 cipes
560 3182 700 3228 sunt.
737 3173 910 3230 Grues
942 3190 1099 3227 unam
1133 3181 1429 3241 sequuntur
1474 3170 1662 3225 ordine
1710 3173 1959 3227 litterato.
1994 3173 2037 3235 C
2071 3194 2195 3249 gna,
2241 3196 2344 3233 non
2370 3180 2558 3234 saltem
2614 3179 2852 3234 Romana
2900 3178 3225 3247 superstitio
3267 3176 3591 3231 noverant?“-

373 3264 669 3334 lmperator
715 3280 882 3324 unus;
927 3264 1096 3334 judex
1146 3278 1283 3317 unus
1341 3263 1576 3331 provinci
1598 3281 1646 3316 r.
1705 3264 1868 3316 lioma
1914 3272 1968 3318 ut

375 3356 587 3410 condita
631 3365 733 3419 est,
767 3356 901 3410 duos
933 3355 1131 3409 fratres
1157 3355 1311 3409 simul
1345 3340 1541 3409 habere
1563 3370 1715 3423 reges
1738 3370 1843 3409 non
1875 3371 1968 3423 po-

378 3450 500 3513 tttit,
531 3457 587 3503 et
615 3447 898 3517 parricidio
943 3446 1241 3501 dedicatur.
1273 3447 1328 3501 lu
1357 3447 1616 3501 Rebecca:
1646 3455 1799 3501 utero
1828 3447 1968 3501 Esau

380 3549 436 3594 et
460 3538 629 3593 Jacob
681 3538 817 3592 bella
861 3549 1260 3609 gesserunt.....
1295 3539 1352 3593 lu
1392 3539 1512 3593 navi
1545 3553 1680 3592 unus
1704 3540 1970 3607 guberna-

380 3640 502 3693 tor;
534 3630 584 3684 in
610 3630 771 3683 domo
795 3646 931 3684 unus
960 3631 1307 3685 dominuan
1334 3631 1578 3701 quamvis
1601 3632 1785 3695 grandi
1817 3647 1970 3685 exer-

381 3723 491 3776 citu
541 3722 696 3776 unius
744 3721 952 3791 signum
1004 3733 1362 3792 ex5peetatur.
1402 3741 1420 3772 ι
1449 3721 1760 3788 (Lactant.,
1809 3721 1903 3776 lib.
1952 3739 1971 3777 ι

382 3813 591 3869 Institut
646 3814 828 3881 divite,
868 3831 987 3885 cap.
1021 3816 1075 3880 3,
1104 3823 1160 3870 et
1184 3830 1325 3885 seq.,
1356 3814 1448 3869 lib.
1478 3819 1542 3868 de
1570 3813 1661 3866 Ira
1693 3813 1820 3877 Dei,
1849 3830 1969 3885 cap.

376 3909 467 3973 11,
503 3923 620 3979 pag.
652 3907 778 3972 793;
809 3908 1142 3979 llieronym.,
1170 3907 1341 3978 Epist.
1376 3907 1464 3971 95,
1499 3905 1564 3960 ad
1597 3904 1802 3960 Rustic.
1856 3905 1968 3961 Mo-

375 3998 559 4064 nacb.,
595 4016 713 4069 pag.
748 4000 900 4069 775).

445 4092 523 4146 Ex
555 4093 617 4146 iis
641 4101 817 4147 autem
848 4092 925 4147 sic
974 4100 1159 4146 contra
1203 4090 1473 4146 Ca-cilium
1520 4088 1771 4159 gentilem
1814 4088 1975 4143 Octa-

373 4183 490 4238 vius
511 4183 721 4238 Minucii
750 4186 962 4238 nomine
992 4192 1394 4254 argumentatur
1419 4202 1461 4237 :t
1483 4183 1562 4238 Tu
1591 4184 1641 4237 in
1670 4183 1807 4238 ccelo
1830 4197 1973 4235 sum.

375 4291 519 4330 mam
548 4286 866 4345 potestatem
887 4278 1047 4331 dividi
1072 4280 1267 4339 credis,
1312 4286 1368 4330 et
1395 4276 1563 4331 scindi
1596 4275 1708 4330 veri
1748 4274 1887 4327 illius
1911 4289 1975 4328 ac

373 4371 537 4427 divini
560 4372 766 4441 imperii
802 4380 962 4425 totam
989 4370 1343 4441 potestatem?
1380 4390 1399 4421 ι
1432 4370 1732 4441 Cyprianus
1760 4367 1975 4437 paucio-

374 4465 523 4519 ribus
547 4465 723 4520 verbis
749 4482 760 4517 :
800 4482 820 4512 ι
856 4464 1016 4517 Multo
1045 4465 1267 4531 magis,»
1290 4463 1507 4530 inquit,t
1531 4461 1710 4515 tnundi
1737 4476 1871 4514 unus
1894 4467 1977 4514 est

2071 3271 2309 3325 duorum
2342 3271 2454 3323 sola
2484 3281 2538 3326 et
2569 3273 2763 3325 misera
2795 3270 3077 3340 gentilitas
3105 3285 3269 3324 unum
3294 3279 3345 3324 et
3379 3269 3461 3337 ipsi
3485 3269 3592 3321 Deum

2073 3362 2370 3417 coluerunt.
2403 3379 2421 3413 ι
2456 3361 2535 3416 Ad
2572 3363 2883 3435 qucautem
2910 3358 3142 3427 Caecilii,
3173 3361 3474 3429 aliorumque
3494 3357 3593 3413 Geti-

2075 3456 2267 3521 tilium,
2317 3455 2642 3525 interrogata
2694 3453 2954 3508 Minucius
3016 3462 3329 3509 constanter
3387 3450 3595 3520 respondet

2072 3547 2385 3602 eorutndem
2437 3549 2659 3601 omnino
2722 3545 3030 3601 Judtuorum
3114 3547 3279 3600 Deum
3342 3559 3445 3599 esse
3488 3553 3595 3612 atqtte

2074 3640 2518 3712 Christianorum,
2552 3656 2689 3710 quos
2716 3638 2965 3694 Caecilius
2996 3640 3114 3706 ipse
3148 3638 3259 3707 jam
3318 3646 3415 3690 tum
3454 3644 3592 3704 perto—

2076 3741 2185 3787 tunt
2218 3744 2476 3786 terrarum
2508 3732 2693 3786 orbem
2739 3732 3032 3800 dispersos,
3078 3744 3144 3783 ac
3184 3726 3516 3789 Tertulliantts,
3540 3725 3588 3777 uti

2075 3823 2494 3887 observavimus,
2530 3822 2643 3876 loca
2670 3822 2846 3875 omnia
2870 3820 3185 3889 implevisse
3214 3818 3529 3873 declaraverat.

2146 3915 2497 3985 lnterroganti
2539 3923 2717 3968 autem
2762 3914 2878 3984 quis
2920 3913 3008 3968 ille
3065 3913 3207 3966 Deus
3256 3911 3340 3975 sit,
3384 3904 3588 3977 respondet

2075 4006 2365 4062 Octavius:
2404 4025 2423 4058 ε
2457 4005 2567 4061 Nec
2590 4020 2783 4059 nomen
2837 4004 2946 4058 Deo
2997 4018 3215 4072 qua-ras
3250 4021 3263 4056 :
3295 4001 3420 4056 Deus
3459 4011 3590 4051 nomen

2076 4109 2176 4154 est.
2211 4098 2322 4154 Illic
2343 4097 2613 4152 vocabulis
2633 4111 2770 4164 opus
2785 4104 2888 4159 est,
2918 4110 3039 4149 cum
3070 4110 3168 4163 per
3188 4093 3413 4163 singulos
3431 4087 3591 4159 propriis

2076 4190 2494 4261 appellationum
2546 4187 2843 4257 insignibus
2887 4186 3175 4239 multitudo
3229 4181 3491 4239 dirimenda
3512 4187 3591 4237 est.

2080 4285 2189 4338 Deo
2218 4283 2306 4353 qui
2336 4282 2485 4335 Solus
2509 4290 2612 4346 est,
2659 4278 2756 4332 Dei
2783 4278 3099 4333 vocabulum
3152 4284 3316 4331 totum
3354 4284 3450 4335 est;
3487 4283 3592 4336 queat

2078 4378 2121 4432 si
2149 4386 2352 4446 patrem
2383 4375 2589 4436 dixero,
2626 4382 2896 4428 terrenum
2942 4372 3213 4439 opineris;
3254 4369 3298 4423 si
3328 4381 3496 4437 regem,
3518 4376 3595 4416 cat-

2079 4468 2254 4523 nalem
2286 4465 2606 4536 suspiceris;
2639 4465 2681 4519 si
2710 4464 3012 4528 dominum,
3043 4462 3309 4532 intelliges
3330 4463 3482 4529 utique
3501 4468 3595 4510 mor-

374 4563 553 4608 rector
601 4553 989 4625 (tLypr.ibtd.).
1031 4571 1050 4603 ι
1088 4553 1153 4605 Et
1205 4552 1307 4606 ltnc
1355 4551 1570 4620 quidem
1605 4560 1962 4620 argumentum

2081 4563 2260 4616 talem.
2305 4559 2471 4615 Aufer
2526 4557 2885 4614 additamenta
2937 4558 3238 4619 nominum,
3282 4565 3334 4610 et
3382 4548 3594 4621 perspicies

374 4650 699 4703 Athanasius
724 4652 862 4699 nunc
889 4658 1041 4715 urget
1073 4646 1124 4698 itt
1168 4646 1406 4709 modum,
1455 4659 1560 4713 quo
1589 4644 1730 4698 illius
1783 4646 1890 4699 vim
1918 4654 1973 4700 et

372 4742 582 4812 pondus
622 4755 811 4795 omnes
851 4741 1025 4794 adhuc
1088 4738 1294 4792 facilius
1343 4740 1543 4791 sentire
1594 4743 1973 4809 percipereque

370 4844 617 4905 possunt.
645 4852 663 4884 ι
697 4835 832 4903 Ipse,
867 4850 885 4883 ι
906 4830 1127 4900 ἰιιιιυίι,ι
1150 4827 1514 4898 dispositionis
1542 4828 1695 4894 ordo,
1710 4830 1973 4883 omnium-

371 4943 475 4998 que
522 4928 752 4997 partium
793 4938 1020 4979 concors
1063 4922 1411 4990 conspiratio,
1460 4937 1563 4975 non
1610 4920 1829 4987 multos,
1877 4922 1972 4977 sed

370 5037 534 5077 unum
570 5020 750 5074 mundi
784 5018 973 5072 ducent
1009 5025 1063 5070 et
1117 5016 1512 5068 moderatorem
1549 5029 1668 5069 esse
1694 5014 1976 5070 manifeste

369 5114 626 5172 Ostendit.
650 5113 782 5168 Nam
812 5113 857 5167 si
906 5111 1085 5180 plures
1117 5107 1320 5163 mundo
1356 5118 1669 5177 praeessent,
1719 5108 1853 5163 ordo
1886 5109 1974 5164 ille

368 5208 576 5262 servari
607 5222 713 5259 non
747 5214 958 5274 posset;
989 5202 1083 5258 sed
1106 5203 1284 5257 omnia
1318 5201 1632 5258 confusione
1674 5212 1728 5258 et
1757 5215 1974 5273 pertur-

370 5301 588 5355 batione
632 5299 791 5367 plena
841 5308 1046 5364 essent,
1105 5296 1229 5351 dum
1259 5297 1623 5366 unusquisque
1676 5300 1854 5353 omnia
1907 5300 1974 5354 ad

368 5408 523 5448 suum
552 5390 830 5445 arbitrium
860 5393 1113 5456 traheret,
1145 5401 1200 5446 et
1226 5390 1480 5446 adversus
1501 5390 1661 5445 alium
1693 5402 1973 5461 pugnaret.

369 5489 613 5557 Namque
641 5495 695 5539 et
742 5486 936 5539 multos
966 5485 1116 5551 deos,
1146 5485 1319 5540 nullos
1354 5486 1483 5541 deos
1522 5500 1660 5549 esse,
1698 5497 1785 5544 τὴν
1824 5496 1969 5541 tralu-

372 5590 579 5642 ϐιότητα.
605 5583 837 5640 ἀθεότητα
862 5578 1003 5638 εἶναι.
1033 5578 1380 5644 tlut‘eltamns,
1413 5579 1491 5632 sic
1514 5578 1705 5631 multos
1733 5588 1969 5633 rectores

366 5676 549 5729 nullos
567 5683 820 5739 rectores,
843 5679 962 5727 eSse
979 5672 1265 5728 dicendum
1293 5682 1391 5726 est.
1418 5672 1555 5727 Cum
1572 5673 1714 5726 enim
1734 5673 1869 5727 alter
1887 5671 1965 5726 al-

378 5771 525 5825 erius
579 5768 863 5839 imperium
910 5777 1197 5835 everteret,
1249 5767 1429 5825 nullus
1458 5776 1605 5824 certe
1644 5775 1809 5834 esset,
1860 5767 1955 5837 qui

2074 4654 2395 4709 claritatem.
2424 4670 2443 4704 »
2478 4652 2631 4720 Apud
2654 4648 3002 4722 Cyprianum,
3035 4653 3124 4720 qui
3170 4649 3382 4720 primam
3422 4639 3586 4714 phrasim

2075 4745 2297 4801 totidem
2321 4743 2498 4799 verbis
2513 4741 2873 4809 transcripsit,
2890 4742 3089 4795 omissa
3111 4751 3236 4794 sunt
3255 4744 3359 4793 lucc
3373 4738 3464 4791 duo
3484 4730 3591 4787 verba

2079 4856 2100 4889 ‹
2131 4854 2225 4907 per
2267 4836 2525 4906 singulos,
2561 4853 2579 4887 ι
2608 4846 2767 4904 atque
2812 4833 3008 4888 ibidem
3030 4834 3283 4903 scriptum
3323 4837 3431 4885 est:
3459 4844 3475 4907 ς
3501 4822 3594 4877 Dat

2075 4903 2270 4988 nomen
2295 4903 2389 4995 illi;
2424 4930 2532 4985 illic
2549 4926 2822 4983 vocabulis
2840 4940 2976 4996 opus
2992 4936 3094 4987 est.
3115 4925 3201 4979 ubi
3230 4921 3437 4994 prepriis
3460 4903 3592 4984 appel-
3643 4920 3653 4941 '

2080 5024 2339 5080 latiOuum
2371 5023 2663 5092 insignibus
2694 5016 3286 5073 multitudod‘trimeuda
3300 5024 3372 5068 est
3395 5029 3413 5062 ι
3441 5007 3592 5081 ((Σῑρῐιι

2075 5117 2170 5173 lib.
2194 5117 2257 5171 de
2279 5116 2479 5171 ldolor.
2510 5114 2707 5180 Vanit.,
2729 5129 2846 5183 pag.
2892 5108 3021 5183 l5
3064 5109 3247 5180 Neque
3270 5107 3336 5162 ibi
3364 5104 3439 5159 ille
3470 5100 3592 5171 plura.

2145 5206 2452 5263 Lactantius
2481 5216 2657 5261 autem
2683 5205 2750 5260 de
2797 5203 3145 5273 Trismegisto
3175 5218 3189 5255 :
3224 5219 3244 5253 ‹
3283 5198 3388 5260 llic,
3418 5188 3591 5258 tinqﬂi'.

2082 5318 2103 5351 ι
2136 5299 2348 5367 scripsit
2374 5298 2558 5363 libros,
2583 5307 2637 5352 et
2675 5296 2889 5367 quidem
2923 5298 3133 5359 multos,
3160 5292 3211 5346 itt
3241 5289 3416 5362 quibus
3452 5282 3592 5348 maies-

2076 5402 2239 5448 tatem
2272 5391 2464 5446 summi
2487 5404 2550 5445 ac
2578 5388 2864 5458 singularis
2888 5388 2979 5443 Dei
3004 5385 3215 5451 asserit,
3240 5381 3497 5446 iisdemque
3526 5383 3591 5424 no-

2073 5485 2304 5541 minibus
2331 5482 2587 5553 appellat,
2620 5483 2813 5552 quibus
2850 5495 2970 5542 nos,
3014 5479 3176 5534 Deum
3204 5486 3258 5530 et
3301 5473 3515 5529 Patrem:
3548 5474 3591 5514 ac

2071 5595 2138 5635 ne
2179 5580 2299 5648 quis
2333 5592 2527 5633 nomen
2567 5577 2682 5645 ejus
2727 5575 3048 5645 requireret,
3088 5577 3320 5635 ἀνώνυμον
3360 5576 3462 5619 esse
3497 5554 3595 5611 dixit

2071 5688 2138 5729 eo
2166 5671 2309 5743 quod
2338 5673 2569 5726 nominis
2618 5670 2947 5743 proprietate
2996 5681 3101 5722 non
3154 5670 3319 5734 egeat,
3361 5656 3422 5711 ob
3468 5652 3589 5719 ῘΡ⁵³¹¹¹

2069 5769 2329 5824 unitatem
2368 5786 2387 5819 ι
2417 5763 2710 5837 (Lactant.,
2739 5763 2813 5819 lib
2833 5779 2871 5830 t,
2902 5777 3020 5833 cap.
3054 5760 3107 5827 6,
3137 5771 3256 5832 pag.
3286 5747 3387 5821 50).
3413 5745 3588 5804 Trisme-

3716 3754 3723 3837 i

3720 3842 3723 3981 1

3720 4010 3723 4063 i
