3774 6270
226 322 301 378 Ml
1503 311 1712 369 DISSEl

1898 313 1980 370 [Ο.

3332 326 3436 380 H2

216 436 308 507 εἰςιί
328 432 459 490 verba
484 446 511 485 a
537 429 810 487 Lactantio
837 429 916 484 sic
941 429 1106 484 citata
1134 434 1255 483 sunt
1283 443 1297 481 :
1329 417 1371 483 ὁ
1413 431 1462 479 δὲ
1494 434 1611 489 Θεὸς
1652 426 1736 495 εἵς,
1770 428 1816 487 Α
1846 426 1912 482 ad
1958 427 2188 499 aliquam
2220 431 2579 499 cognitionem
2608 431 2701 488 Dei
2731 434 3112 501 manuducere,
3181 445 3437 505 quantum

217 535 292 585 ὁδὶ
326 530 397 593 tie,
418 534 622 595 ὀνόματος
649 529 697 581 οὗ
729 529 1039 594 «paean-etv
1072 532 1172 579 ἔστι
1198 528 1281 596 γὰρ
1331 528 1356 576 ὁ
1398 528 1457 576 ὢν
1485 526 1734 590 ἀνώνυμδς.

217 623 325 679 Tum
347 621 514 677 deinde
533 621 745 690 ipsemet
790 618 1108 672 Lactantius
1144 618 1221 672 sic
1244 617 1518 686 disputat:
1574 635 1592 669 ι
1631 617 1738 672 Deo

218 714 350 786 igitur
369 728 536 768 nomen
549 727 640 765 non
659 719 755 769 est.
784 713 914 777 quia
937 710 1107 764 solus.
1139 709 1247 766 Nec
1266 725 1401 777 onus
1427 721 1508 764 est.
1523 711 1738 780 proprio

217 807 457 872 vocabulo,
489 806 576 859 nisi
616 819 722 859 cum
770 803 1069 858 discrimen
1096 804 1260 874 exigit
1308 803 1623 866 multitudo;
1680 815 1738 861 ut

215 912 581 971 unamquamque
622 911 905 966 personam
954 912 1049 950 sua
1098 904 1223 951 nota
1272 903 1326 951 et
1376 894 1735 966 appellatione

213 993 555 1065 designesbeo
584 1000 777 1057 autem,
827 991 954 1058 quia
1016 1003 1229 1059 semper
1282 1002 1418 1043 unus
1467 998 1567 1052 est,
1614 1002 1733 1056 pro-

204 1089 355 1157 prium
398 1100 557 1139 nomen
606 1093 685 1139 est
746 1082 907 1139 Deus.
944 1102 962 1136 ›
998 1084 1068 1138 At
1094 1083 1233 1153 quod
1280 1083 1351 1137 ibi
1394 1092 1516 1152 post
1559 1098 1731 1152 graeca

199 1176 480 1245 Trismegisti
521 1175 670 1231 verba
710 1175 930 1245 adjecit,
973 1174 1102 1229 illud
1150 1173 1387 1242 profecto
1434 1190 1498 1228 ex
1548 1187 1732 1229 nostro

184 1277 388 1331 auctore,
437 1267 559 1321 sicut
608 1278 661 1322 et
714 1268 816 1322 alia
854 1276 1029 1337 plura,
1080 1266 1350 1322 delibasse
1395 1265 1624 1331 videtur,
1676 1274 1733 1320 et

173 1374 367 1415 sensum
398 1359 528 1414 illius
556 1360 786 1416 reddidit
813 1360 1124 1415 clariorem.

235 1451 383 1505 Docet
428 1450 592 1519 itaque
629 1450 894 1505 Minucius
947 1451 1122 1521 primo
1172 1459 1417 1504 naturam
1472 1448 1569 1503 Dci
1607 1463 1730 1504 esse

164 1541 592 1612 simplicissimam.
615 1558 734 1613 qua:
754 1544 903 1597 nullo
929 1542 1141 1614 penitus
1163 1542 1325 1596 modo
1350 1542 1513 1596 dividi
1541 1551 1724 1611 queat,

168 1633 324 1701 ipsum
351 1650 467 1689 vero
490 1649 656 1704 neque
682 1644 981 1702 terrenum,
1023 1651 1194 1705 neque
1236 1650 1577 1705 corporeum,
1630 1650 1726 1691 ne-

178 1728 561 1795 qnemortalcm,
614 1738 776 1799 atque
818 1728 940 1785 ideo
984 1727 1243 1799 spiritalis
1299 1729 1724 1800 immortalisque

179 1831 292 1872 esse
317 1820 605 1875 substantite.

244 1911 416 1967 Deinde
440 1928 553 1968 vero
584 1913 749 1968 Deum
791 1913 1032 1985 quidem,
1056 1914 1231 1986 qualis
1284 1922 1620 1985 quantusque
1663 1915 1716 1970 in

171 2014 230 2055 se
254 2011 342 2064 est,
368 2017 395 2055 a
418 2004 555 2059 nobis
584 2020 690 2058 non
721 2006 975 2075 cognosci
1010 2023 1024 2059 :
1057 2005 1349 2075 quemlibet
1391 2015 1565 2060 tamen
1624 2005 1718 2059 ho-

169 2093 346 2148 minem
374 2093 436 2147 ab
461 2095 592 2149 illius
618 2096 757 2157 idea,
785 2111 1146 2167 quaecumque
1175 2108 1387 2151 terrena
1419 2109 1473 2151 et
1520 2097 1717 2167 imper-

171 2183 289 2240 itet:
309 2198 419 2241 sunt
439 2188 768 2255 removendo,
793 2191 861 2244 ad
886 2190 1224 2245 manifestam
1255 2190 1395 2245 illius
1436 2191 1717 2260 pervenire

172 2278 505 2345 cognitionem.

230 2366 413 2436 Tertio,
437 2373 630 2427 nomina
662 2373 728 2427 iis
756 2382 964 2429 tantum
994 2374 1153 2429 rebus
1184 2374 1405 2443 imponi,
1436 2390 1555 2444 qua:
1581 2390 1611 2430 a
1655 2390 1714 2431 se

177 2454 379 2515 invirem
417 2463 674 2530 distinctae,
722 2479 788 2519 ac
850 2466 1077 2520 diversa:
1125 2475 1277 2531 sunt;
1331 2476 1389 2519 ut
1438 2480 1560 2537 quae
1608 2482 1712 2522 una

178 2564 374 2623 quque
415 2557 491 2621 sit,
540 2558 866 2629 designetur.
910 2559 1269 2626 Quamobrem
1344 2560 1472 2627 Deo,
1520 2560 1710 2630 inquit,

186 2644 655 2713 quisimplicissimns
692 2660 795 2715 est,
826 2665 889 2705 ac
926 2651 1073 2705 splus
1112 2660 1237 2705 ante
1268 2665 1456 2706 omnes
1504 2662 1711 2706 creatu-

191 2744 275 2783 ras
300 2747 552 2809 semperque
584 2741 812 2805 exstitit,
861 2741 1088 2807 nullum,
1146 2742 1221 2796 uti
1289 2756 1413 2798 mox
1460 2743 1653 2797 citatus
1681 2758 1711 2798 a

194 2819 801 2903 Lactantio'irismegistus
851 2833 1048 2899 aiebat,
1093 2847 1288 2888 nomen
1343 2833 1455 2888 dari
1512 2842 1707 2904 potest.

200 2913 371 2985 Neque
412 2921 583 2980 absimili
651 2940 878 2997 prorsus
934 2927 1093 2981 modo
1154 2926 1395 2982 Justinus
1466 2928 1709 2998 Martyr:

206 3013 299 3077 θεῷ
317 3014 359 3063 δέ
381 3022 464 3069 σῦπ
491 3023 509 3070 ὁ
532 3024 665 3082 τιθεὶς
709 3027 864 3088 ὄνομα.
889 3030 1213 3092 «point-ima,
1242 3026 1346 3075 οὔτε
1375 3025 1517 3081 αὐτὸς
1547 3026 1712 3074 ἑαυτὸν

193 3103 402 3167 δ’δθβλζειν
414 3113 517 3178 ᾠήθη
541 3116 648 3177 δεῖν,
679 3112 747 3176 εἷς
775 3116 860 3166 καὶ
879 3116 1014 3182 μόνος
1040 3118 1281 3184 ὑπάρχων.
1299 3112 1467 3167 »Εἰθνί
1490 3113 1711 3166 omnino

1845 529 2048 574 natura:
2092 522 2341 577 humanae
2384 524 2506 579 licet
2543 526 3022 594 comprehendere,
3066 542 3172 582 non
3204 526 3439 586 absurde

1842 611 2050 667 dicetur
2093 617 2428 670 nominabilis
2472 616 2734 690 (Origeu.,
2787 619 2880 672 lib.
2923 634 3010 673 th
3056 631 3219 673 contr.
3274 619 3435 687 ϐείω,

1843 721 1963 776 pag.
1993 706 2117 773 59.0,
2150 709 2199 761 in
2223 709 2327 781 4°).
2365 728 2384 761 ι
2420 710 2636 765 Fatetur
2673 711 2932 781 siquidem
2961 711 3217 782 Origenes
3262 729 3292 767 a
3336 729 3435 769 ne-

1840 801 1984 853 mine
2026 814 2182 868 possc
2230 800 2340 855 Deo
2385 802 2654 871 proprium
2712 818 2905 856 nomen
2951 802 3172 872 imponi,
3225 818 3325 858 nec
3368 804 3437 858 ab

1840 890 1949 944 ullo
1981 891 2264 955 nominari,
2296 892 2395 947 nisi
2426 902 2689 963 quatenus
2717 893 2988 962 fragilitati
3029 892 3279 949 humanae
3333 894 3435 950 da-

1839 991 1948 1035 tum
1976 993 2076 1037 est.

1907 1076 1978 1128 At
2023 1074 2086 1127 iis
2115 1074 2327 1143 quidem
2369 1076 2436 1129 ita
2482 1091 2606 1131 vere
2651 1092 2872 1147 prorsus
2918 1094 2980 1132 ac
3024 1084 3169 1133 recte
3221 1079 3429 1148 positis,

1833 1162 2096 1220 Minucius
2137 1175 2336 1228 noster,
2368 1183 2431 1223 ac
2470 1183 2590 1223 cum
2644 1169 2734 1224 illo
2760 1170 3079 1241 Cyprianus,
3110 1182 3164 1225 et
3209 1170 3432 1227 Lactan-

1834 1254 1939 1310 tius
1985 1268 2232 1312 asserunt
2315 1258 2417 1314 hoc
2462 1261 2779 1315 vocabulum
2836 1261 2994 1328 Deus,
3042 1278 3229 1318 revera
3279 1278 3423 1329 esse,

1831 1359 2087 1418 quantuni
2117 1351 2338 1418 hcinini,
2371 1363 2427 1406 ut
2454 1353 2527 1407 ait
2555 1353 2830 1423 Origenes,
2865 1370 2985 1409 eum
3035 1357 3311 1411 nominare
3349 1355 3429 1412 fas

1831 1451 1932 1506 est,
1971 1450 2138 1496 totum
2168 1459 2231 1497 ac
2264 1443 2533 1513 proprium
2562 1461 2670 1499 veri
2699 1445 2791 1500 Dei
2834 1460 3053 1500 nomen.
3083 1445 3251 1501 Antea
3300 1461 3429 1503 vero

1830 1533 1957 1587 illud
1986 1549 2014 1586 a
2045 1533 2374 1589 Tertulliann
2404 1536 2485 1588 his
2510 1539 2914 1606 comprobatum
2947 1538 3124 1593 verbis
3155 1539 3379 1609 legimus
3409 1559 3422 1595 :

1828 1627 2021 1681 Anima
2060 1647 2079 1679 ‹
2115 1627 2233 1682 licet
2283 1644 2507 1699 corpore
2536 1644 2740 1698 pressa,
2794 1631 3006 1687 licet....
3035 1633 3199 1686 Deum
3254 1633 3426 1687 nomi-

1829 1729 1939 1782 nat,
1975 1720 2075 1775 hoc
2096 1723 2228 1789 solo,
2262 1726 2383 1792 quia
2413 1724 2628 1793 proprie
2648 1739 2807 1778 verus
2854 1724 2940 1779 hie
2975 1726 3114 1780 Deus
3154 1726 3325 1780 bonus
3368 1734 3425 1780 et

1751 1815 2047 1882 Bmagnus
2107 1814 2360 1886 (Tertul.,
2403 1815 2696 1887 Apologet.,
2749 1833 2866 1887 cap.
2920 1818 3009 1883 17,
3062 1833 3183 1889 pag.
3239 1817 3353 1890 24).
3398 1836 3417 1870 ι

1821 1906 2158 1976 Quapropter
2189 1908 2289 1962 hoc
2319 1906 2413 1960 Dei
2441 1923 2636 1962 nomen
2677 1909 2775 1978 ipsi
2831 1910 2928 1965 soli
2963 1924 3061 1966 nec
3104 1912 3257 1966 alteri
3285 1911 3421 1966 dan-

1818 1997 1944 2052 dum
1975 2014 2095 2054 esse
2123 2010 2413 2054 asseverat.

1889 2091 2019 2159 Quis
2048 2100 2226 2145 autem
2252 2093 2338 2147 ille
2366 2094 2451 2157 sit,
2482 2094 2524 2147 si
2556 2094 2675 2163 quis
2705 2110 2734 2148 a
2766 2094 2995 2150 Minucio
3042 2106 3245 2163 nostro,
3293 2114 3424 2168 que-

1816 2184 2162 2240 madtnndnin
2209 2187 2479 2253 Czrcilius,
2533 2187 2856 2256 sciscitetur,
2898 2189 3000 2245 hoc
3059 2192 3302 2262 protinus
3354 2192 3422 2248 ab

1816 2292 1883 2333 eo
1912 2293 2229 2344 responsum
2255 2282 2483 2351 aet-ipiet
2512 2298 2526 2337 :
2558 2300 2575 2332 ι
2613 2282 2710 2338 ilic
2745 2298 2842 2338 nec
2868 2283 3034 2339 videri
3075 2295 3270 2355 potest,
3304 2288 3420 2342 visu

1815 2370 2012 2425 clarior
2036 2382 2137 2436 est,
2181 2388 2280 2428 nec
2313 2375 2719 2443 comprehendi,
2754 2388 2894 2433 tactu
2929 2380 3113 2448 purior
3150 2389 3232 2436 est
3263 2380 3418 2453 (haec

1818 2462 1914 2516 tria
1946 2464 2241 2533 posteriora
2265 2466 2426 2520 verba
2473 2467 2571 2520 etsi
2598 2483 2625 2519 a
2656 2467 2927 2539 Cypriano
2979 2472 3315 2542 transrripta,
3362 2472 3419 2527 in

1814 2573 1919 2613 ms.
1951 2560 2136 2615 codice
2160 2561 2304 2630 regio
2333 2561 2547 2627 desunt)
2587 2577 2685 2616 nec
2712 2564 2989 2630 :cstimari,
3023 2567 3268 2620 sensibus
3305 2582 3419 2621 ma-

1809 2651 1896 2722 jor
1916 2664 1993 2705 cst
2026 2651 2320 2724 (inlinitus,
2350 2655 2664 2714 immensus,
2694 2664 2747 2708 ct
2768 2655 2867 2708 soli
2912 2656 3014 2710 sibi
3064 2669 3298 2727 quantus
3336 2665 3420 2713 est

1815 2753 1992 2797 notus.
2024 2742 2189 2796 Nobis
2239 2758 2368 2798 vero
2411 2744 2476 2797 ad
2527 2744 2854 2799 intellectum
2896 2757 3082 2815 pectus
3133 2758 3417 2818 angustum

1813 2835 1941 2908 est),
1973 2846 2025 2892 et
2056 2837 2175 2890 ideo
2202 2837 2281 2891 sic
2310 2852 2430 2892 eum
2459 2836 2616 2906 digne
2646 2837 2993 2903 :i-stimatnus,
3043 2840 3171 2894 dum
3210 2826 3435 2896 inaesti-i~

1815 2932 2065 2987 mabilem
2094 2931 2323 2986 dicimus
2361 2952 2379 2985 ι
2414 2931 2624 3004 (Cypr.,
2655 2933 2749 2989 lib.
2783 2933 2849 2987 de
2881 2932 3021 2989 ldol.
3065 2934 3260 3000 Vanit.,
3292 2951 3413 3007 pag.

1815 3023 1945 3097 Η).
2003 3025 2074 3079 Ea
2121 3035 2297 3080 autem
2346 3026 2522 3081 omnia
2551 3069 2567 3093 ,
2611 3027 2694 3081 his
2741 3037 2942 3082 tantum
2993 3031 3252 3095 exceptis,
3297 3045 3416 3097 qute

1819 3120 2031 3173 uncinis
2062 3120 2398 3182 rlaudnntur,
2432 3121 2651 3175 totidem
2681 3122 2858 3177 verbis
2880 3121 3167 3192 descripsit
3193 3123 3415 3194 Cypria-

185 3206 274 3283 Pott
298 3207 462 3266 potest,
488 3215 539 3257 ut
584 3206 859 3273 pmpriutn
908 3205 1125 3275 aliquod
1174 3206 1282 3260 Deo
1308 3220 1503 3260 nomen
1555 3205 1710 3259 attri.
1741 3200 1785 3264 C
1821 3227 1940 3266 nus.
1969 3213 2032 3265 At
2062 3222 2289 3283 utroque
2315 3214 2462 3282 prior
2489 3213 2867 3276 Tertullianus,
2903 3213 3041 3268 idem
3073 3214 3190 3268 aliis
3233 3214 3413 3270 verbis

172 3280 358 3351 bllator,
390 3304 638 3362 propterea
667 3295 812 3367 quod
855 3298 1070 3351 nomina
1100 3297 1164 3351 ad
1194 3297 1622 3367 designationem
1660 3305 1714 3352 ct

163 3372 498 3438 discretionem
525 3386 883 3456 subiectarum
940 3403 1117 3443 rerum
1174 3389 1536 3457 imponantur,
1595 3404 1714 3456 quae

161 3471 308 3525 varia:
333 3486 516 3532 suntet
540 3481 734 3535 multae.
769 3481 879 3535 Deo
899 3489 1100 3547 autem,
1138 3481 1225 3548 qui
1252 3497 1447 3535 nomen
1483 3481 1710 3549 inderet,

159 3572 300 3617 nemo
324 3575 440 3622 ante
460 3584 574 3626 eum
612 3574 820 3627 exstitit
851 3594 863 3628 :
894 3587 1070 3642 neque
1124 3573 1236 3641 ipse
1287 3587 1346 3628 se
1399 3574 1570 3639 ipsum
1618 3590 1713 3628 no-

157 3653 284 3709 Inine
305 3660 470 3731 aliquo
491 3664 750 3734 designari
777 3679 915 3734 opus
934 3680 1057 3720 esse
1082 3664 1254 3731 duxit,
1291 3682 1428 3721 unus
1471 3676 1525 3721 et
1563 3668 1710 3723 solus

156 3746 372 3807 existens
397 3752 609 3824 (Justiti.
634 3755 843 3811 Co/tort.
878 3759 947 3811 ad
974 3757 1164 3823 ϐῆτα,
1208 3775 1327 3827 pag.
1373 3758 1483 3830 19).
1526 3780 1544 3812 ι
1575 3760 1709 3815 Βιηυο

154 3851 232 3893 sus
256 3859 381 3899 vero
403 3849 516 3903 alibi
542 3849 682 3905 haud
710 3852 882 3907 semel
925 3853 1035 3918 ille,
1068 3853 1209 3907 sicut
1238 3862 1290 3907 et
1320 3853 1407 3908 alii
1455 3853 1707 3908 Ecclesia:

156 3933 340 4008 Patrias,
413 3959 560 4019 negat
625 3951 791 4004 ullum
841 3950 967 4022 tingi
1038 3966 1197 4022 posse
1266 3952 1540 4022 preprium
1615 3953 1707 4009 Dei

154 4041 347 4089 nomen

215 4121 384 4196 Neque
414 4131 488 4187 his
515 4135 696 4203 ofﬁcit,
732 4137 875 4205 quod
903 4136 1062 4192 Celso
1090 4136 1361 4206 objicienti
1394 4138 1556 4191 Deum
1584 4153 1706 4193 esse

159 4208 537 4292 inminabilem,
569 4229 859 4299 respondet
891 4227 1182 4297 Origenes:
1230 4238 1494 4293 Διασταὶῑς
1521 4234 1699 4286 δεῖται.

165 4306 202 4353 ἀ
246 4318 323 4370 μέν
355 4320 542 4384 ’θάμὸτι
587 4327 715 4377 οὖδὲν
776 4340 867 4378 τῶν
908 4327 955 4376 ἰν
993 4330 1143 4386 λέξεσι
1197 4326 1280 4375 καὶ
1344 4332 1706 4391 σημαινομένοις

173 4395 355 4453 δίηται
391 4430 652 4477 fulmina
696 4420 788 4475 τὰς
836 4417 1077 4474 ἰδιότητας
1102 4420 1186 4469 τοῦ
1211 4421 1352 4477 Θιοῧ,
1400 4420 1570 4477 ἀληθές
1600 4424 1702 4470 ἔστι

166 4494 225 4535 ea
246 4496 462 4565 λ’Ἵίδβεκν,
484 4512 516 4558 ti
533 4531 577 4576 μ
607 4511 692 4561 καὶ
708 4509 893 4560 «allati
913 4509 1157 4567 ποιότητες
1182 4511 1262 4560 οὖιι
1287 4509 1402 4561 εἰσὶν
1421 4511 1699 4575 despuat-di.

1817 3304 1959 3361 hunc
1987 3306 2196 3360 dixerat
2226 3308 2275 3359 in
2311 3306 2528 3361 modum
2557 3325 2569 3361 :
2607 3326 2626 3359 ‹
2664 3307 2949 3362 Invisibilis
2970 3317 3070 3364 est.
3102 3308 3202 3363 etsi
3231 3308 3412 3365 videa-

1818 3408 1937 3462 tur;
1992 3399 2577 3467 incomprehensibilis,
2630 3401 2729 3455 etsi
2779 3416 2875 3471 per
2922 3402 3151 3473 gratiam
3209 3418 3414 3471 reprae-

1814 3500 2089 3554 sentetur;
2120 3490 2530 3553 inaestimabilis,
2559 3491 2662 3547 etsi
2696 3491 2944 3547 humanis
2981 3496 3226 3550 sensibus
3262 3495 3409 3551 aesti-

1816 3593 2011 3649 metur,
2043 3583 2162 3639 ideo
2194 3599 2350 3638 verus
2380 3592 2555 3640 tantus
2584 3593 2684 3639 est.
2740 3584 3006 3642 Catternm
3052 3588 3193 3659 quod
3242 3589 3410 3645 videri

1812 3680 2188 3739 Communiter,
2218 3678 2358 3747 quod
2412 3678 2816 3746 comprehendi,
2846 3679 2987 3745 quod
3027 3682 3279 3737 aestimari
3319 3697 3413 3753 po-

1815 3778 1936 3833 test,
1968 3771 2141 3823 minus
2186 3780 2268 3822 est
2321 3778 2376 3825 et
2425 3770 2594 3825 oculis
2616 3772 2807 3842 quibus
2837 3782 3149 3841 occupatur,
3192 3782 3245 3827 et
3294 3790 3409 3830 ma-

1813 3861 1967 3915 nibus
2041 3861 2235 3931 quibus
2308 3863 2748 3929 contaminatur,
2807 3873 2861 3918 ct
2918 3864 3165 3919 sensibus
3217 3865 3410 3931 quibus

1810 3952 2097 4008 invenitur.
2152 3953 2302 4020 Quod
2340 3969 2471 4007 vero
2523 3956 2870 4021 immensum,
2920 3957 3020 4010 soli
3076 3956 3175 4010 sibi
3223 3967 3409 4011 notum

1809 4059 1925 4110 eSt;
1956 4047 2054 4100 hoc
2084 4055 2197 4108 est,
2226 4046 2365 4114 quod
2398 4047 2560 4100 Deum
2600 4048 2851 4101 arsdmari
2896 4046 3038 4109 facit,
3094 4048 3218 4103 dunt
3260 4049 3409 4102 resti-

1809 4141 1941 4191 mari
1975 4154 2077 4192 non
2106 4140 2247 4207 capit
2278 4158 2290 4193 :
2322 4139 2390 4192 ita
2423 4155 2543 4194 eum
2591 4140 2669 4193 vis
2710 4139 3092 4208 magnitudinis
3128 4151 3181 4193 et
3223 4151 3407 4196 notum

1810 4230 2118 4285 hOtniniltus
2145 4229 2329 4296 objicit
2358 4239 2410 4283 et
2440 4230 2701 4299 ignotum.
2744 4249 2762 4281 ι
2799 4229 2995 4283 Eadem
3025 4246 3053 4283 τι
3106 4230 3410 4299 Theophila

1808 4322 1869 4379 Α·
1896 4323 2203 4382 thiocheno,
2234 4330 2285 4373 et
2311 4336 2339 4373 a
2369 4322 2703 4374 Nazianzeno
2744 4320 2970 4387 aliisque
3010 4322 3267 4378 Ecclesiae
3306 4325 3408 4381 Pa-

1808 4416 1977 4471 tribus
2003 4428 2147 4483 smpe
2173 4412 2368 4480 smpius
2399 4412 2587 4465 tradita
2610 4412 2729 4479 quis
2756 4412 3265 4486 ignorat?('l‘h00ph.
3292 4417 3403 4473 An-

1809 4507 1994 4571 tiocb.,
2028 4506 2120 4561 lib.
2151 4522 2166 4560 ι
2195 4504 2262 4558 ad
2288 4504 2524 4576 Aulolyo.
2560 4514 2694 4575 post.
2723 4505 2860 4568 init.,
2899 4520 3018 4575 pag.
3046 4505 3164 4579 71.)

158 4590 230 4642 τίδ’
251 4591 335 4654 ﬁ?
358 4593 511 4652 δέηται
533 4604 731 4670 bimi
765 4604 995 4670 διαφαράν
1026 4603 1185 4655 δοῦναι
1211 4603 1463 4663 ποιότητος
1482 4612 1703 4670 φοίνικες,

1898 4600 1983 4657 Sed
2011 4609 2194 4655 contra
2225 4602 2339 4655 haec
2368 4608 2475 4654 tam
2503 4610 2649 4655 certa
2679 4611 2892 4670 tamque
2929 4615 3056 4655 vera
3088 4600 3407 4657 documenta

167 4680 231 4728 αἱ
250 4687 495 4753 νυκίθτητθς
522 4697 805 4763 ivx-1309...
845 4697 972 4747 οὗδὲν
1012 4690 1087 4745 οὖν
1133 4700 1403 4759 θαυμαστόν
1426 4697 1466 4745 εὶ
1497 4698 1578 4747 οὐκ
1602 4699 1705 4747 ὀνο-

166 4783 313 4835 ἀπδς
335 4783 457 4843 οὕτως
481 4790 503 4838 ὁ
527 4792 660 4850 Θςός.
687 4791 731 4840 εὶ
762 4791 809 4839 δὲ
848 4794 903 4842 τὸ
952 4792 1209 4853 ὀνομαστὸν
1262 4791 1534 4854 λαμϐάνεις,
1585 4793 1704 4841 καθὸ

168 4856 246 4914 εἶσιν
264 4876 308 4923 τε
330 4877 436 4928 iam
470 4883 659 4948 ὀνόμασι
698 4894 1011 4950 ﬂagitationi
1037 4902 1087 4933 τι
1112 4890 1202 4933 τῶν
1226 4881 1330 4947 περὶ
1357 4883 1520 4938 ιιῦτοῧ,
1553 4881 1619 4937 εἷς
1645 4889 1703 4931 τδ

164 4968 457 5028 κυρίὶωιῆσιι
498 4980 573 5024 τὸν
597 4977 863 5041 ἀκροατὴν,
888 4973 971 5023 καὶ
1005 4984 1202 5028 ποιῆσοιι
1223 4984 1390 5028 voice“
1423 4976 1530 5039 τινα·ρὶ
1557 4976 1699 5032 Θεοῦ,

160 5054 262 5101 λετά
286 5064 331 5106 τό
349 5062 515 5123 ἐρατὸν
539 5076 595 5131 τῇ
634 5065 905 5133 ἀνθρωπίνῃ
937 5066 1092 5133 φύσει,
1121 5068 1231 5117 τινὰ
1252 5077 1346 5116 τῶν
1387 5066 1491 5130 περὶ
1531 5064 1698 5127 adi-GU,

160 5136 427 5221 asinina-1
443 5156 581 5221 λέγειν
593 5157 739 5209 ιύτὸν
754 5156 1031 5221 inpegi-6».
1045 5171 1064 5204 ι
1080 5152 1425 5206 llistinctione
1444 5166 1578 5219 opus
1594 5160 1693 5206 est.

153 5218 203 5282 δί
222 5237 340 5289 cnim
368 5240 461 5296 hoc
491 5218 619 5309 vult,
663 5245 807 5315 quod
834 5246 886 5297 in
915 5244 1201 5299 verborum
1234 5242 1548 5313 signiﬁcatis
1572 5242 1701 5296 nihil

156 5326 299 5382 βοιεει
326 5331 408 5386 Dei
437 5338 784 5404 proprietates
812 5338 1142 5404 ρχιινῐῐημτθ,
1162 5350 1351 5390 verum
1378 5342 1494 5398 est;
1528 5349 1698 5404 quan-

155 5408 394 5486 θθηυὶιὶθω
417 5429 591 5482 multa:
614 5429 902 5500 qualitates
933 5437 1058 5482 sunt
1091 5427 1521 5481 innominabilcs.
1570 5425 1701 5494 Quis

158 5511 281 5565 enim
301 5515 538 5574 άὶςοοηιίι
562 5522 869 5576 nominibus
907 5521 1217 5587 qualitatem
1250 5518 1548 5572 dulcedinis
1582 5518 1696 5587 pal-

153 5605 304 5668 mnlm,
333 5618 372 5663 et
392 5610 688 5668 dulcedinis
726 5612 990 5667 caricae...
1036 5610 1149 5665 Non
1204 5610 1400 5662 mirttm
1433 5609 1611 5677 igitur,
1654 5609 1701 5662 si

154 5688 369 5757 llenslioc
400 5715 558 5775 pacto
583 5717 665 5760 est
694 5704 1124 5760 iunominabilis.
1163 5703 1315 5770 Quod
1365 5702 1409 5757 si
1458 5700 1698 5756 nomina-

158 5789 243 5852 hile
255 5798 531 5868 accipiatur,
559 5808 825 5870 quatenus
860 5797 1156 5854 auditorem
1184 5804 1361 5867 potest
1390 5794 1697 5851 nominibus

1809 4694 2049 4764 insurget
2073 4692 2249 4747 adhuc
2276 4694 2468 4762 aliquis
2494 4693 2757 4753 ethnicus,
2787 4704 2839 4749 et
2864 4709 2986 4749 cum
3011 4693 3225 4751 Caecilio
3249 4711 3405 4766 urge—

1808 4783 1908 4849 bit,
1942 4785 2058 4839 htec
2091 4784 2518 4840 Christianorum
2564 4787 2881 4855 placitorum
2914 4796 3148 4841 monstra
3196 4803 3315 4843 esse
3342 4802 3404 4843 ac

1809 4885 2074 4946 portenta,
2106 4878 2298 4945 quibus
2325 4892 2386 4933 se
2416 4877 2610 4933 frustra
2655 4879 2818 4932 [leum
2871 4876 3068 4932 habere
3111 4877 3400 4934 altirtnant.

1807 4967 2020 5024 Etenim
2075 4969 2223 5023 illum
2276 4983 2376 5023 nec
2418 4969 2649 5028 ostendi.
2684 4984 2780 5022 nec
2819 4968 2991 5024 videri
3047 4983 3203 5037 posse
3253 4968 3405 5025 fateri

1804 5071 2091 5132 coguntur.
2124 5064 2208 5128 At,
2232 5061 2359 5131 quid
2389 5063 2604 5125 mirum,
2627 5064 2699 5116 ait
2725 5063 3006 5128 Minucius,
3036 5065 3078 5117 si
3113 5061 3404 5119 Christiani

1807 5155 1975 5209 Deum
2006 5170 2182 5219 suum,
2214 5169 2369 5221 quem
2401 5170 2465 5207 cx
2495 5156 2746 5222 operibus
2769 5156 2885 5224 ejus
2910 5156 3193 5211 evidenter.
3211 5170 3405 5226 agnos-

1803 5254 1951 5308 cunt,
1993 5246 2235 5315 corporis
2278 5244 2449 5298 oculis
2504 5258 2562 5298 se
2615 5261 2719 5299 non
2772 5247 2953 5301 videre
3018 5248 3404 5317 proﬁteantur?

1804 5335 2070 5406 Numquid
2101 5345 2153 5390 tu
2184 5335 2317 5402 ipse,
2343 5334 2582 5404 quisquis
2609 5350 2668 5389 es
2710 5336 2925 5404 gentilis
2957 5338 3140 5406 homo,
3182 5351 3402 5396 ventum

1805 5439 1858 5484 et
1888 5428 2063 5494 ﬂatus,
2091 5429 2282 5498 quibus
2299 5428 2476 5482 omnia
2494 5426 2858 5494 impelluntur,
2882 5430 3055 5482 oculis
3083 5432 3184 5485 tuis
3214 5434 3403 5490 vides?

1803 5520 2070 5590 Numquid
2102 5521 2376 5575 oculorum
2410 5530 2620 5574 tuorum
2657 5519 2801 5574 acies
2858 5520 3050 5582 solem,
3085 5523 3175 5590 qui
3229 5529 3403 5582 omni-

1803 5612 1903 5667 bus
1926 5609 2140 5664 videndi
2168 5625 2328 5663 causa
2355 5620 2458 5672 est,
2489 5610 2743 5665 intuendo
2778 5622 2881 5661 non
2912 5608 3168 5671 hebescit,
3205 5621 3261 5665 et
3303 5617 3403 5671 ab-

1804 5703 2081 5759 tunditur?
2133 5700 2397 5769 Numquid
2437 5704 2670 5757 animam
2704 5710 2881 5760 tuam,
2930 5713 3032 5764 qua
3078 5699 3238 5767 vivis,
3298 5719 3402 5772 qua

1803 5794 2076 5860 animaris,
2104 5806 2206 5861 qua
2237 5792 2492 5862 laqueris,
2523 5795 2670 5849 vides
2697 5807 2759 5848 ac
2785 5788 3089 5858 conspicis?
