3774 6270
232 419 311 481 “5

1532 401 2005 463 DISSEBTATIO.

3332 400 3439 456 466

237 537 523 611 disputatione
582 537 757 589 contra
824 525 1074 583 ethnicos
1142 521 1344 596 agendo
1365 562 1381 590 ,
1437 519 1603 587 nihil,
1656 520 1731 575 uti
1758 525 1812 584 Α
1838 518 1950 573 Nec
1979 520 2219 592 cogitata,
2248 516 2436 589 inquit.
2468 517 2541 576 Ut
2566 529 2670 572 non
2696 513 2870 571 solum
2896 526 3108 581 manus,
3143 510 3241 571 sed
3269 515 3435 570 etiam

239 631 587 692 observavimus,
612 639 672 681 ex
708 635 861 677 sacra
891 628 1077 675 nostra
1105 616 1375 686 Scriptura
1400 612 1734 676 delibaverit,

243 720 352 780 hanc
371 736 504 778 certe
524 719 747 774 ratione!!!
773 713 900 768 ideo
950 711 1170 781 protulit
1196 725 1210 774 ;
1242 708 1363 779 quia
1393 704 1591 761 ethnici
1617 717 1735 759 eam

247 817 596 874 autinhrmare,
622 818 699 864 aut
724 820 982 875 re~pnere
1024 819 1127 859 non
1158 809 1419 872 poterant.
1475 798 1544 853 Et
1591 806 1738 852 certe

242 910 419 973 Seneca,
464 906 638 960 tamets‘
661 899 892 970 gentilis,
923 898 1153 968 quamam
1199 896 1251 950 in
1296 892 1529 963 Epistula
1559 890 1733 956 scrip-

244 1011 385 1059 serat:
415 1016 433 1051 t
462 999 558 1063 ipse
581 996 752 1067 (Deus)
787 995 1026 1047 humano
1052 991 1236 1062 generi
1276 989 1543 1043 ministrat
1569 1000 1581 1036 :
1614 984 1733 1038 ubi-

238 1112 317 1166 que
346 1104 387 1148 et
424 1092 635 1147 omnibus
690 1098 889 1157 pmsto
929 1095 1031 1141 est.
1069 1103 1089 1137 ι
1134 1084 1273 1140 Alibi
1320 1095 1492 1136 vero:
1536 1097 1554 1130 ι
1590 1078 1736 1146 Quo—

229 1200 402 1254 cumque
454 1183 665 1243 ﬂexeris,
723 1179 798 1234 ibi
854 1180 1004 1233 illum
1058 1176 1268 1230 videbis
1338 1184 1730 1228 occurrentem.

220 1275 398 1332 Niittiab
420 1275 499 1328 illo
516 1281 664 1329 vacat
715 1270 958 1342 (Seneca,
1003 1267 1173 1336 Epist.
1202 1267 1294 1327 93,
1335 1281 1453 1335 pag.
1512 1262 1639 1326 597,
1686 1270 1736 1316 et

210 1382 305 1437 sup,
348 1366 424 1420 (ib.
473 1379 520 1419 tv
542 1364 606 1419 de
642 1358 850 1432 Beneﬁ,
878 1376 993 1431 cap.
1025 1358 1120 1431 8).
1161 1376 1180 1410 ι
1208 1358 1445 1425 Denique
1475 1363 1533 1408 ut
1581 1353 1734 1421 plura

209 1462 475 1520 omittamus,
517 1458 567 1512 in
598 1458 700 1511 alia
727 1469 918 1510 rursus
962 1453 1202 1524 Epistula
1232 1470 1245 1507 :
1281 1469 1302 1503 ι
1339 1451 1478 1505 Deus
1521 1447 1587 1502 ad
1631 1447 1731 1501 ho-

206 1553 339 1607 mines
361 1549 509 1615 venit,
539 1550 703 1603 immo
757 1547 901 1618 quod
953 1547 1171 1616 propius
1224 1552 1329 1609 est,
1383 1542 1436 1595 in
1486 1540 1733 1597 homines

204 1644 315 1699 velut
356 1642 525 1714 (Epist.
569 1643 660 1705 73,
712 1656 834 1711 pag.
881 1637 1031 1710 505).
1068 1655 1088 1691 ι
1123 1638 1259 1691 Cum
1309 1636 1487 1704 itaque
1527 1631 1729 1694 omnia,

211 1736 269 1790 uti
297 1743 415 1790 recte
447 1742 557 1804 post
582 1732 867 1788 Thaletem
910 1742 966 1786 et
997 1733 1217 1785 Aratum
1270 1728 1431 1782 tradit
1451 1725 1728 1787 Minucios,

209 1829 298 1884 Deo
333 1829 451 1899 plena
496 1830 621 1892 sint,
661 1826 862 1881 debent
911 1839 1121 1895 quoque
1143 1833 1196 1877 et
1220 1829 1414 1875 cuncta
1459 1832 1580 1874 esse
1628 1816 1728 1887 ipsi

203 1918 597 1990 cognittiTltales,
622 1918 767 1989 apud
798 1918 1032 1971 Aristot..
1054 1916 1144 1971 lib.
1174 1931 1191 1969 ι
1217 1915 1279 1968 de
1300 1914 1467 1967 Anim.
1502 1925 1618 1978 cap.
1643 1910 1722 1979 5).
1754 1914 1806 1977 B

200 2013 494 2078 ﬂmmeum
539 2012 629 2066 ille
674 2012 917 2065 omnium
965 2009 1291 2080 speculator,
1337 2020 1528 2062 omnes
1579 2003 1729 2058 novit

193 2100 419 2156 hominum
438 2109 491 2158 et
515 2111 666 2158 actus
695 2113 750 2158 et
773 2102 1148 2171 cogitationes.

240 2195 337 2249 Sed
367 2203 533 2250 centra
579 2195 697 2251 haec
739 2195 921 2250 omnia
963 2194 1215 2249 Cacilius
1266 2190 1610 2263 pertinaciter
1638 2190 1724 2243 in-

185 2286 350 2355 stabat,
378 2289 525 2345 Deum
568 2292 766 2345 frustra
795 2291 1069 2359 gratisque
1097 2288 1218 2357 tingi
1258 2285 1505 2364 omnibus
1554 2282 1685 2337 locis
1707 2321 1722 2347 ,

180 2379 330 2443 factis,-
372 2383 846 2454 etcogitatiunibus
903 2383 1184 2437 interesse.
1238 2378 1375 2448 Quid
1427 2378 1593 2443 enim,
1644 2376 1725 2430 in-

178 2474 294 2541 quit,
331 2474 527 2544 hujusce
562 2477 832 2546 opinionis
887 2485 1186 2531 assertores
1234 2472 1377 2529 aliud
1425 2473 1509 2527 his
1546 2472 1727 2527 verbis

176 2564 489 2633 ingerebant,
518 2567 613 2621 nisi
641 2567 810 2622 Deum
858 2586 878 2618 ι
916 2566 1200 2621 molestum
1223 2609 1236 2633 ,
1291 2565 1585 2631 inquietum
1605 2604 1619 2627 ,
1669 2570 1726 2618 et

178 2654 478 2722 impudenter
511 2659 669 2713 etiam
696 2659 1014 2713 curiosum?
1049 2678 1066 2711 ι
1100 2660 1165 2713 At
1197 2658 1313 2712 haec
1353 2667 1468 2712 crat
1498 2656 1724 2726 ipsamet

183 2743 415 2812 Epicurei
442 2748 713 2819 philosophi
746 2751 910 2819 impia
939 2751 1079 2820 apud
1105 2749 1422 2805 Ciceronem
1465 2757 1721 2817 exposui.

175 2835 331 2889 latio.
363 2852 381 2887 ι
410 2838 714 2910 Impositistis.
751 2860 772 2893 ι
810 2842 1012 2911 inquit,
1060 2858 1078 2892 ι
1111 2843 1160 2895 in
1191 2839 1491 2896 cervicnbus
1523 2839 1721 2893 nostris

175 2931 525 2996 semﬁlerunt»
550 2935 847 2998 dominum,
898 2950 1058 3004 quem
1107 2935 1224 2991 dies
1269 2945 1323 2989 et
1350 2945 1532 2988 noctes
1567 2932 1723 2988 time-

178 3020 649 3091 remustisenim
695 3043 804 3082 non
846 3029 1031 3083 timeat
1079 3028 1260 3082 omnia
1312 3027 1716 3097 providentem,

167 3122 221 3164 οι
252 3116 552 3184 mirantem.
598 3129 654 3176 et
692 3122 1254 3187 animadvertentem,
1318 3129 1373 3173 et
1425 3119 1602 3173 omnia
1652 3117 1719 3172 ad

155 3220 216 3258 εθ
239 3209 487 3272 Pertinere
516 3222 813 3282 putantem,
833 3216 1128 3279 curiosum,
1176 3223 1229 3268 et
1261 3215 1475 3282 plenum
1521 3212 1718 3282 negotii

1840 619 2048 666 mentes
2088 623 2251 680 puras
2281 608 2480 665 habere
2508 608 2804 670 vellemus,
2844 621 2967 661 cum
3019 604 3246 661 secretis
3292 604 3443 675 cogi-

1839 701 2132 756 tationibus
2203 701 2400 757 nostris
2476 716 2673 754 nomen
2744 698 2936 753 adesse
3014 696 3439 754 credidissemus

1840 790 2044 866 (ναίειν.
2078 791 2225 846 Max.
2252 791 2341 845 tib.
2371 806 2459 855 vn,
2490 807 2607 859 cap.
2636 790 2692 853 2,
2724 788 2752 861 ς
2778 789 2833 854 8,
2862 788 3070 859 esten).
3103 806 3124 840 ι
3154 786 3440 842 Ortnsita-

1839 900 1944 954 que
1975 885 2098 941 inde
2128 884 2438 940 hominibus
2458 884 2634 947 timor,
2667 883 2711 937 si
2744 881 3023 949 Epicureis
3052 880 3315 945 malisque
3339 882 3436 934 ho-

1839 976 2076 1031 minibus
2102 976 2477 1031 incommodus
2495 977 2583 1039 sit,
2605 973 2814 1027 car-teris
2831 972 2951 1041 jure
2979 972 3171 1027 merito
3195 971 3434 1037 Optimus

1831 1070 2269 1141 jnstissimusqne
2279 1081 2546 1124 cetisetur.
2558 1066 2769 1122 Videsis
2785 1067 2834 1118 in
2845 1063 3039 1119 Laertii
3056 1064 3227 1118 locum
3241 1063 3434 1118 citatos

1836 1172 2085 1218 auctores
2099 1162 2391 1222 Lucanum.
2404 1160 2793 1230 Euripidem,et
2804 1156 3080 1212 Theonem
3099 1154 3430 1223 Sonitistam,

1836 1258 1927 1329 qui
1954 1258 2057 1314 hoc
2088 1257 2305 1313 citatum
2334 1270 2442 1311 non
2469 1253 2705 1320 Thaleti,
2733 1251 2827 1308 sed
2850 1251 3056 1306 Pittaco
3084 1249 3286 1305 tribuit.

2453 1429 2678 1486 CAPUT
2717 1427 2809 1484 Vl.

2284 1580 2349 1624 DE
2388 1584 2564 1625 DIVINA
2602 1582 2976 1624 PROVIDENTIA.

2351 1736 2645 1779 ARTICULUB
2683 1738 2873 1779 PMIUS
2882 1761 2895 1777 .

1838 1858 2210 1915 Exantinantur
2266 1867 2602 1931 argumenta,
2653 1857 2832 1929 quibus
2898 1852 3156 1912 Minucius
3211 1855 3429 1911 ostendit

1902 1954 2166 2015 mundum,
2197 1959 2244 2003 el
2288 1950 2479 2011 omnia,
2513 1966 2571 2002 ac
2599 1948 2801 2020 singula
2844 1946 2943 2003 Dei
2978 1949 3291 2018 providentia
3331 1965 3429 2019 gu-

1903 2043 2103 2098 bernari
2118 2060 2138 2110 ;
2166 2038 2254 2096 ubi
2279 2043 2341 2096 de
2366 2040 2657 2108 Britannia,
2697 2034 2844 2108 Nilo,
2875 2034 3159 2111 Euphrate,
3192 2048 3237 2093 et
3264 2037 3426 2099 Indo.

1901 2198 2109 2267 Quibus
2163 2199 2493 2270 argumentis
2522 2197 2789 2253 Minucius
2829 2196 2997 2251 Deum
3040 2196 3272 2251 existere
3296 2207 3426 2265 pro-

1831 2291 1998 2356 bavit,
2044 2291 2234 2346 iisdem
2270 2291 2475 2361 colligit
2507 2290 2755 2345 universa
2782 2299 2835 2343 et
2865 2290 3103 2359 singula,
3150 2303 3270 2359 quae
3309 2286 3427 2358 ejus

1829 2392 1961 2437 nutu
2009 2396 2074 2437 ac
2129 2383 2403 2437 voluntate
2453 2382 2681 2450 primum
2736 2391 2917 2435 creata
2964 2389 3120 2448 sunt,
3153 2395 3217 2435 ac
3254 2389 3424 2433 totum

1829 2475 2084 2530 mundum
2135 2473 2314 2528 divina
2347 2474 2463 2542 ejus
2486 2473 2829 2527 Providentia
2862 2474 2973 2542 regi
3013 2480 3068 2526 et
3112 2471 3422 2542 gubernari.

1826 2564 1943 2621 Jum
2010 2579 2137 2620 vero
2198 2578 2259 2619 ea
2307 2571 2622 2633 argumenta
2680 2564 2931 2633 superius
2969 2564 3317 2632 crposuimus
3370 2571 3426 2619 et

1828 2657 2272 2712 examinavimus.
2301 2654 2470 2710 Nemo
2506 2668 2685 2710 autem
2717 2668 2913 2724 negare
2941 2663 3116 2724 potest
3158 2670 3421 2711 summam

1827 2767 1947 2809 esse
1973 2751 2188 2806 illorum
2220 2753 2348 2815 vim,
2382 2758 2435 2806 et
2471 2752 2680 2820 pondus
2721 2751 3031 2804 maximum.
3083 2748 3274 2805 Cicero
3322 2764 3419 2805 au-

1828 2855 1967 2911 tem,
2016 2844 2471 2916 quemadmodum
2513 2844 2777 2908 diximus,
2810 2845 2863 2898 in
2892 2844 3160 2914 praecipua
3198 2841 3421 2898 secundi

1825 2937 1906 2993 sui
1957 2937 2021 2994 de
2076 2937 2279 2993 Natura
2310 2938 2535 2993 Deorum
2559 2937 2681 2993 libri
2716 2944 2885 3008 parte,
2918 2937 3076 3007 longe
3105 2937 3376 3007 copiosius
3396 2976 3413 3005 ,

1825 3045 1983 3099 quam
2010 3039 2198 3085 auctor
2227 3040 2431 3098 noster,
2458 3030 2647 3086 iisdem
2671 3030 2936 3085 rationum
2974 3031 3257 3086 momentis
3288 3044 3417 3084 con-

1826 3130 1903 3177 tra
1933 3122 2228 3192 Epicureus
2252 3121 2586 3179 demonstrat
2610 3122 2870 3179 mundum
2902 3123 3078 3178 divina
3128 3123 3413 3193 providen-

1827 3216 1895 3268 tia
1925 3215 2307 3270 administrari.
2520 3222 2521 3225 “

143 3294 349 3353 Deum?
380 3303 545 3376 »λεία
571 3306 658 3358 lib.
690 3321 706 3360 ι
735 3309 798 3360 de
822 3305 947 3358 Nm.
976 3305 1157 3372 Dt'OT.,
1177 3322 1293 3376 pag.
1318 3306 1445 3370 205,
1476 3305 1565 3358 lin.
1598 3302 1718 3373 ⁶19.)
1745 3304 1790 3367 C
1894 3308 1987 3362 ltle
2008 3321 2158 3373 vero,
2191 3323 2253 3363 ac
2310 3318 2427 3376 pOSt
2480 3323 2600 3363 eum
2656 3306 2918 3362 Minucius
2972 3308 3074 3362 hoc
3120 3304 3187 3360 dc
3237 3305 3414 3361 divina

132 3373 463 3460 ρωρτοριέι·
506 3394 786 3451 Lucretius
836 3396 902 3450 de
956 3397 1054 3450 hoc
1120 3373 1312 3450 timore
1351 3396 1613 3465 depulso,
1661 3404 1717 3450 ct

127 3482 327 3546 gratias
356 3485 581 3554 Epicuro
612 3490 877 3544 maximas
903 3490 1046 3559 agit,
1094 3498 1150 3544 et
1200 3501 1544 3556 summopere
1594 3502 1717 3553 gra-

130 3573 347 3630 tulatur.
401 3580 530 3648 Quid
565 3598 719 3646 vero,
774 3584 923 3653 quod
966 3582 1158 3638 Cicero
1204 3584 1292 3637 ubi
1348 3592 1530 3637 narrat
1568 3581 1717 3636 Stra-

128 3672 304 3722 toniem
335 3670 580 3730 docuisse
633 3690 655 3727 ι
693 3677 872 3730 omnia
920 3689 1040 3731 esse
1083 3676 1273 3731 eliecta
1324 3685 1544 3737 natura,
1588 3691 1607 3727 ι
1641 3675 1713 3730 ibi

128 3766 305 3820 P0518:
349 3761 595 3818 addidit:
632 3782 652 3816 α
688 3764 778 3821 Sic
832 3767 925 3821 iiie
976 3777 1031 3823 et
1090 3767 1255 3821 Deum
1305 3780 1469 3836 apere
1521 3780 1715 3835 magno

130 3847 333 3921 \‘l‘aerat,
366 3866 417 3912 et
443 3874 529 3914 me
550 3860 766 3915 timore.
791 3858 923 3927 Quis
952 3862 1094 3915 enim
1121 3868 1330 3932 potest,
1378 3874 1500 3916 cttm
1529 3860 1713 3914 existia

160 3950 233 3996 uel
260 3960 292 3999 ε
324 3948 430 4004 Deo
456 3966 516 4006 se
543 3952 757 4013 curari,
789 3966 895 4006 non
926 3962 979 4006 et
1018 3953 1135 4009 dies
1162 3964 1216 4006 et
1251 3963 1440 4008 noctes
1470 3952 1710 4005 divinum

160 4040 321 4092 lumen
354 4040 608 4107 horrere;
650 4052 710 4099 et
754 4043 799 4097 si
829 4044 953 4112 quiti
978 4044 1189 4099 adversi
1240 4045 1511 4110 acctderit,
1571 4043 1710 4113 quod

162 4127 217 4181 uti
253 4145 358 4185 non
388 4136 609 4201 accidit,
638 4137 998 4192 extimescere
1049 4152 1115 4192 ne
1152 4137 1202 4191 id
1225 4137 1349 4207 jure
1368 4138 1644 4193 evenerit?
1680 4155 1701 4190 ι

166 4210 268 4279 (uc.
305 4223 387 4279 tib.
414 4227 650 4281 Academ.
681 4242 803 4301 pag.
835 4230 937 4295 ss,
967 4228 1059 4284 ltn.
1090 4228 1209 4301 47.)

215 4307 322 4363 Sed
364 4319 650 4390 philosophi
684 4321 798 4385 illi,
856 4331 1018 4392 atque
1070 4323 1122 4377 in
1179 4320 1364 4389 primis
1419 4325 1707 4395 Epicurei,

173 4392 385 4459 homines
424 4411 564 4477 plane
614 4414 975 4480 voluptuarii,
1030 4416 1145 4471 haac
1187 4392 1533 4486 objicieb'unt.
1579 4416 1711 4473 Per-

174 4498 365 4547 suasum
407 4501 641 4572 siquidem
684 4506 816 4575 ipsis
846 4516 964 4560 erat
1018 4507 1222 4573 Deum,
1279 4510 1322 4563 si
1369 4520 1521 4565 actus
1566 4512 1709 4580 cogi-

172 4586 459 4660 Wmesqne
504 4598 788 4653 hominum
841 4609 1158 4670 cognoscat,
1209 4612 1328 4656 esse
1378 4602 1703 4671 timendum,

1822 3397 2162 3454 Providentia
2192 3399 2595 3464 documentum,
2616 3401 2771 3456 obvia
2801 3400 3017 3455 cuilibet
3038 3400 3229 3453 domus
3260 3414 3413 3453 com-

1822 3496 2102 3562 puratione
2130 3493 2324 3547 asserit
2352 3502 2408 3547 et
2455 3491 2705 3547 illustrat.
2758 3497 2837 3547 Ac
2887 3491 3150 3546 Minucius
3200 3491 3417 3561 quidem

1819 3594 2004 3639 noster
2034 3602 2047 3639 :
2082 3600 2101 3637 ι
2124 3584 2274 3652 Quod
2303 3583 2379 3649 si,
2410 3604 2429 3636 ι
2459 3585 2656 3656 inquit,
2695 3598 2716 3637 ο
2746 3585 3020 3654 ingressus
3040 3583 3274 3655 aliquam
3321 3582 3419 3638 duo

1821 3692 2001 3740 mum,
2056 3677 2235 3732 omnia
2290 3675 2536 3741 exculta,
2589 3677 2870 3747 disposita,
2924 3686 3114 3732 ornata
3164 3676 3412 3742 vidisses,

1820 3774 2001 3840 utique
2027 3784 2261 3841 praeesse
2302 3772 2354 3827 ei
2379 3771 2631 3826 crederes
2659 3770 2972 3835 dominum,
3025 3780 3078 3825 et
3128 3769 3232 3825 illis
3262 3771 3417 3828 bonis

1772 3850 1777 3855 ’
1818 3865 1979 3919 rebus
2017 3880 2137 3920 esse
2165 3865 2441 3920 meliorem
2470 3880 2483 3919 ε
2516 3866 2584 3917 ita
2615 3864 2666 3917 in
2698 3864 2794 3916 huc
2823 3863 3006 3917 mundi
3048 3862 3240 3928 domo,
3290 3878 3411 3917 rum

1818 3956 2011 4010 emittm
2031 3966 2336 4027 terramque
2367 3957 2683 4026 prospicias,
2708 3955 3121 4025 providentiam,
3144 3952 3409 4016 ordinem,

1817 4046 2024 4119 legem;
2076 4050 2238 4105 crede
2274 4066 2394 4105 esse
2449 4050 2810 4103 universitatis
2864 4049 3161 4112 dominum,
3221 4061 3413 4115 paren-

1818 4148 2063 4211 temque,
2109 4139 2238 4210 ipsis
2282 4140 2589 4203 sideribus,
2622 4148 2674 4193 et
2730 4141 2891 4194 totius
2936 4138 3118 4192 mtmdi
3168 4136 3407 4206 partibus

1817 4236 2199 4306 pulchriorem.
2229 4251 2250 4285 ι
2283 4236 2454 4287 Antea
2476 4246 2606 4287 vero
2628 4231 2824 4286 Orator
2855 4247 2868 4285 :
2907 4247 2927 4281 ι
2958 4230 3029 4286 Ut
3079 4231 3123 4284 si
3175 4229 3295 4298 quis
3353 4229 3408 4284 iu

1814 4328 2032 4382 domum
2060 4328 2312 4395 aliquam,
2354 4324 2525 4379 autin
2561 4322 2932 4391 gymnasium,
2987 4330 3076 4375 aut
3128 4320 3179 4374 in
3230 4320 3408 4377 forum

1814 4407 2039 4482 venerit,
2071 4432 2192 4471 cum
2222 4416 2401 4470 videat
2433 4414 2670 4470 omnium
2724 4426 2902 4468 rerum
2957 4411 3241 4474 rationem.
3293 4429 3409 4470 mo-

1813 4513 1961 4576 dum,
1991 4510 2346 4580 disciplinam,
2409 4523 2513 4563 non
2566 4507 2736 4577 possit
2785 4518 2846 4560 ea
2892 4505 3009 4561 sine
3055 4519 3213 4560 causa
3266 4504 3403 4575 iieri,

1812 4607 2075 4677 judicare,
2108 4602 2203 4659 sed
2244 4616 2366 4657 esse
2410 4601 2643 4671 aliquem
2679 4598 2962 4670 intelligat,
2995 4598 3085 4669 qui
3113 4597 3314 4668 praisit,
3352 4607 3408 4654 et

167 4684 299 4746 “4109
339 4684 459 4741 adeo
505 4689 608 4744 huc
660 4690 857 4744 timore
911 4691 1239 4760 Vultlplnlem
1290 4688 1896 4762 feliﬂlalemttuebcui
1926 4707 2207 4769 pareatur;
2242 4698 2409 4751 multo
2460 4696 2629 4766 magis
2657 4695 2710 4748 in
2764 4693 2925 4748 tantis
2976 4692 3229 4759 motibus,
3283 4701 3405 4747 tan-

166 4775 281 4824 Μαι
320 4781 622 4844 perturbari.
662 4782 806 4839 Deus
855 4781 1205 4839 nihilominus
1234 4785 1456 4841 minime
1512 4786 1704 4841 similis

165 4870 231 4953 est
251 4866 346 4953 aliis
370 4876 598 4944 regibus,
630 4876 725 4946 qui
762 4893 781 4928 ι
808 4876 963 4947 regni
991 4879 1132 4943 sui,»
1169 4880 1243 4932 ait
1270 4879 1577 4943 Minucium
1609 4894 1703 4950 per

162 4952 714 5032 Ofﬁciamiuistrorum,
761 4969 1010 5023 universa
1060 4978 1290 5037 novere;
1337 4991 1356 5022 ι
1389 4971 1482 5026 sed
1509 4981 1699 5027 cuncta

156 5052 235 5111 Per
255 5060 579 5128 sanetipsum
608 5064 906 5132 cognoscit.
953 5062 1138 5134 Neque
1185 5064 1260 5118 illi
1287 5064 1353 5119 ad
1385 5074 1446 5119 ea
1473 5076 1702 5137 Cognos-

155 5146 288 5200 senda
316 5164 333 5201 ι
363 5152 569 5208 indiciis
617 5170 757 5225 opus
806 5162 907 5210 est.
948 5156 1146 5223 »ρειυά
1190 5157 1409 5229 quidem
1440 5159 1700 5228 antiquis-

150 5232 252 5320 fitni
306 5239 595 5314 philosophi
660 5247 803 5300 ultro
870 5245 1191 5302 fatebantur.
1249 5238 1447 5304 Thales
1500 5250 1697 5320 quippe

148 5316 372 5399 liirsios,
414 5337 870 5407 quemadmodum
915 5348 976 5394 ex
1009 5341 1224 5397 Laertia
1255 5316 1533 5410 discimus,
1562 5316 1703 5397 «il—n-

156 5428 426 5496 κηρίνας,
480 5433 744 5488 lateretne
788 5433 917 5488 deos
966 5435 1128 5491 homo
1182 5438 1322 5492 male
1352 5448 1521 5508 agens
1552 5454 1565 5490 :
1593 5438 1699 5494 ain’

166 5514 249 5567 isti
299 5520 585 5589 ιωπιμτιος,
644 5531 753 5593 qm.
782 5524 864 5579 Ne
889 5526 1132 5597 cngitan's
1160 5527 1409 5598 quidem,
1460 5528 1630 5597 inquit
1670 5544 1690 5582 ι

160 5602 337 5677 (Laeti,
362 5616 441 5668 fit.
480 5629 528 5681 ι,
558 5617 617 5671 in
654 5613 754 5670 Vit.
787 5613 991 5672 Thatet.
1026 5618 1053 5691 ᾗ
1090 5618 1159 5675 56
1185 5621 1226 5692 ).
1278 5619 1526 5676 Valerius
1569 5628 1701 5676 vero

152 5697 359 5760 Maximus
384 5707 531 5765 idem
557 5711 787 5779 posteris
816 5712 1053 5776 tradidit,
1078 5724 1236 5785 atque
1277 5715 1432 5770 istius
1463 5731 1697 5785 pronun-

155 5797 245 5851 tiati
288 5800 414 5858 hanc
463 5804 699 5859 reddidit
759 5807 1069 5862 rationem:
1116 5826 1136 5860 ι
1179 5808 1396 5864 Miriﬂce
1447 5808 1689 5864 Thales:

175 5894 245 5951 “tt
265 5896 629 5973 interrogatus
661 5911 732 5957 an
759 5895 899 5958 facta
930 5897 1207 5960 hominum
1235 5900 1369 5960 deos
1398 5899 1690 5963 fallerent:

1806 4795 1981 4861 tisque
2016 4788 2500 4846 vicissitudinibus.
2559 4796 2663 4842 tam
2703 4787 2988 4842 multarum
3014 4800 3214 4847 rerum,
3243 4793 3405 4853 atque

1807 4894 2076 4941 tantarum
2106 4883 2405 4947 ordinibus,
2440 4883 2493 4937 in
2516 4883 2709 4951 quibus
2741 4880 2868 4935 nihil
2899 4894 3150 4950 umquam
3175 4880 3404 4934 immem-

1805 4993 1863 5035 sa
1892 4984 1946 5033 et
1975 4979 2177 5033 infinita
2206 4986 2445 5032 vetustas
2491 4977 2713 5031 mentita
2767 4976 2870 5040 sit,
2924 4982 3123 5027 statuat
3178 4986 3404 5028 necesse

1802 5077 1884 5126 est
1913 5070 1980 5124 ab
2002 5070 2178 5140 aliqua
2207 5078 2386 5123 mente
2413 5076 2587 5121 tantos
2619 5077 2823 5122 natum
2853 5075 3030 5121 motus
3058 5064 3344 5134 gubernari
3375 5082 3394 5117 ι

1803 5164 1823 5235 (
1855 5162 1961 5218 Cic.
1988 5163 2076 5217 lib.
2107 5177 2144 5216 ιι
2170 5161 2234 5215 de
2260 5158 2452 5214 Natur.
2476 5157 2657 5225 Deor.,
2688 5170 2804 5229 pag.
2835 5157 2962 5223 216,
2988 5158 3222 5225 lin.5,et
3244 5155 3396 5228 δαίμ).

1877 5255 2064 5325 Neque
2092 5267 2270 5308 rerum
2303 5250 2670 5305 tantummodo
2699 5250 3068 5317 universitati,
3092 5262 3194 5321 qua
3219 5248 3397 5302 omnia

1805 5352 2169 5410 continentur,
2202 5342 2297 5398 sed
2322 5343 2546 5410 singulis
2574 5341 2736 5396 etiam
2766 5342 2948 5396 mundi
2980 5344 3221 5412 partibus
3258 5342 3396 5397 Deus

1806 5438 2152 5495 Providentia
2184 5449 2280 5489 sua
2320 5434 2569 5487 consulit.
2611 5431 2715 5487 Sed
2769 5434 3085 5501 audiamus,
3129 5435 3175 5488 si
3224 5434 3391 5502 lubet,

1802 5528 2089 5588 Minucium
2140 5526 2192 5583 id
2243 5520 2560 5596 quibusdam
2607 5538 2819 5594 quoque
2863 5525 3126 5593 exemplis
3170 5527 3396 5580 demon-

1799 5633 2057 5680 strantem
2091 5636 2106 5675 :
2135 5636 2154 5672 ι
2192 5615 2485 5678 Britannia,
2513 5634 2533 5669 ι
2569 5617 2757 5685 inquit,
2796 5631 2813 5666 ι
2850 5613 2964 5667 sole
2993 5613 3260 5681 deﬁcitur,
3298 5613 3394 5670 sed

1798 5711 2219 5770 circumﬂuentis
2279 5708 2441 5764 maris
2511 5716 2751 5773 tempore
2818 5716 3114 5759 recreatur.
3170 5704 3391 5774 Egypti

1798 5808 2089 5864 siccitatem
2132 5811 2392 5872 temperat
2417 5800 2566 5855 Nilus
2616 5797 2754 5853 Colit
2805 5796 3103 5866 Euphrates
3142 5797 3393 5865 Mesopo-

1797 5900 2032 5961 tamiam.
2063 5894 2230 5956 ludus
2281 5905 2335 5955 et
2373 5908 2553 5952 serere
2586 5892 2864 5949 Orientem
2912 5888 3109 5946 dicitur
3153 5899 3205 5947 et
3254 5889 3387 5946 irri-
