3774 6270
420 349 530 404 447

1724 361 1813 417 DE
1853 361 2114 422 MINUCII
2143 365 2442 424 OCTAVIO
3525 394 3597 449 tta

421 476 568 532 gare.
609 481 629 515 ι
660 462 716 519 In
737 466 1098 536 manuscripto
1119 476 1294 523 autem
1319 470 1662 541 regio'codice
1685 485 1807 544 post
1822 492 2005 533 vocem
2036 480 2082 539 A
2113 479 2345 535 affirmat
2400 480 2726 538 Britanniam
2778 484 2942 539 maris
2987 494 3220 558 tempore
3255 499 3481 553 recreari?
3505 502 3599 562 lluic
3692 502 3693 537 ³

429 571 447 605 t
482 553 635 609 Nilus
668 575 688 607 ι
724 555 838 612 Ι)ωο
879 558 1169 627 leguntur:
1210 580 1229 614 ι
1267 563 1454 617 Amnis
1496 565 1796 635 Euphrates
1838 569 2009 624 Meso-

419 649 708 715 potamiam
748 665 844 718 pro
874 651 1133 707 imbribus
1172 664 1382 723 pensat.
1432 677 1451 710 ι
1490 658 1620 724 Quae
1670 661 1886 730 quidem
1918 679 2015 717 cnr

419 734 473 791 in
519 738 677 793 editis
707 751 905 797 mutata
947 745 1084 813 sint,
1127 747 1282 801 nobis
1320 758 1466 804 certe
1495 749 1882 820 incompertum
1910 765 2010 808 est.

489 831 561 885 At
590 831 719 886 nulli
748 832 1053 891 dubitamus
1078 838 1192 894 luec
1222 852 1474 911 excerpta
1503 842 1667 899 fuisse
1692 861 1757 900 ex
1775 849 2012 902 secundo

416 919 693 978 Ciceronis
738 926 802 981 de
832 928 1034 983 Natura
1067 930 1285 987 Deorum
1320 935 1476 1004 libro,
1524 938 1613 992 ubi
1655 941 1843 995 iisdem
1872 942 2010 1011 Nili,

417 1012 742 1084 Euphratis,
776 1029 830 1073 et
858 1021 969 1076 Indi
1000 1026 1295 1095 exemplis,
1324 1027 1391 1081 ad
1445 1030 1772 1097 probandam
1802 1049 2014 1103 quoque

418 1104 515 1162 Dei
546 1108 944 1168 Providentiam
977 1119 1162 1173 utitur.
1212 1120 1554 1193 Transcripta
1581 1134 1758 1179 autem
1799 1143 1826 1179 a
1860 1129 2013 1189 nobis

415 1203 663 1269 superius
691 1204 833 1260 illius
868 1208 1063 1275 verba,
1114 1210 1199 1266 hic
1255 1222 1501 1280 repetere
1554 1232 2011 1285 supervacaneum

414 1291 663 1349 duximus
687 1296 845 1366 (Cia,
878 1300 966 1356 lib.
1000 1317 1036 1355 tl
1062 1304 1127 1356 dc
1162 1303 1290 1358 Nat.
1336 1304 1520 1371 Deum,
1573 1325 1692 1378 pag.
1741 1309 1870 1377 234,
1916 1313 2008 1365 fin.

414 1384 517 1453 20;
547 1390 646 1442 vid.
677 1407 819 1461 supr.
853 1410 970 1461 cap.
1001 1395 1056 1455 2.
1086 1407 1185 1450 art.
1211 1396 1289 1470 6).

488 1483 555 1534 At
589 1498 803 1550 nonne,
854 1486 1098 1555 inquies,
1140 1489 1400 1546 Minucius
1427 1507 1711 1563 perperam
1765 1503 1821 1548 et
1874 1511 2005 1565 pra:—

413 1582 628 1640 postere
650 1616 664 1640 ,
692 1577 864 1645 primo
894 1594 990 1649 pro
1016 1583 1262 1651 exemplo
1312 1584 1640 1640 Britanniam
1694 1589 2011 1656 proposuit?

416 1662 693 1721 Undenam
724 1671 866 1725 enim
898 1671 985 1726 ille
1032 1676 1239 1744 accepit
1283 1675 1426 1731 illam
1478 1678 1591 1732 sole
1641 1678 1841 1733 defici?
1905 1681 2008 1737 Sed

411 1757 517 1823 dic,
563 1776 768 1830 qua-so,
820 1780 999 1821 nonne
1053 1768 1211 1823 etiam
1252 1769 1447 1825 Strabo
1494 1772 1742 1827 similiter
1782 1773 1850 1828 de
1887 1774 2008 1828 Bri-

412 1854 591 1907 tannis
641 1854 756 1909 haec
820 1858 1022 1927 scripto
1074 1861 1292 1917 tradidit

412 1945 544 2013 ἀξμς
595 1955 772 2013 μᾶλλον
822 1956 853 2009 ἢ
896 1956 1180 2020 νιφιτὼδεις.
1228 1961 1275 2007 ἓν
1318 1960 1366 2008 δὲ
1410 1963 1521 2019 ταῖς
1571 1964 1785 2030 αἰθρίαις
1832 1966 2010 2029 ὀμίχλη

413 2045 606 2104 κατέχει
656 2048 799 2094 πολὺν
840 2046 1018 2112 χρόνων
1053 2052 1169 2102 ὥστε
1224 2049 1286 2101 δι’
1329 2056 1508 2119 ἡμέραις
1556 2058 1704 2116 ὅλης,
1755 2056 1833 2106 ἐπὶ
1884 2058 2012 2122 τρεῖς

412 2133 603 2197 μόνονῆ
631 2142 862 2204 denegat;
887 2144 1007 2206 ὧρας
1058 2144 1148 2200 τὰς
1191 2150 1297 2209 περὶ
1339 2154 1425 2201 τήν
1464 2153 1792 2214 μεσημϐρίαν,
1836 2150 2011 2213 apati“

412 2231 490 2278 τὸν
513 2226 647 2285 ἥλιον
668 2240 681 2254 ⁸
702 2234 846 2282 ταῦτα
873 2232 920 2282 δὲ
960 2236 1048 2285 κάν
1075 2236 1176 2292 τοῖς
1224 2239 1451 2305 Μορινοῖς
1493 2246 1757 2303 συμϐαίνει,
1790 2240 1873 2291 καὶ
1911 2243 2009 2300 τοῖς

414 2322 705 2385 Mevania“,
737 2322 820 2373 uti
845 2326 950 2374 ὅσοι
976 2328 1150 2377 τούτων
1180 2334 1518 2397 πλησίοχωροι.
1553 2346 1570 2378 ι
1604 2327 1714 2383 Aer
1742 2330 1881 2397 apud
1913 2346 2008 2385 eos

414 2407 674 2465 imbribus
696 2412 863 2483 magis
885 2423 990 2479 est,
1005 2431 1165 2486 quam
1186 2418 1391 2472 nivibus
1411 2420 1675 2476 olmoxins
1696 2440 1708 2475 :
1729 2440 1790 2476 ac
1811 2438 2007 2480 sereno

411 2502 575 2557 etiam
601 2504 738 2560 etelo
765 2506 937 2577 caligo
959 2508 1201 2578 quaedam
1226 2512 1450 2566 multum
1477 2514 1735 2582 temporis
1767 2516 2002 2583 obtinet,

413 2593 487 2649 ita
538 2603 595 2649 ut
646 2606 757 2652 toto
803 2597 890 2653 die
940 2616 1045 2654 non
1101 2600 1239 2656 ultra
1296 2612 1403 2658 tres
1448 2615 1539 2659 aut
1588 2615 1846 2675 quatuor,
1886 2623 2006 2677 qua:

412 2696 540 2742 sunt
587 2688 729 2744 circa
785 2691 1100 2757 meridiem,
1167 2693 1361 2761 horas,
1417 2698 1655 2768 conspici
1699 2700 1779 2753 sol
1813 2702 2002 2769 possit.

411 2779 562 2847 Quod
593 2782 764 2852 ipsum
796 2783 1016 2840 Marinis
1059 2803 1303 2857 quoque,
1333 2800 1388 2844 et
1419 2790 1694 2860 Menapiis,
1741 2801 1792 2847 et
1819 2808 2003 2847 eorum

411 2872 601 2928 vicinis
635 2876 896 2947 contingit
933 2897 954 2931 ›
991 2878 1227 2946 (Strabo,
1258 2882 1346 2936 lib.
1377 2898 1429 2936 tv
1460 2882 1668 2955 Geogr..
1701 2904 1819 2957 pag.
1849 2887 2002 2957 200).

486 2964 649 3022 Visne
695 2977 751 3023 et
790 2970 951 3024 alitnn
984 2972 1077 3026 tibi
1123 2973 1350 3042 proferri
1394 2978 1622 3029 testem?
1680 2976 1762 3031 Eu
1814 2991 2006 3045 praesto

411 3066 495 3111 est
521 3056 768 3126 Tacitus,
802 3061 955 3129 cujus
978 3062 1092 3117 haec
1128 3075 1253 3118 sunt
1284 3065 1481 3120 verba:
1514 3085 1532 3118 ι
1566 3067 1773 3123 Caelum
1802 3071 2006 3125 crebris

412 3148 673 3206 imbribus
738 3168 801 3209 ac
859 3153 1070 3209 nebulis
1142 3156 1378 3222 foedum;
1433 3161 1693 3227 asperitas
1750 3162 2002 3232 frigorum

2119 574 2296 643 itaque
2339 573 2614 632 Ciceronis
2666 578 2846 633 verbis
2900 582 3317 649 respondebimus
3353 605 3367 643 :
3402 609 3419 642 t
3460 591 3597 665 Maria,

2119 666 2311 734 inquit,
2345 670 2541 737 agitata
2572 668 2749 724 ventis
2776 670 2847 723 ita
2874 679 3168 741 tepescunt,
3196 686 3251 731 ut
3277 677 3466 753 intelligi
3495 685 3601 745 facile

2119 760 2286 828 possit
2315 761 2364 814 in
2398 762 2557 816 tantis
2591 762 2694 817 illis
2732 762 3040 820 humoribus
3089 767 3334 825 inclusum
3371 789 3470 830 esse
3499 781 3599 834 calo-

2117 869 2250 909 rem.
2281 854 2387 909 Nec
2414 857 2554 910 enim
2597 857 2687 912 ille
2711 870 2965 913 externus
3007 868 3059 915 et
3080 861 3378 922 adventitius
3403 868 3600 931 habendus

2117 956 2199 1000 est
2222 955 2373 1016 tepor
2400 948 2528 1002 :sed
2564 949 2765 1004 intimis
2806 951 2967 1007 matis
2994 954 3225 1022 partibus
3247 960 3490 1027 agitatione
3504 967 3602 1019 εισι·
3692 966 3693 989 ‘

2116 1045 2276 1093 tatus.
2333 1039 2488 1107 Quod
2539 1042 2740 1096 nostris
2782 1059 2995 1113 quoque
3041 1048 3339 1113 corporibus
3388 1055 3600 1125 contingit,

2115 1144 2235 1183 cum
2282 1144 2427 1184 motu
2478 1144 2641 1203 atque
2680 1136 3066 1192 exercitatione
3084 1138 3339 1195 calescunt
3367 1161 3383 1194 ι
3413 1144 3599 1214 (Cialib.

2116 1239 2151 1277 ιι
2190 1223 2253 1277 de
2297 1223 2487 1281 Natur.
2533 1225 2712 1291 Πίον..
2764 1245 2884 1299 pag.
2936 1230 3063 1291 217,
3101 1231 3191 1285 lin.
3221 1230 3305 1293 42,
3328 1243 3368 1288 et
3398 1235 3511 1307 sap}.
3550 1241 3599 1294 At

2114 1318 2406 1386 generatim
2467 1318 2535 1373 de
2586 1321 2825 1387 quolibet
2888 1323 3020 1377 mari
3070 1323 3317 1393 loquitur.
3371 1326 3478 1395 Quid
3514 1345 3601 1398 ergo

2116 1408 2342 1472 mirum,
2394 1411 2438 1463 si
2486 1410 2758 1466 Britannia
2788 1422 3031 1482 tempore
3077 1415 3257 1480 maris,
3304 1418 3496 1488 undique
3522 1434 3599 1475 eam

2114 1500 2534 1569 circumdantis,
2576 1504 2755 1558 calore
2797 1515 3051 1574 tepescat.
3102 1505 3205 1562 Sed
3246 1508 3416 1562 melius
3452 1509 3600 1568 forsitan

2114 1591 2338 1646 dixisset
2400 1593 2541 1649 hunc
2598 1605 2838 1665 teporem
2910 1614 3014 1654 non
3083 1615 3145 1656 ex
3206 1600 3388 1657 incluso
3437 1603 3477 1656 in
3514 1608 3598 1660 mari

2114 1686 2314 1747 calore,
2356 1688 2451 1743 sed
2475 1704 2539 1743 ex
2583 1690 2725 1745 illius
2755 1698 2958 1746 tantum
3001 1692 3212 1763 agitatis
3237 1694 3378 1750 salsis
3399 1696 3597 1766 partibus,

2114 1778 2336 1849 ejusque
2364 1783 2652 1850 vaporibus
2678 1785 2923 1841 excitari.

1351 1882 1364 1918 :
1415 1849 1664 1935 έπομϐροι
1718 1866 1759 1919 δ’
1809 1872 1924 1921 εἰσιν
1969 1894 1988 1921 υ

2191 1871 2262 1924 De
2294 1849 2462 1928 tribus
2487 1882 2665 1928 autem
2692 1877 3004 1932 memoratis
3042 1893 3072 1932 ιι
3100 1877 3318 1933 Minucio
3360 1880 3600 1948 ﬂuminibus,

2114 1963 2160 2018 si
2190 1964 2436 2032 aliorum,
2469 1977 2664 2036 printer
2682 1967 3024 2034 Ciceronem,
3055 1970 3368 2040 Scriptorum
3385 1973 3602 2028 testimonia
3688 2044 3689 2053 χ

2116 2059 2352 2127 petieris,
2405 2063 2567 2115 multa
2616 2061 2709 2117 tibi
2761 2063 2869 2118 cito
2928 2062 3282 2134 proferentur.
3334 2065 3447 2121 Nam
3491 2067 3603 2135 primo
3688 2059 3694 2131 I

2113 2150 2352 2218 quidem,
2408 2151 2671 2207 Diodorus
2705 2154 2916 2208 Siculus
2975 2154 3269 2212 luculenter
3307 2157 3503 2212 ostendit
3535 2170 3602 2211 non

2114 2240 2285 2295 Solum
2313 2244 2582 2311 quomodo
2602 2244 2751 2299 Nilus
2774 2243 2995 2316 IEgypti
3019 2247 3327 2315 siccitatem,
3371 2259 3421 2303 ut
3463 2247 3518 2303 ait
3543 2247 3603 2301 lli-

2114 2335 2319 2394 nncius.
2345 2343 2625 2405 temperet,
2658 2352 2842 2394 verum
2873 2340 3039 2395 etiam
3058 2340 3316 2407 quomodo
3340 2355 3440 2395 earn
3466 2341 3601 2395 facun-

2111 2429 2231 2483 dam
2277 2430 2612 2502 fertilemque
2656 2433 2864 2489 reddat.
2920 2433 3109 2491 Graeca
3151 2445 3317 2491 autem
3353 2436 3450 2504 ejus
3479 2435 3598 2497 verba,
3692 2472 3693 2475 η

2110 2526 2233 2595 quia
2266 2526 2504 2596 longiora
2534 2539 2678 2592 sunt,
2727 2528 2894 2584 latino
2924 2540 3129 2585 tantum
3158 2546 3220 2586 ex
3267 2532 3508 2597 interprete
3526 2526 3601 2583 red-

2111 2619 2300 2673 demus
2317 2636 2360 2670 οι
2377 2619 2676 2675 Exnndatio
2702 2622 2837 2692 ejus,
2854 2641 2872 2674 ι
2894 2622 3116 2692 inquit,t
3138 2639 3166 2677 a
3192 2623 3400 2678 solstitio
3417 2622 3598 2691 incipiens

2109 2712 2314 2773 aistivo.
2362 2711 2427 2765 ad
2480 2714 2842 2781 equinoctium
2888 2727 3064 2784 usque
3106 2714 3395 2769 autumnale
3431 2719 3598 2780 augetur.

2108 2801 2325 2857 Interim
2352 2819 2544 2857 novum
2577 2805 2805 2858 subinde
2827 2806 3020 2860 limum
3050 2805 3346 2874 importatis,
3371 2816 3456 2858 tam
3475 2804 3601 2872 ignara

2108 2910 2267 2961 quam
2310 2894 2546 2964 frugibus
2576 2905 2627 2949 et
2661 2896 2858 2966 plantis
2903 2901 3052 2953 culta
3075 2897 3206 2963 sola,
3244 2896 3461 2967 quamdiu
3493 2892 3603 2947 velint

2109 2986 2376 3055 agricolae,
2436 2985 2728 3042 bumectat.
2767 2990 2949 3057 Aquas
2978 2990 3120 3044 enim
3164 2987 3343 3045 leniter
3376 2985 3603 3042 accedentes

2109 3078 2334 3133 modicis
2364 3080 2515 3134 facile
2555 3083 2835 3151 aggeribus
2873 3094 3146 3148 avertunt,
3198 3083 3355 3153 iisque
3386 3075 3599 3151 optulistii

2108 3187 2171 3227 ex
2204 3188 2300 3225 usu
2333 3171 2595 3234 videatur,
2626 3188 2730 3227 non
2761 3188 2955 3243 magno
2983 3174 3167 3231 labore
3193 3175 3366 3229 iterum
3398 3171 3602 3228 inducunt;

411 3242 583 3298 abest.
643 3245 858 3301 Dierum
908 3250 1075 3317 spatia
1109 3249 1244 3305 ultra
1283 3252 1431 3308 orbis
1463 3258 1630 3311 nostri
1658 3273 2001 3326 mensuram;
2032 3254 2076 3315 C
2110 3262 2354 3332 adeoque
2397 3274 2603 3318 tantum
2639 3265 2911 3320 laboribus
2940 3266 3266 3338 compendii,
3297 3275 3347 3321 et
3376 3258 3597 3317 hominibus

411 3343 467 3388 et
506 3351 611 3389 nox
648 3337 793 3392 clara
816 3381 832 3403 ,
879 3349 928 3395 et
961 3349 1198 3397 extrema
1230 3344 1518 3403 Britanniae
1570 3359 1737 3418 parte,
1788 3352 2003 3421 brevis,

414 3436 475 3480 ut
504 3426 664 3483 finem
686 3442 845 3500 atque
873 3433 1080 3490 initium
1117 3437 1249 3493 lucis
1275 3439 1469 3511 exiguo
1492 3442 1805 3501 discrimine
1837 3450 2002 3502 inter-

415 3535 629 3578 noscas.
689 3523 840 3593 Quod
898 3529 942 3582 si
999 3532 1165 3588 nubes
1226 3550 1330 3587 non
1378 3536 1636 3606 officiant,
1697 3542 1861 3609 aspici
1912 3558 2007 3610 per

416 3621 628 3667 noctem
660 3616 788 3671 solis
833 3618 1087 3689 fulgorem
1110 3664 1125 3688 ,
1175 3639 1273 3679 nec
1302 3628 1547 3682 occidere
1585 3640 1640 3686 et
1679 3647 2004 3703 exsurgere,

418 3704 512 3758 sed
548 3708 774 3762 transire
802 3710 1068 3768 affirmant
1091 3730 1106 3777 ;
1130 3716 1336 3773 scilicet
1372 3731 1611 3777 extrema
1641 3734 1693 3777 et
1717 3725 1872 3795 plana
1898 3736 2005 3780 ter-

419 3811 598 3852 rarum
630 3798 814 3856 humili
853 3804 1037 3859 umbra
1082 3823 1187 3862 non
1214 3811 1420 3880 erigunt
1456 3815 1733 3881 tenebras,
1766 3817 2009 3888 infraque

417 3890 612 3945 coelum
662 3901 716 3948 et
761 3893 937 3950 sidera
985 3912 1088 3954 nox
1130 3900 1271 3954 cadit
1307 3919 1327 3955 ι
1368 3901 1593 3975 (‘Tacit.
1622 3907 1675 3960 in
1737 3906 1851 3961 Vita
1879 3908 2011 3963 Julii

417 3984 669 4055 Agricol.,
701 3988 848 4059 longe
873 4000 1003 4061 post.
1040 3993 1204 4065 init.).
1888 4056 1895 4065 ,

489 4080 561 4134 At
601 4080 643 4132 si
678 4089 935 4147 praterea
975 4086 1193 4140 tertium
1239 4087 1417 4144 adhuc
1465 4098 1657 4146 testem
1698 4092 2008 4161 desideres,

418 4172 577 4226 nobis
602 4172 776 4228 adhuc
813 4177 864 4230 in
896 4189 1141 4247 promptu
1169 4189 1253 4236 est
1281 4182 1462 4237 Cmsar
1482 4226 1498 4250 ,
1539 4186 1626 4253 qui
1668 4185 1719 4240 in
1763 4185 1897 4242 banc
1928 4190 2012 4242 in-

419 4262 916 4333 sulamtrajecerat.
976 4269 1052 4324 De
1100 4271 1188 4325 illa
1237 4274 1501 4345 siquidem
1530 4277 1670 4333 hunc
1725 4279 1912 4334 scribit
1959 4281 2011 4335 in

422 4356 638 4412 modum
671 4376 684 4412 :
721 4378 740 4412 t
780 4360 918 4418 Loca
944 4372 1071 4419 sunt
1103 4370 1502 4436 temperatiora,
1532 4388 1690 4440 quam
1729 4374 1779 4427 in
1808 4373 2011 4440 Gallia,

422 4451 825 4526 remissioribus
865 4454 1237 4526 frigoribus..-
1272 4460 1328 4513 In
1373 4462 1475 4516 boc
1508 4463 1683 4518 medio
1726 4480 1882 4519 cursu
1932 4474 2016 4520 est

421 4519 619 4606 insula,
673 4560 793 4614 qua:
839 4548 1137 4616 appellatur
1164 4549 1350 4615 Mona,
1403 4554 1706 4622 complures
1756 4566 2013 4623 prmterea

2110 3357 2454 3410 emolumenti
2480 3356 2672 3423 affert,
2706 3367 2761 3410 nt
2785 3372 2907 3425 pars
2932 3360 3253 3414 rusticorum
3280 3341 3472 3410 maxiina
3499 3346 3606 3404 senti-

2111 3449 2267 3503 nibns
2297 3450 2347 3502 in
2381 3452 2677 3504 exsiccatos
2739 3450 2946 3505 telluris
3000 3467 3156 3523 agros
3203 3449 3602 3519 conjectismecoﬂ
3692 3490 3693 3495 η

2110 3541 2176 3595 ad
2214 3542 2632 3597 conculcantintn
2663 3542 2936 3610 inducant,
2960 3555 3016 3600 et
3036 3556 3155 3615 post
3177 3552 3384 3615 quatuor
3410 3546 3482 3594 aut
3502 3533 3605 3604 quin-

2111 3650 2214 3702 que
2247 3650 2456 3688 menscs
2487 3636 2552 3688 ad
2583 3634 2961 3690 demetendum
3005 3644 3347 3692 revertantur.
3379 3628 3515 3699 Aliqui
3554 3625 3605 3678 le‘

2112 3726 2271 3779 vibns
2312 3728 2503 3779 aratris
2529 3742 2740 3781 summo
2783 3738 2940 3782 terra:
2977 3728 3162 3793 dorso,
3193 3736 3306 3796 post
3340 3717 3606 3779 bumectatio-

2113 3836 2234 3874 nem
2257 3820 2431 3875 obiter
2451 3822 2738 3889 proscisso,
2759 3821 3003 3891 ingentes
3034 3822 3241 3892 frugum
3264 3828 3440 3874 acervos
3457 3809 3609 3875 ιωιιιθ

2115 3911 2323 3982 magnis
2353 3911 2658 3979 impendiis.
2688 3924 2739 3966 et
2763 3913 3006 3978 laborum
3031 3913 3281 3968 aerumnis
3311 3906 3410 3964 inde
3429 3900 3604 3957 tollunti
3692 3960 3693 3967 γ

2114 4003 2358 4074 (Diodor.
2410 4004 2500 4059 lib.
2556 4019 2571 4057 ι
2615 4003 2846 4067 Bibliot.,
2896 4020 3020 4075 pag.
3058 4006 3131 4060 22
3159 4007 3199 4078 ).
3230 4003 3428 4061 Sanctus
3458 3999 3609 4090 quoque
3692 4038 3693 4090 χ

2116 4095 2452 4157 Ambrosius.
2486 4114 2591 4152 non
2639 4099 2815 4152 minus
2871 4098 3214 4159 luculenter:
3264 4113 3281 4148 ι
3315 4092 3478 4150 Verno,
3515 4103 3530 4136 ι
3560 4093 3611 4133 ιιι·

2116 4190 2251 4259 quit,
2293 4208 2312 4243 ι
2343 4189 2483 4258 apud
2530 4189 2809 4262 {Egyptios
2864 4178 3109 4258 tempore
3154 4189 3300 4244 Nilus
3353 4176 3551 4275 exundat,
3575 4177 3610 4219 ιιι

2114 4281 2374 4351 jaciendis
2393 4282 2685 4337 seminibus
2702 4290 2843 4336 terra
2876 4282 3176 4349 mollescat,
3195 4290 3247 4335 et
3270 4271 3502 4333 blandiore
3515 4271 3607 4320 sinu.

2118 4385 2174 4430 et
2223 4375 2572 4429 clementiore
2623 4375 2829 4444 gremio
2858 4376 3065 4429 semina
3104 4374 3262 4429 missa
3292 4364 3604 4433 suscipiantur:

2122 4466 2140 4535 (
2171 4465 2448 4533 AtnbrOs.,
2473 4464 2561 4520 lib.
2590 4466 2653 4520 de
2683 4463 2798 4519 Noe
2842 4475 2885 4518 et
2930 4482 3055 4521 arca
3079 4506 3093 4529 ,
3127 4479 3243 4534 cap.
3284 4461 3363 4527 Η,
3392 4452 3511 4529 ῧιδν
3531 4455 3609 4518 9³8⁸

2119 4557 2270 4626 enl'
2314 4558 2415 4625 Qui
2470 4558 2616 4625 Plura
2655 4558 2905 4621 Volucrit,
2938 4557 3099 4612 adeat
3127 4556 3441 4612 Strabonem,
3465 4541 3609 4599 Metam.

422 4634 660 4689 minores
687 4634 912 4705 objecta:
950 4639 1137 4693 insube
1166 4642 1574 4708 existimantur,
1621 4645 1688 4698 de
1714 4648 1904 4715 quibus
1936 4648 2015 4701 in-
2051 4642 2098 4701 D
2128 4651 2378 4713 Plinium.
2407 4650 2673 4713 Solinum,
2711 4659 2766 4704 ct
2794 4651 2931 4705 alios
2960 4649 2979 4722 (
3011 4651 3186 4707 Strab.
3217 4648 3302 4703 lib.
3329 4661 3356 4698 v
3380 4629 3609 4722 (ἐκφανέει

421 4726 559 4782 sulis
582 4728 823 4782 nonnulli
856 4731 1189 4798 scripserunt
1211 4733 1326 4787 dies
1357 4736 1638 4790 eontinnos
1671 4739 1882 4803 triginta
1916 4740 2015 4795 sub

423 4819 608 4875 bruma
644 4832 855 4877 noctem
883 4838 1004 4879 esse
1041 4845 1059 4877 ι
1094 4826 1112 4894 (
1140 4826 1331 4880 (Itesar.
1366 4827 1458 4881 lib.
1502 4844 1554 4883 tv
1587 4830 1651 4882 de
1683 4828 1829 4884 Bello
1874 4831 2012 4886 Call.

424 4929 543 4983 pag.
571 4913 720 4984 765).
768 4915 896 4978 Sed,
929 4916 1002 4980 bi,
1036 4917 1486 4987 quemadmodum
1516 4920 2017 4985 llerotlianus,Ser-

423 5006 542 5061 vius
571 5015 622 5061 et
648 5006 952 5064 Jornandes
983 5019 1073 5064 aut
1102 5010 1234 5065 falso
1273 5028 1489 5068 rumore
1516 5014 1721 5082 decepti
1761 5016 2010 5084 fuerunt,

422 5106 515 5154 aut
546 5097 613 5153 de
658 5100 859 5154 ultimis
887 5100 1081 5157 Scotite
1130 5118 1319 5159 versus
1357 5107 1777 5175 septentrionem
1824 5110 2015 5163 finibus

426 5192 736 5263 loquuntur.
769 5193 900 5248 Nam
933 5194 1147 5253 Tacitus
1192 5198 1300 5266 jam
1348 5199 1589 5254 laudatus
1629 5201 1679 5254 in
1725 5201 1843 5257 Vita
1894 5202 2016 5256 Julii

423 5284 687 5355 Agricola}
715 5304 728 5340 :
765 5304 784 5338 ι
817 5286 986 5353 Nox,»
1014 5288 1203 5357 inquit,
1237 5310 1256 5342 ι
1278 5291 1510 5356 clara,et
1538 5300 1772 5346 extrema
1802 5293 2015 5347 Britan-

427 5380 530 5434 niae
575 5389 762 5451 parte,
820 5379 1035 5448 brevis;
1095 5395 1151 5439 ut
1200 5385 1359 5441 ﬁnem
1407 5396 1569 5455 atque
1629 5388 1837 5441 initium
1888 5390 2020 5444 Inois

427 5472 620 5542 exiguo
649 5473 963 5531 discrimine
1003 5476 1358 5532 internoscas.
1398 5497 1417 5529 ι
1478 5478 1805 5550 (Herodian.
1840 5481 1926 5534 lib.
1961 5496 2019 5535 ιιι

431 5562 630 5620 Hister.
661 5581 777 5635 pag.
812 5566 916 5630 84-;
949 5568 1098 5623 Serv.
1137 5570 1187 5622 in
1217 5571 1305 5624 lib.
1341 5586 1357 5625 ι
1400 5568 1633 5641 Georgic.
1686 5570 1863 5642 Virgil.
1898 5588 2018 5644 pag.

428 5654 517 5718 81;
536 5658 790 5712 Jornand.
816 5660 881 5713 de
894 5660 997 5714 reb.
1026 5661 1184 5716 Getic.
1221 5680 1335 5732 cap.
1367 5663 1447 5735 2).

503 5747 649 5812 Esto,
675 5750 816 5805 dicet
835 5753 991 5819 alius,
1026 5771 1112 5809 res
1137 5757 1207 5809 ita
1238 5771 1297 5812 se
1333 5758 1559 5821 habeat.
1592 5759 1725 5815 cedo
1746 5759 2018 5831 equidem.

427 5836 628 5894 Verum
673 5856 808 5907 qua,
862 5844 1102 5913 inquiet,
1154 5846 1417 5903 Minucius
1460 5848 1669 5904 ratione
1710 5858 2022 5908 constanter

2121 4760 2238 4813 pag.
2264 4744 2389 4810 69!,
2412 4755 2463 4801 et
2487 4745 2580 4800 lib.
2610 4761 2706 4809 vn,
2735 4760 2854 4815 pag.
2875 4720 2999 4811 783;
3024 4745 3180 4807 Mela,
3196 4744 3284 4798 lib.
3309 4739 3393 4794 Ide
3410 4734 3497 4791 Sint

2262 4831 2315 4884 9-
2353 4806 2510 4895 litim,
2548 4831 2637 4885 lib.
2672 4806 2702 4884 ι⁷
2735 4806 2929 4884 Ῐιὶξιον.
2964 4806 3296 4895 tiatur.,cap.
3322 4825 3370 4887 9,
3395 4832 3489 4891 pag.
3514 4806 3605 4896 557.

2117 4894 2303 4977 et-lib.
2360 4894 2506 4981 xrtn,
2556 4937 2676 4993 cap.
2727 4922 2781 4987 8,
2838 4938 2957 4992 pag.
3006 4894 3153 4986 690;?
3194 4919 3373 4979 Solin.,
3394 4923 3493 4977 cap.
3526 4894 3614 4963 59)·

2192 5014 2461 5068 Testatum
2502 5015 2660 5070 iidem
2710 5022 2956 5070 auctores
3002 5014 3199 5068 faciunt
3243 5011 3370 5066 sicut
3404 5000 3616 5069 Earum"

2119 5105 2260 5169 Nilo,
2295 5107 2363 5159 ita
2391 5106 2850 5177 Mesopotamiam,
2874 5106 3143 5177 quomodo
3171 5103 3244 5158 ait
3271 5096 3513 5182 Minucius,
3547 5081 3613 5182 Eii“

2124 5198 2311 5268 pbrate
2352 5199 2650 5253 ftecundam
2709 5199 2844 5254 fieri.
2898 5200 2971 5253 De
3016 5198 3119 5251 hoc
3161 5181 3617 5284 enimvero-Illum"):

2126 5259 2328 5346 i’linius
2370 5291 2483 5345 haec
2538 5300 2760 5345 narrat:
2814 5309 2831 5341 t
2870 5290 3125 5345 Increscit
3172 5296 3225 5341 et
3274 5285 3377 5352 ipse
3403 5274 3486 5333 Nili
3510 5259 3616 5370 moliti

2123 5386 2276 5439 statis
2332 5384 2541 5449 diebus,
2603 5384 2814 5453 paulum
2858 5383 3132 5447 differens,
3173 5396 3233 5435 ac
3276 5365 3616 5453 MeSOpotaminttl

2123 5476 2365 5534 inundat.
2413 5477 2530 5532 Sole
2575 5477 2853 5531 obtinente
2896 5474 3199 5531 vicesimam
3249 5476 3431 5539 partem
3465 5455 3616 5512 Canen-

2125 5566 2285 5621 Minui
2314 5567 2494 5636 incipit
2528 5567 2578 5620 in
2610 5565 2842 5634 Virgine,
2866 5564 3045 5621 Leone
3076 5570 3408 5630 transgresso.
3437 5549 3482 5603 ι..
3502 5547 3615 5639 totlttﬂ

2125 5676 2250 5714 \Ct'u
2274 5668 2473 5713 remeat
2501 5659 2552 5713 in
2587 5661 2835 5714 vice~inta
2855 5676 2990 5714 nona
3007 5666 3154 5725 parte
3169 5629 3618 5727 \’irgittiso(Pliu.ltil-

2124 5769 2155 5805 v
2190 5751 2379 5804 Natnr.
2401 5752 2580 5806 histor.
2605 5767 2723 5822 cap.
2750 5753 2841 5818 27,
2866 5767 2973 5823 pag
3010 5722 3161 5819 ἕδη·
3180 5722 3380 5801 su'ri'ms
3396 5725 3530 5831 vc“?!

2127 5842 2202 5899 nii
2230 5850 2510 5913 sequester
2535 5852 2589 5898 et
2618 5818 2853 5899 imitator
2867 5818 2893 5898 -ε
2929 5818 2956 5897 ἶ
2982 5818 3414 5910 MesOpotamiam,
3443 5844 3459 5877 ι
3485 5818 3619 5886 ἰιιαυην
