3818 6282
87 286 228 345 .159
1544 305 1656 360 Dis:

1900 309 2010 364 [10.
3325 327 3432 382 430

91 398 317 463 ορὶηεειι
361 399 740 459 inundationis
799 417 990 460 annua“:
1049 408 1382 478 excessibus,
1432 413 1497 468 ad
1552 417 1720 472 instar
1747 420 1800 477 Α
1901 419 2104 474 Deinde
2134 433 2260 475 vero
2309 422 2625 491 quibusdam
2680 427 2942 496 exemplis
2965 429 3052 486 ille
3099 433 3430 502 probandum

90 484 358 559 ,r’Egyptii
389 496 594 560 amnis,
617 496 669 549 id
686 505 788 555 est,
819 496 944 563 Nili,
969 507 1138 554 terras
1167 516 1479 574 comi-gens,
1516 511 1726 569 invecta
1832 514 2057 582 suscipit
2084 514 2272 567 falsum
2304 531 2424 570 esse
2464 517 2640 570 divina
2671 517 3011 576 Providentia
3042 527 3296 580 mundum
3337 543 3436 597 gu-

158 578 204 597 ,,.
224 580 248 597 ,,
641 588 670 597 ..
728 588 737 597 .
855 589 874 597 -

88 578 610 652 golifmcuttditate,
637 588 828 642 iisdem
849 589 1018 646 ferme
1048 598 1394 664 temporibus,
1419 605 1609 670 quibus
1639 607 1729 660 Ni-
1833 578 2072 667 bernari,
2107 617 2198 658 aut
2229 608 2478 661 omnibus
2506 625 2566 662 ac
2593 611 2818 680 singulis
2855 616 3081 670 consuli.
3129 619 3231 672 Sed
3273 578 3436 689 pries-

95 682 202 738 1us
230 695 250 727 ι
277 677 642 748 (Soliu.,cap.
670 681 787 750 38).
823 681 1032 738 Videsis
1055 686 1725 764 Strabonem,Arrianum,
1833 706 1908 751 tat
1953 701 2240 766 ipsummet
2285 700 2582 768 Creeilium,
2639 677 2702 757 ea
2757 706 3140 774 proferentem,
3206 677 3390 770 audire
3421 733 3434 770 :

110 767 390 835 Quintum
407 773 666 839 Curtium,
690 785 852 846 atque
879 779 1014 833 alios
1045 785 1381 854 geographos
1413 788 1728 859 (Strab.lih.
1841 812 1857 843 t
1897 795 2049 860 Quod
2103 799 2144 848 si
2199 799 2448 863 mundus,
2489 818 2507 850 ι
2544 801 2736 869 inquit,
2789 821 2808 852 ι
2847 806 3022 861 divina
3071 809 3433 877 Providentia,

121 879 224 919 ενι
262 865 714 940 Geograph.,pag.
764 869 916 933 740;
957 875 1143 928 Arian.
1178 877 1267 930 lib.
1299 895 1365 932 vn
1396 882 1457 933 de
1484 881 1727 952 Expedit.
1835 895 1886 938 et
1958 887 2182 955 alicujus
2248 891 2481 944 numinis
2543 865 2860 950 auctoritate
2925 914 3238 970 regeretur,
3287 865 3440 962 num;

139 955 426 1027 Memmi,
455 976 566 1030 pag.
620 961 727 1015 455
753 972 808 1016 et
835 962 946 1018 489
976 980 991 1029 ;
1021 964 1087 1032 Q.
1144 966 1292 1024 Curt.
1331 971 1423 1024 lib.
1485 989 1538 1040 ν,
1574 977 1731 1044 paulo
1835 995 1994 1049 quant
2045 993 2342 1035 mereretur
2410 983 2652 1037 Phalaris
2711 993 2765 1040 et
2833 955 3113 1059 Dj'Otiisius

152 1066 297 1122 post.
332 1054 487 1125 init.).
1839 1089 2128 1143 numquam
2183 1075 2407 1128 Butilius
2488 1087 2540 1130 et
2599 1075 2855 1134 Camillus
2893 1085 3133 1153 exilium,
3189 1090 3440 1150 Socrates

216 1149 379 1204 Porro
403 1160 571 1203 autem
619 1161 902 1221 postquam
952 1152 1092 1207 idem
1131 1154 1324 1212 Strabo
1373 1160 1616 1230 qumdam
1664 1163 1732 1218 de
1837 1180 2105 1220 venenum
2167 1185 2185 1218 ι
2227 1167 2427 1220 Eodem
2463 1168 2619 1237 plane
2665 1187 2980 1241 argumento
3031 1149 3170 1246 apud
3223 1149 3440 1239 Cicero;

155 1239 332 1305 ﬂuviis,
360 1241 447 1310 qui
479 1242 531 1294 in
560 1239 824 1312 Gangem,
867 1253 923 1298 et
962 1245 1144 1300 Indum
1193 1248 1440 1311 inﬂuunt.
1485 1255 1734 1322 praefatus
1839 1273 1958 1310 nent
2007 1258 2158 1312 Cotta
2198 1258 2554 1315 Academicus
2588 1239 2981 1321 Providentiam
3012 1269 3102 1325 Dei
3150 1287 3438 1333 concutere

149 1341 235 1396 est,
273 1331 384 1386 [nec
438 1348 555 1399 quae
600 1333 668 1388 de
721 1334 850 1389 Indo
899 1336 1181 1408 Minucius,
1231 1343 1422 1436 litteris
1481 1348 1732 1415 prodidit,
1843 1352 2162 1406 moliebatur
2206 1353 2363 1425 (Cic.,
2401 1355 2492 1408 lib.
2533 1372 2583 1414 v,
2629 1357 2690 1409 de
2739 1357 2866 1412 Nat.
2914 1361 3096 1428 Deor.,
3152 1382 3270 1436 pag.
3306 1331 3432 1436 252,

142 1424 500 1480 Eratosthenis
538 1429 859 1485 auctoritate
903 1435 1222 1488 conlirmat:
1254 1425 1324 1491 ἐκ
1371 1443 1418 1492 δι
1447 1457 1529 1503 τῆς
1559 1445 1733 1498 ἀναουκ
1847 1444 1941 1497 lin.
1970 1446 2002 1498 4
2035 1424 2270 1515 etsqq.)
2305 1447 2406 1501 Pro
2450 1459 2601 1502 certo
2639 1461 2816 1504 autem
2879 1455 2924 1507 is
2966 1424 3167 1524 posuit:
3213 1461 3354 1528 quod
3405 1477 3438 1518 a

137 1525 336 1585 μιάσεως
373 1536 462 1573 τῶν
494 1526 728 1576 mnino»
774 1543 1022 1591 ποταμῶν,
1069 1539 1153 1579 καὶ
1204 1537 1258 1583 ὰ
1306 1548 1394 1586 τῶν
1447 1540 1633 1589 (uelata

1900 1538 2137 1591 elamone
2165 1538 2231 1592 de
2262 1539 2364 1592 diis
2391 1538 2492 1593 hoc
2521 1557 2626 1594 uno
2657 1558 2811 1596 versu
2841 1543 3180 1601 deeantatum
3201 1561 3282 1604 est
3311 1569 3324 1606 :

133 1602 449 1680 έρετυσθένης
477 1637 608 1682 φησι,
638 1625 872 1685 βρέχεται
893 1622 989 1679 τοῖς
1037 1623 1232 1688 θιρινοῖς
1274 1629 1463 1693 ὄμϐροις
1514 1636 1540 1686 ἡ
1584 1625 1654 1681 Ῐνδ

1967 1628 2088 1677 Nam
2112 1631 2151 1678 si
2179 1639 2369 1686 curent,
2401 1633 2533 1681 bene
2550 1634 2691 1682 bOiliS
2714 1636 2796 1694 sit,
2819 1637 2948 1697 quod
2971 1652 3098 1687 nunc
3115 1641 3275 1691 abest.

137 1713 230 1758 καὶ
251 1712 446 1772 λιμνάζει
469 1714 530 1762 τὰ.
553 1711 710 1761 πεδία’
742 1715 787 1762 ἐν
811 1721 895 1776 μὲν
921 1711 995 1764 οὖν
1017 1718 1199 1774 τούτοις
1231 1734 1328 1775 τοις
1370 1725 1562 1788 ὄμϐροις
1597 1729 1656 1774 λίι

1915 1713 2267 1766 Academicus
2292 1724 2468 1768 autem
2505 1717 2588 1769 ille
2619 1718 2806 1772 iisdem
2833 1733 2994 1790 atque
3024 1723 3142 1776 aliis
3173 1726 3412 1793 pluribus

136 1809 398 1867 σπείρεται,
425 1802 500 1850 χοὶ
526 1805 742 1870 κέγχρον
778 1814 888 1871 πρὸς
923 1809 1108 1864 τούτοις
1145 1815 1380 1875 σησάμην,
1415 1817 1582 1880 ὄρυζα,
1624 1826 1656 1883 β

1900 1822 2003 1859 tam
2056 1807 2302 1860 Canibus
2355 1811 2638 1878 exemplis,
2685 1815 2885 1866 omisso
2947 1825 3122 1870 tamen
3182 1818 3432 1890 Camillo,

129 1915 317 1961 μερον.
341 1896 422 1950 τοῖς
447 1909 705 1962 χιμερονοῖς
734 1898 784 1947 δὲ
817 1913 999 1966 καιροῖς
1026 1902 1188 1967 πυροὶ,
1213 1909 1391 1969 κριθαὶ,
1423 1911 1617 1974 ὄσπρια,
1655 1936 1656 1957 ;

1900 1913 1957 1950 cc
2004 1899 2329 1952 eonlirmare
2383 1902 2585 1952 mtilur.
2643 1900 2715 1955 lbi
2767 1915 2944 1959 autem
2990 1922 3052 1960 ea
3104 1907 3180 1963 sic
3239 1922 3430 1981 urget:

123 1987 300 2037 ἄλλοι
329 1996 478 2054 καρποὶ
506 1988 751 2054 ὶδώδιμοι,
791 1990 850 2041 ὧν
896 1997 1033 2057 ἡμεῖς
1083 1998 1326 2060 ἄπειροι.»
1359 1995 1652 2052 Eratosthei

1900 1989 2006 2045 Gur
2033 1993 2327 2044 avunculus
2351 2008 2502 2046 meus
2550 1995 2628 2048 vir
2667 1996 3140 2055 innocentissimus
3186 2003 3435 2075 idemque

118 2088 336 2132 auctor
367 2088 436 2131 est
474 2094 538 2133 ex
570 2080 761 2157 horum
806 2090 1072 2137 tantorum
1113 2083 1397 2140 ilmiOl‘Ilm
1439 2088 1735 2144 exhalatio-
1839 2082 2184 2137 d00|i~SimUS
2234 2083 2291 2136 Ρ·
2341 2084 2573 2138 “minus
2632 2087 2683 2140 ίιι
2748 2090 2938 2145 e"Silio
3005 2095 3314 2150 ϐείομαι)υο
3369 2096 3438 2153 de

110 2175 323 2238 uibus,
349 2185 399 2229 et
435 2174 557 2228 ﬂatu
603 2175 930 2243 Etesiarum,
966 2178 1166 2232 Indiam
1217 2181 1419 2236 aestivis
1473 2184 1656 2239 imbrtl

1900 2177 2183 2244 tadraginta
2219 2176 2500 2246 Dionysius
2541 2187 2798 2248 tyrannus
2837 2198 3008 2240 annos
3060 2185 3160 2241 fuit
3211 2191 3439 2257 opulen-

100 2265 358 2319 Inadere
382 2281 438 2320 ac
461 2280 676 2336 campos
715 2268 918 2338 stagnis
939 2271 1169 2340 appleri,
1211 2281 1264 2327 et
1291 2275 1342 2326 in
1372 2275 1437 2328 iis
1470 2275 1731 2333 imbribus
1841 2268 2081 2332 tissimte,
2113 2279 2167 2320 et
2215 2269 2540 2322 beatissinne
2581 2273 2834 2327 civitatis.
2863 2275 3034 2343 Quam
3077 2279 3276 2334 multas
3307 2293 3434 2340 ante

104 2357 311 2411 linum
341 2358 435 2412 seri
461 2367 515 2412 et
541 2359 770 2424 milium,
802 2369 854 2414 et
882 2375 1176 2427 sesamum,
1205 2366 1406 2418 orizatn
1429 2377 1484 2420 et
1516 2369 1656 2422 bosn:

1900 2377 1981 2413 lttt:
2014 2359 2064 2413 in
2090 2360 2206 2429 ipso
2228 2360 2450 2416 Graecit-
2482 2363 2612 2418 ﬂore
2639 2366 2966 2432 Pisistratus,
2996 2387 3058 2426 ac
3084 2371 3350 2443 Phalaris,
3374 2393 3438 2434 ac

103 2463 287 2511 rum;
314 2448 532 2504 Hiberna
554 2459 732 2504 autem
757 2459 1000 2521 tempore
1026 2455 1132 2507 seri
1156 2456 1411 2520 triticum,
1439 2457 1727 2524 hordeum,
1838 2453 2197 2522 Apollodorus
2230 2469 2413 2522 pinnas
2436 2457 2673 2521 sustulit,
2702 2461 2883 2515 multis
2913 2465 3124 2531 quidem
3155 2481 3280 2523 ante
3311 2487 3436 2524 cru-

104 2541 426 2612 legutnina,
482 2553 534 2597 et
586 2544 719 2598 alias
766 2542 947 2614 fruges
997 2548 1322 2612 esculentos,
1370 2566 1594 2619 quarum
1634 2569 1656 2606 r

1900 2545 1989 2598 lliS
2027 2557 2080 2598 et
2137 2547 2402 2599 necatis...
2460 2547 2594 2615 Quid
2651 2551 2822 2605 dicam
2884 2553 2951 2609 de
2999 2557 3240 2627 Socrate,
3285 2563 3438 2632 cujus

104 2649 384 2706 expertes
417 2655 434 2688 ι
458 2637 714 2706 (Strabo,
741 2639 834 2694 lib.
867 2657 933 2694 xv
965 2640 1283 2713 Geograplt,
1316 2660 1434 2714 pag.
1469 2645 1618 2716 690),
1837 2642 1993 2690 morti
2025 2638 2345 2708 illacrymari
2385 2640 2534 2694 soleo
2565 2641 2842 2699 Platonem
2875 2648 3095 2718 legens?
3125 2671 3142 2704 ι
3201 2653 3439 2727 Denique

232 2728 433 2785 Videsne
458 2747 615 2802 quam
648 2745 794 2788 recte
816 2733 1076 2790 Minucius
1111 2753 1176 2791 ex
1205 2738 1288 2792 his
1327 2741 1576 2794 Omnibus
1601 2757 1656 2795 cc

1900 2741 2116 2800 .stquam
2141 2731 2306 2784 multa
2348 2733 2583 2804 Dionysii
2619 2735 2776 2805 impia
2813 2740 2944 2793 facta
2985 2751 3040 2796 et
3084 2747 3381 2816 sacrilegia,
3407 2766 3438 2807 a

105 2820 320 2875 cludat
346 2824 508 2876 omnia
531 2836 584 2879 et
605 2827 812 2896 singula
848 2827 940 2882 Dei
967 2828 1302 2883 Providentia
1332 2831 1722 2890 administrari.
1842 2821 2052 2875 Vi'lel‘io
2091 2825 2250 2876 eum"
2295 2825 2527 2877 minim"
2579 2827 2918 2894 P”5'm“d“"‘
2979 2843 3156 2887 ¹¹⁰¹³ι³
3214 2838 3342 2903 (Ιίυο
3386 2855 3435 2908 1ο

107 2911 339 2967 Terras
359 2915 626 2970 enimvero
677 2928 864 2971 natura
887 2934 980 2973 sua
1016 2921 1251 2987 steriles,
1283 2932 1339 2976 et
1369 2924 1500 2978 solis
1533 2927 1656 2982 ardc

1904 2932 1954 2983 p.
1988 2917 2035 2970 1.
2066 2916 2277 2970 Extent.
2312 2916 2440 2986 §3),
2468 2920 2753 2983 recensuit,
2788 2919 2870 2976 his
2892 2924 3252 2981 narrationem
3285 2945 3436 2986 suam

119 3016 338 3072 tostas,
375 3025 461 3064 nec
509 3010 771 3066 imbribus
815 3014 1158 3081 madefactas,
1211 3018 1397 3070 horum
1446 3018 1650 3076 ﬂumini

1905 3008 2061 3062 solvit
2097 3009 2308 3062 verbis:
2347 3027 2365 3059 ι
2405 3009 2553 3064 Hunc
2585 3010 2744 3081 igitur
2784 3028 2880 3067 uec
2906 3014 3184 3086 Olympius
3225 3019 3436 3091 Jupiter

118 3098 573 3157 ίηυηάειίοηίδυε
615 3102 890 3158 facundus
919 3103 1100 3161 enim.
1153 3105 1354 3162 Eodem
1384 3109 1540 3178 plane
1567 3113 1728 3166 ιιιοαυ
1834 3102 2054 3156 fulmine
2075 3105 2357 3172 percussit,
2379 3119 2476 3159 nec
2491 3104 2833 3175 Esculapius
2857 3109 3055 3164 misero
3075 3111 3438 3188 diuturnoque

110 3193 290 3262 ptius
338 3196 638 3251 ostenderat
702 3199 802 3252 hac
846 3198 1028 3253 divina
1090 3203 1447 3270 providentia,
1495 3205 1716 3260 aliarum
1749 3210 1794 3272 ρ
1833 3200 2024 3252 morbo
2052 3199 2472 3254 intabescentem
2505 3202 2795 3269 inleremit,
2825 3213 2986 3274 atque
3016 3206 3068 3260 in
3096 3224 3194 3263 suo
3241 3210 3438 3267 lectulo

104 3287 321 3340 mundi
349 3290 570 3357 partium
603 3289 931 3346 fmcunditati
952 3310 983 3346 a
1009 3304 1169 3358 stata,
1190 3307 1414 3363 quatuor
1439 3298 1563 3352 anni
1589 3312 1721 3354 tem-

101 3390 394 3449 pestatum
422 3383 787 3438 vicissitudine
815 3386 1008 3439 mirum
1038 3386 1193 3455 plane
1225 3388 1276 3440 in
1317 3389 1530 3443 ntodutn
1561 3393 1724 3446 fuisse

95 3475 427 3529 consultum
461 3493 475 3530 :
509 3495 530 3527 ι
569 3475 687 3532 Jattt
737 3479 1088 3546 providentia:
1133 3491 1365 3549 quantae,
1420 3482 1612 3550 inquit,
1657 3500 1724 3537 ne

93 3567 308 3620 hiems
347 3569 457 3623 sola
483 3570 652 3640 glacie
700 3585 899 3636 ureret,
931 3583 1023 3628 aut
1061 3574 1172 3628 Sola
1202 3584 1362 3628 testas
1381 3579 1576 3630 ardore
1617 3586 1722 3630 tor-

88 3669 273 3713 reret
299 3663 535 3716 autumni
553 3673 606 3717 et
634 3665 777 3718 veris
801 3665 1040 3721 inserere
1065 3667 1299 3721 medium
1325 3676 1722 3739 temperamen-

88 3763 236 3806 tum
261 3770 278 3818 ;
302 3765 354 3809 ut
376 3771 470 3825 per
497 3757 718 3828 vestigia
749 3774 845 3813 sua
874 3761 996 3814 anni
1051 3765 1390 3827 revertentis,
1445 3765 1639 3818 occulti
1671 3775 1724 3819 et

97 3845 603 3904 innoxiitransilus
664 3863 1080 3907 reverterentur.
1147 3854 1225 3908 lbi
1285 3864 1463 3910 autem
1527 3857 1719 3910 dixit:

109 3959 137 3991 ‹
174 3940 368 3996 lliems
399 3943 570 4013 glacie
601 3946 728 4011 urit,
762 3964 781 3997 ι
816 3947 1266 4016 quemadmodum
1301 3947 1595 4018 Virgilius:

227 4097 237 4104 .
284 4097 294 4109 .
335 4098 346 4110 .
395 4099 403 4107 .
441 4060 540 4110 Aut
563 4061 741 4112 Borea:
766 4063 1076 4125 penetrabile
1101 4061 1257 4125 frigus
1281 4063 1472 4113 adurat.

877 4122 1084 4189 (Virgil.
1113 4122 1193 4175 ιιυῖ
1216 4143 1232 4174 ι
1255 4126 1428 4190 Georg.
1459 4143 1500 4177 v.
1522 4129 1628 4189 95.)

743 4244 1036 4284 ARTICULUS
1076 4245 1133 4284 11.

127 4315 469 4373 Excutimur
496 4321 692 4376 chilit'
721 4322 908 4374 ctltm'ct'
950 4331 1127 4375 contra
1168 4323 1392 4375 divinant
1441 4322 1722 4378 Providen-

115 4431 122 4437 ο
212 4410 336 4461 tium
377 4425 681 4481 argumenta,
707 4430 770 4467 ea:
800 4415 947 4467 rebus
974 4416 1228 4483 prosperis
1263 4415 1531 4481 malorum,
1565 4426 1609 4469 et
1636 4415 1724 4470 bo-

212 4514 400 4552 norum
424 4505 628 4559 aduersis
653 4505 832 4571 ducta,
862 4506 946 4558 ubi
974 4506 1034 4558 de
1064 4505 1312 4576 Dionysio
1334 4520 1549 4576 tyranno
1582 4506 1717 4561 ΡΙιιι·

1827 3300 2087 3355 mortuus,
2126 3292 2176 3344 itt
2207 3291 2549 3362 Tympanidis
2602 3309 2786 3363 rogum
2839 3297 3014 3350 illatus
3067 3309 3170 3366 est,
3210 3317 3438 3371 eamque

1827 3393 2164 3452 potestatem,
2199 3401 2357 3453 quam
2406 3389 2516 3455 ipse
2543 3401 2637 3456 per
2673 3389 2848 3442 scelus
2869 3399 2988 3444 erat
3031 3403 3240 3458 nactus,
3285 3392 3439 3464 quasi

1822 3476 2018 3544 justam
2053 3485 2107 3530 et
2146 3477 2458 3545 legitimam,
2513 3479 2844 3535 hwreditatis
2876 3481 2996 3538 loco
3026 3483 3136 3538 lilio
3167 3486 3382 3543 tradidit
3413 3507 3432 3542 ι

1833 3568 2047 3638 (Cicer.
2085 3567 2190 3622 loc.
2221 3569 2336 3638 cit).

1900 3660 2244 3714 Dissimulare
2273 3670 2448 3716 tamen
2482 3678 2581 3718 nec
2613 3663 2864 3720 Czrcilius
2901 3681 3002 3722 nec
3057 3669 3144 3722 alii
3196 3670 3437 3728 Gentiles

1829 3760 2075 3820 poterant
2104 3752 2410 3824 Dionysium
2449 3754 2624 3821 illum,
2658 3756 2808 3825 Cttjtts
2847 3757 2992 3812 varia
3040 3760 3438 3833 singulariaque

1827 3844 2058 3900 facinora
2090 3863 2332 3917 uterque,
2359 3849 2567 3915 Cicero,
2600 3862 2653 3906 et
2706 3851 2952 3909 Valerius
2993 3855 3283 3921 Maximus,
3306 3857 3437 3912 alibi

1826 3938 2001 3994 adhuc
2029 3951 2327 4006 recensent,
2361 3943 2411 3994 in
2441 3953 2548 3996 tam
2579 3941 2730 3997 beata
2756 3945 3002 4014 felicique
3028 3945 3240 4000 fortuna
3271 3948 3438 4002 fuisse

1829 4034 2184 4087 miserrimum
2232 4033 2403 4101 (Idem
2455 4034 2544 4089 lib.
2581 4052 2609 4085 v
2645 4034 2878 4099 Tuscul.,
2925 4052 2981 4106 p.
3017 4037 3140 4101 186,
3193 4038 3286 4093 lin.
3314 4040 3348 4093 3
3382 4049 3438 4096 et

1827 4138 1978 4194 seqq.
2008 4126 2118 4179 Val.
2153 4125 2291 4180 Max.
2327 4127 2420 4182 lib.
2463 4144 2536 4189 ιχ,
2593 4144 2713 4197 cap.
2750 4130 2835 4183 15.
2885 4131 3104 4195 Exter.,
3133 4131 3260 4204 ἑά).
3300 4132 3436 4191 Nam

1827 4218 2050 4286 ipsemet
2079 4217 2269 4272 Cicero
2292 4219 2406 4272 hanc
2433 4219 2498 4273 de
2525 4221 2615 4272 illo
2643 4220 2838 4273 litteris
2878 4222 2983 4274 alio
3017 4223 3066 4275 in
3106 4223 3242 4278 libro
3283 4240 3433 4282 man-

1828 4310 2007 4364 davit:
2035 4329 2052 4360 ι
2085 4309 2220 4376 Quid
2243 4327 2525 4365 censemus
2557 4313 2888 4382 superiorem
2915 4313 3060 4367 illum
3085 4315 3432 4388 Diottysitlm?

1827 4404 1945 4471 Quo
1973 4406 2208 4458 cruciatu
2257 4405 2462 4459 timoris
2507 4407 2628 4476 angi
2663 4406 2910 4473 solitttm,
2941 4409 3027 4478 qui
3067 4410 3270 4465 cultros
3307 4430 3436 4468 mc-

1829 4507 1986 4550 tuens
2017 4498 2306 4559 tonsorios,
2336 4498 2585 4553 candenti
2615 4499 2848 4553 carbone
2871 4500 2971 4555 sibi
2993 4501 3436 4573 adurebatcapil-

205 4591 404 4655 (aride,
455 4593 678 4658 Rutilio,
736 4595 986 4662 Socrate,
1038 4597 1276 4664 Camillo,
1329 4609 1374 4652 et
1423 4596 1656 4654 Judwort

1900 4606 1936 4642 n
1966 4589 1989 4641 '?
2016 4589 2148 4661 (tlic.
2186 4591 2272 4644 lib.
2309 4606 2342 4644 ll
2371 4591 2432 4643 de
2465 4591 2590 4660 Oﬂic
2647 4609 2764 4662 pag.
2791 4594 2895 4647 577
2928 4594 3025 4648 lin.
3053 4596 3141 4657 l7,
3166 4604 3221 4650 et
3243 4594 3432 4668 seqq.)

196 4681 548 4741 σηγίειίαηοη
557 4705 708 4758 mque
733 4689 958 4742 ηιξεενία,
1904 4683 2149 4737 Valerius
2170 4699 2298 4736 vero
2315 4685 2580 4739 maximus
2594 4702 2714 4738 eum
2734 4687 2838 4740 alio
2852 4687 3014 4742 modo
3029 4689 3292 4744 scelerum
3313 4704 3435 4743 stto-

195 4776 359 4832 Ριυι-ει
402 4781 658 4836 adversus
721 4781 954 4836 divum."
1007 4782 1404 4837 providentiam
1479 4783 1727 4839 Cmcilius
1834 4793 1948 4830 rttm
1975 4791 2161 4845 poenas
2190 4775 2403 4830 dedisse
2452 4777 2528 4831 sic
2551 4791 2794 4832 enarrat:
2836 4799 2854 4830 ι
2884 4782 2970 4850 qui
3000 4785 3210 4837 tametsi
3255 4784 3434 4838 debita

128 4867 334 4937 objicit,
365 4888 588 4940 quorum
617 4873 718 4926 alia
769 4872 834 4927 ad
875 4889 1062 4928 omnes
1117 4873 1408 4928 ttniversim
1459 4874 1726 4940 homines,
1833 4873 2088 4941 διιιψιίοίη
2135 4871 2992 4926 110³³οΧ⁵ο¹νίιἀοάοοοτθιειηιεη
3032 4873 3144 4937 ﬁlii,
3190 4885 3433 4932 ιιιυιίυυδ

131 4958 224 5012 alia
253 4963 322 5015 ad
352 4964 614 5032 quosdam
648 4965 1022 5033 particulatim,
1079 4966 1178 5018 alia
1225 4965 1291 5018 ad
1315 4964 1575 5030 Gentiles,
1628 4966 1724 5018 alia
1834 4983 2018 5036 poenas
2061 4965 2324 5033 rependit.
2379 4979 2512 5032 quas
2550 4966 2701 5018 vivus
2746 4963 3021 5032 en‘ngerat.
3081 4965 3250 5020 Lento
3289 4972 3431 5026 enim

134 5051 195 5103 ad
231 5053 475 5122 Iudaeos,
522 5057 627 5108 alia
666 5055 898 5124 denique
943 5057 1008 5109 ad
1061 5055 1396 5110 ChriStianos
1460 5064 1724 5126 spectant.
1832 5059 1998 5128 gradu
2042 5057 2106 5110 ad
2139 5056 2426 5109 vindictam
2459 5055 2540 5108 sui
2580 5055 2756 5108 divina
2807 5057 3047 5124 procedit
3080 5057 3178 5121 ira,
3214 5059 3434 5114 tat-dita-

138 5139 365 5200 Primum
387 5156 568 5201 autem
591 5189 604 5207 ,
635 5147 930 5217 quomodo,
965 5148 1240 5216 inquiebat
1285 5149 1397 5212 ille,
1427 5159 1602 5202 Stante
1638 5147 1728 5202 Dei
1836 5163 2049 5220 temque
2092 5149 2336 5220 supplicii
2369 5149 2631 5217 gravitate
2675 5158 2990 5217 compensat
3018 5166 3037 5200 ι
3070 5147 3222 5216 (ναι.
3255 5148 3431 5220 Mam,

146 5230 490 5304 Providentia,
545 5239 662 5294 loca
702 5254 854 5294 Sacra
894 5249 950 5293 et
997 5243 1242 5310 profana,
1275 5241 1728 5310 quemadmodum
1831 5245 1919 5297 lib.
1946 5259 1984 5308 ι,
2027 5261 2140 5312 cap.
2169 5243 2219 5303 1,
2268 5239 2477 5304 Littera,
2509 5238 2538 5310 §
2569 5237 2666 5308 5).

147 5325 373 5387 homines
399 5333 469 5402 pii
493 5343 549 5388 et
578 5334 753 5402 impii,
783 5335 1245 5404 tuhninealiiSque
1265 5337 1494 5390 tortuitis
1517 5337 1730 5390 casibus
1908 5339 1981 5392 De
2025 5336 2320 5390 Phaladiris
2366 5349 2494 5388 vero
2539 5344 2713 5388 morte
2763 5333 2876 5387 haec
2927 5336 3159 5403 posteris
3215 5337 3434 5395 tradidit

154 5423 324 5479 Pariter
372 5424 765 5494 a-qualiterque
821 5424 1122 5480 feriuntur?
1162 5425 1271 5480 Cur
1323 5434 1526 5489 Sontes,
1580 5443 1730 5495 a-que
1833 5428 2054 5483 Cicero:
2091 5447 2108 5478 t
2149 5427 2322 5481 Testis
2343 5436 2423 5480 est
2448 5426 2709 5490 Phalaris,
2732 5425 2884 5494 cnjus
2921 5435 3003 5479 est
3036 5437 3228 5493 prteter
3265 5442 3430 5486 etete-

154 5517 200 5564 ἃς
225 5515 475 5582 insontes,
507 5517 639 5571 boni
665 5526 719 5571 et
767 5519 914 5584 mali,
964 5520 1372 5589 tempestatibus
1410 5535 1472 5573 ac
1520 5522 1730 5573 nauira-
1835 5535 1923 5574 ros
1950 5521 2224 5573 nobilitaza
2256 5518 2566 5580 crudelitas,
2593 5516 2682 5586 qui
2717 5530 2820 5569 non
2872 5531 2939 5570 ex
2973 5517 3185 5572 insidiis
3223 5521 3432 5578 interiit

146 5601 234 5661 siis
263 5608 365 5662 ullo
391 5611 512 5664 sine
555 5609 869 5666 discrimine
898 5613 1307 5682 opprimuntur?
1346 5612 1454 5666 Cur
1500 5612 1731 5681 denique
1836 5623 1897 5666 ut
1929 5615 1972 5666 is
2003 5628 2160 5681 quem
2208 5611 2368 5664 modo
2396 5609 2528 5674 dixi,
2573 5609 2876 5663 Alexander
2907 5627 2920 5663 :
2950 5626 3053 5666 non
3081 5629 3108 5664 a
3141 5615 3346 5682 paucis,
3376 5626 3434 5674 nt

140 5693 224 5760 "iri
258 5704 580 5775 nequissimi
609 5706 827 5773 optimis
855 5721 1000 5777 smpe
1018 5707 1214 5777 saepius
1239 5705 1577 5764 ﬂorentiores
1608 5714 1735 5760 sunt
1836 5703 1924 5757 hic
1951 5713 2164 5766 noster;
2225 5701 2318 5756 sed
2376 5702 2428 5756 in
2471 5718 2629 5772 quem
2675 5704 2922 5760 universa
2965 5707 3433 5775 Agrigentinorum

125 5795 180 5849 ει
203 5798 514 5855 feliciores?
1839 5797 2126 5855 multitudo
2156 5797 2412 5866 impetum
2442 5795 2586 5854 fecit.
2611 5817 2628 5850 ι
2656 5797 2732 5852 Ex
2763 5797 2973 5854 Valerio
2995 5807 3172 5855 autem
3200 5800 3433 5868 Maximo
