3774 6270
453 281 554 336 451

1742 262 1831 320 DE
1868 256 2128 320 MINUCII
2164 255 2464 317 OCTAVIO
3540 273 3610 329 liii

453 399 630 454 disces
677 394 832 465 cujus
873 390 1120 455 consilio,
1151 397 1205 444 et
1243 385 1514 458 quomodo
1546 383 1632 438 hic
1676 389 1934 453 tyrannus
1980 379 2047 433 ab
2073 381 2124 440 Α
2152 377 2291 431 latus
2317 383 2400 430 est
2418 372 2658 444 sanguis,
2685 370 3032 448 acpaulatim
3076 373 3257 444 frigore
3281 375 3475 441 inducto.
3498 397 3609 439 vena-

452 489 814 562 Agrigentinis
863 486 1174 540 interfectus
1200 483 1359 538 fuerit
1393 479 1611 551 (Valcr.
1642 475 1805 541 Mare,
1838 474 1929 529 lib.
1967 488 2045 539 iii,

451 598 570 653 cap.
601 583 651 636 5.
685 578 885 642 Επιεν.,
912 576 940 648 §
963 577 1016 630 2.

523 674 581 728 Ρ.
611 672 790 726 Rutilii
820 669 984 734 Rulli,
1026 683 1184 739 quem
1218 663 1530 722 Paterciilus
1581 662 1755 716 virum
1797 672 1902 715 non
1948 671 2048 712 sae-

449 765 553 820 culi
579 772 782 818 tantum
827 763 932 825 sui,
972 761 1066 815 sed
1114 759 1287 814 omnis
1337 756 1438 812 aevi
1481 756 1741 824 optimum
1793 749 2043 818 appellat,

447 869 572 912 neta
603 866 685 912 est
709 856 958 909 omnibus
986 852 1206 907 historia
1241 851 1262 921 (
1292 847 1559 904 Patercul.
1593 845 1685 900 lib.
1718 858 1756 898 ιι
1799 839 2046 908 Histor.).

447 951 577 1019 Quis
616 950 759 1004 enim
818 947 987 1002 nescit
1039 945 1184 998 illum
1236 942 1662 1011 publicanorum,
1697 948 1924 1003 quorum
1965 931 2047 984 la-

449 1042 674 1098 trocinia
723 1048 1058 1103 coercuerat,
1089 1032 1508 1102 conspiratione.
1553 1029 1837 1097 depulsum
1882 1021 2049 1076 fuisse

449 1135 502 1190 iii
528 1135 797 1195 exsiliunt,
817 1129 1059 1201 quamvis
1085 1136 1221 1182 teste
1242 1124 1524 1186 Cicorone,
1549 1126 1694 1174 esset.
1722 1113 2047 1170 innocentis-

447 1229 614 1282 simus
645 1223 783 1295 (Cic.
819 1224 966 1278 Orat.
997 1237 1059 1286 ιι,
1090 1236 1182 1285 pro
1210 1216 1422 1280 Fonte,
1455 1227 1574 1282 pag.
1603 1209 1728 1274 227,
1760 1219 1814 1261 et
1844 1221 1957 1274 seq.
1994 1210 2050 1258 et

450 1324 599 1377 Orat.
623 1323 714 1385 57,
753 1320 805 1373 in
839 1317 1015 1380 Pison,
1050 1329 1172 1384 pag.
1203 1310 1373 1380 5H)?
1405 1309 1479 1364 De
1531 1306 1624 1360 illo
1666 1313 1843 1358 autem
1893 1297 2047 1352 Vale-

445 1419 557 1473 rius
589 1414 851 1469 Maximus
879 1411 959 1466 sic
992 1409 1225 1477 loquitur
1260 1421 1272 1459 :
1305 1424 1325 1456 ι
1355 1401 1490 1470 Quid
1521 1397 1885 1459 damnatione,
1920 1391 2048 1462 quid

445 1509 638 1564 exsilio
667 1505 955 1560 miserius?
982 1504 1054 1556 At
1085 1502 1142 1553 Ρ.
1175 1497 1394 1562 Rutilio,
1425 1491 1824 1560 conspiratione
1876 1483 2050 1556 publi-

445 1616 702 1657 canorum
733 1597 994 1669 perculso,
1031 1592 1403 1648 auctoritatem
1448 1587 1686 1640 adimere
1726 1596 1831 1635 non
1869 1577 2049 1630 value-

444 1701 588 1748 runt.
623 1693 718 1746 Cui
752 1689 932 1744 Asiani
965 1685 1166 1758 petenti
1194 1697 1382 1736 omnes
1411 1676 1698 1749 provinciae
1733 1672 1881 1726 illius
1909 1666 2044 1722 civi-

2150 489 2270 528 rum
2299 476 2448 543 vigor
2473 472 2730 526 constitit.
2776 471 2985 537 Quanto
3027 472 3184 541 magis
3228 471 3336 526 huic
3359 473 3614 535 invidendum

2147 575 2257 631 est,
2291 580 2450 635 quam
2488 565 2612 627 illis,
2647 563 2840 633 quibus
2889 578 3098 630 gemma
3148 563 3453 629 ministratur,
3487 570 3616 636 quibus

2152 658 2416 723 exoletus,
2445 658 2622 711 omnia
2657 656 2760 726 pati
2790 655 3004 719 doctus,
3032 672 3324 724 suspensam
3363 674 3470 715 auro
3502 662 3618 719 nivem

2142 751 2348 806 diluit?
2403 751 2467 806 lli
2515 749 2773 820 quidquid
2835 749 3086 817 biberint,
3130 751 3314 804 vomitu
3369 755 3619 812 remetientur

2155 846 2355 910 tristes,
2387 852 2442 898 et
2487 845 2646 899 bilem
2679 858 2830 897 suam
2862 853 3211 912 regustantes.
3251 847 3313 900 At
3335 843 3415 900 ille
3437 861 3620 903 venenum

2153 939 2309 993 lactus
2337 946 2391 992 et
2421 937 2593 991 libens
2618 936 2848 990 hauriet.
2894 955 2913 988 ι

2225 1032 2296 1084 De
2326 1030 2553 1085 Camillo
2611 1030 2847 1094 tandem,
2898 1044 3055 1099 quem
3099 1027 3329 1084 Cmcilius
3377 1045 3466 1085 non
3505 1042 3621 1088 autem

2152 1123 2340 1180 Cicero
2365 1132 2648 1186 memorat,
2677 1123 2793 1177 ιιι-ε
2822 1138 2850 1176 a
2884 1121 3096 1177 Valerio
3143 1122 3353 1176 Maximo
3395 1123 3541 1193 scripta
3572 1142 3624 1179 re-

2152 1215 2328 1284 peries
2369 1232 2383 1268 :
2435 1232 2454 1267 (
2491 1213 2696 1267 Virium
2738 1212 3100 1266 Romanarum
3129 1221 3182 1266 et
3216 1212 3534 1272 incrementum
3568 1215 3626 1268 la-

2155 1305 2441 1371 tissimum,
2490 1316 2545 1361 et
2585 1305 2747 1361 tutela
2799 1305 3095 1359 certissima
3146 1303 3327 1358 Furius
3369 1303 3557 1359 Camillus
3594 1305 3626 1359 iii

2155 1397 2300 1454 Urbe
2347 1398 2772 1452 incolumitatem
2826 1412 2979 1451 suam
3031 1396 3164 1450 tueri
3209 1410 3309 1449 non
3355 1396 3500 1458 valuit,
3528 1396 3626 1463 cuius

2153 1491 2268 1560 ipse
2321 1490 2547 1544 salutem
2590 1490 2908 1554 stabilierat,
2956 1486 3253 1544 felicitatem
3287 1495 3488 1546 auxerat.
3515 1484 3629 1554 Siqui-

2149 1582 2271 1638 dem
2300 1597 2329 1635 a
2361 1581 2423 1635 L.
2456 1581 2684 1651 Apuleio
2713 1581 2931 1636 tribuno
2957 1580 3124 1648 plebis
3152 1589 3400 1646 tamquam
3445 1578 3626 1646 peciilalttt

2151 1675 2436 1745 Vegetanae
2460 1675 2656 1744 praeda:
2689 1690 2812 1731 reus
2839 1675 3031 1735 tactus,
3062 1672 3229 1737 duris,
3255 1682 3399 1740 atque
3427 1679 3473 1724 ut
3501 1671 3554 1726 ita
3580 1669 3628 1726 ιιίσ

443 1795 579 1839 tates
613 1785 834 1853 legatos,
859 1792 1132 1835 secessum
1156 1777 1271 1846 ejus
1294 1769 1658 1841 opperientes,
1699 1761 1910 1818 obviam
1943 1760 2040 1814 iiii-

2148 1784 2284 1833 eam,
2319 1767 2508 1825 ferreis
2533 1767 2811 1824 sententiis
2843 1767 2892 1823 in
2915 1766 3146 1820 exilium
3163 1763 3352 1820 missus
3375 1771 3461 1820 est.
3485 1759 3626 1828 thiii-

443 1891 652 1933 serunt.
689 1876 955 1928 Exsulare
1008 1870 1199 1937 aliquis
1255 1868 1356 1920 hoc
1409 1867 1547 1926 loco,
1596 1875 1662 1914 aii
1715 1853 2045 1924 triumphare

438 1969 636 2038 jiistiiis
656 1966 888 2020 dixerit?
928 1983 945 2011 ι
979 1962 1184 2032 (Valer.
1216 1959 1378 2019 Max”
1406 1955 1477 2008 lib
1531 1969 1590 2018 ιι,
1623 1964 1738 2020 cap.
1773 1948 1860 2009 10,
1902 1944 1932 2015 §
1963 1945 2047 2016 5.)

444 2037 648 2116 Similia
677 2056 816 2111 haud
863 2055 1028 2109 semel
1059 2052 1195 2106 dixit
1230 2049 1431 2103 Seneca
1461 2044 1720 2112 (Senem,
1756 2039 1848 2094 lib.
1874 2037 2045 2101 Quare

444 2155 588 2207 bonis
618 2153 737 2206 viris
767 2148 923 2210 nitito,
955 2160 1085 2209 etc.,
1113 2159 1232 2214 cap.
1293 2143 1348 2206 5;
1386 2139 1478 2192 lib.
1512 2136 1580 2191 de
1621 2132 1872 2201 Bene/30.,
1919 2144 2036 2199 cap.

445 2249 534 2308 l7;
565 2254 619 2300 et
643 2244 804 2314 epist.
850 2241 922 2294 24
951 2249 1004 2296 et
1045 2237 1160 2308 69).
1206 2236 1273 2290 At
1304 2237 1601 2288 omittenda
1649 2241 1754 2281 non
1775 2226 2042 2282 sunthaec

441 2337 617 2395 Ovidii
639 2338 706 2392 de
743 2335 932 2391 eodem
964 2332 1165 2386 Rutilio
1186 2327 1425 2384 carmina
1454 2343 1467 2378 :

625 2469 688 2520 Et
710 2479 862 2528 grave
887 2464 1182 2525 magnanimi
1204 2462 1353 2528 robur
1385 2461 1564 2528 mirare
1591 2454 1760 2514 Rutili,

684 2523 789 2580 Nvon
817 2532 891 2579 usi
914 2523 1136 2576 redditus
1158 2525 1437 2574 conditione
1457 2523 1579 2570 dati.

622 2576 1006 2658 Sni'yiiia'iu-um
1031 2590 1210 2647 tenuit,
1234 2600 1332 2636 non
1351 2592 1545 2648 pontus,
1573 2589 1625 2631 et.
1649 2579 1836 2630 hostica
1862 2576 2013 2642 tellus

899 2674 1085 2738 (0vid.,
1110 2671 1248 2736 Eleg.
1274 2686 1342 2730 iv,
1361 2668 1395 2716 l.
1423 2684 1456 2729 ι,
1480 2667 1542 2718 de
1565 2669 1707 2716 Pent.
1737 2676 1784 2712 υ.
1808 2662 1911 2724 65.)

437 2788 676 2858 Denique
703 2785 861 2852 hujus
890 2781 1133 2837 meminit
1164 2779 1401 2844 Vossius,
1443 2790 1603 2846 quem
1640 2774 1686 2828 si
1715 2772 1862 2828 lubet
1890 2769 2038 2826 adire

435 2879 574 2935 haud
603 2877 823 2934 difﬁcile
865 2875 1065 2946 poteris
1116 2872 1322 2943 (Voss,
1357 2869 1449 2926 lib.
1478 2885 1494 2924 ι
1520 2869 1582 2922 de
1612 2864 1813 2922 Histor.
1855 2879 2034 2936 grata,

429 2991 550 3030 can.
580 2973 651 3028 22
669 2974 710 3030 l.

515 2992 550 3028 ).
580 2974 651 3028 22
695 3011 710 3025 .

501 2974 740 3123 lPlai0i)iis
763 3079 922 3134 porro
951 3062 1017 3117 de
1037 3058 1275 3118 Socratis
1294 3057 1463 3114 Morte
1483 3054 1640 3120 liber,
1665 3067 1822 3123 quem
1843 3052 2033 3108 Cicero

2147 1859 2269 1916 dem
2310 1874 2376 1914 eo
2407 1868 2670 1927 tempore,
2711 1873 2821 1928 quo
2865 1859 3072 1928 optimo
3112 1857 3302 1926 juvene
3335 1855 3431 1908 tilio
3457 1858 3628 1922 privatus,

2148 1952 2354 2006 solatiis
2381 1953 2551 2021 magis
2579 1949 2912 2016 allevandus,
2955 1965 3120 2019 quam
3156 1945 3386 2004 cladibus
3421 1940 3629 1998 onerandus

2147 2053 2282 2098 erat.
2337 2043 2442 2102 Sed
2497 2044 2782 2098 immemor
2832 2044 3005 2112 patria
3062 2040 3190 2095 tanti
3241 2039 3334 2094 viri
3375 2038 3630 2091 maximorum

2147 2135 2484 2193 meritorum.
2508 2132 2751 2203 exequiis
2777 2133 2893 2199 lilii,
2921 2133 3312 2188 damnationem
3338 2125 3629 2198 patrisjuiixit:

2153 2242 2172 2275 ι
2196 2225 2286 2290 At,
2309 2243 2329 2277 ι
2360 2224 2550 2295 inquit,
2589 2241 2609 2276 ι
2641 2225 2834 2280 aerario
2862 2224 3057 2284 abesse
3083 2225 3320 2278 tribunus
3346 2220 3491 2292 plebis
3511 2230 3633 2288 quere-

2143 2315 2302 2372 batur
2319 2316 2626 2385 quindecim
2653 2315 2816 2369 millia
2839 2317 2983 2382 aeris,
3006 2316 3139 2372 tanti
3167 2329 3383 2384 namque
3405 2325 3526 2382 poma
3543 2308 3633 2364 finita

2143 2419 2245 2465 εει.
2278 2410 2554 2480 Indignam
2605 2425 2891 2474 summam,
2938 2421 3160 2480 propter
3186 2424 3337 2478 quam
3367 2405 3547 2476 populus
3572 2402 3635 2455 lto-

2142 2517 2335 2557 maiius
2387 2503 2476 2556 tali
2533 2502 2775 2572 principe
2818 2513 3033 2557 careret
3070 2521 3090 2555 ι
3135 2500 3331 2574 (Valer.
3357 2498 3495 2562 Max.,
3521 2494 3583 2548 lib.
3601 2507 3632 2556 v,

2142 2610 2263 2665 cap.
2297 2597 2352 2661 5,
2404 2595 2431 2666 ᾗ
2467 2597 2501 2651 2
2617 2597 2748 2652 Πειεο
2788 2596 3047 2664 eopiosus
3090 2594 3364 2662 descripsit
3397 2586 3633 2650 Plutarchus,

2141 2703 2299 2757 quem
2323 2687 2473 2742 adire
2504 2688 2726 2757 poteris,
2749 2687 3206 2757 quemadmodum
3241 2687 3487 2743 Senecam,
3514 2677 3635 2734 Diade

2141 2795 2260 2835 rum
2294 2779 2558 2846 Siculum,
2591 2779 2822 2846 Livium,
2847 2779 3094 2844 Florum,
3114 2790 3168 2835 et
3187 2779 3318 2834 alios
3343 2767 3637 2846 (Pliitarch..in

2139 2870 2324 2928 Camil.
2369 2871 2492 2938 Vin,
2527 2881 2656 2926 tom.
2687 2888 2726 2941 i,
2757 2889 2872 2942 pag.
2895 2873 3003 2929 554
3049 2884 3107 2928 et.
3132 2888 3278 2942 seqq.
3304 2872 3492 2932 Senec.,
3515 2865 3580 2919 lib.
3598 2875 3640 2924 ir,

2139 2962 2202 3016 de
2224 2962 2478 3031 Bene/$0.,
2504 2979 2623 3034 cap.
2655 2964 2746 3031 27,
2771 2976 2824 3020 et
2857 2965 2950 3018 lib.
2978 2982 3042 3031 ν,
3072 2980 3192 3034 cap.
3220 2965 3304 3019 l7.
3326 2953 3643 3017 Diudurﬁicul»

2138 3055 2236 3110 lib.
2295 3072 2386 3111 xiv
2450 3055 2686 3126 Bibiiot.,
2743 3074 2860 3128 pag.
2909 3061 3048 3116 iss.
3083 3059 3285 3123 Livius,
3327 3057 3411 3111 un.
3450 3071 3489 3120 ν,
3521 3051 3542 3121 §
3573 3046 3643 3116 5%)-

430 3175 535 3216 nou
559 3159 674 3213 siue
703 3157 953 3227 lacrymis
993 3164 1379 3221 uniquaiuasc
1440 3146 1732 3201 let-litatum
1782 3153 2029 3206 testatur,
2057 3158 2102 3220 ο
2209 3149 2292 3204 Ab
2321 3149 2564 3205 Etlmicis
2617 3150 2683 3205 ad
2715 3150 2931 3207 Judams
2957 3163 3009 3207 et
3048 3152 3372 3212 Christianos
3399 3155 3547 3204 transit
3575 3141 3647 3196 Ca

427 3252 473 3306 is
498 3253 609 3320 ipse
640 3256 744 3313 est,
772 3247 864 3318 qui
892 3246 1095 3309 Pliada,
1123 3243 1237 3298 sive
1279 3243 1342 3295 de
1386 3240 1568 3294 Animo
1610 3237 1936 3294 inseribitur.
1972 3237 2028 3290 lu

429 3343 544 3410 ejus
575 3351 754 3394 autem
785 3341 900 3392 .liiie
931 3337 1105 3398 Plato,
1137 3332 1406 3404 quomodo
1451 3332 1590 3386 idem
1637 3329 1886 3386 Socrates
1940 3344 2029 3384 ve-

420 3449 570 3492 .iieuo
611 3441 771 3501 epoto
810 3431 971 3486 vitam
1027 3427 1246 3494 ﬁnierit,
1296 3441 1401 3480 non
1446 3424 1639 3480 minori
1693 3422 2024 3493 eloquentia,

427 3538 588 3595 quam
632 3524 819 3576 dolore
875 3519 1119 3590 deplorat
1175 3517 1378 3586 (Plato
1433 3517 1487 3570 in
1542 3513 1748 3580 Pliaed.,
1795 3523 1924 3568 tom.
1984 3529 2022 3579 ι,

431 3631 549 3686 pag.
607 3614 729 3678 HG,
785 3625 839 3670 et
889 3628 1041 3682 seqq.
1083 3621 1138 3667 et
1171 3612 1432 3681 Apologet.
1483 3607 1712 3674 Socrat.,
1761 3618 1891 3662 tum.
1943 3605 2023 3677 ι).

430 3708 497 3760 At
543 3707 611 3762 de
660 3707 760 3761 liae
813 3706 942 3759 tanti
997 3703 1296 3774 philosophi
1340 3701 1488 3756 catde
1518 3701 1620 3769 legi
1657 3709 1832 3769 potest
1886 3699 2026 3753 illius

426 3801 683 3870 Apologia
713 3799 782 3854 ab
804 3797 992 3853 eodem
1025 3797 1264 3856 Platone,
1300 3791 1677 3863 Xenophonte.
1721 3801 1773 3846 et
1802 3790 2025 3860 Apuleio

425 3895 750 3963 conscripta,
773 3900 932 3960 atque
959 3889 1201 3953 Senecre,
1226 3884 1491 3952 Origeuis,
1524 3882 1830 3952 Augustini,
1887 3883 2021 3937 aliu-

423 4003 649 4057 rumque
689 3984 919 4055 plurium
967 3982 1088 4037 libri
1119 3996 1182 4034 ac
1217 3977 1698 4034 commentationes
1739 3975 2020 4047 (Xeiioplt.

425 4079 644 4149 Apolog.
690 4077 905 4133 Socrat.
952 4089 1071 4144 pag.
1104 4071 1232 4135 705,
1255 4080 1308 4126 et
1342 4071 1434 4126 lib.
1477 4085 1514 4125 ιι
1558 4067 1771 4126 Memor.
1811 4068 2017 4137 Apulei.

419 4170 643 4241 Apolag.
693 4169 896 4225 Socrat.
943 4167 1146 4232 Laert.,
1200 4165 1292 4219 lib.
1324 4179 1360 4216 ιι
1424 4161 1550 4216 Vitae
1587 4161 1816 4226 Socrat.,
1863 4159 2019 4233 ξω.

421 4263 617 4316 Scuec.
648 4261 738 4316 lib.
774 4261 836 4314 de
866 4259 1076 4314 Prouid.
1118 4272 1236 4327 pag.
1287 4255 1416 4321 27:2;
1445 4255 1534 4309 lib.
1567 4254 1670 4308 ide
1717 4253 1820 4307 Yi't.
1865 4256 2020 4322 beat.,

411 4372 543 4426 cap.
573 4356 645 4411 26
667 4366 720 4410 et
748 4355 840 4419 27;
869 4362 923 4408 et
948 4355 1104 4424 epist.
1138 4367 1314 4408 Lxxiv.
1349 4349 1595 4420 Origcn.,
1638 4349 1733 4404 lib.
1762 4365 1822 4412 it,
1855 4360 2017 4402 contr.

423 4449 581 4509 (1918.,
614 4462 732 4518 pag.
775 4448 865 4501 Ἠ.
909 4445 1190 4514 Augustin.
1232 4444 1326 4498 lib.
1361 4458 1454 4496 Vlll
1481 4443 1543 4496 de
1577 4440 1750 4507 Civit.,
1802 4456 1918 4511 cap.
1965 4442 2018 4506 5,

2142 3243 2324 3311 ciliu~,—
2355 3255 2514 3314 atque
2563 3260 2749 3300 eorum
2781 3247 3046 3313 exemplo
3089 3248 3318 3308 divinam
3347 3235 3645 3298 Providentiam

2133 3339 2321 3394 tollere
2343 3341 2420 3394 sic
2448 3339 2663 3417 nititur:
2686 3359 2704 3391 ι
2729 3340 2852 3396 Scio
2869 3341 3187 3410 equidem,»
3217 3337 3478 3410 inquiebat.
3504 3338 3647 3383 timum

2133 3433 2302 3488 Deum
2341 3434 2408 3487 ab
2430 3433 2634 3487 ludatis
2673 3434 2848 3504 palam
2870 3443 3177 3504 aperteque
3207 3435 3325 3490 coli.
3355 3428 3444 3487 Sed
3469 3438 3583 3496 quam
3599 3418 3648 3472 eis

2133 3541 2312 3596 Opem,
2337 3525 2549 3595 quodve
2583 3525 2703 3579 tulit
2744 3527 3000 3581 auxilium
3030 3527 3054 3580 Ἰ
3108 3527 3295 3582 Nonne
3323 3519 3568 3578 miserrima
3596 3517 3648 3565 est

2131 3617 2298 3684 natio,
2331 3632 2452 3686 quae
2496 3632 2616 3671 cum
2665 3617 2777 3672 Deo
2819 3634 2917 3672 suo
2945 3617 3219 3676 Romanis
3259 3600 3647 3676 Νυιιιὶιιὶὺιιε(εοά.

2129 3727 2234 3780 reg.
2264 3709 2593 3774 nominibus,
2613 3709 2766 3764 editio
2784 3708 3000 3781 Rigaltii
3029 3692 3646 3780 hominibus)estcaptiva‘b

2199 3802 2534 3857 Christianos
2563 3817 2692 3858 vero
2719 3803 2895 3858 adhuc
2924 3810 3112 3860 acrius
3137 3781 3293 3874 urget
3321 3821 3334 3857 :
3363 3820 3379 3852 ι
3400 3799 3526 3855 Ecce,
3553 3810 3569 3842 ι
3587 3789 3652 3848 ait.

2135 3913 2154 3946 ‹
2194 3908 2315 3962 pars
2351 3903 2586 3948 vestrum
2623 3904 2677 3949 et
2701 3895 2871 3965 major
2900 3906 2953 3951 et
2983 3898 3213 3962 melior,
3247 3907 3298 3951 ut
3324 3889 3485 3950 dicitis,
3508 3879 3652 3948 egetis.

2132 3986 2346 4054 algetis,
2391 4001 2574 4054 Opere,
2630 3985 2771 4042 fatue
2825 3987 3113 4055 laboratis,
3165 3999 3221 4044 et
3265 3990 3396 4044 Deus
3438 3976 3653 4052 patiturel
3720 4049 3721 4052 η

2128 4075 2429 4133 dissimulat
2459 4097 2470 4130 :
2502 4094 2607 4133 non
2656 4080 2788 4146 vult,
2823 4090 2915 4136 aut
2959 4097 3075 4136 non
3111 4090 3288 4151 potest
3311 4072 3525 4148 opitulari
3546 4065 3651 4124 suis;
3720 4139 3721 4148 ξ

2129 4171 2198 4225 ita
2227 4182 2318 4224 aut
2350 4171 2632 4240 invalidus,
2671 4173 3009 4244 autiniqiius
3041 4145 3185 4232 est.»
3221 4175 3328 4231 Sed
3348 4145 3371 4224 i
3398 4170 3511 4232 haec,
3534 4184 3547 4216 ι
3572 4173 3654 4230 βπ·

2125 4265 2203 4334 git
2233 4264 2340 4324 ille.
2381 4281 2400 4313 ι
2439 4279 2606 4332 pauca
2633 4272 2780 4330 sunt,
2812 4275 2865 4319 ct
2893 4282 3015 4321 cum
3066 4269 3192 4322 aliis
3223 4261 3520 4322 communia.
3541 4251 3652 4320 Ῡθδίε

2125 4363 2303 4420 autem
2357 4355 2575 4424 insuper
2628 4356 2912 4424 peculiaria
2961 4361 3299 4430 propriaque
3337 4368 3523 4424 semper
3561 4341 3654 4400 nuli

2126 4463 2246 4504 esse
2272 4447 2534 4512 videmus,
2566 4449 2738 4503 minas
2784 4451 3055 4517 videlicet,
3111 4452 3392 4524 supplicia,
3437 4444 3649 4501 tormenti:

421 4557 543 4613 pag.
570 4540 677 4595 l92
721 4539 899 4591 Laert.
926 4536 1139 4591 loc.cit.
1163 4534 1404 4604 Origeu.,
1430 4535 1522 4589 lib.
1566 4550 1605 4598 ι,
1640 4542 1823 4588 contra
1849 4533 2017 4599 Cels.,
2045 4552 2099 4616 υ
2125 4555 2313 4595 cruces
2337 4550 2392 4594 et
2438 4539 2607 4610 ignes.
2662 4540 2762 4595 Ubi
2815 4558 2942 4609 ergo
2977 4544 3123 4600 Deus
3174 4543 3387 4601 vester?
3429 4539 3520 4594 Cui-
3556 4527 3656 4584 vobis

423 4648 541 4704 pag.
587 4630 641 4685 5.
698 4628 889 4685 Senec.
922 4626 1014 4681 lib.
1056 4625 1123 4681 de
1163 4624 1402 4687 Pl‘tIVld.,
1435 4639 1554 4692 cap.
1601 4625 1654 4689 5,
1701 4639 1818 4694 pag.
1866 4625 2019 4685 495).

421 4725 686 4780 (Ιηιιει-ιιιιι
744 4721 892 4776 citati
942 4737 969 4773 a
1029 4720 1179 4774 nobis
1216 4718 1520 4788 Scriptores
1570 4730 1790 4773 narrant
1858 4735 2019 4785 quam

422 4818 550 4873 falsa
584 4815 875 4882 ﬁctitiaqiie
905 4813 1102 4866 fuerint
1123 4813 1366 4872 crimina,
1403 4819 1617 4880 propter
1646 4827 1765 4882 qum
1806 4811 1874 4866 ab
1919 4811 2020 4864 ini-

421 4910 695 4980 quissimis
754 4906 1024 4977 iudicibus
1073 4898 1256 4960 'morte
1307 4905 1590 4958 damnatus
1644 4913 1744 4957 est.
1799 4905 2018 4959 Demum

420 5003 662 5058 Laertius
688 5015 753 5055 ac
785 5009 965 5069 postea
1016 4997 1275 5067 Origenes
1321 4997 1594 5051 memoria:
1647 4995 2013 5066 prodiderunt,

417 5095 776 5152 Athenienses
839 5091 1048 5161 injustze
1101 5089 1579 5154 coiideiunationis,
1631 5089 1808 5144 statim
1859 5099 2019 5158 atque

320 5229 328 5237 -
418 5191 506 5246 illc
561 5197 802 5242 mortuus
860 5195 963 5250 est,
1017 5183 1351 5253 paenituisse.
1408 5182 1765 5251 Quamobrem
1813 5183 2016 5239 Seneca

411 5279 555 5337 :‘iaiic
604 5287 828 5336 mortem
875 5277 949 5331 illi
998 5286 1102 5331 tam
1156 5277 1444 5345 gloriosam
1501 5272 1665 5329 luisse
1719 5283 2009 5340 asseverat,

416 5389 573 5445 quam
606 5371 814 5426 inl'amis
837 5368 934 5423 fuit
955 5369 1180 5426 aliorum
1212 5368 1563 5434 plurimorum
1595 5369 1698 5418 vita
1727 5382 1739 5417 :
1769 5383 1786 5416 ι
1818 5364 2009 5430 Male,»

417 5465 607 5535 inquit,
641 5483 657 5515 ι
699 5471 978 5520 tractaturo
1003 5461 1278 5522 Socratem
1300 5459 1528 5530 iudicas,
1563 5457 1704 5527 quod
1753 5456 1892 5514 illam
1925 5471 2016 5527 po.

417 5563 616 5613 tionem
652 5555 859 5626 publice
889 5555 1132 5618 mixtam,
1155 5553 1432 5624 nonaliter
1463 5567 1622 5624 quam
1655 5552 2014 5608 medicamen-

417 5660 528 5704 tum
562 5647 981 5704 immortalitatis
1009 5645 1253 5708 obduxit,
1304 5655 1358 5700 et
1403 5645 1470 5716 de
1503 5653 1676 5704 morte
1723 5645 2015 5715 disputavit

421 5751 587 5812 tiSque
615 5739 683 5794 ad
719 5738 914 5810 ipsam.
947 5737 1085 5796 Male
1110 5753 1230 5793 cuiu
1274 5739 1362 5793 illo
1389 5747 1564 5794 actum
1589 5747 1692 5804 est,
1735 5741 1874 5810 quod
1920 5756 2010 5812 ge-

2129 4649 2234 4686 noii
2253 4634 2519 4697 subvenit,
2552 4643 2604 4686 et
2627 4634 2952 4702 opitulatur?
2987 4656 3005 4688 ι

2199 4725 2302 4780 Sed
2334 4742 2436 4780 non
2459 4726 2606 4782 solus
2644 4725 2911 4790 Carcilitts,
2938 4745 3131 4784 verum
3163 4731 3365 4790 ethnici
3416 4736 3565 4780 omnes
3587 4715 3661 4770 hac

2127 4818 2238 4889 ipsa
2296 4819 2510 4888 queri-la
2552 4828 2604 4874 et
2647 4821 3078 4888 exitus-iulatione
3133 4822 3459 4878 CliriSIiauos
3505 4813 3659 4884 pulsite
3720 4815 3721 4889 j

2123 4924 2534 4966 Consueveraiit.
2571 4910 2700 4965 Nam
2718 4911 2843 4975 illis,
2864 4914 3017 4966 sicuti
3052 4914 3227 4969 refcrt
3254 4906 3663 4970 C:emeusAlcxan‘

2124 5002 2330 5066 drinus,
2364 5003 2686 5071 olijiciebaut
2737 5021 2750 5054 :
2803 5010 2864 5057 Εἰ
2894 5011 3091 5066 κν,δεταιι
3126 5014 3258 5076 ὑμῶν
3285 5014 3309 5060 ὁ
3334 5014 3441 5064 Θεὸς
3479 5003 3660 5058 nam

2122 5101 2356 5158 διώκῖσθει
2389 5102 2469 5151 καὶ
2509 5105 2764 5166 φονεύεσ9ε;
2797 5106 2825 5158 ἦ
2871 5105 3010 5162 αὖτός
3043 5109 3173 5168 ὑμᾶς
3223 5107 3290 5163 εἰς
3335 5109 3463 5160 τρῧτο
3487 5096 3662 5150 ἓκῖίῖωυ

2129 5208 2146 5240 i
2173 5191 2226 5243 Si
2253 5190 2393 5244 Deus
2417 5201 2578 5245 vestri
2611 5207 2791 5248 curam
2811 5196 2971 5264 gerit,
3000 5209 3102 5250 cur
3134 5195 3377 5266 patimini
3409 5183 3663 5263 pet-spatiis

2122 5297 2265 5346 nent,
2297 5291 2349 5336 el
2395 5295 2569 5336 morte
2600 5285 2912 5338 al'licitiiiiii?
2943 5286 3023 5344 An
3069 5288 3192 5356 ipse
3240 5302 3335 5342 vos
3373 5287 3446 5342 eis
3485 5273 3660 5340 tradidi

2120 5375 2138 5444 (
2184 5374 2434 5430 Clemens
2475 5376 2763 5443 Alexand,
2815 5379 2911 5434 lib.
2957 5396 3010 5436 iv
3072 5380 3304 5447 Strom.,
3380 5394 3491 5448 pag.
3535 5361 3663 5432 504-.-l

2123 5468 2187 5523 Ει
2241 5469 2397 5536 patilo
2439 5480 2556 5539 post
2599 5489 2611 5525 :
2653 5482 2796 5528 Amrt
2851 5478 2899 5528 δὲ
2949 5479 2998 5529 οὗ
3040 5481 3304 5544 perﬁciat):
3357 5475 3664 5532 διωκόμενοι-ιιι

2124 5580 2142 5611 ι
2181 5561 2288 5616 Cur
2311 5573 2489 5618 autem
2518 5578 2638 5619 cum
2670 5581 2764 5621 vos
2787 5578 3208 5638 persequuntur.
3239 5570 3373 5626 nihil
3395 5567 3534 5623 vobis
3550 5557 3665 5616 alier-

2117 5662 2204 5707 tur
2229 5653 2414 5709 auxilii
2453 5655 2638 5724 )(lllld.
2669 5672 2789 5729 pag.
2820 5660 2974 5729 505)?
3004 5658 3168 5728 Apud
3197 5661 3484 5722 Eusebium
3510 5660 3669 5726 quvi]nc

2117 5744 2491 5816 Lugdunensis
2522 5747 2945 5822 Viennensisque
2997 5749 3248 5808 Ecclesia
3291 5751 3544 5810 scribebat
3579 5761 3589 5796 :
3627 5744 3670 5792 οὶ
