3818 6282
140 320 250 378 455

1556 297 2031 378 DlSSEBTATIO.

139 434 184 481 δὲ
209 436 568 503 ἓπιεικέστερςι,
604 432 690 484 καὶ
715 434 839 486 κατὰ,
866 425 1008 483 ποθ-ὗν
1042 433 1303 496 συμπαθεῖν
1333 431 1591 496 δοκοῧντες,
1616 436 1717 482 divae

1903 446 2018 483 eum
2073 432 2367 502 cognoscit,
2414 433 2572 504 eique
2595 432 2682 503 pie
2729 448 2791 489 ac
2825 434 3053 493 fideliter
3083 438 3244 494 servit
3273 449 3322 495 rt
3355 442 3447 494 oh.

139 528 261 588 ὄεξον
288 534 425 582 tulit,
456 531 686 592 λέγοντες.
706 531 799 578 πθῧ
823 530 846 577 ὁ
869 533 981 583 Θεὸς
1011 528 1177 582 αὐτῶν,
1208 528 1289 579 καὶ
1316 535 1366 578 τί
1387 529 1552 586 αὖτοὺς
1579 530 1745 584 ὤνησεν

139 623 164 672 ἡ
185 623 424 685 θρησκεία,
461 626 522 677 ἣν
550 623 634 669 καὶ
665 626 754 686 πρὸ
774 631 863 674 τῆς
889 621 1066 669 ἑαυτῶν
1095 620 1268 670 εἵλοντο
1301 613 1746 683 ψυχῆςΛΝυΙΙΙΙυί·

139 707 173 760 li
209 709 362 778 paulo
391 709 681 775 acquiores,
713 717 766 761 et
792 708 880 777 qui
924 709 1094 762 vicem
1131 717 1367 761 nosltam
1393 708 1576 762 dolere
1606 723 1741 775 quo-

146 798 428 856 dammodo
465 800 817 863 videbantur,
857 799 1254 869 exprobrabant
1283 799 1593 861 identidem,
1629 797 1743 852 haec

151 891 429 949 dicentes:
461 892 555 950 Ubi
583 903 664 946 est
701 892 844 946 Deus
882 907 1092 956 eormn,
1144 901 1198 946 et
1255 891 1379 960 quid
1410 890 1513 944 illis
1545 888 1744 958 pro-fuit

156 983 272 1040 hazc
301 985 498 1056 religio,
520 985 596 1038 cui
623 984 787 1036 vitam
817 998 1030 1054 quoque
1057 997 1208 1038 suam
1234 982 1688 1053 postposucrunt?
1716 1000 1733 1032 ι

158 1077 398 1147 (Euseb.,
433 1080 517 1133 lib.
555 1093 586 1130 v
617 1078 845 1138 llistor.,
875 1092 994 1140 cap.
1027 1077 1082 1142 ‘2,
1120 1094 1238 1147 pag.
1275 1076 1396 1133 165.
1427 1080 1446 1147 )

224 1170 469 1226 Omnibus
499 1172 681 1242 itaque
712 1171 795 1224 his
824 1173 1156 1241 argumentis
1186 1186 1305 1224 cum
1340 1172 1451 1240 ipse
1470 1171 1736 1237 Czrcilius,

153 1271 256 1316 tum
282 1263 496 1331 plurimi
544 1263 636 1316 alii
667 1261 902 1323 Ethnici,
944 1277 1006 1316 ac
1052 1262 1350 1333 praesertim
1405 1261 1650 1331 Epicurei
1689 1273 1744 1317 et

145 1355 464 1421 Academici,
498 1358 572 1408 uti
606 1369 671 1408 ex
698 1353 975 1409 Ciceronis
1001 1353 1064 1407 de
1091 1353 1296 1407 Natura
1341 1353 1561 1408 Deorum
1588 1354 1739 1408 libris

150 1443 476 1500 ostendimus
505 1445 902 1500 Providentiam
933 1446 1165 1500 divinam
1198 1448 1598 1517 impugnabant.
1647 1446 1739 1500 llis

148 1548 312 1593 autem
342 1540 570 1608 probare
594 1540 928 1594 conabantur
969 1540 1153 1602 Deum,
1186 1540 1232 1594 si
1262 1543 1382 1610 quis
1407 1544 1496 1602 sit.
1529 1557 1737 1597 summa

154 1630 331 1700 quiete,
365 1639 420 1682 et
449 1630 706 1686 felicitate
740 1630 960 1699 perfrui,
995 1632 1125 1684 nihil
1173 1648 1356 1702 agere,
1391 1634 1554 1688 nullis
1580 1649 1738 1689 occu-

165 1725 436 1795 pationibus
479 1725 752 1788 diSIineri,
807 1726 946 1778 nulla
996 1741 1157 1794 opera
1213 1727 1409 1791 moliri,
1467 1737 1627 1798 atque
1671 1743 1736 1782 eo

187 1834 286 1873 esse
301 1818 511 1879 beatum,
545 1817 687 1888 qttod
720 1829 926 1879 certum
953 1818 1396 1888 exploratumque
1427 1818 1620 1873 habeat
1650 1821 1734 1872 fo-
1763 1833 1811 1893 Β

201 1928 249 1967 re
280 1929 326 1965 se
348 1928 531 1981 St'mpul'
584 1913 636 1966 in
687 1913 933 1966 maximis
978 1915 1302 1981 a-ternisque
1345 1914 1723 1981 Voluptatibus.

196 2005 481 2072 Quamobrem
533 2014 797 2058 assertum
844 2019 874 2058 a
932 2004 1128 2059 Stoicis
1185 2005 1277 2058 Dei
1327 2005 1724 2059 Providentiam

191 2106 407 2167 tamquam
449 2096 716 2150 fatidicam
757 2113 916 2154 unum
959 2098 1312 2166 rejiciebant,
1357 2100 1726 2170 negabantque

165 2185 318 2242 Deum
364 2188 547 2258 aliquid
601 2203 813 2251 curare,
868 2198 959 2241 aut
1000 2189 1174 2258 aliqua
1223 2192 1340 2260 ejus
1383 2190 1723 2256 Providentia

163 2282 394 2336 mundum
411 2282 713 2353 gubernari.
758 2281 956 2335 Verum
984 2280 1097 2336 haec
1125 2283 1200 2335 illi
1227 2294 1330 2336 tam
1355 2283 1537 2352 impie,
1564 2301 1722 2352 quam

151 2385 330 2430 contra
363 2375 700 2428 conscientiae
729 2389 839 2428 sua:
870 2373 1115 2428 stinmlos
1143 2374 1497 2444 obiectabant,
1531 2385 1586 2427 ut
1625 2377 1722 2428 im-

151 2484 291 2537 pune
310 2483 531 2537 peccare,
563 2476 617 2521 et
638 2465 912 2536 quodlibet
941 2482 1100 2536 agere
1131 2477 1394 2542 possent,
1424 2467 1528 2522 Sed
1565 2465 1724 2521 Octa-

145 2565 311 2622 vium.
357 2565 395 2616 si
420 2563 581 2626 Iubet,
621 2564 766 2616 varia
798 2561 885 2614 illa
924 2572 1236 2632 argumenta
1287 2562 1638 2628 refellentem,
1670 2572 1725 2619 et

144 2666 456 2711 avertentem
493 2656 796 2710 audiamus.

719 2764 1014 2806 ARTICULUS
1038 2765 1111 2804 Ill.

147 2844 399 2911 Quomodo
427 2842 662 2899 Octavius
703 2844 968 2914 superiora
1010 2843 1202 2898 Caecilii
1245 2852 1543 2916 argumenta
1570 2844 1718 2916 iii/ir-

687 2953 804 3003 met,
828 2946 884 2990 ,ει
910 2937 1153 2990 destruat.

229 3050 409 3120 Obiecta
453 3051 555 3107 sibi
599 3067 626 3106 a
680 3050 896 3106 Catcilio
925 3061 1112 3106 contra
1145 3051 1389 3112 divinam
1421 3049 1718 3108 Providenv

151 3143 270 3198 liam
287 3153 592 3214 argumenta
633 3141 888 3200 Octavius
915 3151 1065 3201 tanta
1089 3144 1368 3211 facilitate,
1401 3153 1595 3214 quanta
1623 3159 1714 3202 so-

1853 533 2136 591 ti-mperat.
2175 527 2250 578 Ad
2271 525 2642 579 infirmandam
2669 528 3008 582 vei-oCa-cilit
3031 532 3448 600 argumentatio-

1849 629 1970 668 nem
1991 615 2177 669 iisdem
2200 616 2514 686 plerumque
2543 628 2700 687 atque
2714 619 2940 684 Seneca,
2973 624 3181 676 tametsi
3203 624 3443 690 Ethicus,

1846 713 1900 758 et
1923 705 2220 760 rationibus
2250 716 2305 762 et
2333 708 2514 761 verbis
2540 706 2706 763 utitur
2751 709 2985 780 (Scaea,
3020 711 3107 765 lib.
3144 712 3310 778 Quare
3331 715 3448 768 viris

1847 793 2010 860 bonis,
2036 804 2141 850 etc.
2175 813 2294 866 pag.
2318 797 2446 860 488,
2478 814 2525 852 et
2550 797 2748 870 πρᾴῳ).

1919 885 2098 939 Primo
2155 889 2329 957 itaque
2366 891 2583 959 penitus
2613 901 2764 959 negat
2813 906 2905 947 eos
2937 909 3056 948 esse
3089 894 3300 961 felices,
3335 895 3428 966 qui

1844 976 2045 1032 divitiis
2077 979 2332 1046 affluant,
2364 983 2448 1036 vel
2477 984 2838 1052 amplissimos
2893 985 3158 1041 honorum
3210 989 3445 1058 dignita-

1844 1077 2065 1140 tumque
2082 1073 2279 1143 gradus
2301 1075 2481 1144 adepti
2505 1085 2650 1130 sunt.
2671 1077 2848 1133 Altius
2869 1081 3133 1149 siquidem
3166 1082 3442 1147 tolluntur,

1844 1172 1900 1218 ut
1933 1166 2148 1244 gravius
2182 1167 2465 1235 decidant;
2496 1169 2582 1225 vel
2640 1171 2796 1225 sicuti
2835 1171 3163 1231 Claudianus
3210 1177 3442 1233 cecinit:

2431 1322 2693 1374 Tollantur
2719 1328 2769 1376 in
2792 1326 2943 1382 altum

1968 1379 2032 1430 Ut
2055 1379 2192 1446 lapsu
2216 1385 2447 1448 graviore
2472 1388 2662 1437 cadant.

2498 1467 2793 1533 (Claudiam,
2820 1472 2856 1522 l.
2882 1487 2898 1522 ι
2923 1470 2975 1524 in
2999 1472 3192 1540 Ruﬁn.)

1837 1587 2041 1644 Adhaec
2068 1606 2197 1646 vero
2264 1591 2342 1657 hi,
2391 1603 2445 1648 ut
2476 1595 2728 1661 victimae,
2783 1599 3095 1667 saginantur
3137 1600 3206 1657 ad
3236 1603 3442 1672 suppli-

1839 1684 2004 1749 cium,
2029 1693 2083 1739 et
2107 1695 2375 1756 tamquam
2395 1686 2586 1742 hostia:
2607 1690 2684 1758 ad,
2705 1705 2916 1759 pcenam
2939 1702 3282 1750 coronantur.
3304 1696 3441 1764 Quid

1837 1779 2032 1843 etiam,
2085 1781 2227 1849 quod
2289 1781 2600 1838 adulatores
2657 1785 2799 1839 lictis
2848 1787 3155 1855 saepissime
3223 1789 3438 1844 blandi-

1837 1869 1930 1924 .liis
1961 1878 2018 1924 et
2065 1873 2524 1928 assentationihus
2572 1875 2797 1930 aliorum
2845 1877 3138 1933 abutuntur
3168 1881 3440 1949 potentia?

1903 1961 2168 2017 Praeterea
2210 1980 2386 2021 nonne
2410 1967 2561 2021 dives
2610 1986 2629 2018 ‹
2674 1968 2903 2024 fortuna:
2945 1972 3083 2026 male
3112 1974 3368 2039 creditur,
3411 1993 3430 2025 ι

1823 2051 1998 2122 inquit
2033 2055 2312 2124 Minucius,
2357 2061 2584 2131 ejusque
2624 2063 2998 2118 inconstantia-
3047 2067 3438 2122 committitur?

1826 2145 2014 2201 Nonne
2062 2147 2261 2203 divuiis
2319 2153 2462 2218 suis,
2536 2165 2804 2223 tzunqnam
2868 2157 3094 2225 viatico,
3152 2158 3218 2213 ad
3272 2159 3434 2214 breve

1827 2239 2217 2295 conficiendum
2265 2243 2386 2298 vita:
2441 2245 2561 2309 iter,
2618 2247 2798 2301 minus
2843 2248 3219 2318 locupletatur,
3269 2267 3430 2321 quam

1821 2335 2115 2388 oneratur?
2174 2335 2280 2391 Hex-
2311 2352 2516 2405 autetn,
2569 2348 2674 2394 tam
2707 2342 2876 2407 timet,
2911 2359 3069 2413 quant
3103 2347 3337 2409 timetur,
3380 2353 3437 2400 et

1823 2422 1891 2482 ad
1921 2423 2213 2492 periculum
2241 2428 2391 2484 solus
2419 2440 2518 2484 est.
2567 2431 2699 2492 Nam
2733 2432 3000 2491 Labienus
3039 2450 3070 2491 a
3124 2435 3329 2492 Seneca
3359 2438 3437 2492 ci-

1825 2520 1966 2570 latus
1997 2523 2144 2569 recte
2170 2519 2400 2572 canebat
2429 2536 2441 2572 :

1981 2693 2202 2745 Necesse
2219 2701 2297 2747 est
2320 2696 2496 2750 multos
2514 2700 2684 2750 timeat
2706 2713 2853 2762 quem
2872 2699 3012 2752 multi
3033 2704 3224 2763 timent.

1823 2855 1922 2924 Qui
1951 2873 2076 2914 vero
2095 2861 2309 2930 generis
2335 2862 2415 2916 sui
2443 2861 2694 2931 praedicat
2734 2865 3086 2933 nobilitatem,
3119 2883 3226 2922 non
3273 2870 3418 2940 seip-

1824 2966 1940 3010 sum
1975 2954 2169 3018 laudat,
2227 2957 2320 3010 sed
2363 2968 2633 3028 parentes.
2685 2960 2923 3031 Denique
2966 2971 3054 3032 qui
3099 2965 3333 3024 fascibus
3380 2974 3433 3022 et

1825 3060 2054 3114 purpura
2085 3047 2363 3117 gloriatur,
2395 3049 2482 3104 hic
2507 3062 2689 3110 mente
2719 3051 3006 3112 sordescit.
3041 3056 3240 3120 Omnes
3269 3061 3428 3133 quip-

1821 3151 1888 3204 pe
1922 3135 2188 3204 homines,
2233 3141 2348 3198 sive
2401 3158 2661 3212 pauperes
2709 3146 2823 3198 sive
2851 3146 3067 3217 divites,
3119 3152 3235 3222 pari
3281 3163 3433 3210 sorte

137 3231 329 3290 Iiditate
359 3236 504 3289 diluit
539 3235 882 3304 funditusque
918 3235 1162 3292 destruit.
1207 3235 1322 3292 Jam
1346 3237 1494 3290 enim
1519 3251 1710 3306 μοι)οο
1742 3225 1786 3286 C
1823 3240 2129 3291 nascuntur,
2167 3230 2278 3284 sola
2307 3231 2502 3294 virtute
2532 3236 2959 3306 distinguuntur.

132 3327 228 3378 sita
259 3328 324 3380 ab
357 3326 584 3382 ethnicis
615 3337 960 3397 tyrannorum
1000 3327 1322 3392 Phalaridis,
1355 3342 1418 3383 ac
1451 3327 1710 3397 Dionysii,

128 3427 286 3488 atqtie
310 3420 463 3473 etiam
501 3420 759 3485 Socratis,
784 3420 1002 3484 summi,
1030 3432 1084 3478 ιιι
1111 3420 1349 3488 aiebant,
1383 3420 1715 3490 mirandaque

127 3507 427 3578 pbilosoiibi
469 3511 736 3579 exempla,
786 3511 853 3565 ab
893 3512 956 3565 iis
987 3512 1114 3582 ipsis
1142 3527 1328 3566 eversa
1362 3512 1712 3570 animadver-

129 3600 258 3654 tisti.
327 3602 408 3656 Ad
445 3603 573 3657 illud
621 3611 800 3657 autem
845 3603 985 3672 quod
1037 3603 1251 3658 ducitur
1279 3617 1343 3660 ex
1381 3603 1710 3667 fulminibus,

127 3707 241 3758 quae
277 3708 432 3748 casso
468 3694 727 3764 irritoque
753 3697 882 3760 ictu,
915 3706 1003 3749 aut
1037 3696 1146 3751 ullo
1177 3696 1382 3766 absque
1409 3696 1714 3752 (lisrriutine

131 3781 238 3837 loca
261 3801 411 3840 sacra
437 3796 492 3842 et
534 3786 776 3856 profana,
811 3788 1030 3858 piosque
1054 3798 1112 3842 et
1140 3789 1334 3858 impius
1359 3787 1608 3846 immites
1629 3788 1714 3844 fe-

133 3874 284 3942 riunt,
348 3878 599 3933 Octavius
644 3878 935 3948 respondet
975 3888 1178 3937 tantum
1222 3879 1430 3942 abesse,
1486 3889 1540 3932 ut
1587 3878 1713 3942 inde

135 3964 288 4022 Deum
321 3985 441 4024 esse
463 3986 736 4039 negemus,
756 3970 882 4040 quin
897 3972 1103 4044 ,Ipotius,
1131 3989 1148 4020 σ
1180 3971 1230 4023 iu
1249 3971 1492 4036 munda:
1515 3971 1707 4040 inquit,

141 4074 156 4104 ι
184 4060 427 4116 omnibus
458 4061 690 4116 metilius
720 4061 966 4114 virtutem
997 4061 1112 4129 ejus
1151 4076 1363 4136 semper
1393 4072 1709 4132 prmisentem

139 4151 430 4221 aspicimus,
453 4169 570 4207 cum
607 4163 773 4220 tonat,
798 4153 1061 4222 fulgurat,
1102 4153 1366 4217 fulminat,
1398 4170 1517 4206 cum
1561 4169 1709 4208 sere-

146 4254 241 4297 nat.
277 4264 296 4298 )
336 4246 438 4305 Nos
471 4249 748 4302 enimvero
793 4247 931 4300 sicut
964 4247 1150 4316 Deum,
1197 4256 1248 4301 ct
1289 4247 1708 4314 onmipotentem

153 4334 259 4398 eius
286 4341 536 4406 virtutem,
571 4343 624 4394 in
657 4340 778 4394 caeli
809 4339 1118 4404 serenitate,
1152 4340 1218 4392 ita
1251 4339 1302 4392 in
1332 4338 1576 4392 maximis
1609 4337 1708 4389 hu-

160 4420 236 4487 i‘ls
293 4429 838 4501 lurliulentissituisque
892 4431 1300 4501 tempestatibus
1346 4429 1706 4500 agnoscimus.

163 4509 219 4567 Et
245 4530 385 4572 certe
404 4526 483 4577 etsi
505 4539 668 4580 neruo
690 4535 816 4577 tunc
835 4523 999 4578 Deum
1025 4524 1295 4593 corporeis
1317 4523 1488 4577 oculis
1507 4523 1705 4584 videat.

1902 3318 2199 3391 Cyprianus
2241 3339 2372 3380 vero
2393 3327 2451 3382 .iu
2484 3343 2579 3381 sua
2609 3330 2673 3384 ad
2705 3330 2970 3396 Donatum
3003 3333 3245 3402 Epistula
3277 3337 3433 3409 longe

1819 3415 2110 3483 cepiosius,
2139 3431 2297 3486 quam
2325 3428 2517 3480 auctor
2537 3431 2738 3488 nos-ter,
2767 3428 3108 3496 prosequitur
3131 3429 3426 3502 (Cyprium,

1819 3507 1965 3575 epist.
1998 3507 2034 3560 2
2060 3511 2124 3559 ad
2156 3508 2325 3564 Donat
2355 3527 2496 3584 ,pag.
2529 3514 2559 3567 7
2581 3525 2634 3568 et
2655 3515 2737 3584 8).
2781 3516 2897 3574 Non
2933 3523 3197 3584 audemus
3222 3525 3432 3594 longio-

1818 3611 1930 3650 rem
1967 3599 2104 3652 illius
2130 3615 2434 3656 sermonem
2477 3604 2747 3675 integrum
2779 3608 2866 3664 hic
2904 3610 3236 3682 describere,
3265 3633 3430 3686 quem

1821 3697 1998 3748 tamen
2023 3692 2214 3761 legisse
2232 3696 2414 3762 procul
2435 3696 2666 3755 dubiote
2688 3717 2793 3756 non
2821 3703 3123 3771 pmnitebtt.
3159 3708 3432 3768 Addeutus

1820 3779 1997 3851 itaque
2028 3784 2153 3838 illud
2185 3789 2348 3854 quod,
2387 3786 2605 3846 brevius
2630 3791 2697 3847 ab
2732 3794 2960 3864 Apuleio
3001 3801 3259 3868 scriptum
3301 3803 3434 3872 legi-

1817 3888 1971 3927 mus:
2021 3892 2039 3923 t
2078 3875 2385 3932 Generosus
2412 3881 2530 3934 est?
2587 3881 2846 3940 Parentes
2877 3886 3082 3946 laudas.
3129 3890 3286 3944 Dives
3317 3890 3433 3946 est?

1816 3963 1932 4018 Non
1988 3967 2153 4022 credo
2203 3969 2449 4024 fortunae.
2501 3972 2668 4043 Magis
2699 3976 2800 4030 ista
2847 3976 3150 4040 dinumera.
3215 3979 3432 4038 Validus

1817 4061 1933 4112 est?
1973 4057 2312 4129 AEgritudine
2363 4062 2683 4132 futigabitur.
2739 4066 2934 4126 Pernix
2979 4069 3100 4124 est?
3157 4069 3341 4135 Abibit
3376 4072 3429 4126 in

1817 4160 2174 4204 Senectutem.
2237 4151 2528 4207 Formosus
2581 4154 2702 4207 est?
2751 4156 2986 4226 Expecta
3037 4161 3328 4230 paulisper,
3377 4169 3432 4216 et

1817 4256 1924 4296 non
1956 4245 2054 4296 erit
2088 4262 2108 4296 ›
2145 4243 2366 4314 (Apul.,
2397 4245 2459 4298 de
2509 4245 2617 4299 Deo
2650 4247 2851 4301 Socrat.
2888 4251 2988 4303 sub
3012 4251 3221 4321 finem).
3276 4253 3426 4319 Vide,

1817 4333 1860 4386 si
1883 4333 2052 4394 lubet,
2086 4335 2306 4387 citatum
2331 4352 2356 4385 a
2386 4335 2540 4388 nobis
2562 4339 2784 4391 Senecae
2813 4339 3006 4392 librum
3029 4341 3097 4394 de
3137 4342 3434 4400 Providen-

1819 4425 1910 4485 tia,
1941 4424 2054 4476 sive
2072 4425 2247 4490 Quare
2271 4426 2426 4478 bonis
2452 4427 2580 4478 viris
2599 4429 2734 4480 mala
2763 4429 3026 4497 accidant,
3053 4446 3174 4486 eum
3204 4436 3273 4500 sit
3296 4436 3432 4490 Pre-

1819 4516 2078 4579 videntia,
2109 4529 2269 4585 atque
2294 4517 2344 4570 in
2376 4519 2518 4586 hunc
2540 4517 2734 4574 librum
2760 4520 2951 4584 Muret:
2979 4524 3426 4600 Disputationcni,

155 4610 265 4673 quis
294 4612 504 4670 dubitare
541 4628 721 4673 tamen
751 4628 931 4685 potest
960 4619 1146 4672 horum
1181 4626 1448 4671 tantorum
1473 4627 1712 4675 motuum
1740 4614 1792 4676 D
1819 4619 1874 4663 et
1899 4608 2144 4674 Morellii,
2176 4626 2336 4678 atque
2357 4611 2582 4664 aliorum
2597 4612 3035 4672 0b~ervaltoncs.

145 4705 362 4764 Primum
396 4722 502 4763 esse
531 4722 830 4770 auctorem,
861 4725 1019 4779 quem
1047 4719 1170 4764 tunc
1199 4709 1348 4764 timet
1375 4724 1437 4762 ac
1462 4709 1712 4763 veretur?

141 4784 259 4849 1iam
290 4797 474 4857 idcirco
501 4805 734 4858 tonitrua
767 4805 1028 4873 mugiunt,
1087 4805 1160 4856 ait
1182 4801 1562 4866 Tertulliauus,
1597 4821 1615 4852 ‹
1653 4811 1710 4855 ut

141 4877 370 4946 IIoannes
411 4904 732 4963 terreantur,
774 4916 792 4948 ι
828 4912 998 4965 eoque
1039 4906 1244 4950 terrore
1283 4896 1507 4966 improbi
1538 4896 1603 4948 ad
1626 4911 1712 4948 sa-

133 4976 331 5037 niorem
359 5003 587 5043 mentem
617 4989 860 5056 redeant,
891 4996 945 5043 et
967 4989 1252 5056 iniploreut
1285 4987 1376 5041 Dei
1408 4987 1712 5042 misericor-

124 5060 267 5152 f’iam
318 5078 335 5147 (
371 5079 599 5147 Tertul.,
644 5082 936 5152 Apologet.,
970 5096 1090 5151 cap.
1117 5081 1206 5146 .17,
1243 5095 1363 5150 pag.
1395 5079 1460 5134 18
1500 5079 1544 5152 ).
1607 5078 1710 5135 Sed

109 5147 188 5210 de
217 5165 546 5226 Tertulliani)
598 5189 698 5226 nos
743 5188 841 5226 suo
891 5173 1027 5227 loco.

191 5259 434 5318 Secunda
474 5265 674 5321 Ctecilii
707 5266 968 5320 adversus
1001 5265 1092 5320 Dei
1121 5264 1524 5319 Providentiam
1553 5281 1714 5336 argu-

68 5338 398 5426 T‘entatio,
448 5358 516 5412 ab
543 5358 664 5411 aliis
693 5357 998 5426 gentilibus,
1051 5366 1104 5412 et
1143 5356 1332 5416 athteis
1380 5357 1577 5425 saepius
1617 5371 1716 5412 nec

51 5422 130 5518 ii
149 5457 235 5505 sne
254 5449 466 5505 fastidio
490 5453 736 5518 repetita,
767 5447 1060 5503 desumitur
1083 5464 1150 5502 ex
1173 5448 1433 5502 malorum
1458 5463 1717 5518 quorum-

171 5496 234 5505 ---
255 5496 463 5505 ._--...--
491 5496 542 5503 ,ν
772 5496 1049 5503 _-__---__.._
1351 5496 1433 5501 ψ--
1462 5496 1690 5518 Ἱππ-η-

33 5496 88 5606 ξ’
133 5549 241 5597 ‘am
269 5496 866 5606 bominumrfelicitate,
897 5547 950 5594 et
991 5541 1250 5594 honormn
1278 5541 1508 5594 miseria.
1567 5540 1713 5606 Quo-

31 5601 128 5702 ‘_\
159 5651 248 5688 am
271 5637 407 5692 enim
437 5634 627 5700 modo,
659 5633 921 5701 inquiunt,
969 5632 1110 5686 Deus
1148 5647 1299 5702 teque
1320 5632 1496 5701 justus
1519 5649 1579 5686 ac
1615 5647 1711 5700 po-

71 5699 368 5786 Χδιῖδιιειεα
396 5729 549 5784 ferre
594 5699 886 5796 potuisset?
931 5724 1034 5782 Sed
1071 5699 1334 5778 Minucius
1357 5724 1510 5778 facile
1541 5699 1709 5778 lucu-

125 5798 381 5894 \i’ﬂlcrquc
397 5817 652 5875 ostendit
673 5831 803 5869 eum
824 5817 986 5872 solum
1004 5827 1123 5870 esse
1150 5813 1381 5880 felicem,
1407 5815 1500 5885 qui
1521 5830 1705 5871 verum

1888 4702 2068 4774 Pergit
2095 4704 2376 4771 Minucius,
2435 4721 2498 4761 ac
2537 4707 2878 4780 desumptutu
2907 4729 2974 4768 ex
3005 4717 3298 4785 proborum
3330 4718 3427 4782 ho-

1815 4795 2017 4849 mimnn
2043 4807 2371 4866 paupertate,
2421 4801 2774 4872 adversisque
2803 4808 3018 4861 casibus
3045 4820 3419 4879 argumentum

1816 4889 1974 4942 simili
1998 4890 2157 4944 modo
2179 4893 2441 4960 explodit.
2480 4893 2553 4947 Ea
2583 4899 2859 4954 enimvero
2883 4912 3192 4969 paupertas,
3227 4906 3417 4974 inquit,

1816 4995 1987 5056 neque
2019 4979 2232 5040 infamia
2263 4992 2365 5047 est,
2411 4999 2585 5054 neque
2615 4988 2852 5056 miseria,
2901 4992 2991 5045 sed
3019 4993 3221 5060 gloria.
3261 4999 3430 5052 virtu-

1818 5070 1989 5141 tisque
2039 5075 2414 5143 eotnparandaa
2454 5092 2515 5130 ac
2550 5078 2887 5140 stabiliendae
2938 5085 3173 5149 occasio.
3224 5085 3422 5150 Noster

1818 5166 2084 5235 siquidem
2123 5186 2141 5217 ι
2191 5169 2406 5222 animus
2449 5177 2506 5224 ut
2546 5171 2672 5224 luxu
2718 5172 2963 5241 solvitur,
3003 5179 3078 5238 ita
3127 5178 3426 5250 frugalitate

1818 5257 2077 5313 firmatur.
2120 5277 2138 5312 ι
2195 5259 2396 5314 Deinde
2444 5275 2571 5314 vero
2600 5263 2652 5315 in
2693 5275 2931 5332 egestate
2979 5269 3134 5333 dives
3182 5282 3284 5339 est,
3333 5276 3425 5344 qui

1819 5350 1948 5406 nihil
1981 5352 2314 5421 eoncupiseit
2346 5369 2358 5404 :
2393 5367 2596 5422 pauper
2623 5369 2654 5408 e
2680 5359 2951 5410 contrario
2971 5359 3060 5418 ille
3089 5373 3193 5430 est,
3226 5367 3312 5435 qui
3345 5367 3426 5422 di-

1819 5443 1962 5496 vitiis
1991 5445 2291 5508 abundans,
2323 5443 2475 5513 plura
2505 5445 2680 5499 adlmc
2717 5446 3006 5505 desiderat.
3059 5452 3423 5518 Quamobrem

1818 5533 2147 5604 Pomponius
2178 5534 2348 5589 Rufus
2376 5537 2516 5604 apud
2547 5535 2816 5604 Valerium
2850 5540 3138 5598 Maximum
3171 5549 3424 5606 dicebat:

1822 5644 1840 5675 ε
1879 5627 2064 5681 Omnia
2091 5627 2270 5691 habet,
2303 5627 2392 5696 qui
2427 5627 2555 5680 nihil
2580 5629 2934 5699 concupiscit,
2964 5649 3030 5688 eo
3058 5639 3275 5707 quidem
3304 5657 3424 5698 cer.-

1817 5723 1940 5788 tius,
1989 5736 2146 5791 quam
2204 5721 2294 5790 qui
2345 5730 2534 5790 cuncta
2577 5721 2839 5796 possidet.
2876 5743 2894 5776 ι
2931 5724 3145 5796 (Valer.
3173 5731 3419 5810 .hlaximq

1814 5815 1906 5870 lib.
1937 5830 2008 5879 tv,
2033 5829 2150 5885 cap.
2170 5812 2202 5868 4
2222 5815 2460 5884 prooem.)

3343 326 3450 385 454
3523 339 3534 355 “
