3774 6270
356 381 462 439 4ὺδ

1639 357 1727 413 DE
1768 350 2032 412 MINUCII
2069 349 2369 409 OCTAVIO

3524 338 3622 393 156

427 492 543 547 Hoc
570 487 797 553 accedit,
827 482 968 555 quod
1012 494 1192 543 nemo,
1225 478 1299 532 ttti
1329 473 1590 532 Minucius
1620 480 1742 543 post
1785 470 1954 524 Sene-
1981 471 2028 529 Α
2057 467 2181 522 cmli
2246 474 2299 521 et
2356 460 2455 519 soli
2496 460 2575 517 sui
2614 468 2861 516 extorres
2885 461 3144 527 vagantur
3180 466 3275 524 per
3303 450 3480 507 orbem
3516 451 3626 504 sine

354 600 471 640 cam
494 589 587 646 ait,
617 600 636 633 ι
658 589 762 633 tant
793 590 992 645 pauper
1012 573 1160 640 vivit,
1189 586 1346 643 quant
1381 582 1581 638 pauper
1610 576 1763 619 natus
1792 570 1894 616 est.
1923 578 1941 612 ι

356 676 486 731 lude
531 683 707 729 autem
752 669 911 725 infert
941 670 1146 722 Seneca
1190 663 1640 720 contemnendam
1668 673 1787 713 esse
1818 671 1952 727 pau-

353 777 615 839 pertatem
650 764 835 836 (Sen.,
872 761 966 816 lib.
1019 759 1082 814 de
1124 758 1306 820 Prov.,
1353 771 1471 824 cap.
1525 753 1578 815 6,
1613 768 1730 823 pag.
1762 746 1949 821 50L).

353 860 554 917 Deinde
580 858 720 930 quod
746 855 1082 913 Christianos
1124 862 1348 922 Spectat.
1383 848 1645 904 Minucius
1673 844 1813 901 haud
1849 844 1949 898 du-

351 954 585 1011 bitanter
637 952 831 1007 asserit
877 950 996 1004 illos
1054 961 1212 1018 posse
1273 943 1487 999 divitias
1539 949 1594 995 et
1641 938 1948 1001 facultates,

355 1047 400 1102 si
428 1046 507 1102 eis
548 1044 705 1099 utiles
748 1040 947 1106 forent,
980 1055 1009 1094 a
1038 1039 1147 1094 Deo
1200 1037 1535 1106 impetrare;
1598 1030 1692 1085 sed
1722 1029 1840 1083 illas
1887 1025 1955 1080 ab

355 1137 488 1210 ipsis
514 1138 693 1207 sperni
716 1144 878 1202 atque
908 1130 1268 1186 innocentiam
1306 1125 1556 1182 anteferri
1587 1138 1649 1177 ac
1676 1122 1951 1193 pietatem.

426 1229 613 1300 Longe
671 1236 848 1281 autem
893 1222 1139 1287 minoris,
1191 1222 1275 1275 vel
1319 1218 1493 1289 potius
1544 1212 1742 1270 nullius
1796 1211 1954 1282 plane

358 1321 618 1378 momenti
652 1317 780 1372 illud
835 1325 939 1382 est,
979 1313 1121 1383 quod
1172 1328 1242 1368 ex
1298 1310 1597 1364 miserrima
1645 1306 1954 1362 Iudaeorum

359 1416 666 1474 conditione
696 1422 849 1482 urget
884 1409 1149 1464 Caecilius.
1202 1405 1464 1473 Quamdiu
1495 1402 1639 1456 enim
1675 1401 1839 1454 Deum
1871 1397 1957 1467 pie

361 1520 649 1577 sancteque
677 1506 979 1567 cnltterunt,
1013 1499 1264 1570 quamdiu
1298 1495 1576 1567 praeceptis
1602 1493 1717 1563 ejus
1752 1504 1955 1544 morem

360 1600 549 1656 sedqu
572 1605 873 1668 gesserunt,
920 1592 1119 1648 tamdiu
1150 1590 1271 1645 illos
1296 1588 1545 1643 secundis
1574 1586 1734 1639 rebus
1763 1592 1816 1637 et
1842 1596 1957 1636 om-

362 1690 419 1746 ni
452 1689 860 1760 ιηόενθιοὶιειιυιιι
892 1698 1109 1755 genere,
1152 1697 1256 1736 non
1285 1678 1489 1749 magnis
1520 1678 1636 1731 sine
1662 1672 1956 1740 miraculis,

362 1795 491 1837 usos
542 1793 662 1834 esse
704 1784 935 1833 constat.
1001 1776 1065 1829 At
1115 1784 1398 1844 postquam
1440 1770 1711 1839 impietate
1741 1769 1959 1835 suisque

2056 558 2294 622 homine,
2343 556 2459 610 sine
2498 554 2608 608 Deo
2646 567 2794 622 rege,
2824 549 3016 621 quibus
3046 560 3146 602 nec
3172 545 3490 600 advenarum
3517 543 3627 611 jure

2057 659 2254 704 terram
2287 648 2513 719 patriam
2543 644 2732 699 saltem
2758 640 2984 712 vestigio
3007 640 3243 695 salutare
3269 633 3622 691 conceditur?»

2061 741 2315 815 (Tertul.,
2361 739 2652 810 Apologet..
2698 750 2818 807 cap.
2867 751 2906 799 ι,
2940 747 3058 803 pag.
3094 727 3213 802 20.)
3257 726 3458 783 Eadem
3485 740 3630 795 porro

2055 836 2294 904 reperies
2321 831 2459 903 apud
2487 829 2838 902 Cyprianum,
2866 825 2954 896 qui
2983 833 3152 878 totum
3172 823 3315 875 hunc
3333 817 3631 873 Tertulliani

2056 928 2233 983 locum
2266 922 2575 986 delibando,
2610 922 2836 991 ipsamet
2863 919 3022 972 etiam
3052 912 3342 985 aliquando
3372 910 3509 965 illius
3527 924 3635 965 ver-

2058 1018 2121 1073 ba
2164 1026 2436 1072 mutuatus
2461 1025 2543 1070 est
2571 1012 2876 1087 (Cyprian.,
2911 1007 3002 1062 lib.
3027 1007 3090 1061 de
3118 1003 3259 1060 Idol.
3303 1001 3493 1067 Vauit.,
3524 1015 3631 1071 pag.

2057 1110 2175 1182 l5).
2228 1110 2333 1165 Sed
2373 1109 2441 1165 de
2481 1108 2562 1164 ltis
2609 1105 2780 1161 fusius
2824 1104 2926 1159 alta
2957 1101 3010 1156 in
3051 1097 3429 1155 dissertatione
3474 1104 3635 1150 nostra

2057 1202 2348 1273 agendum.

2132 1295 2367 1364 Urgebat
2405 1302 2581 1347 tamen
2614 1290 2865 1347 Caecilius
2906 1285 3103 1342 frustra
3154 1281 3433 1355 praedicari
3466 1279 3635 1335 Provi-

2062 1391 2298 1448 dentiam
2356 1388 2470 1453 Dei,
2523 1387 2610 1456 qui
2658 1386 2879 1454 impune
2929 1381 3128 1452 patitur
3171 1377 3373 1449 probos
3418 1373 3637 1429 homines

2061 1481 2387 1553 quibuslibet
2431 1478 2677 1533 adversis
2707 1475 2921 1531 casibus
2965 1471 3167 1541 afﬂigi;
3219 1484 3282 1524 ac
3323 1467 3635 1539 potissimum

2060 1576 2395 1632 Christianos
2423 1571 2696 1636 maximis,
2728 1577 2784 1625 et
2808 1564 3244 1636 exiluisitissitnis
3268 1560 3547 1632 suppliciis
3567 1575 3641 1615 ve-

2062 1669 2198 1734 xari,
2247 1664 2641 1730 excarnificari,
2698 1661 2899 1718 necari.
2958 1660 3028 1714 At
3078 1658 3337 1713 Minucius
3376 1656 3429 1710 id
3475 1670 3639 1710 verum

2063 1760 2275 1830 quidem
2327 1772 2447 1813 esse
2481 1756 2717 1810 fatetur:
2756 1753 2849 1809 sed
2895 1750 3173 1808 contendit
3216 1749 3332 1804 haec
3360 1765 3468 1803 non
3494 1747 3642 1802 solum

361 1871 659 1929 sceleribus
700 1870 869 1924 Deum
925 1841 1302 1931 deseruerunt,
1354 1874 1462 1917 tum
1503 1863 1571 1917 ab
1614 1874 1680 1915 eo
1727 1857 1952 1925 deserti,
1984 1860 2032 1920 Β
2064 1853 2157 1908 Dei
2212 1850 2590 1915 Providentize,
2657 1847 2751 1903 sed
2806 1844 3169 1902 miserationis
3221 1843 3423 1908 etiam,
3504 1841 3643 1895 immo

363 1967 575 2022 debitas
620 1965 833 2018 luerunt
872 1959 1160 2029 impietatis
1190 1971 1303 2012 suae
1342 1955 1716 2021 scelerumque
1756 1963 1962 2020 pmnas.

367 2058 526 2123 Audi,
554 2070 760 2127 quaeso,
796 2053 1006 2109 Minucii
1033 2050 1196 2105 verba
1223 2066 1235 2100 :
1271 2067 1290 2100 ί
1320 2045 1585 2115 Quamdiu
1612 2053 1780 2105 caste,
1815 2042 1969 2095 inno-

367 2152 475 2216 xie,
518 2150 877 2219 religiOSeque
904 2144 1203 2209 coluerunt,
1257 2138 1510 2210 quamdiu
1564 2133 1849 2206 praeceptis
1877 2146 1964 2186 sa-

365 2242 634 2298 lutaribus
654 2239 1185 2305 obtemperaverunt,
1217 2231 1285 2285 de
1317 2232 1497 2299 paucis
1522 2226 1789 2282 innumeri
1819 2223 1965 2289 faeti,

366 2334 437 2390 de
462 2331 747 2403 egentibus
776 2329 991 2393 divites,
1040 2324 1109 2380 de
1153 2322 1509 2379 servientibus
1541 2335 1695 2389 reges
1723 2335 1736 2381 ;
1771 2314 1969 2371 modici

368 2428 586 2489 multos,
634 2423 825 2477 inermi
875 2426 1132 2483 armatos,
1178 2415 1306 2471 dum
1345 2413 1554 2482 fugiunt
1603 2417 1965 2479 insequentes,

369 2520 467 2576 Dei
509 2518 658 2588 jussu
709 2526 762 2570 et
811 2513 1090 2570 elementis
1140 2507 1509 2565 adnitentibus
1556 2505 1964 2559 obruerunt.....

366 2611 441 2666 Ita
479 2612 627 2680 prius
670 2622 765 2664 eos
785 2605 1089 2661 deseruisse
1134 2598 1583 2671 compreltendes,
1631 2611 1792 2667 quam
1849 2608 1969 2649 esse

366 2702 635 2768 desertos,
682 2715 780 2756 nec
808 2714 928 2754 cum
960 2697 1070 2752 Deo
1113 2710 1213 2750 suo
1239 2701 1448 2764 captos,
1481 2689 1577 2747 sed
1604 2704 1634 2745 a
1662 2689 1774 2744 Deo
1806 2696 1863 2741 ut
1888 2684 1970 2739 di-

366 2794 607 2865 sciplina:
637 2790 963 2862 transfugas,
998 2788 1228 2845 deditos.
1264 2805 1283 2840 ι

437 2886 623 2957 Neque
683 2884 950 2949 Caecilius,
1007 2891 1100 2936 aut
1150 2881 1286 2935 alius
1347 2878 1570 2950 quilibet
1636 2871 1970 2944 respondere

371 2988 583 3052 poterat
613 2978 741 3033 illttd
765 2979 932 3048 gratis
959 2990 989 3030 a
1013 2975 1246 3030 Minucio
1279 2972 1485 3037 fictum,
1513 2970 1654 3040 quod
1677 2968 1731 3022 itt
1754 2981 1972 3022 eorum-

368 3073 490 3130 dem
517 3070 823 3129 Judtcorum
861 3068 1075 3138 scriptis
1123 3076 1341 3122 aeterna:
1370 3063 1647 3118 memoriae
1693 3058 1967 3124 traditum,

370 3166 569 3238 passim
618 3165 814 3232 ubique
858 3160 1070 3231 legitur.
1127 3156 1271 3213 Nihil
1304 3156 1447 3210 enim
1493 3155 1546 3208 in
1575 3152 1654 3208 eis
1681 3159 1867 3207 contra
1910 3164 1971 3205 se

2069 1960 2198 2000 vero
2224 1944 2421 1998 amoris
2459 1951 2514 1997 et
2540 1938 2929 1996 benevolentia:
2968 1935 3264 1992 certissima
3298 1947 3422 1987 esse
3451 1930 3642 1986 indicia.

2070 2040 2216 2091 Deus
2242 2035 2462 2100 etenim,
2495 2037 2577 2088 ‘uti
2605 2032 2696 2088 ille
2735 2040 2854 2100 post
2883 2030 3144 2085 Senecam
3177 2027 3273 2091 ait,
3306 2038 3645 2094 unumquem-

2070 2144 2176 2199 que
2204 2129 2256 2182 in
2288 2126 2530 2182 adversis
2550 2124 2740 2196 probat
2766 2133 2822 2180 et
2845 2122 3158 2178 examinat:
3191 2120 3275 2174 vel
3303 2129 3364 2174 ut
3388 2117 3646 2188 ipsiusmet

2074 2219 2294 2275 Seneca:
2343 2218 2520 2273 verbis
2557 2226 2813 2271 utamur:
2867 2233 2886 2267 ι
2926 2213 3033 2269 Hos
3064 2212 3225 2277 Deus,
3278 2226 3416 2282 quos
3457 2210 3644 2280 probat,

2071 2325 2206 2381 quos
2233 2318 2398 2373 amat,
2423 2307 2654 2373 indurat,
2684 2304 3037 2376 recognoscit,
3062 2290 3323 2359 exercet.‘
3353 2302 3464 2355 Eos
3492 2312 3646 2355 autem

2071 2403 2266 2472 quibus
2313 2401 2586 2471 indulgere
2635 2398 2874 2461 videtur,
2919 2396 3111 2467 quibus
3157 2408 3420 2465 parcere,
3481 2392 3644 2447 molles

2071 2498 2312 2554 venturis
2341 2498 2492 2552 ntalis
2522 2504 2721 2552 servat.
2776 2494 2981 2550 Erratis
3010 2494 3179 2558 enim,
3219 2495 3264 2547 si
3293 2508 3458 2562 quem
3480 2490 3645 2546 creda-

2074 2594 2142 2648 tis
2169 2605 2475 2662 exceptum.
2509 2590 2700 2646 Veniet
2724 2590 2792 2644 ad
2820 2588 2964 2644 illum
2993 2588 3082 2643 diu
3108 2586 3314 2644 felicem
3345 2602 3444 2641 sua
3471 2586 3644 2654 portio,

2072 2686 2312 2757 quisquis
2345 2685 2553 2742 videtur
2608 2684 2863 2740 dimissus
2906 2698 3026 2739 esse
3063 2682 3261 2738 dilatus
3299 2691 3391 2738 est
3438 2680 3647 2750 (Scaea,

2074 2778 2161 2833 lib.
2211 2780 2273 2832 de
2313 2774 2527 2832 Provid.
2586 2792 2704 2845 cap.
2760 2774 2828 2841 4;
2877 2792 2999 2847 pag.
3028 2772 3193 2846 498).
3230 2793 3250 2826 ι
3302 2772 3496 2844 Itaque
3538 2774 3649 2826 sicut

2074 2884 2264 2925 aurum
2303 2869 2447 2940 igne,
2479 2867 2649 2938 inquit
2678 2878 2922 2937 uterque,
2950 2866 3155 2922 Seneca
3180 2873 3239 2922 et
3277 2864 3563 2920 Minucius.
3588 2861 3650 2916 sic

2074 2960 2225 3015 fortis
2270 2959 2375 3025 vir,
2420 2959 2538 3029 pius
2583 2969 2637 3012 et
2665 2957 2864 3029 probus
2892 2956 3128 3013 miseriis
3186 2972 3250 3011 ac
3278 2953 3651 3012 calamitatibus

2073 3052 2347 3122 probatur.
2407 3050 2592 3105 Potest
2616 3065 2746 3121 ergo
2773 3051 2937 3117 miser
2964 3046 3154 3115 videri,
3182 3047 3279 3104 sed
3306 3048 3486 3118 reipsa
3514 3048 3653 3101 miser

2077 3158 2186 3199 non
2213 3153 2314 3199 est.
2343 3140 2706 3212 Quaecumque
2734 3143 2878 3197 enim
2906 3142 3149 3212 corporis
3188 3141 3326 3195 mala
3356 3150 3413 3196 et
3440 3151 3653 3195 tormen-

369 3273 603 3331 suosque
625 3270 876 3329 parentes
916 3254 1204 3322 scripsere,
1251 3250 1353 3304 nisi
1385 3248 1525 3318 quod
1558 3259 1647 3300 aut
1680 3254 1858 3301 tacere
1881 3254 1974 3298 aut
1998 3248 2043 3312 C
2077 3245 2151 3302 ta.
2186 3250 2290 3290 non
2319 3249 2494 3306 paena:
2522 3245 2668 3301 sunt,
2699 3234 2794 3290 sed
2834 3235 3039 3302 militia,
3088 3242 3144 3289 et
3169 3233 3369 3303 saepius
3398 3230 3651 3301 disciplina

371 3352 713 3408 dissimulare
766 3364 872 3402 non
925 3354 1194 3417 poterant.
1246 3342 1408 3397 Addit
1438 3356 1568 3398 vero
1610 3339 1871 3394 Minucius
1900 3353 1965 3392 eo

374 3443 543 3512 magis
569 3454 693 3495 reos
720 3438 885 3493 fuisse
913 3436 1151 3503 Judaeos,
1181 3433 1324 3506 quod
1354 3434 1472 3489 haec
1498 3432 1749 3486 omniain
1775 3430 1964 3486 iisdem

373 3533 586 3589 illorum
614 3531 765 3587 libris
792 3530 951 3601 longo
977 3539 1100 3584 ante
1146 3538 1387 3598 tempore
1429 3527 1642 3581 fuerunt
1687 3525 1962 3595 praedicta,

374 3642 533 3698 quam
555 3624 867 3680 acciderint.

451 3720 594 3774 Duos
630 3726 812 3772 autem
858 3723 1118 3787 praeterea
1173 3722 1338 3769 testes
1386 3712 1702 3767 nominatim
1733 3710 1971 3780 appellat

376 3813 667 3884 Josephum
724 3821 779 3866 et
845 3809 1138 3866 Antonium
1189 3807 1482 3863 Iulianum.
1532 3809 1602 3860 At
1650 3806 1793 3874 prior
1841 3818 1972 3859 sane

377 3911 523 3964 omni
552 3905 657 3962 fide
700 3904 881 3959 hacin
929 3918 989 3958 re
1029 3903 1202 3970 major
1238 3909 1374 3955 erat.
1432 3899 1648 3954 Judaeus
1704 3897 1969 3968 siquidem

376 4001 497 4068 fuit,
526 4008 686 4069 atque
720 3997 774 4052 iit
811 3995 981 4063 libris,
1011 4008 1147 4064 quos
1175 3991 1244 4048 de
1269 3998 1427 4062 gente
1454 4005 1571 4057 sua,
1607 3990 1853 4059 belloque
1875 3987 1971 4043 Ju-

377 4096 531 4153 daico
578 4093 814 4165 scripsit,
868 4091 1067 4161 quique
1118 4086 1355 4143 omnium
1403 4085 1648 4139 manibus
1696 4092 1967 4149 teruntur,

377 4189 551 4260 quivis
578 4203 663 4253 ea,
704 4200 824 4257 qua:
850 4183 1111 4237 Minucius
1140 4180 1319 4243 refert,
1375 4178 1557 4250 legere
1587 4175 1839 4231 facillime
1880 4188 1975 4244 po-

378 4283 519 4339 terit.
578 4279 856 4337 Posterior
884 4291 1096 4348 quoque
1149 4273 1216 4329 de
1244 4271 1467 4335 Judazis,
1514 4278 1572 4325 ιιι
1612 4269 1741 4324 satis
1787 4274 1975 4338 aperte

379 4375 640 4432 Minucms
667 4373 861 4438 innuit,
892 4367 1311 4426 commentarios
1336 4366 1723 4437 divulgaverat.
1767 4361 1877 4418 Sed
1907 4361 1975 4416 il-

378 4460 553 4522 lorum
590 4465 854 4535 jacturam
901 4477 931 4516 a
971 4472 1076 4516 tam
1104 4461 1267 4531 longo
1316 4468 1556 4528 tempore.
1610 4457 1880 4520 fecimus,
1921 4464 1979 4510 ut

378 4558 469 4629 qui
502 4556 587 4610 vel
607 4570 794 4611 eorum
841 4553 926 4607 vel
971 4552 1252 4621 ipsiusntet
1290 4548 1484 4604 Juliani
1535 4548 1864 4610 meminerit,
1890 4547 1975 4600 vix

2070 3327 2303 3393 virtutis,
2347 3326 2428 3382 vel
2456 3336 2511 3381 ut
2535 3326 2737 3383 Seneca
2779 3326 3050 3396 loquitur:
3088 3343 3107 3376 ι
3145 3323 3264 3379 Non
3292 3326 3654 3391 saevitia-,oer-

2073 3428 2249 3474 tamen
2296 3429 2399 3484 e5t,
2440 3437 2459 3471 ι
2490 3426 2546 3473 et
2572 3418 2783 3472 virtutis
2809 3418 3020 3473 occasio
3069 3414 3249 3489 (Ibid.
3295 3433 3417 3489 cap.
3446 3418 3513 3482 5,
3550 3431 3653 3486 pag.

2072 3511 2170 3567 50l
2200 3526 2220 3577 ;
2247 3529 2362 3580 cap.
2395 3511 2430 3566 5
2449 3552 2465 3579 ,
2499 3528 2620 3582 pag.
2648 3510 2788 3574 494;
2811 3527 2927 3580 cap.
2952 3511 3015 3575 4,
3041 3527 3163 3581 pag.
3184 3510 3334 3581 498).
3352 3530 3372 3562 t
3410 3508 3567 3565 Addit
3588 3510 3655 3563 in-

2072 3620 2236 3673 super
2267 3604 2529 3659 Minucius
2555 3603 2610 3659 id
2639 3603 2779 3673 quod
2805 3618 2911 3657 non
2946 3602 3123 3658 solum
3151 3606 3220 3657 ab
3250 3602 3442 3658 eodem
3468 3602 3657 3659 Seneca

2074 3694 2169 3750 sed
2197 3694 2360 3750 etiam
2388 3711 2415 3746 a
2440 3695 2665 3749 Platone
2690 3703 2744 3749 et
2767 3693 3121 3763 Xenophonte
3141 3694 3503 3758 confirmatur,
3531 3692 3657 3747 vires

2076 3794 2286 3840 nostras
2315 3783 2434 3840 sine
2462 3784 2665 3840 laboris
2682 3783 3076 3842 exercitatione
3101 3800 3325 3856 prorsus
3350 3796 3657 3852 torpescere.

2076 3876 2298 3950 (Plato,
2347 3878 2400 3931 in
2456 3875 2677 3942 Thema,
2716 3888 2839 3934 tom.
2887 3894 2934 3946 ι,
2994 3896 3113 3951 pag.
3164 3880 3302 3948 155ς
3340 3878 3655 3950 Καλονικη

2079 3969 2174 4024 lib.
2208 3984 2278 4024 vn
2309 3970 2372 4024 de
2399 3968 2603 4041 Emped.
2634 3970 2778 4043 (ἔφη
2801 3988 2920 4044 pag.
2947 3970 3094 4043 198).

2150 4081 2319 4139 Porro
2354 4094 2533 4140 autem
2576 4100 2686 4156 prae
2721 4086 2934 4141 czeteris
2978 4085 3234 4143 omnibus
3276 4087 3366 4144 hic
3401 4085 3657 4143 laudamus

2076 4173 2363 4244 Senecam,
2410 4176 2634 4249 ejusque
2689 4177 2857 4234 verba
2908 4178 3222 4244 retulimus;
3273 4181 3400 4251 quia
3429 4178 3655 4236 Minucius

2080 4268 2259 4341 plura,
2292 4278 2350 4324 ut
2377 4284 2537 4341 supra
2562 4269 2917 4336 ostendimus,
2946 4288 3012 4326 ex
3051 4272 3143 4326 illo
3171 4271 3484 4342 desumpsit.
3508 4270 3655 4326 Cate-

2080 4380 2199 4420 rum
2223 4365 2291 4422 de
2319 4366 2401 4419 his
2426 4364 2674 4420 omnibus
2701 4363 2879 4433 legere
2902 4373 3156 4434 prteterea
3187 4365 3391 4434 poteris
3412 4360 3654 4418 Ciceronis

2081 4457 2372 4528 paradoxa,
2425 4457 2697 4513 Valerium
2748 4456 3035 4513 Maximum
3081 4457 3174 4513 lib.
3208 4474 3285 4522 tv.
3335 4473 3432 4529 cap
3496 4456 3553 4520 4,
3601 4454 3656 4508 de

2083 4551 2402 4622 Paupertate
2446 4550 2679 4604 laudata.
2725 4549 2990 4605 Iustinum
3014 4550 3302 4622 Martyrem
3339 4551 3553 4623 Apolog.
3578 4548 3654 4615 76,

380 4649 522 4705 ullus
553 4656 747 4719 praeter
773 4653 1047 4701 auctorem
1080 4650 1321 4697 nostrum
1349 4650 1614 4695 occurrat.
1664 4638 1853 4694 Nullus
1887 4650 1969 4693 ta-
1997 4641 2050 4701 D
2078 4656 2199 4712 pag.
2254 4642 2325 4697 45
2363 4650 2420 4697 ct
2462 4655 2614 4711 seqq.
2665 4640 2996 4698 Clementem
3025 4643 3466 4715 Alexandrinum,
3502 4642 3585 4697 lib.
3613 4656 3660 4697 tv

380 4761 528 4812 men,
588 4743 688 4798 nisi
721 4743 879 4813 plane
925 4739 1249 4803 incredulus.
1303 4754 1500 4807 negare
1542 4748 1809 4809 potestea
1849 4754 1977 4795 vera

381 4851 525 4895 esse.
551 4849 671 4906 qua:
695 4849 726 4888 a
763 4830 993 4887 Minucio
1019 4839 1204 4884 nostro
1232 4827 1595 4898 proferuntur.

456 4928 514 4985 Si
540 4928 660 4998 quis
701 4934 903 4992 autem,
950 4924 1167 4980 Caecilio
1206 4920 1495 4987 morosior,
1547 4920 1711 4976 alium
1758 4936 1852 4989 pro
1879 4918 1975 4976 Ju-

383 5021 528 5078 liano
557 5030 748 5076 testem
775 5019 876 5074 sibi
919 5018 1070 5074 citari
1102 5017 1353 5087 postulet,
1380 5016 1428 5071 ei
1459 5016 1702 5085 protinus
1731 5015 1977 5070 dabimus

382 5113 777 5171 Tertullianum
808 5112 960 5181 cujus
1000 5112 1115 5166 haac
1142 5109 1305 5165 verba
1349 5115 1515 5163 sunt:
1565 5126 1583 5159 ι
1622 5107 1850 5162 Tantum
1880 5106 1974 5162 Ju-

384 5208 518 5265 dzeis
544 5216 660 5264 erat
698 5205 837 5276 apud
866 5205 1028 5260 Deum
1055 5205 1247 5276 gratia,
1293 5203 1363 5258 ob
1404 5203 1666 5272 insignem
1717 5200 1979 5271 justitiam

384 5312 440 5357 et
475 5300 632 5357 fidem
668 5299 1007 5370 originalium
1038 5308 1339 5366 auctorum,
1386 5295 1526 5350 unde
1558 5295 1662 5349 illis
1691 5302 1745 5347 et
1769 5293 1984 5364 generis

386 5391 700 5465 magnitudo
737 5400 792 5446 et
818 5391 965 5462 regni
1005 5390 1307 5445 sublimitas
1347 5388 1569 5454 ﬂoruit;
1599 5394 1652 5441 et
1695 5394 1837 5438 tanta
1864 5384 1983 5440 feli-

386 5487 539 5549 citas,
591 5496 648 5540 ut
677 5484 768 5539 Dei
799 5485 1018 5540 vocibus
1041 5483 1110 5539 de
1142 5480 1494 5553 promerendo
1528 5480 1638 5535 Deo
1685 5488 1739 5533 et
1768 5493 1871 5532 non
1900 5476 1983 5533 of-

385 5578 655 5635 fendendo
701 5587 1183 5648 praemonerentur.
1253 5574 1359 5629 Sed
1398 5581 1595 5644 quanta
1635 5570 1978 5641 deliquerint,

388 5671 583 5728 ﬁducia
610 5677 822 5741 patrum
859 5669 1052 5735 inﬂati,
1085 5666 1366 5722 deviantes
1406 5681 1433 5717 a
1472 5664 1751 5734 disciplina
1780 5664 1830 5717 in
1860 5677 1985 5733 pro-

389 5765 570 5820 fanum
602 5762 841 5836 modum,
872 5764 972 5818 etsi
1020 5761 1121 5831 ipsi
1149 5776 1254 5815 non
1281 5756 1688 5824 confiterentur,
1733 5755 1987 5827 probaret

391 5854 565 5915 exitus
611 5852 903 5909 hodiernus
954 5852 1226 5921 ipsorum;
1277 5849 1530 5920 dispersi,
1571 5846 1881 5919 palabundi,
1931 5856 1987 5905 et

2089 4732 2291 4788 Strom.
2322 4747 2442 4803 pag.
2468 4732 2573 4788 504
2600 4741 2655 4788 et
2702 4747 2854 4803 seqq.
2912 4734 3304 4794 Tertullianum
3351 4737 3656 4812 Apologetic.

2080 4838 2198 4894 cap.
2242 4825 2335 4878 41.
2364 4822 2692 4894 Cyprianum
2734 4834 2893 4880 tract.
2931 4827 2999 4882 de
3027 4826 3373 4894 Mortalitate.
3407 4847 3518 4905 pag.
3547 4829 3659 4885 l53.

2082 4917 2379 4973 Arnobium
2408 4919 2496 4974 lib.
2532 4935 2571 4974 tt
2600 4919 2856 4976 adversus
2902 4920 3123 4988 Gentes,
3168 4942 3289 4997 pag.
3322 4928 3413 4984 97.
3459 4927 3662 4982 Lactan-

2082 5010 2216 5064 tium
2249 5010 2343 5064 lib.
2373 5026 2429 5076 v,
2460 5026 2579 5082 cap.
2620 5011 2684 5067 2i
2714 5022 2767 5068 et
2799 5012 2891 5075 22,
2920 5030 3039 5086 pag.
3071 5016 3176 5072 529
3203 5029 3260 5073 et
3281 5033 3433 5091 seqq.
3458 5018 3661 5075 Ambro-

2082 5104 2243 5167 sium,
2268 5103 2446 5159 Serm.
2477 5106 2567 5171 ll,
2589 5105 2640 5160 in
2670 5106 2863 5161 Psalm.
2908 5124 3098 5176 cxvnt,
3127 5126 3247 5182 pag.
3288 5114 3430 5168 “to
3453 5122 3504 5168 et
3526 5123 3658 5178 seqq.

2080 5211 2144 5252 ac
2174 5197 2269 5250 lib.
2298 5213 2335 5251 ιι
2360 5196 2428 5252 de
2457 5197 2644 5255 Iacob.
2673 5209 2729 5254 et
2756 5199 2872 5254 Vita
2934 5201 3074 5257 beat.
3103 5218 3222 5273 cap.
3252 5203 3308 5269 9,
3331 5220 3432 5276 pag
3470 5204 3587 5259 675.
3614 5210 3663 5254 et

2086 5303 2234 5359 seqq.
2267 5289 2624 5360 Augustinum
2675 5291 2769 5345 lib.
2829 5291 2895 5346 de
2919 5293 3129 5347 Civitat.
3149 5310 3269 5364 cap.
3323 5296 3416 5363 29,
3445 5312 3553 5367 pag.
3578 5292 3659 5346 27.

2090 5380 2415 5437 Theodoret.
2440 5381 2587 5437 Orat.
2616 5382 2668 5438 6.
2698 5383 2766 5438 de
2791 5383 3100 5441 Provident.
3128 5402 3252 5458 pag.
3297 5390 3403 5447 578
3439 5398 3491 5445 et
3527 5401 3660 5457 seqq.

2086 5473 2153 5529 de
2193 5473 2432 5530 Graecor.
2460 5473 2642 5530 affect.
2685 5476 2909 5531 curand.
2940 5492 3095 5532 serm.
3131 5477 3185 5533 6.
3231 5480 3417 5536 itidem
3447 5481 3512 5537 de
3547 5479 3661 5533 Pro-

2087 5568 2286 5624 vident.
2321 5584 2441 5639 pag.
2474 5569 2600 5624 575.
2640 5579 2693 5625 et
2738 5587 2889 5642 seqq.
2930 5584 2983 5629 et
3024 5574 3159 5629 alios
3197 5592 3359 5644 quam
3411 5576 3658 5647 plurimos.

2086 5659 2305 5715 Interim
2334 5676 2463 5717 vero
2498 5670 2773 5718 auctorem
2805 5675 3046 5720 nostrum
3078 5680 3402 5736 sequamur,
3453 5669 3547 5725 hoc
3571 5666 3661 5720 im-

2091 5753 2234 5810 belle
2260 5754 2614 5813 Ethnicorum
2644 5757 2809 5815 telum
2839 5758 2892 5814 in
2922 5758 3064 5830 ipsos
3086 5760 3358 5820 acerrime
3399 5757 3663 5820 retundew

2098 5855 2226 5904 tem.
